4062 6356
359 437 3461 452 ,ΨΜ

1355 572 2346 722 ΡΗᾸΕΕΑΤΙΟζ

266 955 428 1030 Quae
460 952 907 1038 Hieronymus
955 972 1036 1017 ex
1075 952 1298 1017 Grreco
1328 951 1494 1017 sacri
1534 950 1770 1015 codicis
1821 958 2045 1030 textu,
2093 954 2145 1017 si
2182 971 2386 1017 unum
2437 953 2631 1035 atque
2672 955 2950 1031 alterum
2992 955 3283 1019 libellum
3319 951 3493 1019 exci-
3590 998 3591 1001 η

194 1061 328 1138 pias
364 1105 386 1136 ,
429 1059 495 1119 in
535 1060 836 1120 Latinum
871 1057 1190 1120 convertit
1218 1104 1235 1131 ,
1269 1056 1542 1119 Hebraeo
1573 1055 1814 1118 dudum
1842 1056 2141 1119 absoluto
2168 1055 2430 1119 Canone
2456 1100 2473 1131 ,
2514 1060 2686 1120 tomo
2733 1058 2855 1121 hoc
2883 1076 3153 1137 operum
3198 1057 3338 1138 ejus
3385 1056 3494 1119 dc-

192 1160 353 1220 cimo
388 1161 835 1221 continentur.
871 1158 1063 1219 Hunc
1108 1158 1230 1219 sibi
1271 1158 1482 1219 locum
1536 1163 1730 1237 atque
1781 1156 2071 1219 ordinem
2128 1157 2269 1239 ipsa
2329 1159 2656 1238 postulare
2700 1159 3037 1222 videbatur
3089 1160 3492 1225 recensionis

202 1265 438 1320 nostra:
470 1259 668 1338 hujus
702 1260 949 1337 series,
994 1260 1129 1321 sive
1159 1305 1176 1335 ,
1204 1265 1274 1320 ut
1313 1258 1526 1320 verius
1559 1259 1762 1320 dicam
1791 1302 1808 1332 ,
1837 1259 2361 1339 Hieronymianm
2392 1260 2529 1340 ejus
2560 1261 3104 1340 interpretationis
3140 1279 3341 1340 genus
3365 1308 3383 1339 ,
3412 1278 3499 1324 ex

201 1364 395 1425 altero
424 1362 911 1442 Scripturarum
945 1363 1117 1424 fonte
1143 1363 1525 1424 derivatum.
1562 1361 1899 1424 Tribuitur
1930 1368 2146 1424 autem
2185 1363 2285 1424 hic
2315 1364 2449 1442 ipse
2480 1365 2541 1425 iu
2572 1365 2731 1428 duas
2773 1371 2986 1446 partes
3022 1372 3229 1428 tomus
3258 1386 3274 1426 :
3307 1383 3490 1446 qua-

202 1481 337 1523 rum
366 1480 502 1525 una
542 1481 688 1542 quae
719 1463 968 1525 Veteris
998 1463 1393 1525 Testamenti
1426 1462 1595 1524 haud
1626 1479 1781 1524 sane
1810 1463 2017 1525 multa
2055 1470 2365 1543 superant
2406 1471 2546 1543 post
2574 1466 2818 1545 grande
2857 1468 3272 1548 naufragium
3301 1468 3503 1530 moni-

204 1571 399 1624 menta
430 1606 449 1636 ,
477 1562 684 1623 altera
717 1561 968 1623 Novum
999 1579 1189 1623 omne
1227 1560 1747 1643 comprehendit:
1787 1579 1868 1623 ex
1904 1562 2125 1623 Graeco
2164 1570 2440 1644 utraque
2469 1611 2484 1641 ,
2516 1571 2765 1627 tantum
2805 1567 2974 1645 quod
3012 1568 3122 1631 illa
3149 1574 3451 1650 ἀπόγραφον
3476 1615 3495 1645 ,

215 1668 331 1726 ista
368 1665 829 1747 primigenium
861 1671 1057 1745 atque
1092 1672 1406 1748 ἀρχέτυπον
1451 1670 1698 1727 textum
1736 1664 1953 1727 refert.
1988 1667 2142 1740 Qua:
2180 1674 2246 1728 ut
2298 1670 2496 1749 probe
2528 1674 2745 1732 teneas
2774 1714 2788 1741 ,
2825 1688 2937 1748 per
2971 1677 3186 1749 partes
3235 1677 3387 1731 sunt
3419 1673 3501 1734 de

209 1788 385 1833 more
416 1816 433 1844 ,
459 1776 807 1848 antequam
857 1768 935 1832 ad
984 1769 1322 1852 legendum
1371 1768 1636 1835 accedas
1665 1815 1683 1849 ,
1717 1771 2116 1833 enucleatius
2162 1774 2543 1855 exponenda
2571 1821 2588 1851 ,
2643 1777 3120 1855 repetendoque
3164 1794 3265 1838 res
3302 1776 3498 1855 paulo

215 1871 426 1933 altius.

291 1974 710 2054 Hieronymus
744 2022 763 2053 ,
791 1992 922 2053 quo
955 1991 1144 2038 nemo
1179 1991 1487 2055 umquam
1522 1979 1663 2053 post
1694 1973 1987 2036 homines
2020 1979 2204 2037 natos
2232 1974 2600 2037 divinarum
2626 1976 3018 2039 Litterarum
3050 1976 3319 2051 scientia
3348 1994 3502 2039 ma-

213 2074 295 2155 gis
326 2074 647 2149 excelluit,
674 2095 864 2138 nemo
903 2077 981 2139 ad
1010 2093 1153 2139 eam
1201 2074 1699 2156 comparandam
1734 2075 1875 2153 plus
1912 2075 2258 2153 diligentia:
2287 2082 2479 2155 atque
2514 2074 2844 2138 industriae
2877 2076 3179 2150 contulit,
3219 2079 3502 2155 primum

218 2175 270 2233 in
296 2173 515 2236 Latina
552 2177 655 2238 sui
720 2178 1035 2257 temporis
1071 2178 1368 2240 versione
1400 2223 1415 2252 ,
1457 2196 1605 2258 quae
1639 2178 1807 2240 vitiis
1837 2224 1854 2254 ,
1908 2178 2042 2243 sive
2097 2180 2527 2260 interpretum
2580 2183 2768 2261 culpa
2799 2227 2816 2257 ,
2852 2184 2986 2243 sive
3035 2182 3451 2245 librariorum
3480 2227 3500 2259 ,

220 2278 414 2338 multis
454 2280 747 2340 scatebat
780 2325 797 2357 ,
826 2281 903 2341 ad
936 2281 1225 2342 nativum
1264 2294 1366 2341 τῶν
1394 2280 1812 2361 Septuaginta
1849 2280 2183 2360 exemplar
2212 2283 2528 2363 exigenda
2558 2328 2575 2358 ,
2613 2286 2805 2362 atque
2838 2282 3238 2347 emendanda
3271 2329 3287 2358 ,
3320 2284 3499 2362 inge-

224 2377 300 2435 nii
330 2383 519 2455 atque
548 2378 933 2441 eruditionis
965 2396 1099 2442 suae
1136 2380 1496 2459 periculum
1530 2380 1698 2443 fecit.
1748 2381 2039 2443 Praelusit
2072 2387 2262 2445 tanta:
2290 2383 2476 2443 molis
2520 2384 2699 2462 Operi
2736 2386 3114 2446 recensione
3154 2384 3266 2447 illa
3311 2385 3507 2446 Psal—

225 2496 453 2541 morum
479 2525 494 2552 ,
523 2498 726 2560 pr0pe
778 2480 1055 2544 dixerim
1110 2482 1534 2546 tumultuaria
1569 2528 1586 2560 ,
1620 2500 1817 2562 quam
1844 2527 1860 2559 ,
1894 2488 1964 2545 ut
2014 2483 2151 2561 ipse
2177 2483 2308 2556 ait,
2346 2486 2550 2545 Romae
2591 2485 2839 2564 positus
2888 2485 3058 2565 apud
3096 2486 3443 2547 Damasum
3478 2528 3497 2559 ,

224 2582 531 2655 cursim,“
562 2602 793 2663 magna
828 2590 1076 2647 tantum
1114 2604 1192 2647 ea:
1218 2594 1399 2666 parte
1429 2587 1885 2648 adornaverat.
1924 2587 2230 2648 Fortasse
2262 2606 2470 2664 neque
2500 2595 2594 2649 est
2630 2595 2780 2649 tunc
2808 2588 2933 2650 alia
2970 2588 3247 2649 editione
3282 2589 3506 2659 Grmca

228 2699 385 2746 usus
411 2731 428 2761 ,
455 2702 640 2763 quam
693 2704 838 2764 quae
869 2686 946 2749 ad
1002 2704 1233 2750 manus
1270 2692 1450 2761 erat,
1490 2694 1552 2750 et
1588 2696 1743 2753 Κοινὴ
1778 2734 1797 2766 ,
1833 2687 2214 2756 Communis,
2268 2688 2433 2749 dicta
2496 2692 2589 2750 est
2618 2732 2634 2762 ,
2690 2687 2861 2766 quod
2914 2689 3106 2767 vulgo
3161 2690 3505 2752 obtineret.

223 2786 394 2849 Certe
422 2806 495 2849 ne
526 2789 595 2848 in
631 2791 978 2851 consilium
1011 2791 1271 2867 quidem
1304 2789 1502 2851 fuisse
1531 2789 1887 2854 adhibitam
1924 2790 2361 2867 Hexaplarem
2388 2788 2685 2869 Origenis
2714 2834 2731 2862 ,
2764 2788 2968 2850 obelis
3004 2795 3201 2867 atque
3232 2789 3506 2852 asteris-

228 2887 307 2949 cis
355 2888 731 2952 instructam
760 2936 777 2968 ,
808 2909 911 2954 res
946 2891 1088 2968 ipsa
1144 2891 1517 2971 persuadet.
1553 2891 1713 2952 Cum
1754 2896 1966 2955 tamen
2021 2892 2183 2953 bene
2218 2892 2656 2953 rudimentum
2687 2889 2805 2952 hoc
2835 2892 3044 2971 ipsum
3097 2894 3404 2968 cesserit,
3442 2894 3513 2953 et

229 2989 507 3054 Romana:
537 2993 918 3074 cumprimis
951 2992 1257 3057 Ecclesia;
1287 2992 1611 3072 suﬂ’ragiis
1644 2993 2031 3072 probaretur
2062 2992 2446 3073 (etiamnum
2476 2994 2717 3073 quippe
2748 2994 3094 3055 Romanum
3122 2994 3504 3056 Psalterium

233 3090 435 3170 audit),
468 3092 577 3155 ille
610 3096 900 3157 animum
952 3094 1029 3158 ad
1063 3095 1438 3157 universam
1474 3092 1841 3156 versionem
1892 3094 2070 3157 illam
2108 3110 2190 3154 ex
2238 3093 2490 3173 integro
2519 3091 2709 3172 juxta
2753 3093 3045 3155 Graecum
3073 3138 3090 3168 ,
3115 3100 3309 3172 atque
3357 3112 3511 3155 eum

237 3193 463 3271 quidem
498 3197 692 3279 longe
741 3198 1333 3263 emendatissimum
1370 3197 1808 3278 Hexaplarcm
1847 3199 2091 3258 textum
2135 3195 2526 3275 reﬁgendam
2579 3197 2849 3275 appulit.
2883 3196 3007 3257 Nec
3037 3214 3195 3258 sane
3235 3196 3510 3259 dubium

234 3298 482 3374 videtur,
516 3302 674 3379 quin
719 3309 781 3363 et
828 3304 1241 3383 propositum
1274 3319 1387 3383 per
1418 3298 1706 3380 singulas
1741 3304 1956 3377 partes
1988 3302 2335 3361 exsecutus
2363 3339 2378 3368 ,
2436 3299 2637 3357 totum
2679 3296 2929 3356 Veteris
2958 3295 3352 3356 Testamenti
3389 3295 3512 3358 Ca-

233 3415 439 3461 nonem
477 3402 833 3466 continenti
869 3404 981 3467 illa
1030 3402 1363 3479 archetypi
1412 3398 1900 3479 comparatione
1933 3395 2318 3476 expoliverit
2354 3415 2368 3454 :
2401 3400 2613 3457 tamen
2646 3395 2758 3456 etsi
2791 3394 2918 3455 duo
2949 3413 3123 3457 nunc
3159 3396 3278 3458 soli
3307 3414 3511 3477 supe-

245 3506 375 3560 rent
402 3500 536 3561 libri
568 3520 649 3563 ex
680 3519 755 3564 ea
790 3503 1168 3565 recensione
1206 3501 1478 3581 integri,
1518 3499 1635 3561 Job
1665 3545 1681 3573 ,
1709 3504 1771 3559 et
1806 3496 2189 3559 Psalterium
2220 3540 2235 3567 ,
2270 3495 2663 3573 totidemque
2701 3494 2948 3574 prologi
2996 3498 3061 3559 :‘n
3090 3495 3289 3558 libros
3322 3497 3513 3560 Salo—-

248 3600 466 3678 monis,
521 3609 581 3664 et
636 3604 1223 3685 Paralipomenon,
1278 3603 1389 3684 qui
1452 3608 1524 3665 ut
1577 3599 1978 3680 deperditum
2038 3616 2203 3677 opus
2265 3596 2514 3678 majore
2574 3596 2639 3658 in
2702 3596 3021 3661 desiderio
3074 3599 3201 3670 sit,
3237 3598 3504 3669 faciunt.

245 3702 609 3767 Haberemus
641 3750 659 3779 ,
699 3706 752 3768 si
806 3706 996 3769 labor
1026 3707 1131 3770 ille
1165 3711 1417 3769 aetatem
1452 3707 1743 3771 tulisset.
1777 3704 2106 3780 quantivis
2144 3704 2329 3783 pretii
2384 3702 2764 3773 thesaurum
2826 3719 3028 3765 sacra:
3074 3702 3460 3768 eruditionis
3486 3749 3506 3783 ,

250 3820 326 3863 ex
359 3822 468 3880 quo
498 3806 920 3870 etrestituere
952 3806 1390 3889 Hexaplarem
1446 3808 1652 3887 ipsam
1707 3807 2057 3870 editionem
2107 3805 2343 3885 sapius
2384 3805 2650 3875 liceret,
2686 3810 2747 3866 et
2785 3803 3037 3867 Veteris
3068 3806 3310 3868 Latinae
3358 3808 3513 3871 reli-

246 3905 413 3981 quias
446 3912 900 3974 asteriscorum
936 3913 1406 3988 obelorumquc
1440 3928 1559 3990 ope
1592 3932 1607 3972 :
1644 3916 1777 3971 tum
1809 3908 1919 3988 qui
1956 3906 2148 3969 fuerit
2182 3907 2322 3985 ejus
2356 3906 2725 3986 interpretis
2763 3922 2993 3968 sensus
3021 3911 3217 3984 atque
3251 3906 3511 3970 animus

252 4006 310 4067 in
338 4008 474 4072 locis
503 4013 937 4077 vexatissimis
964 4059 980 4089 ,
1011 4014 1197 4076 nullo
1236 4013 1498 4094 negotio
1539 4014 2006 4075 internoscere.
2048 4010 2205 4085 Quae
2235 4014 2475 4086 quanta
2515 4008 2683 4079 sint,
2724 4007 2762 4067 ii
2804 4007 2990 4075 facile
3023 4009 3358 4084 sentiunt,
3394 4008 3514 4087 qui

250 4124 436 4173 sacras
471 4109 829 4194 Scripturas
881 4132 962 4176 ex
1016 4117 1452 4194 Antiquorum
1498 4116 1752 4185 mente,
1785 4120 1981 4192 atque
2018 4111 2449 4192 originalibus
2512 4110 2691 4170 libris
2752 4106 3033 4172 scrutari
3092 4110 3535 4190 pechpiunt.

247 4206 402 4271 Nunc
424 4214 677 4290 quando
723 4214 1042 4293 particula
1074 4215 1411 4277 dumtaxat
1464 4213 1577 4278 illa
1637 4212 1760 4274 frui
1799 4212 2019 4273 datum
2073 4215 2212 4286 est,
2250 4224 2392 4270 eam
2442 4208 2619 4269 omni
2678 4207 2922 4289 majore
2959 4226 3117 4273 cura
3171 4226 3248 4274 ao
3297 4208 3511 4273 studio

258 4313 556 4391 complecti
597 4335 715 4379 nos
747 4318 974 4397 decet,
1004 4325 1070 4397 ut
1102 4320 1163 4380 in
1201 4317 1341 4398 ejus
1375 4316 1750 4379 adornanda
1788 4312 2065 4377 editione
2089 4359 2106 4390 ,
2143 4311 2307 4373 nihil
2341 4328 2470 4373 non
2499 4328 2712 4391 Opera:
2742 4309 3174 4375 conferamus.

326 4409 540 4476 Verum
570 4417 680 4479 alii
713 4427 902 4493 sunt,
934 4417 1325 4497 fueruntque
1354 4416 1509 4481 olim
1538 4433 1667 4477 non
1703 4411 1937 4475 indocti
1971 4409 2200 4487 critici,
2233 4427 2269 4471 e
2298 4426 2577 4488 quorum
2613 4426 2886 4470 numero
2924 4409 3220 4475 Serarius
3260 4411 3324 4473 in
3357 4413 3511 4475 Pro-

254 4510 567 4591 legomenis
598 4564 615 4597 ,
648 4520 756 4597 qui
794 4525 1041 4582 tantum
1075 4521 1300 4593 abest,
1336 4522 1401 4578 ut
1432 4517 1754 4598 jacturam
1790 4511 1958 4575 hanc
1989 4508 2295 4586 doleant,
2331 4508 2490 4587 quin
2543 4508 2757 4586 potius
2807 4509 3199 4573 contendant
3230 4556 3250 4590 ,
3285 4512 3502 4578 nullos

249 4612 417 4680 fuisse
445 4620 601 4683 alios
644 4624 873 4701 printer
900 4621 1197 4684 laudatos
1235 4620 1435 4681 libros
1471 4618 1585 4680 abs
1617 4615 2015 4691 Hieronymo
2046 4608 2122 4670 ad
2179 4609 2473 4670 Graecum
2520 4608 2907 4685 recognitos.
2945 4608 3061 4669 Diu
3102 4612 3511 4691 multumque

245 4715 526 4783 incertum
582 4723 809 4785 habuit
846 4726 911 4783 et
962 4722 1410 4785 Martianzeum
1445 4718 1579 4780 haec
1608 4715 1949 4777 sententia.
2010 4710 2137 4771 Nos
2194 4726 2419 4770 eorum
2452 4707 2669 4805 omnia
2714 4713 3098 4788 argumenta
3157 4712 3320 4775 nihil
3376 4730 3535 4785 mo-_

243 4823 411 4882 menti
466 4825 745 4885 habere:
778 4824 938 4905 quin
976 4824 1063 4885 ita
1101 4828 1294 4902 atque
1326 4839 1440 4883 nos
1499 4819 1813 4881 sentimus
1843 4861 1861 4894 ,
1897 4814 1958 4876 S.
1998 4812 2211 4894 ipsum
2259 4811 2681 4889 lnterpretem
2741 4811 3088 4891 fidejubere
3115 4858 3131 4887 ,
3166 4815 3509 4877 contendi-

241 4937 385 4983 mus.
417 4924 656 4998 Aiunt,
694 4924 926 4987 horum
987 4922 1427 4987 tantummodo
1487 4922 1801 4982 librorum
1841 4918 2050 4996 ipsum
2105 4913 2472 4976 meminisse
2510 4912 2819 4975 adversus
2852 4916 3156 4977 Ruﬁnum
3186 4962 3202 4991 ,
3236 4936 3381 4980 cum
3411 4920 3543 4997 in-r

240 5026 746 5103 terpretationem
786 5027 954 5089 hanc
988 5043 1172 5088 suam
1214 5023 1404 5104 juxta
1436 5021 1616 5083 LXX
1648 5021 1729 5081 ab
1782 5016 1918 5097 ejus
1947 5014 2511 5079 criminationibus
2545 5019 2878 5077 tueretur:
2914 5034 3030 5079 nec
3081 5036 3299 5097 porro,
3336 5022 3513 5099 quod

235 5124 301 5186 de
330 5126 420 5189 bis
450 5127 641 5206 facit,
680 5129 1077 5191 mentionem
1105 5127 1182 5189 de
1219 5128 1365 5189 aliis
1406 5124 1969 5201 fecisseumquam
2003 5121 2067 5182 in
2107 5118 2591 5197 prznfationibus
2620 5119 2696 5182 ad
2735 5120 2994 5184 eosdem
3031 5123 3229 5188 libros
3260 5144 3339 5186 ex
3378 5127 3515 5188 He-

238 5226 394 5290 braeo
420 5250 433 5289 :
463 5227 746 5310 denique
775 5246 917 5293 cum
953 5276 970 5307 ,
1005 5227 1350 5308 deperditis
1389 5225 1543 5306 ipsis
1581 5221 1946 5287 Salomonis
1979 5226 2040 5282 et
2071 5218 2612 5298 Paralipomenon
2644 5237 2721 5279 ex
2753 5235 2829 5281 ea
2874 5224 3251 5287 recensione
3287 5225 3468 5288 libris
3495 5272 3515 5305 ,

231 5331 545 5407 supersint
601 5335 817 5391 tamen
880 5328 944 5390 in
980 5346 1089 5390 eos
1146 5324 1650 5406 prmfatiunculw
1676 5368 1690 5396 ,
1730 5320 2006 5382 aliorum
2054 5336 2135 5380 ne
2189 5316 2304 5380 has
2333 5316 2588 5396 quidem
2617 5338 2956 5398 superesse
2988 5369 3002 5393 ,
3038 5342 3155 5386 nec
3186 5344 3302 5387 cur
3336 5328 3521 5388 Anti-

229 5428 426 5504 quarii
451 5475 468 5506 ,
502 5428 614 5509 qui
676 5429 829 5492 istas
886 5446 1033 5491 cum
1079 5426 1532 5506 przefationum
1568 5418 1870 5501 congerie
1906 5422 2286 5493 servarunt,
2325 5419 2487 5481 alias
2544 5423 3073 5499 praetermiserim
3099 5472 3115 5502 ,
3148 5427 3200 5487 si
3235 5428 3519 5490 exstitis-

229 5535 364 5591 sent
388 5572 405 5602 ,
437 5530 845 5592 commodam
877 5547 1065 5609 posse
1097 5545 1359 5591 causam
1390 5522 1726 5607 praetendi.
1762 5519 2061 5594 Addunt,
2096 5520 2335 5582 nemini
2369 5522 2765 5599 Scriptorum
2810 5530 3096 5587 veterum
3121 5572 3135 5601 ,
3171 5529 3335 5591 alios
3366 5549 3517 5592 um-

224 5647 412 5708 quam
445 5632 814 5693 innotuisse
850 5636 1083 5711 praeter
1110 5628 1409 5691 laudatos
1443 5646 1460 5701 ;
1509 5626 1806 5686 sanctum
1855 5639 2009 5684 vero
2059 5620 2496 5700 Augustinum
2531 5623 2715 5700 epist.
2762 5626 2927 5687 inter
2973 5627 3518 5710 Hieronymianas

225 5727 361 5806 ωδ,
387 5748 537 5811 quae
592 5730 669 5793 ad
721 5748 968 5793 annum
1007 5733 1256 5812 spectat
1305 5723 2018 5806 quadringentesimum
2073 5720 2332 5782 tertium
2357 5766 2372 5797 ,
2407 5740 2552 5783 cum
2589 5723 2731 5785 Jobi
2787 5727 3387 5809 interpretationem
3421 5735 3520 5796 vi-

222 5832 461 5912 disset,
491 5838 829 5897 auctorem
869 5831 1065 5895 fuisse
1095 5830 1157 5893 S.
1191 5826 1452 5893 Doctori
1484 5831 1592 5907 ,ut
1627 5823 2001 5892 universam
2031 5821 2394 5888 versionem
2444 5822 2785 5905 Latinam,
2817 5825 2896 5892 ad
2950 5847 3098 5896 eum
3148 5832 3341 5915 plane
3386 5855 3526 5903 mo-

512 5936 793 5998 l’ArnoL.
830 5931 879 5996 X
898 5931 1074 5999 XIX.
2935 5930 2968 5993 1
