4062 6356
562 323 625 383 11
2007 319 2394 381 ΡΒᾹΞῈΑΤΙΟ.
3798 326 3865 386 Ω

559 434 717 505 dum
740 476 761 515 ,
796 454 945 503 cum
978 437 1187 502 obelis
1214 438 1413 518 atque
1440 436 1767 501 asteriscis
1792 434 2085 514 pristiam
2112 432 2633 514 juxtai‘wtesum
2658 434 2997 515 exemplar
3022 437 3288 501 veritati
3326 420 3617 503 redderet
3636 439 3863 519 equod

561 554 722 600 sane
750 539 834 601 ab
866 555 943 601 eo
969 539 1325 620 prmstitum
1351 584 1370 614 ,
1403 555 1484 599 ne
1529 536 1884 616 conjecisse
1920 535 2177 615 quidem
2205 581 2223 612 ,
2282 534 2689 599 manifestum
2722 536 3032 598 indicium
3064 544 3180 598 est.
3215 539 3387 600 Bene
3440 539 3573 601 btec
3603 540 3669 601 in
3720 558 3865 621 spe-

561 638 724 700 ciem
750 683 766 713 ,
795 656 943 719 quas
971 644 1184 702 tamen
1222 638 1417 700 unius
1462 636 1737 716 negativi
1764 664 1785 717 ς
1816 644 1884 697 ut
1911 640 2182 709 vocant,
2215 635 2582 712 argumenti
2620 636 2745 697 vim
2782 634 3025 698 habent
3060 679 3077 709 ,
3112 640 3173 697 et
3201 654 3348 715 quae
3377 654 3509 700 una
3542 638 3685 700 facti
3731 639 3866 701 his-

556 739 729 804 toria
757 740 1013 819 penitus
1051 739 1252 802 elidit.
1302 738 1740 817 Hieronymus
1798 734 1972 797 solos
2006 778 2023 807 ,
2060 746 2223 812 quos
2276 732 2501 794 dicunt
2553 731 2632 795 de
2695 732 3002 809 nomine,
3042 753 3158 798 sex
3219 735 3423 799 libros
3483 754 3603 800 suo
3650 737 3866 801 studio

559 840 931 906 emendatos
992 840 1217 904 laudat
1272 845 1498 903 contra
1530 837 1835 900 Ruﬁnum
1860 883 1877 915 ,
1910 853 2041 903 non
2070 834 2247 915 quod
2274 834 2421 896 aliis
2469 851 2603 918 non
2631 830 3020 915 impenderit
3077 836 3369 899 eamdem
3409 856 3677 920 cperam
3706 886 3723 918 ,
3752 839 3866 902 sed

555 942 733 1023 quod
757 942 931 1006 solos
958 941 1253 1006 editionis
1284 939 1563 1020 honori,
1595 947 1666 1003 ut
1692 940 1854 1003 alias
1882 938 1973 1001 ait
1999 937 2134 1017 ipse
2159 979 2176 1011 ,
2212 935 2347 1017 jam
2377 934 2804 1016 permisisset.
2866 935 2997 998 Nec
3054 953 3212 999 sane
3269 938 3417 1001 aliis
3445 983 3460 1013 ,
3494 957 3694 1020 quam
3749 938 3868 1019 qui

553 1045 931 1128 prodierant
962 1044 1028 1107 in
1056 1045 1266 1108 lucem
1289 1089 1306 1122 ,
1345 1042 1678 1110 vindicare
1711 1038 1899 1105 ﬁdem
1930 1054 2117 1104 suam
2152 1041 2404 1118 poterat
2435 1061 2453 1118 ;
2487 1050 2701 1117 neque
2728 1032 3010 1100 aliorum
3045 1028 3424 1119 singillatim
3456 1056 3603 1103 eum
3641 1034 3871 1105 memi-

559 1147 731 1210 nisse
766 1145 1074 1210 intererat
1099 1145 1164 1207 in
1198 1144 1686 1228 praefationibus
1724 1142 1804 1207 ad
1836 1141 2203 1209 versionem
2239 1156 2320 1204 ex
2350 1138 2649 1219 Hebrteo,
2674 1140 2994 1222 siquidem
3026 1136 3199 1204 intra
3228 1140 3613 1207 domesticos
3645 1146 3876 1224 parie-

552 1252 649 1312 tes
682 1248 885 1313 clausi
916 1247 1201 1313 armario
1232 1246 1759 1322 continebantur,
1799 1258 1920 1307 nec
1955 1244 2259 1323 poterant
2284 1258 2321 1306 a
2356 1240 2598 1304 lectore
2628 1238 2880 1304 consuli
2913 1236 2993 1303 ad
3029 1238 3387 1305 faciendam
3413 1244 3507 1306 rei
3540 1242 3872 1308 ﬁdem.Ad

547 1347 690 1417 haec
721 1351 993 1418 fortasse
1014 1350 1148 1435 jam
1180 1357 1316 1416 tum
1344 1354 1549 1418 multa
1578 1350 1838 1415 fuerant
1864 1362 1903 1414 a
1934 1350 2153 1411 nescio
2181 1362 2312 1427 quo
2345 1347 2690 1426 compilata
2718 1366 2734 1409 :
2770 1347 2830 1409 id
2871 1347 3043 1410 enim
3095 1348 3231 1429 Ipse
3283 1356 3626 1441 caussatu’r
3659 1348 3722 1439 S_.
3755 1348 3874 1417 Iu-

546 1463 798 1536 terpres
826 1459 1011 1539 epist.
1050 1452 1191 1531 13b,
1221 1458 1299 1520 ad
1356 1454 1796 1538 Augustinum
1829 1500 1847 1532 ,
1883 1453 1951 1515 in
1986 1451 2112 1516 fine
2135 1497 2151 1527 ,
2188 1444 2530 1533 Praeceptis
2563 1452 2713 1533 tuis,
2768 1450 3072 1532 inquiens
3099 1498 3114 1528 ,
3141 1471 3367 1539 parere
3399 1470 3529 1516 non
3575 1474 3870 1545 possum,

546 1558 819 1622 maxime
843 1558 915 1623 in
941 1557 1213 1625 editione
1237 1556 1688 1640 Septuaginta,
1726 1575 1861 1640 qua:
1894 1552 2237 1627 asteriscis,
2271 1551 2658 1636 verubusque
2688 1552 2997 1617 distincta
3032 1563 3146 1635 est,
3175 1553 3472 1641 pleraque
3493 1558 3653 1621 enim
3675 1555 3871 1640 prio-

543 1660 641 1723 ris
670 1659 907 1724 laboris
952 1659 1180 1741 fraude
1217 1658 1549 1743 cujusdam
1597 1659 1943 1722 amisimus.
1979 1655 2158 1719 Adeo
2196 1673 2314 1747 nec
2349 1659 2493 1719 erat
2526 1672 2560 1716 e
2587 1673 2658 1717 re
2695 1669 2815 1718 sua
2851 1654 3246 1719 mentionem
3293 1675 3517 1722 earum
3552 1658 3867 1745 lucubra-

546 1760 801 1824 tionum
840 1762 1089 1827 habere
1126 1779 1245 1842 per
1284 1769 1500 1845 partes
1530 1809 1548 1841 ,
1583 1761 1820 1842 quibus
1850 1754 2124 1841 ipsemet
2162 1762 2294 1839 jam
2331 1763 2603 1821 careret.
2639 1754 2811 1820 Bene
2842 1763 3058 1821 autem
3088 1764 3187 1831 est
3242 1758 3308 1822 in
3339 1780 3474 1841 rem
3523 1752 3811 1828 nostram
3841 1812 3863 1851 ,

544 1860 719 1941 quod
752 1867 988 1941 praeter
1020 1880 1100 1927 ea
1131 1881 1278 1943 qua:
1317 1864 1511 1944 vulgo
1544 1863 1926 1944 prostabant
1956 1867 2111 1924 tunc
2140 1863 2447 1940 temporis
2469 1909 2485 1939 ,
2519 1866 2582 1923 et
2636 1879 2811 1925 nunc
2865 1878 3129 1942 quoque
3182 1870 3533 1946 superant,
3562 1864 3863 1951 pleraque

538 1967 774 2041 vocat,
807 1969 879 2026 ut
906 1964 1250 2027 editionem
1287 1967 1657 2031 universam
1704 1965 1902 2029 fuisse
1950 1966 2033 2028 ab
2080 1982 2160 2027 eo
2211 1963 2655 2053 recognitum,
2688 1982 2769 2025 ex
2804 1963 2929 2027 hoc
2975 1966 3118 2044 ipso
3147 1965 3288 2030 loco
3334 1966 3861 2053 intelligas.Jam

540 2064 715 2144 quod
747 2064 901 2146 ipsa
929 2063 1434 2147 prteiatiunculte
1461 2113 1477 2144 ,
1512 2068 1751 2148 quibus
1807 2067 2065 2129 munire
2105 2080 2643 2144 unumquemque
2699 2056 2939 2127 librum
2983 2056 3451 2151 consueverat,
3484 2068 3858 2135 desideren-

537 2171 675 2246 tur,
705 2176 851 2229 cum
887 2170 1017 2232 illte
1069 2174 1282 2234 tamen
1327 2169 1701 2251 supersint,
1731 2186 1877 2250 quae
1914 2169 1980 2230 in
2013 2166 2376 2250 deperditos
2406 2167 2769 2232 Salomonis
2800 2174 2862 2235 et
2895 2170 3430 2253 Paralipomenon
3464 2172 3852 2259 adornavit:

541 2268 809 2332 minime
843 2270 968 2335 hoc
1007 2271 1265 2353 quidem
1310 2272 1615 2336 indicium
1645 2276 1785 2350 est,
1824 2288 1953 2333 non
1990 2268 2187 2332 fuisse
2242 2271 2406 2333 alios
2462 2269 2663 2334 libros
2730 2270 3102 2337 emendatos
3129 2318 3146 2349 ,
3180 2274 3286 2337 sed
3324 2275 3483 2339 illud
3537 2258 3854 2345 nimirum

542 2373 821 2452 evincit,
856 2375 1028 2458 quod
1057 2378 1429 2441 dieebamus
1456 2394 1485 2453 ,'
1511 2374 1713 2441 editos
1747 2377 1830 2439 ab
1860 2392 1938 2439 eo
1976 2392 2104 2437 non
2144 2373 2367 2437 fuisse.
2400 2372 2816 2438 Prtefationes
2849 2374 3022 2435 enim
3059 2379 3211 2437 tunc
3241 2374 3497 2439 demum
3525 2360 3855 2467 lucubraf

535 2473 821 2575 tionibus
852 2472 987 2538 suis
1111 2474 1347 2541 Doctor
1376 2474 1703 2558 praeﬁgere
1730 2476 1796 2538 in
1839 2490 2015 2538 more
2046 2470 2277 2537 habuit
2303 2522 2320 2575 ,
2351 2492 2497 2538 cum
2534 2492 2643 2538 eas
2679 2472 2917 2555 publici
2949 2473 3117 2559 juris
3170 2473 3412 2539 faciens
3441 2522 3459 2556 ,
3488 2460 3853 2575 amicorum

537 2572 821 2653 cuipiam
858 2572 1264 2640 inscriberet.
1295 2574 1559 2639 Falsum
1590 2576 1869 2656 denique
1897 2579 2033 2647 est,
2071 2572 2357 2655 antiquis
2388 2574 2814 2654 scriptoribus
2846 2575 3059 2639 nullos
3088 2574 3252 2639 alios
3280 2584 3513 2657 praeter
3543 2572 3849 2659 laudatos

529 2671 917 2737 inuotuisse.
948 2674 1222 2738 Sanctus
1254 2677 1391 2755 ipse
1419 2654 1830 2757 Augustinus
1862 2675 2138 2755 epistola
2186 2675 2358 2766 inter
2385 2674 2934 2757 Hieronymianas
2976 2674 3119 2751 116,
3159 2654 3305 2739 cum
3345 2679 3587 2765 pridem
3630 2654 3853 2766 solam'

539 2775 685 2838 Jobi
709 2777 1084 2841 versionem
1114 2783 1287 2857 esset
1317 2778 1699 2857 admiratus,
1723 2779 2065 2841 certiorem
2096 2794 2164 2841 se
2187 2760 2412 2869 postea
2449 2776 2687 2839 factum
2722 2777 2799 2840 de
2830 2776 3118 2869 universi
3151 2760 3432 2842 Canonis
3469 2760 3853 2861 recensioné

428 2866 433 2871 ’
531 2878 815 2943 indicat:
850 2880 1070 2962 aitque
1122 2881 1200 2945 ad
1260 2880 1774 2967 Hieronymum,
1812 2880 2042 2947 Mittas
2106 2866 2360 2944 obsecro
2424 2866 3020 2961 interpretationem
3076 2887 3248 2941 tuam
3291 2878 3363 2942 de
3396 2881 3853 2975 Septuaginta,

528 2994 714 3063 quam
746 2989 803 3044 te
830 2978 1092 3047 edidisse
1125 2982 1491 3049 nesciebam.
1521 2984 1939 3049 Luculentius
1965 2985 2167 3047 multo
2198 2982 2649 3057 Cassiodorius
2678 3030 2695 3061 ,
2730 2985 2840 3066 qui
2875 2984 3058 3069 ipsas.
3086 2980 3229 3049 illas
3258 3029 3276 3060 ,
3307 3002 3471 3079 quas
3512 2984 3849 3079 Hieronyn

530 3092 674 3143 mus
712 3081 1067 3157 amiserat,
1103 3093 1315 3164 partes
1344 3102 1383 3148 a
1418 3100 1485 3148 se
1515 3080 1815 3148 inventas
1853 3082 2172 3166 significat
2196 3133 2214 3163 ,
2273 3088 2333 3148 et
2372 3085 2630 3175 corpori
2679 3083 2817 3165 ejus
2855 3084 3154 3171 editionis
3185 3072 3539 3175 restitutas.
3574 3072 3849 3175 Tertia

528 3182 780 3263 inquit,
814 3182 1109 3250 Divinar.
1139 3182 1349 3250 Instit.
1385 3206 1525 3268 cap.
1568 3182 1670 3265 13,
1702 3184 1933 3254 divisio
1973 3197 2061 3252 est
2097 3191 2265 3253 inter
2294 3172 2455 3257 alias
2486 3190 2698 3275 codice
2737 3176 3105 3275 grandiore,
3134 3184 3347 3254 littera
3378 3170 3651 3255 clariore
3682 3170 3855 3275 con?

528 3284 799 3366 scripto,
831 3287 944 3369 qui
975 3286 1153 3351 habet
1183 3280 1625 3371 quaterniones
1655 3309 1805 3365 xcv,
1846 3290 1917 3354 in
1959 3310 2081 3372 quo
2119 3290 2540 3372 Septuaginta
2568 3272 2996 3371 Interpretum
3025 3288 3355 3371 translatio
3388 3274 3635 3381 :Veteris
3676 3272 3849 3381 Tes-i

532 3364 799 3453 tam—enti
832 3364 898 3453 in
932 3388 1118 3455 libris
1146 3364 1575 3475 quadraginta
1601 3386 1882 3477 quatuor
1911 3364 2302 3457 cdntinetur.
2335 3364 2453 3456 Sui
2497 3364 2826 3477 subjuncti
2849 3399 3001 3459 sunt
3042 3388 3233 3477 Novi
3266 3364 3649 3473 Testamenti
3687 3364 3859 3477 libri,

529 3493 770 3575 viginti
795 3511 908 3556 sea:
929 3516 950 3558 :
980 3472 1248 3589 suntque
1282 3472 1477 3559 simul
1496 3472 1651 3560 libri
1673 3495 2102 3583 septuaginta,
2125 3496 2191 3559 in
2223 3493 2338 3560 illo
2360 3472 2714 3574 palmarum
2737 3510 3026 3569 numero,
3055 3494 3189 3581 etc.
3216 3472 3346 3554 Hic
3371 3498 3581 3553 textus
3605 3472 3855 3595 multo?

535 3612 677 3658 rum
709 3590 1123 3659 translatione
1154 3597 1475 3671 variatus,
1515 3595 1737 3660 Patris
1768 3596 2145 3677 Hieronymi
2175 3592 2472 3681 diligenti
2508 3612 2663 3656 cura
2691 3592 3070 3668 emendatus,
3110 3592 3611 3675 compositusque
3643 3590 3849 3689 relicf‘

534 3705 637 3758 tus
673 3703 786 3758 est.
816 3695 916 3760 Ita
944 3714 1104 3760 sane
1131 3698 1396 3777 capituli
1429 3696 1568 3778 ejus
1606 3700 1951 3761 contextus
1982 3704 2046 3762 et
2078 3694 2302 3759 titulus
2332 3742 2348 3773 ,
2376 3698 2452 3761 de
2481 3695 2995 3775 Hieronymiaua
3023 3691 3474 3785 emendatione
3512 3686 3849 3785 Transla-F;

533 3794 730 3864 tionis
788 3799 1134 3877 secundum
1188 3798 1612 3881 Septuaginta
1658 3801 2070 3881 Interpretes,
2141 3799 2320 3880 loqui
2373 3802 2703 3861 auctorem
2762 3795 3077 3877 probant:
3116 3780 3386 3879 ipsaque
3438 3780 3701 3879 editoris
3738 3786 3844 3881 ad

527 3886 889 3984 marginem
921 3874 1077 3967 nota
1120 3874 1469 3977 adm-onet',
1497 3884 1769 3964 Textum
1804 3874 1953 3964 eum
1980 3896 2103 3963 dici
2156 3874 2576 3991 Septuaginta
2634 3874 3171 3991 Interpretum'a'.
3212 3874 3857 3991 beatoI‘Hierony‘m’o:

523 4002 935 4068 emendatum.
961 4002 1228 4083 Verum,
1265 4008 1335 4067 ut
1362 4021 1442 4067 ne
1485 4001 1609 4079 hoc
1636 3999 1896 4083 quidem
1924 3986 2361 4075 dissimulem,
2396 4011 2477 4059 ne
2507 4011 2705 4076 quam
2734 3986 3185 4059 Cassiodorius
3212 3986 3851 4087 Patris'ﬂieronvmi

525 4118 753 4166 curam
790 4102 1050 4182 laudat,
1083 4105 1163 4167 ad
1196 4104 1388 4166 unius
1439 4100 1602 4166 Novi
1648 4100 2045 4165 Testamenti
2090 4097 2539 4163 recensionem
2574 4094 2915 4191 referenda
2947 4094 3031 4160 sit
3055 4092 3412 4172 ,‘nOnnihil
3450 4088 3839 4191 subdubito.

523 4202 644 4267 Sed
672 4204 847 4267 enim
877 4203 1132 4284 majora
1168 4208 1318 4267 sunt
1343 4204 1519 4267 omni
1567 4202 1949 4283 exceptione
1996 4198 2058 4264 S.
2090 4198 2295 4283 ipsius
2341 4188 2718 4280 lnterpretis
2768 4197 3134 4262 testimonia
3158 4245 3178 4279 ,
3204 4200 3441 4280 quibus
3477 4188 3623 4287 cum
3648 4188 3847 4267 ἁπλῶς

525 4303 873 4369 editionem
906 4306 1331 4389 Septuaginta
1360 4322 1400 4371 a
1435 4322 1506 4371 se
1540 4302 1632 4369 ait
1659 4304 1736 4369 de
1773 4304 2012 4369 Graecis
2042 4302 2109 4367 in
2138 4303 2369 4368 Latino
2396 4302 2850 4395 emendatam,
2874 4319 3151 4395 eamque
3189 4302 3385 4395 alteri
3412 4322 3515 4395 rex
3559 4298 3843 4389 Hebraeo

523 4408 940 4473 translationi
985 4386 1299 4491 opponit,
1327 4402 1742 4472 manifestum
1780 4411 1922 4482 est,
1956 4418 2085 4471 non
2132 4421 2376 4489 paucos
2423 4400 2626 4468 libros
2649 4449 2666 4481 ,
2699 4392 2815 4468 sed
2858 4388 3236 4469 universum
3268 4388 3593 4471 Cononem
3629 4386 3851 4495 deuo-4

521 4514 685 4572 tare.
718 4509 998 4593 Insignis
1033 4502 1215 4572 locus
1248 4507 1356 4570 ille
1389 4512 1487 4571 est
1514 4509 1701 4588 epist.
1742 4502 1883 4580 112,
1917 4504 1997 4569 ad
2026 4505 2300 4586 August.
2331 4552 2349 4585 ,
2380 4522 2446 4567 n.
2488 4505 2604 4566 19:
2647 4498 2832 4583 QuOd
2859 4498 3113 4586 quaeris,
3141 4522 3255 4567 cur
3283 4505 3471 4585 prior
3491 4528 3620 4571 mea
3659 4510 3730 4573 in
3763 4510 3855 4593 li-,

522 4607 654 4672 bris
686 4590 1030 4675 Canonicis
1060 4610 1502 4691 interpretatio
1531 4606 1863 4673 asteriscos
1891 4606 2129 4681 habeat,
2163 4618 2219 4672 et
2248 4609 2531 4690 virgulas
2559 4617 2971 4691 prtenotatas,
3004 4619 3061 4673 et
3084 4618 3305 4695 postea
3336 4610 3525 4697 aliam
3552 4590 3857 4699 transla-Z:

523 4708 755 4774 tionem
788 4708 1013 4795 absque
1041 4710 1138 4773 his
1171 4709 1373 4790 signis
1402 4705 1726 4783 ediderim,
1749 4727 1904 4788 pace
1937 4717 2049 4771 tua
2075 4706 2373 4784 dixerim,
2414 4707 2646 4772 videris
2676 4710 2829 4774 mihi
2872 4729 3003 4773 non
3034 4692 3389 4793 intelligere
3414 4692 3613 4799 quod
3671 4692 3859 4798 quae-2

520 4808 690 4894 sisti.
727 4809 855 4875 Illa
884 4810 1046 4874 enim
1080 4809 1524 4892 interpretatio
1554 4806 1979 4891 Septuaginta
2004 4808 2432 4891 Interpretum
2466 4816 2591 4881 est;
2623 4818 2683 4873 et
2710 4810 3082 4894 ubicumque
3111 4812 3395 4907 virgulae,
3429 4816 3498 4880 id
3528 4824 3643 4892 est,
3671 4800 3859 4901 obeli:

520 4921 696 4991 sunt,
726 4915 1202 4998 signiﬁcantur,
1234 4920 1355 4977 etc.
1389 4910 1469 4974 Et
1503 4912 1697 4993 paulo
1726 4916 1911 4992 post:
1949 4911 2090 4991 Ego
2118 4928 2250 4974 non
2282 4919 2408 4973 tam
2435 4918 2642 4975 cetera
2670 4911 2914 4977 abolere
2943 4898 3209 4976 conatus
3232 4898 3400 4995 sum,
3426 4935 3562 4998 qua
3597 4898 3839 5001 lingua:

520 5036 667 5081 mete
706 5015 1059 5081 hominibus
1088 5014 1407 5080 emendata
1439 5015 1512 5077 de
1542 5015 1756 5078 Greece
1790 5013 1858 5079 in
1902 5012 2202 5079 Latinum
2234 5014 2560 5092 transtuli,
2592 5035 2801 5098 quam.
2836 5018 2957 5079 etc.
2997 5016 3403 5082 Manifestius
3452 5021 3516 5082 in
3563 5022 3851 5107 prologol

524 5117 604 5183 ad
634 5119 837 5181 libros
868 5117 1233 5181 Salomonis
1262 5135 1345 5180 ex
1395 5110 1669 5183 Hebraeo
1695 5159 1711 5189 ,
1748 5112 1826 5178 Si
1855 5114 1959 5178 cui
1986 5132 2134 5176 sane
2165 5113 2588 5195 Septuaginta
2636 5115 3073 5198 Interpretum
3127 5118 3325 5196 magis
3378 5114 3568 5201 editio
3594 5117 3834 5215 plaqet,

523 5216 704 5280 habet
738 5234 869 5281 eam
914 5228 952 5279 α
976 5214 1159 5280 nobis
1193 5213 1597 5279 emendatam.
1629 5213 1707 5275 Et
1740 5212 1853 5275 lib.
1888 5229 1938 5274 ιι
1972 5216 2199 5279 contra
2239 5214 2545 5277 Ruﬁnum
2579 5234 2594 5276 :
2626 5214 2852 5295 Egone
2902 5223 3122 5279 contra
3168 5214 3589 5300 Septuaginta
3619 5210 3847 5305 latera

520 5330 731 5401 pretes
786 5318 1035 5402 aliquid
1066 5338 1201 5383 sum
1253 5316 1531 5407 locutus,
1562 5336 1719 5400 quos
1746 5323 1889 5381 ante
1920 5334 2119 5380 annos
2148 5317 2460 5400 plurimos
2496 5314 2977 5400 diligentissime
3007 5318 3359 5384 emendatos
3419 5334 3563 5397 mete
3598 5324 3833 5406 Iinguce

526 5418 833 5485 studiosis
866 5419 1031 5483 dedi.
1083 5420 1377 5501 Itemque
1412 5420 1527 5482 lib.
1578 5437 1649 5480 Ill
1681 5464 1698 5493 ,
1732 5416 1958 5481 iisdem
2004 5437 2205 5499 prope
2237 5420 2451 5483 verbis
2490 5464 2508 5495 ,
2539 5418 2962 5502 Septuaginta
2993 5420 3325 5486 editionem
3358 5423 3847 5509 diligentissime

530 5520 916 5587 emendatam
954 5526 1096 5583 ante
1124 5540 1323 5583 annos
1358 5521 1670 5603 plurimos
1698 5538 1838 5582 mea:
1865 5519 2099 5601 lingua:
2125 5518 2480 5585 hominibus
2505 5520 2669 5585 dedi.
2699 5522 2885 5586 Paria
2923 5521 3111 5586 habet
3140 5512 3459 5613 epist.q7ii,
3502 5528 3579 5609 ad
3620 5528 3843 5615 'Luci-y

530 5629 711 5691 nium
736 5672 753 5702 ,
784 5626 1201 5709 Septuaginta
1245 5626 1664 5708 Interpretum
1696 5622 2031 5686 editionem
2061 5628 2119 5684 et
2147 5630 2204 5685 te
2230 5621 2449 5687 habere
2475 5643 2605 5687 non
2636 5621 2878 5700 dubito,
2910 5632 2968 5693 et
2988 5634 3133 5711 ante
3168 5626 3704 5715 annosplurimos
3728 5629 3825 5713 ᾷίτ

523 5727 937 5811 ligentissime
996 5727 1378 5791 emendatam
1437 5724 1741 5811 studiosis
1796 5722 2063 5793 tradidi.
2123 5720 2463 5809 Denique,
2498 5730 2568 5794 ut
2596 5727 2724 5792 alia
2760 5728 3245 5810 prtetermittam
3273 5776 3290 5809 ,
3327 5731 3514 5813 epist.
3574 5732 3712 5810 106,
3742 5722 3831 5801 ad;

517 5826 826 5900 Sunniam
872 5832 935 5897 et
985 5826 1354 5915 Fretelam,
1393 5829 1505 5896 ubi
1564 5832 1883 5913 quantum
1943 5821 2194 5892 intersit
2226 5828 2649 5897 Communem
2689 5830 2856 5897 inter
2889 5840 3085 5914 atque
3114 5828 3555 5921 Hexaplarem
3583 5816 3819 5927 editio..-
