4062 6356
133 337 198 393 l3
1066 329 1070 334 ’
1601 334 1737 393 ΡΒΑ

1858 337 1884 390 'l
1905 335 1992 394 ω.
3388 343 3453 400 il

137 467 313 527 nem,
347 449 542 513 docet
573 471 588 512 :
618 452 717 515 Ea
746 456 978 530 autem,
1006 449 1209 529 inquit
1239 495 1256 526 ,
1289 465 1424 530 qua:
1472 448 1739 511 habetur
1775 451 1842 512 in
1868 450 2183 524 Ἐξαπλοῖς,
2217 458 2270 512 et
2298 469 2479 533 quam
2505 467 2619 514 nos
2653 453 2976 532 vertimus,
3010 452 3149 534 ipsa
3186 459 3300 539 est,
3331 461 3450 526 etc,

137 559 347 634 Igitur
386 571 525 616 non
557 555 707 617 illos
745 560 994 618 tantum
1029 552 1310 624 libellos,
1341 552 1451 630 qui
1482 553 1592 614 vix
1629 552 1965 614 minimam
1999 553 2277 615 Canonis
2300 558 2553 632 partem
2583 553 2882 634 erplent,
2913 553 3024 617 sed
3056 556 3457 640 universam,

139 667 207 720 ut
229 658 298 717 in
331 655 661 736 Hexaplis
701 660 838 717 erat
867 702 882 733 ,
918 654 1262 716 editionem
1301 653 1535 731 vertit,
1566 653 1701 717 sive
1731 653 1978 715 Latinis
2010 652 2231 718 Graeca
2262 653 2656 717 contendens
2688 655 2984 718 restituit.

219 764 302 823 At
343 780 536 834 vero,
570 759 745 839 quod
774 758 1170 830 dicebamus,
1203 756 1348 819 fecit
1375 757 1591 818 damni
1625 756 1744 819 hac
1773 757 1838 820 in
1871 775 1940 820 re
1978 757 2249 819 multum
2283 756 2422 835 ipse
2445 801 2461 829 ,
2493 775 2640 820 cum
2670 757 3022 834 adviveret,
3053 763 3315 822 sanctus
3344 761 3459 822 ln-

139 872 393 946 terpres
437 886 455 926 :
499 883 677 928 nunc
713 865 788 926 de
820 863 945 938 his,
979 862 1090 941 qui
1129 859 1375 942 jamdiu
1421 858 1895 938 desiderantur,
1921 860 2101 923 libris
2140 860 2543 939 reparandis,
2584 859 2780 924 ferme
2822 863 3299 926 conclamatum
3336 871 3455 928 est.

138 971 302 1032 Sane
340 985 569 1046 neque
601 966 749 1029 aliis
777 970 937 1044 quot
967 965 1126 1037 scio,
1157 979 1275 1025 nec
1305 961 1461 1024 mihi
1489 980 1631 1024 esse
1660 961 1749 1024 ila
1778 960 1944 1024 felici
1977 962 2267 1043 contigit,
2292 967 2360 1025 ut
2389 980 2610 1025 eorum
2639 968 2884 1042 partem
2913 965 3141 1027 saltem
3173 967 3462 1046 aliquam

144 1071 309 1133 inter
341 1068 902 1132 bibliothecarum
937 1067 1237 1145 antiquos
1271 1083 1424 1128 mss.
1455 1065 1843 1142 invenirem,
1877 1083 2040 1144 quos
2072 1071 2286 1129 tamen
2319 1070 2562 1147 quanta
2601 1068 2884 1132 maxima
2920 1068 3103 1131 licuit
3129 1070 3463 1150 diligentia

147 1169 656 1250 perlustrabam.
690 1167 1145 1235 Nihilominus,
1179 1171 1292 1229 aut
1331 1184 1432 1228 me
1467 1167 1723 1229 animus
1767 1166 1952 1242 fallit,
1982 1172 2098 1230 aut
2133 1173 2311 1232 tanta
2356 1167 2494 1248 ejus
2526 1167 2820 1232 editionis
2854 1187 3004 1250 pars
3053 1176 3351 1251 superest
3391 1172 3459 1233 in

145 1275 490 1352 ipsiusmet
520 1270 583 1331 S.
617 1270 825 1334 Patris
857 1267 1378 1342 Commentariis,
1411 1274 1480 1330 ut
1526 1267 1722 1330 ferme
1756 1269 2010 1348 possint
2045 1269 2371 1348 prOphetze
2400 1287 2648 1347 omnes,
2675 1275 2850 1334 certe
2878 1271 3137 1350 quidem
3175 1274 3461 1348 minores

145 1373 504 1444 duodecim,
534 1377 598 1434 et
635 1369 1055 1434 Ecclesiastes
1098 1367 1178 1432 ad
1226 1367 1564 1447 pristinam
1615 1367 2048 1447 integritatem
2088 1370 2318 1430 redire.
2349 1371 2739 1432 Persuasum
2777 1389 3006 1452 nempe
3049 1372 3282 1448 habeo,
3317 1391 3462 1437 eam

151 1472 511 1535 versionem
544 1487 631 1532 ex
661 1469 868 1550 LXX,
895 1486 1091 1548 quam
1125 1487 1240 1546 per
1269 1486 1575 1533 versuum
1605 1468 1942 1546 periochas
1975 1470 2318 1550 pmpositte
2349 1470 2436 1530 illi
2466 1489 2547 1535 ex
2575 1471 2847 1534 Hebraeo
2874 1472 3281 1536 continenter
3299 1459 3462 1560 sub.-

157 1576 372 1645 nectit,
401 1571 838 1650 edisseritque
869 1588 1037 1652 saepe
1076 1569 1310 1652 saepius
1355 1569 1540 1652 juxta
1583 1570 1780 1632 alium
1821 1589 2111 1646 sensum,
2150 1589 2286 1634 eam
2321 1573 2527 1652 ipsam
2568 1575 2927 1637 versionem
2958 1594 3124 1656 esse,
3154 1595 3348 1657 quam
3381 1581 3460 1644 ad

153 1681 445 1742 timeam
473 1675 816 1754 exemplar
846 1680 1310 1756 recognoverat
1348 1698 1363 1740 :
1410 1693 1566 1748 non,
1600 1682 1668 1742 ut
1705 1669 1898 1756 vulgo
1934 1681 2184 1756 putant,
2219 1678 2516 1742 Veterem
2552 1679 2616 1742 in
2666 1681 3092 1752 emendatam.
3123 1683 3203 1743 Et
3251 1685 3461 1748 sentio

149 1780 442 1860 quidem,
470 1779 639 1859 quod
684 1795 876 1840 nemo
916 1795 1044 1839 non
1097 1777 1313 1839 statim
1358 1776 1640 1856 objiciet,
1672 1777 1919 1838 nullam
1975 1776 2174 1838 ferme
2225 1778 2500 1857 speciem
2540 1780 2624 1841 ibi
2669 1780 3160 1864 Hieronymiani
3217 1782 3459 1847 laboris

148 1881 450 1962 praeferri
478 1901 494 1940 :
521 1881 740 1942 abesse
770 1879 942 1940 enim
982 1879 1328 1958 plerasque
1360 1895 1614 1954 omnes,
1636 1876 1874 1956 quibus
1907 1877 2098 1938 unice
2128 1883 2339 1956 potest
2372 1877 2750 1954 internosci,
2773 1881 3233 1942 asteriscorum
3262 1886 3460 1960 atque

149 1984 488 2045 obelorum
515 1985 725 2040 notas.
756 1978 893 2057 Ego
935 1985 1147 2039 tamen
1183 1977 1330 2038 inde
1362 1977 1550 2040 aliter
1595 1975 2028 2058 colligendum
2061 1977 2385 2052 existimo,
2417 1996 2492 2039 ex
2541 1980 2760 2059 paucis
2795 1981 3100 2041 nimirum
3136 1998 3281 2062 qua:
3325 1983 3454 2045 ali-

154 2084 298 2148 cubi
328 2085 641 2160 superant
684 2079 1001 2160 ejusmodi
1033 2078 1227 2152 notis,
1265 2097 1394 2140 non
1443 2079 1639 2141 aliam
1685 2096 1899 2158 posse,
1933 2097 2128 2158 quam
2161 2097 2307 2160 qua:
2351 2097 2433 2140 ex
2478 2079 2852 2162 Hieronymi
2885 2083 3460 2167 calamoprofecta

169 2192 278 2261 est,
305 2183 655 2246 editionem
694 2198 834 2243 eam
874 2179 1116 2254 videri;
1155 2198 1365 2258 neque
1402 2180 1572 2248 enim
1612 2181 1688 2242 iis
1727 2180 2042 2243 instructa
2079 2180 2306 2242 Latina
2340 2181 2467 2244 alia
2503 2199 2808 2261 umquam
2845 2183 2983 2246 fuit.
3017 2185 3199 2262 Quod
3241 2195 3462 2258 autem

165 2289 366 2350 rarius
401 2287 787 2356 occurrunt,
822 2299 1019 2362 quam
1051 2301 1154 2344 res
1192 2282 1522 2363 postulare
1554 2281 1917 2358 videbatur,
1956 2282 2237 2349 maxime
2277 2279 2342 2342 in
2382 2281 2712 2361 prophetis
2749 2285 3132 2366 majoribus,
3168 2287 3229 2348 in
3263 2279 3463 2353 causa

152 2395 242 2450 est
273 2387 413 2467 ejus
446 2385 860 2465 propositum
891 2385 1104 2461 operis
1136 2390 1330 2462 atque
1362 2384 1764 2457 institutum;
1799 2402 2009 2463 neque
2054 2383 2226 2445 enim
2275 2382 2358 2444 ibi
2393 2383 2458 2444 S.
2495 2384 2683 2446 Pater
2713 2385 2900 2448 edere
2935 2387 3281 2468 Scriptura:
3314 2398 3462 2456 tex-

167 2501 312 2561 tum,
342 2489 452 2552 sed
504 2505 839 2568 eXponere
876 2493 1070 2565 atque
1121 2487 1448 2548 illustrare
1502 2487 1925 2549 constituerat
1965 2511 1980 2550 :
2031 2488 2187 2567 quin
2240 2491 2303 2548 et
2355 2487 2633 2564 volebat,
2664 2486 2997 2556 Hebraicze
3033 2493 3282 2554 veritati
3329 2477 3459 2563 τούξ

161 2595 336 2657 LXX
367 2594 768 2668 subservire,
798 2591 1082 2668 satisque
1119 2588 1278 2650 adeo
1312 2589 1536 2652 habuit
1571 2591 1834 2670 majoris
1869 2591 2173 2652 momenti
2217 2591 2560 2652 verborum
2598 2595 2657 2650 et
2690 2610 2998 2654 sensuum
3033 2593 3460 2674 diﬂ'erentias,’

155 2704 250 2766 vel
308 2703 388 2765 iis
437 2698 666 2780 signis,
699 2696 797 2756 vel
842 2694 1168 2774 conceptis
1206 2693 1444 2769 verbis,
1472 2698 1544 2754 ut
1588 2693 1749 2756 alias
1794 2693 1966 2768 facit,
2005 2697 2372 2762 annotasse,
2410 2711 2556 2753 cum
2602 2691 2926 2755 chraico
2966 2701 3186 2776 utpote
3221 2703 3456 2766 veriori

161 2807 359 2868 textui
392 2804 613 2866 mallet
643 2803 967 2864 insistere.
1000 2803 1314 2865 Caeterum
1345 2799 1479 2862 dies
1512 2819 1614 2862 me
1640 2801 1911 2878 deficiet,
1942 2804 1994 2863 si
2029 2801 2216 2862 modo
2248 2800 2439 2862 velim
2471 2798 2829 2880 insigniora
2861 2799 3025 2875 loca,
3049 2804 3284 2882 quibus
3315 2809 3454 2874 sive.

162 2907 348 2984 obeli,
375 2908 513 2968 sive
541 2905 842 2972 asterisei
877 2905 1286 2976 adhibentur,
1319 2903 1738 2978 verbotenus
1776 2904 2084 2966 indicare.
2120 2902 2192 2964 In
2225 2900 2717 2988 Commentariis
2757 2903 2818 2964 in
2860 2904 3208 2984 prOphetas
3239 2910 3455 2974 mino—

165 3025 259 3068 res
287 3006 466 3068 obvii
503 3005 713 3084 magis
747 3009 921 3066 sunt.
950 3004 1335 3090 Itepetamus
1371 3003 1568 3081 igitur
1597 3001 1858 3068 aliunde
1889 3003 2213 3082 exempla,
2241 3007 2436 3081 atque
2469 3019 2546 3063 ex
2580 3020 2710 3064 uno
2745 3001 2936 3067 Isaia.
2969 3007 3122 3088 Cap.
3153 3027 3257 3084 XL,
3286 3030 3460 3082 vers.

161 3110 184 3168 1
217 3128 234 3168 :
267 3105 455 3182 Quod
485 3103 756 3166 additur
782 3126 818 3165 a
844 3104 1262 3185 Septuaginta
1301 3127 1354 3166 ρξ-
1389 3101 1763 3166 Sacerdotes
1817 3103 1987 3166 obelo
2019 3110 2444 3186 praenotatum.
2477 3107 2597 3171 est;
2648 3106 2711 3168 et
2763 3122 2930 3166 vers.
2961 3108 3040 3167 7:
3091 3109 3237 3172 Hoc
3286 3095 3460 3191 quod

152 3210 458 3274 asterisei:
515 3215 784 3268 notatur
996 3208 1151 3286 quia
1202 3203 1465 3284 Spiritus
1517 3207 1626 3267 Dei
1662 3203 1839 3268 flavit
1882 3205 1944 3266 in
2000 3221 2076 3269 eo
2110 3219 2171 3282 >εζ
2202 3221 2351 3266 vere
2406 3201 2623 3263 fenum
2676 3209 2770 3264 est
2823 3207 3096 3288 pepulus
3135 3221 3202 3287 ys;
3241 3210 3451 3290 exsic.

152 3319 352 3376 catum
392 3315 496 3374 est
533 3310 781 3384 fenum,
813 3309 1041 3372 cecidit
1076 3309 1192 3371 flos
1225 3321 1246 3389 ζ
1287 3329 1365 3372 ex
1397 3307 1712 3370 llebraieo
1764 3316 1822 3368 et
1858 3305 2306 3369 Thcodotionis
2340 3304 2610 3368 editione
2647 3304 2932 3367 additum
2971 3315 3078 3367 est.
3110 3309 3265 3389 Cap.
3296 3331 3458 3394 xt.v,_

151 3417 205 3476 in
255 3417 396 3496 ipso
435 3419 622 3479 textu
653 3413 892 3491 verba,
941 3438 1001 3479 +
1025 3413 1438 3492 ,Innovamini
1492 3411 1572 3472 ad
1605 3429 1695 3471 me
1757 3409 2002 3486 insulto,
2035 3409 2223 3472 obelo
2275 3408 2777 3470 transverberat.
2811 3405 2963 3488 Cap.
3004 3428 3088 3486 ιι,
3123 3430 3286 3476 vers.
3321 3416 3394 3475 10
3427 3399 3467 3479 εἰ

149 3515 388 3578 Nomen
446 3539 506 3582 +
564 3514 926 3576 Jerusalem
965 3524 984 3593 ζ
1020 3513 1186 3595 quod
1215 3514 1315 3576 hic
1343 3535 1376 3572 (ι
1405 3510 1824 3592 Septuaginta
1849 3509 2134 3572 additum
2161 3517 2272 3582 est,
2301 3526 2411 3570 nec
2438 3507 2504 3570 in
2532 3507 2790 3570 Hel)er
2821 3506 3106 3587 habetur,
3136 3532 3247 3587 nec
3276 3515 3447 3592 ultus

150 3620 338 3680 trium
367 3620 802 3697 interpretum.
826 3617 1071 3697 posuit,
1103 3616 1266 3678 unde
1300 3615 1471 3678 obelo
1509 3611 2012 3695 prwnotandum,
2043 3616 2164 3673 etc.
2195 3610 2271 3670 Et
2299 3614 2438 3688 post
2477 3626 2716 3686 paucos
2742 3627 2997 3686 versus,
3027 3607 3204 3674 Illud
3237 3609 3444 3700 autent

155 3720 327 3802 quod
388 3737 580 3798 supra
628 3717 872 3796 dicitur
904 3728 967 3793 κέ
1025 3719 1106 3780 Et
1152 3736 1280 3780 non
1344 3715 1586 3780 accidet
1630 3715 1696 3778 in
1744 3713 2223 3792 corruptionem
2257 3756 2274 3784 ,
2327 3717 2386 3771 et
2425 3727 2553 3770 non
2607 3707 2861 3770 deﬁciet
2905 3711 3090 3789 panis
3138 3709 3278 3792 ejus
3314 3717 3449 3799 ξας,

142 3818 906 3886 Theodotiouiseditione
934 3838 1012 3881 ea:
1047 3813 1361 3882 Hebraico
1391 3816 1678 3880 additum
1707 3821 1821 3876 est.
1857 3813 2026 3890 .Cap.
2065 3810 2357 3889 sequenti
2395 3829 2408 3867 :
2440 3809 2520 3869 In
2552 3805 2666 3868 hoc
2701 3807 2839 3872 loco
2888 3828 3110 3872 nomen
3143 3809 3382 3903 +Sion
3417 3826 3450 3904 ζ,

153 3921 637 4004 aSeptuaginta
665 3921 985 3996 additum,
1017 3927 1076 3982 et
1111 3921 1348 3984 idcirco
1395 3918 1763 4002 jugulatum
1799 3931 1970 3976 veru.
2018 3912 2325 3988 Denique
2354 3918 2492 3998 cap.
2528 3927 2604 3971 Lv
2637 3929 2653 3970 :
2691 3907 2991 4006 Quodque
3034 3905 3448 4009 scquiturﬁl—zt-l

153 4035 208 4091 et
231 4027 500 4090 obnoxii
536 4026 626 4092 tui
655 4030 848 4086 erunt
878 4026 943 4087 in
979 4041 1079 4098 ea,
1115 4034 1135 4102 ζ
1171 4022 1341 4086 obelo
1361 4019 1881 4102 prwnotavimus.
1931 4016 1990 4077 Si
2023 4015 2216 4076 aliam
2247 4017 2442 4092 atque
2464 4011 2868 4108 emendatam
2899 4015 3010 4092 abs
3040 4009 3454 4108 Hieronymo

159 4133 490 4196 editionem
523 4129 665 4196 haec
693 4133 1181 4207 reprmsentant,
1216 4144 1441 4206 mquus
1476 4127 1681 4188 lector
1711 4121 2034 4204 dijudicet.
2065 4115 2234 4202 Quid
2265 4133 2458 4202 porro
2493 4106 2822 4209 aiendum,
2858 4135 3003 4178 cum
3036 4107 3290 4209 erroris.
3315 4106 3442 4181 no—'

159 4242 238 4297 tat
261 4234 540 4296 Latinos
570 4231 849 4300 codices,
888 4230 1022 4309 ipse
1050 4229 1272 4305 aliter,
1300 4229 1436 4290 sive
1470 4230 1642 4296 recte
1677 4222 2006 4306 proposito
2033 4219 2176 4280 loco
2209 4215 2402 4298 legit?
2435 4213 2506 4276 In
2544 4223 2737 4296 caput
2763 4207 3054 4279 Ieremia:
3091 4207 3289 4308 xxxi,
3311 4209 3446 4282 ini—

157 4338 254 4404 tio,
281 4331 612 4411 Ridicule,
642 4332 874 4410 inquit,
902 4331 1120 4395 Latini
1156 4330 1395 4393 codices
1428 4328 1498 4390 in
1529 4327 1646 4390 hoc
1675 4326 1813 4390 loco
1857 4320 2266 4402 ambiguitate
2303 4315 2476 4380 verbi
2523 4309 2726 4381 Graeci
2766 4309 2890 4398 pro
2940 4318 3146 4383 calido
3181 4313 3440 4414 lupinus

151 4437 552 4517 interpretati
596 4445 766 4500 sunt.
806 4437 883 4496 Et
922 4435 1197 4498 calidum
1248 4439 1462 4501 tamen
1501 4431 1566 4492 in
1603 4444 1678 4492 ea
1714 4443 1912 4506 quam
1964 4421 2265 4504 prOponit
2311 4420 2446 4500 ipse
2491 4420 3095 4500 septuagintavirali
3149 4413 3457 4516 versione:

154 4538 542 4619 praetulerat.
581 4536 784 4616 Igitur
822 4554 952 4600 non
988 4534 1264 4606 Veteris,
1296 4549 1442 4612 quae
1490 4527 1728 4608 passim
1777 4521 2130 4594 obtinebat,
2160 4522 2221 4580 et
2266 4518 2432 4580 male
2483 4516 2760 4619 habebat
2793 4517 3074 4600 Iupinos,
3106 4518 3212 4606 sed
3250 4540 3444 4610 quam

151 4616 272 4722 ipse
303 4641 774 4708 adornaverat,
805 4636 1254 4700 recensionem
1290 4633 1534 4698 laudat.
1562 4630 1753 4694 Paria
1781 4626 2079 4704 exempla
2109 4622 2261 4684 alibi
2292 4621 2526 4700 saepius
2558 4616 2881 4722 offendere
2909 4630 3028 4688 est.
3449 4683 3457 4718 ἓ.

214 4746 356 4807 lam
392 4758 546 4822 quae
578 4740 774 4804 fuerit
807 4739 947 4820 ejus
983 4738 1225 4802 laboris
1254 4738 1448 4811 ratio,
1480 4739 1542 4797 et
1569 4749 1724 4794 num
1753 4729 1863 4790 illa
1898 4723 2343 4805 interpretatio
2371 4721 2630 4801 pmprie
2660 4720 2926 4786 dicenda
2958 4727 3060 4801 sit,
3092 4743 3202 4804 an,
3235 4733 3302 4790 ut
3331 4748 3445 4822 ηοξ

153 4848 240 4909 bis
267 4845 540 4926 quidem
579 4843 862 4920 videtur,
890 4840 1210 4912 recensio,
1242 4855 1357 4918 per
1391 4855 1460 4900 se
1502 4834 1783 4914 quisque
1833 4827 2067 4910 poterit
2112 4844 2195 4887 ex
2235 4825 2334 4885 his
2370 4840 2513 4900 quae
2560 4823 2726 4902 dicta
2772 4832 2944 4899 sunt,
2981 4829 3185 4890 multo
3217 4840 3452 4918 autenr

149 4950 382 5011 rectius
433 4964 524 5008 ex
571 4946 730 5026 ipsis
779 4961 926 5023 qua)
975 4945 1347 5023 supersunt,
1380 4934 1792 5001 monimentis
1833 4929 2230 4994 existimare.
2265 4928 2422 4992 Cum
2461 4926 2678 5026 itaque
2707 4926 2795 4990 ait
2833 4927 2895 4992 S.
2930 4929 3118 4993 Pater
3153 4933 3333 5014 epist.
3364 4934 3448 5008 ad

147 5051 460 5113 Snnniam
498 5050 566 5112 et
588 5024 910 5111 Fretelam
944 5047 1086 5110 loco
1120 5041 1422 5123 superius
1463 5036 1748 5109 laudato,
1778 5051 1844 5096 se
1882 5030 2258 5102 editionem,
2298 5043 2444 5106 quas
2491 5024 2765 5090 habetur
2807 5025 2873 5088 in
2911 5027 3187 5099 Ἐξαπλοῑς
3223 5075 3240 5108 ,
3293 5051 3448 5094 ver-

150 5160 288 5219 tisse
319 5155 476 5237 (hoc
506 5154 680 5216 enim
713 5154 910 5218 verbo
946 5150 1118 5216 haud
1155 5149 1291 5214 scio
1321 5145 1478 5210 alibi
1526 5158 1720 5206 usum
1758 5136 1834 5201 ad
1871 5137 2158 5198 laborem
2191 5148 2382 5208 suum
2419 5127 2936 5212 δίὲηίῧοᾶηάυῖη)
2970 5131 3046 5193 de
3080 5132 3175 5194 his
3208 5132 3449 5202 diXiSSe

148 5235 566 5348 accipiendas
600 5267 720 5334 est,
750 5278 896 5340 quas
923 5260 1047 5322 sub
1078 5250 1793 5332 asteriscisradduntur,
1816 5251 1880 5306 et
1909 5260 2055 5306 cum
2080 5258 2171 5348 ex
2204 5239 2426 5302 Grteco
2457 5236 2809 5348 Hesaplari
2838 5235 3451 5348 _suffecerit,Latine

149 5339 337 5430 etiam
372 5363 651 5426 reddidit
682 5383 699 5423 :
727 5361 1080 5441 deque,his-
1100 5365 1438 5440 praeterea,
1461 5371 1607 5433 qute
1637 5350 1860 5415 vitium
1895 5363 2005 5428 per
2036 5344 2255 5424 plures
2293 5358 2514 5404 versus
2555 5339 2873 5413 fecissent,
2906 5348 2966 5404 et
2994 5360 3161 5418 nova
3192 5345 3327 5425 ipse
3356 5348 3452 5408 in-

154 5468 630 5548 terpretatione
674 5464 958 5527 donavit.
994 5462 1114 5525 Sed
1149 5479 1280 5523 non
1336 5456 1478 5520 ideo
1517 5455 1685 5517 inter
1718 5450 2092 5523 Versiones,
2122 5444 2349 5548 qualis
2373 5443 2484 5506 illa
2529 5441 2646 5504 fuit
2681 5460 2762 5548 es
2797 5442 3095 5548 Hebraeo,
3133 5447 3240 5510 sed
3290 5451 3457 5518 inter

155 5541 642 5635 emendationes
690 5565 1324 5646 recognitionesque,
1352 5557 1610 5639 qualem
1663 5554 1800 5632 ipse
1847 5549 2152 5616 continuo
2199 5544 2354 5608 alibi
2408 5547 2616 5646 νοοξιί)
2649 5541 2985 5608 referendi!
3035 5553 3152 5608 οδε·
3184 5547 3459 5618 Fallitur

154 5673 398 5736 Natalis
440 5641 988 5745 A’lexander,vqui
1024 5662 1406 5743 superstites
1453 5659 1682 5731 libros,
1712 5654 1944 5715 Jobum
1975 5653 2036 5710 et
2066 5645 2472 5718 Psalterium,
2502 5641 2863 5705 Salomonis
2899 5663 3162 5726 quoque
3196 5656 3452 5734 tres,’et

157 5775 661 5856 Paralipomena
700 5771 773 5834 de
799 5788 962 5831 novo
995 5767 1249 5830 vertisse
1278 5765 1366 5826 ait
1400 5761 1462 5823 S.
1492 5763 1742 5824 Patrem
1769 5754 1958 5835 juxta
1988 5751 2300 5813 Graecum,
2333 5745 2618 5824 reliquos
2649 5747 2759 5824 qui
2793 5747 3461 5843 ἰιιῑρτυίἀοιουῃιιίαηπ

155 5890 285 5943 tum
319 5848 703 5942 emendasse.
731 5873 898 5937 Satis
933 5878 1023 5935 est
1052 5871 1321 5942 alteram
1359 5861 1662 5934 l’salterii,
1682 5876 1759 5928 en

1977 5854 2196 5916 .ioueui
2229 5849 2304 5924 ad
2347 5848 2626 5928 priorem
2657 5866 3056 5928 comparare,
3086 5860 3154 5915 ut
3189 5863 3459 5944 cqustct,
