4062 6356
615 309 684 370 is
1501 287 1510 294 “
2049 307 2219 365 eme:

2315 306 2440 364 ΠΟ.
3855 298 3919 356 16

612 417 912 494 neutram
949 431 1148 494 fuisse
1186 446 1376 492 novae
1420 426 1862 491 translationis
1905 443 2099 506 opere
2150 433 2212 488 et
2259 426 2434 488 cultu
2472 425 2876 486 exornatam.
2910 417 3072 484 Sunt
3112 421 3329 484 autem
3364 419 3534 481 docti
3566 417 3714 492 viri,
3752 433 3911 494 quos

613 533 785 596 inter
843 535 1168 596 Simonius
1229 533 1342 594 lib.
1395 533 1476 604 ΙΙ,
1517 547 1661 612 cap.
1698 531 1799 609 10,
1839 531 1948 610 qui
2001 529 2251 608 adjecta
2302 529 2424 590 sub
2478 527 2806 590 asteriscis
2857 527 3080 604 verba,
3111 543 3192 586 ex
3243 525 3516 587 Hebrmo
3555 522 3915 584 immediate

610 636 811 702 fuisse
842 638 1190 700 contendat
1227 653 1263 700 a
1303 637 1364 698 S.
1403 637 1759 716 Interprete
1793 635 1857 697 in
1888 636 2192 696 Latinum
2236 651 2570 698 conversa.
2606 634 2785 710 Quod
2817 638 2913 695 est
2946 634 3204 713 quidem
3240 652 3482 706 verum,
3519 633 3569 695 si
3606 635 3682 696 de
3709 634 3916 694 Para-

608 740 980 824 lipomenon
1027 742 1192 804 libro
1225 740 1470 819 dicunt,
1503 756 1695 820 quem
1751 740 1816 801 in
1869 740 2009 819 ipsa
2053 738 2164 801 illa
2197 738 2596 806 recensione
2633 739 2820 819 juxta
2851 737 3032 798 LXX
3065 741 3337 799 testatur
3366 736 3428 798 S.
3461 738 3646 799 Pater
3679 753 3746 797 se
3772 752 3916 796 cum

601 845 792 926 Legis
821 845 1104 919 doctore,
1137 843 1249 926 qui
1277 841 1448 924 apud
1484 841 1781 905 Πρίηπος
1811 838 2224 904 admirationi
2255 839 2622 914 habebatur,
2654 839 3003 903 contulisse
3033 859 3069 900 a
3102 840 3363 916 vertice,
3394 846 3467 900 ut
3495 839 3704 916 aiunt,
3731 855 3918 919 usque

604 948 689 1012 ad
724 956 1068 1011 extremum
1098 965 1368 1028 unguem
1401 971 1420 1006 :
1452 947 1538 1009 ita
1570 947 1744 1009 enim
1793 953 1850 1008 et
1900 947 1968 1008 in
2009 943 2240 1008 Graecis
2290 951 2346 1005 et
2395 943 2644 1006 Latinis
2673 941 2995 1005 codicibus
3033 942 3300 1005 vitiosus
3337 945 3500 1014 erat,
3526 947 3600 1001 ut
3631 958 3762 1002 non
3793 948 3918 1001 tam

606 1047 900 1124 Hebrcea,
929 1070 1114 1133 quam
1150 1051 1414 1114 barbara.
1449 1051 1728 1133 quddam
1760 1058 1816 1114 et
1847 1035 2204 1113 Sarmatica
2235 1051 2492 1111 nomina
2520 1059 2812 1130 congesta
2847 1050 3066 1112 habere
3096 1050 3442 1114 videretur.
3469 1049 3746 1111 Proinde
3776 1065 3913 1110 mo-

601 1153 743 1216 nuit
772 1154 1094 1233 expressis
1131 1153 1341 1215 verbis
1372 1174 1387 1211 :
1419 1151 1798 1234 Ubicumque
1829 1153 2185 1225 asteriscos',
2235 1151 2304 1215 id
2328 1159 2441 1227 est,
2469 1151 2683 1214 stellas
2814 1153 3069 1215 radiare
3100 1153 3170 1214 in
3200 1151 3315 1214 hoc
3344 1151 3660 1214 volumine
3685 1150 3917 1216 videri-

603 1256 710 1329 tis,
747 1253 836 1316 ibi
867 1255 1084 1316 sciatis
1133 1253 1203 1315 de
1251 1253 1508 1318 Hebrmo
1557 1254 1872 1329 additum,
1906 1253 2075 1335 quod
2109 1256 2177 1318 in
2219 1254 2465 1317 Latinis
2501 1254 2822 1318 codicibus
2867 1274 2999 1317 non
3025 1254 3308 1317 habet-ur.
3339 1255 3580 1318 Verum
3613 1255 3783 1318 haud
3824 1257 3914 1319 ita

603 1354 838 1420 factum
871 1355 934 1416 in
969 1356 1238 1435 reliquis
1279 1357 1551 1429 videtur,
1583 1357 1647 1417 in
1677 1357 1916 1436 quibus
1951 1357 2089 1438 ipse
2118 1357 2350 1419 iterum
2385 1358 2447 1419 S.
2483 1358 2809 1438 Interpres
2842 1359 3186 1441 significat,
3218 1359 3437 1424 Graeca
3467 1377 3534 1422 se
3571 1377 3652 1422 cx
3684 1359 3908 1422 Theo-

597 1454 878 1518 dotionis
920 1457 1220 1534 editione,
1244 1457 1784 1538 quemadmodum
1818 1459 1882 1520 in
1913 1459 2223 1538 Hexaplis
2259 1460 2514 1522 fuerant
2544 1462 2624 1524 ab
2653 1460 2934 1543 Origene
2966 1467 3212 1536 assuta,
3243 1462 3672 1525 transtulisse.
3702 1461 3912 1526 Unum

601 1575 679 1623 ea
713 1559 791 1623 de
828 1577 899 1622 re
932 1560 1147 1622 locum
1185 1581 1267 1623 ex
1303 1563 1490 1642 epist.
1527 1563 1667 1638 112,
1691 1563 1768 1624 ad
1801 1564 2268 1642 Augustinum,
2294 1563 2704 1630 laudabimus
2740 1586 2754 1626 :
2805 1565 3202 1647 Ubicumque,
3233 1567 3344 1641 ait,
3375 1567 3664 1647 virgulae,
3694 1567 3764 1630 id
3797 1576 3909 1645 est,

595 1660 758 1723 obeli
793 1670 967 1734 sunt,
997 1662 1399 1746 signiﬁcatur
1427 1664 1596 1746 quod
1628 1664 2046 1746 Septuaginta
2073 1664 2221 1746 plus
2250 1663 2559 1742 dixerint,
2589 1687 2773 1749 quam
2817 1668 3083 1730 habetur
3120 1671 3190 1732 in
3220 1667 3509 1731 Hebraeo.
3551 1668 3668 1734 Ubi
3703 1679 3908 1732 autem

594 1763 903 1838 asterisci,
937 1765 1004 1829 id
1031 1773 1143 1837 est,
1182 1765 1448 1829 stellula:
1480 1769 1914 1848 prtelucentes,
1947 1787 2024 1830 ex
2054 1767 2504 1832 Theodotionis
2534 1771 2808 1834 editione
2838 1772 2912 1835 ab
2945 1773 3209 1852 Origene
3248 1772 3536 1837 additum
3567 1782 3652 1835 est
3683 1795 3699 1836 :
3735 1783 3788 1835 el
3820 1773 3910 1836 ibi

587 1884 814 1927 quam
849 1869 1312 1930 transtulimus.
1345 1870 1500 1944 Quae
1537 1870 1636 1932 his
1675 1872 1985 1932 continuo
2017 1873 2496 1938 subnectuntur
2533 1877 2755 1954 verba,
2790 1876 2914 1940 llic
2951 1875 3024 1937 de
3056 1877 3195 1957 ipso
3231 1876 3571 1948 Hebraico,
3607 1876 3777 1957 quod
3806 1877 3912 1938 in-

590 1967 1016 2048 telligebamus
1055 1972 1503 2052 expressimus,
1534 1991 1824 2034 sensuum
1863 1974 2084 2054 potius
2116 1974 2466 2050 veritatem,
2505 1995 2686 2056 quam
2726 1975 3056 2037 verborum
3093 1976 3375 2038 ordinem
3408 1975 3725 2038 interdum
3759 1994 3910 2036 con-

590 2079 933 2144 servantes,
970 2069 1176 2135 fraudi
1216 2073 1313 2134 his
1354 2073 1639 2153 fuerunt,
1667 2075 1779 2154 qui
1813 2075 1877 2138 in
1911 2077 2241 2140 contraria
2273 2077 2580 2156 Opinione
2625 2085 2963 2140 versantur
3002 2100 3018 2140 :
3057 2097 3267 2158 neque
3306 2080 3501 2152 enim,
3538 2084 3606 2140 ut
3641 2085 3896 2161 putant,

584 2171 666 2234 ad
704 2172 1150 2235 recensionem
1209 2174 1398 2236 istam
1438 2174 1616 2256 justa
1667 2175 1958 2238 Graecum
2013 2177 2414 2250 referuntur,
2445 2176 2581 2256 sed,
2610 2179 2780 2258 quod
2820 2177 2942 2241 loci
2978 2184 3319 2241 contextus
3352 2179 3610 2254 evincit,
3645 2179 3722 2242 ad
3756 2197 3904 2242 eam

584 2291 781 2352 quam
813 2275 1194 2353 praecedenti
1233 2276 1532 2358 proxime
1569 2277 1834 2356 periodo
1873 2283 2373 2356 memoraverat,
2402 2277 2591 2340 aliam
2635 2276 3113 2340 translationem
3152 2276 3377 2358 absque
3421 2277 3519 2338 his
3553 2277 3782 2356 signis,
3811 2295 3896 2340 ex

581 2373 879 2439 Hebraeo.
911 2375 1030 2438 Sed
1068 2396 1145 2439 ne
1187 2378 1569 2441 testimoniis
1603 2377 1915 2459 ejusmodi
1963 2377 2206 2441 diutius
2256 2381 2629 2457 velitemur,
2657 2401 2738 2442 ex
2787 2381 3074 2460 ipsismet
3122 2381 3301 2443 libris
3339 2399 3454 2462 per
3498 2398 3570 2444 se
3619 2381 3902 2462 quisque

583 2475 839 2554 poterit,
875 2477 1291 2540 contentione
1327 2483 1541 2541 textus
1582 2481 1922 2562 utriusque
1953 2479 2142 2552 facta,
2175 2479 2251 2543 de
2289 2499 2356 2543 re
2387 2483 2523 2564 ipsa
2551 2482 2866 2562 judicare.

667 2577 850 2640 Nunc
881 2580 956 2640 de
987 2578 1141 2658 ipsis
1169 2579 1353 2642 libris
1381 2597 1587 2659 pauca
1617 2582 2017 2664 singillatim.
2053 2583 2324 2661 Tobias,
2355 2589 2416 2646 et
2442 2585 2661 2648 Judith
2708 2588 2912 2666 primo
2945 2594 3329 2663 occurrunt,
3361 2589 3470 2668 qui
3503 2590 3717 2652 tamen
3753 2604 3887 2650 non

583 2693 666 2740 ex
699 2677 922 2740 Greco
951 2723 968 2752 ,
1026 2679 1134 2740 sed
1165 2697 1243 2739 ex
1278 2679 1549 2742 Hebrum
1576 2726 1594 2758 ,
1647 2682 1782 2742 sive
1813 2681 2160 2744 Chaldaico
2197 2685 2555 2763 exemplari
2601 2688 2898 2750 conversi
2929 2691 3081 2750 sunt
3121 2689 3184 2750 in
3223 2689 3550 2751 Latinum.
3589 2688 3896 2749 Fortasse

582 2781 776 2844 etiam
815 2781 971 2842 satis
996 2825 1012 2854 ,
1060 2779 1230 2860 quod
1265 2787 1402 2844 erat
1433 2799 1468 2841 e
1499 2799 1568 2843 re
1605 2788 1854 2856 nostra,
1892 2781 1967 2844 de
2001 2782 2099 2844 his
2143 2783 2384 2845 dictum
2426 2785 2490 2847 in
2524 2787 2693 2848 notis
2727 2789 2804 2849 ad
2853 2791 3154 2867 prologos
3185 2833 3200 2862 ,
3234 2806 3379 2866 qum
3409 2788 3511 2849 hic
3550 2787 3899 2866 replicare,

582 2902 714 2947 non
749 2881 1004 2946 videtur
1036 2899 1247 2964 Operm
1273 2884 1575 2966 pretium.
1613 2883 1737 2957 Qui
1771 2885 2230 2979 asteriscorum
2266 2886 2739 2964 obelorumque
2769 2889 2940 2949 notis
2972 2888 3390 2966 distinguitur
3413 2931 3429 2961 ,
3477 2891 3674 2966 atque
3726 2886 3904 2949 hanc

578 2990 842 3069 proprie
891 2991 1124 3054 seriem
1168 2995 1434 3071 spectat,
1474 2992 1717 3070 primus
1751 2996 1847 3054 est
1875 2990 2018 3068 Job,
2057 3009 2248 3070 quem
2290 2991 2524 3053 librum
2559 2993 2665 3054 vix
2701 2993 2869 3054 dictu
2899 2999 3012 3062 est,
3053 2999 3209 3072 quot
3239 2991 3483 3053 mendis
3519 3007 3649 3052 non
3682 2987 3901 3055 libra-

585 3093 833 3155 riorum
887 3093 1100 3169 modo,
1149 3093 1259 3155 sed
1296 3097 1354 3154 el
1388 3093 1758 3155 criticorum
1788 3093 1979 3172 culpa
2012 3091 2256 3153 inolitis
2288 3092 2730 3155 liberavimus.
2758 3093 2925 3155 Vere
2956 3092 3230 3154 dixerim
3267 3110 3413 3156 cum
3450 3090 3886 3174 Hieronymo,

574 3193 700 3257 Job
731 3193 933 3259 adhuc
967 3195 1138 3276 apud
1194 3195 1460 3258 Latinos
1499 3194 1748 3276 jacebat
1787 3196 1852 3256 in
1903 3202 2211 3266 stercore,
2252 3202 2311 3256 et
2353 3193 2662 3257 vermibus
2711 3193 2987 3257 scatebat
3034 3213 3342 3257 errorum.
3395 3197 3510 3270 Et,
3563 3193 3896 3272 Quomodo

571 3297 945 3379 probatione
977 3307 1160 3379 atque
1189 3299 1460 3362 victoria
1497 3297 1842 3379 dupliciter
1868 3300 2161 3362 universa
2198 3300 2254 3362 ei
2300 3308 2445 3362 sunt
2483 3299 2730 3364 reddita
2759 3325 2777 3363 :
2808 3301 2898 3362 ita
2947 3319 3055 3380 ego
3102 3303 3170 3362 in
3207 3301 3427 3380 lingua
3478 3308 3699 3361 nostra
3736 3298 3900 3379 (au-

577 3395 794 3460 dacter
824 3399 1076 3480 loquor)
1114 3399 1236 3480 [cci
1268 3419 1402 3460 eum
1442 3397 1662 3460 habere
1704 3418 1838 3480 quae
1880 3399 2196 3461 amiserat.
2244 3400 2520 3463 Multum
2553 3403 2694 3480 opis
2731 3400 2792 3464 S.
2838 3404 3238 3480 Augustinus
3279 3403 3339 3462 in
3374 3401 3896 3464 Annotationum

577 3501 770 3576 libro,
812 3507 944 3563 tum
993 3499 1420 3564 Alexandrini
1475 3502 1713 3565 codicis
1773 3520 2023 3580 nupera
2073 3500 2268 3564 editio
2304 3501 2382 3563 ad
2425 3506 2668 3564 textum
2708 3502 3225 3581 rcsarciendum,
3256 3511 3493 3581 etquae
3525 3501 3896 3563 innumeris

570 3603 729 3666 locis
765 3609 879 3668 aut
907 3602 1220 3682 deerant,
1253 3612 1364 3666 aut
1409 3621 1745 3683 perperam
1787 3601 2228 3675 habebantur,
2262 3600 2340 3664 ad
2378 3621 2645 3665 vernum
2697 3611 2891 3682 atque
2939 3604 3396 3666 asteriscorum
3450 3603 3634 3679 signa
3681 3619 3892 3681 repo-

584 3702 792 3767 nenda
822 3749 838 3777 ,
890 3703 1385 3786 suppeditarunt
1418 3722 1434 3764 :
1470 3721 1615 3781 qua:
1651 3702 1869 3763 malim
1925 3703 2006 3764 ab
2054 3701 2258 3780 ipsius
2299 3703 2575 3763 lectione
2605 3701 2817 3783 operis
2871 3701 3227 3783 percipias,
3261 3719 3456 3782 quam
3489 3705 3559 3762 ut
3595 3705 3892 3762 nostram

583 3805 698 3867 tibi
747 3804 1183 3867 commendari
1235 3800 1618 3866 industriam
1655 3809 1863 3881 putes.
1912 3801 2316 3864 Psatmorum
2372 3800 2539 3864 liber
2587 3801 2695 3880 qui
2737 3819 2901 3880 pone
2938 3802 3269 3880 sequitur,
3307 3819 3385 3861 ex
3418 3799 3684 3880 duplici,
3718 3802 3789 3860 ut
3825 3804 3898 3861 et

576 3905 773 3986 paulo
805 3906 1104 3986 superius
1135 3911 1427 3968 notatum
1456 3908 1578 3984 est,
1610 3903 1674 3965 S.
1704 3904 1908 3966 Patris
1943 3901 2221 3964 editione
2249 3903 2326 3964 ad
2349 3901 2640 3966 Graecum
2669 3903 3032 3966 exhibetur.
3058 3905 3467 3984 Explicatum
3498 3909 3594 3966 est
3619 3918 3895 3984 quoque

575 4009 778 4074 semel
807 4016 1003 4089 atque
1032 4008 1263 4070 iterum
1295 4007 1360 4068 in
1394 4006 1589 4081 notis,
1623 4003 1797 4086 quod
1830 4009 1892 4065 et
1923 4005 2160 4084 passim
2191 4003 2298 4067 alii
2333 4011 2483 4066 ante
2517 4021 2632 4066 nos
2661 4004 3048 4080 docuerunt,
3080 4023 3196 4068 cur
3228 4005 3405 4084 prior
3435 4003 3542 4067 illa
3573 4010 3636 4068 et
3665 4004 3893 4066 minus

573 4118 879 4176 accurata
924 4111 1217 4175 recensio
1247 4111 1598 4173 Romanum
1640 4109 2025 4172 Psalterium
2051 4154 2068 4185 ,
2115 4107 2319 4170 altera
2373 4107 2776 4170 Gallicanum
2807 4106 3067 4169 audiat:
3094 4108 3332 4186 quibus
3367 4107 3696 4171 vocabulis
3733 4107 3886 4186 ipsa

575 4216 671 4278 rei
710 4234 839 4278 non
877 4215 1125 4278 inutilis
1161 4215 1437 4277 historia
1473 4213 1864 4277 continetur.
1916 4209 2038 4272 Sed
2078 4211 2247 4272 enim
2303 4217 2446 4290 post
2497 4209 2876 4271 Waltonum
2930 4211 2993 4271 in
3031 4212 3393 4291 Prolegom.
3443 4229 3511 4282 x,
3545 4209 3608 4288 5,
3637 4207 3890 4271 Natalis

571 4332 836 4396 quoque
863 4314 1231 4377 Alexander
1263 4312 1510 4376 fallitur
1538 4319 1768 4392 quiest.
1802 4329 1898 4372 ιιι.
1934 4311 2008 4371 de
2044 4311 2306 4391 Vulgat.
2339 4311 2578 4391 Latin.,
2619 4312 2725 4375 ubi
2771 4312 2986 4385 sentit,
3017 4321 3238 4392 quater
3273 4313 3444 4375 circa
3489 4309 3879 4375 Psalterium

568 4415 1024 4496 Hieronymum
1054 4412 1370 4476 laborasse
1393 4426 1422 4477 ':
1451 4419 1646 4492 atque
1676 4413 1837 4475 adeo
1871 4413 2142 4497 alteram
2179 4417 2320 4492 post
2355 4413 2515 4475 duas
2551 4414 2708 4476 istas
2742 4413 3257 4477 emendationem
3301 4431 3383 4475 ex
3421 4411 3643 4477 Greece
3670 4455 3687 4488 ,
3734 4427 3893 4490 qua)

572 4532 897 4596 nusquam
940 4515 1054 4576 fuit
1079 4561 1093 4589 ,
1129 4513 1662 4577 comminiscitur.
1696 4513 1890 4576 Errat
1939 4514 2002 4574 in
2041 4515 2431 4575 contrariam
2481 4522 2727 4595 partem
2764 4516 2990 4577 Petrus
3023 4515 3302 4578 Pilhceus
3327 4560 3344 4588 ,
3380 4515 3454 4578 de
3493 4515 3735 4578 Latinis
3761 4512 3889 4574 Bi-

570 4616 760 4678 hlior.
798 4614 1284 4692 interpretibus,
1330 4632 1476 4676 cum
1509 4612 1853 4693 Vulgatam
1886 4622 2173 4674 nostram
2206 4613 2609 4676 Psalmorum
2642 4615 2987 4677 editionem
3024 4614 3193 4697 (quae
3221 4615 3506 4695 exceptis
3534 4616 3883 4678 obelorum

574 4723 771 4796 atque
804 4715 1267 4777 asteriscorum
1297 4713 1465 4774 notis
1491 4759 1506 4788 ,
1536 4712 1756 4774 eadem
1793 4713 2060 4773 omnino
2092 4717 2187 4773 est
2220 4718 2412 4790 atque
2445 4714 2825 4775 Psalterium
2858 4715 3027 4790 quod
3063 4714 3470 4776 Gallicanum
3505 4722 3771 4790 vocant,
3805 4715 3884 4773 ut

573 4825 820 4882 textum
861 4816 1212 4880 conferenti
1262 4818 1398 4878 sole
1447 4816 1686 4879 clarius
1725 4815 2070 4897 constabit)
2108 4833 2234 4876 non
2289 4816 2482 4875 aliam
2537 4815 2758 4877 haberi
2809 4815 2968 4887 vult,
3015 4832 3210 4894 quam
3246 4822 3525 4876 veterem
3553 4834 3700 4894 quas
3725 4820 3885 4878 ante

571 4924 1042 5001 Hieronymum
1093 4918 1426 4981 obtinebat
1457 4937 1537 4978 ex
1570 4935 1646 4979 ea
1680 4917 1986 4994 editione,
2020 4934 2162 4994 qua:
2193 4916 2460 4977 Luciani
2505 4916 2836 4978 dicebatur
2868 4938 2883 4977 :
2913 4935 2987 4979 ac
3015 4935 3209 4995 porro
3241 4918 3497 4981 unicam
3531 4935 3610 4979 ex
3643 4919 3874 4980 Graeco

574 5019 934 5101 exemplari
981 5018 1347 5080 versionem
1394 5017 1773 5098 Hieronymi
1825 5034 1965 5078 eam
2015 5035 2179 5094 esse,
2229 5035 2421 5093 quam
2459 5017 2820 5077 Romanum
2862 5019 3242 5080 Psalterium
3295 5020 3581 5082 exhibet.
3631 5019 3884 5082 Fucum

572 5125 759 5186 docto
790 5122 931 5184 viro
959 5119 1130 5196 fecit,
1158 5116 1331 5196 quod
1363 5119 1424 5178 in
1455 5120 1715 5180 excusis
1747 5117 2041 5195 Vulgatte
2071 5117 2395 5179 codicibus
2441 5117 2735 5197 quaedam
2769 5119 2923 5195 sint,
2959 5120 3212 5180 tametsi
3254 5119 3494 5195 rarius,
3531 5134 3680 5198 qum
3715 5120 3882 5182 Hie-

575 5239 850 5304 ronymo
889 5237 1013 5282 non
1045 5219 1398 5300 probentur
1431 5237 1445 5277 :
1479 5217 1837 5297 cujusmodi
1876 5225 1968 5278 est
1999 5217 2154 5279 illud
2195 5219 2422 5296 psalm.
2453 5236 2518 5293 ν,
2553 5237 2718 5281 vers.
2743 5217 2781 5278 9
2809 5238 2824 5281 :
2851 5219 3069 5299 Dirige
3096 5219 3165 5281 in
3201 5226 3541 5300 conspectu
3575 5228 3684 5282 tuo
3715 5221 3884 5285 viam

573 5344 765 5387 meam
794 5368 812 5400 ,
843 5307 957 5403 pro
989 5338 1118 5400 quo
1160 5318 1340 5399 jubet
1372 5319 1434 5380 S.
1465 5320 1790 5400 Interpres
1824 5321 2114 5392 rescribi,
2150 5321 2217 5382 in
2270 5330 2609 5402 conspectu
2646 5340 2776 5384 meo
2810 5320 2976 5383 viam
3024 5327 3217 5382 tuam.
3252 5319 3370 5383 Sed
3410 5321 3521 5385 illa
3559 5322 3879 5387 editorum

575 5423 869 5489 codicum
909 5423 1098 5484 lectio
1129 5427 1244 5493 est,
1281 5439 1409 5483 non
1449 5421 1597 5484 item
1629 5429 1686 5484 et
1717 5439 1873 5483 mss.
1907 5422 2016 5500 qui
2054 5421 2315 5501 perinde
2347 5429 2543 5503 atque
2582 5428 2872 5486 notatum
2904 5428 2998 5486 est
3032 5424 3149 5486 abs
3179 5423 3606 5506 Hieronymo,
3636 5428 3876 5491 rectius

571 5526 817 5604 legunt.
859 5520 1001 5582 Alia
1037 5517 1094 5579 id
1131 5537 1361 5599 genus,
1391 5537 1534 5599 quae
1571 5519 1709 5598 ejus
1742 5521 1937 5581 menti
1970 5520 2266 5582 videntur
2296 5523 2390 5584 ire
2428 5524 2781 5600 contraria,
2818 5524 3103 5586 maxime
3136 5526 3472 5588 obelorum
3505 5527 3568 5588 iu
3597 5528 3879 5610 vulgatis

574 5626 761 5691 libris
796 5623 1081 5686 defectus
1117 5623 1397 5702 peperit,
1430 5625 1540 5702 qui
1573 5640 1718 5684 cum
1754 5624 1818 5683 in
1866 5625 2192 5686 veteribus
2244 5641 2441 5687 manu
2491 5627 2780 5689 exaratis
2833 5627 2954 5690 rite
3002 5629 3133 5689 sint
3172 5630 3398 5707 positi,
3430 5631 3879 5696 difﬁcultatem

581 5729 846 5796 omnino
876 5727 1156 5789 elevant.
1190 5727 1417 5788 Actum
1449 5743 1601 5788 vero
1639 5726 1948 5806 preeclare
1996 5725 2356 5801 nobiscum,
2399 5728 2570 5806 quod
2603 5728 2918 5808 ejusmodi
2953 5729 3306 5804 codicibus,
3337 5736 3397 5793 et
3427 5749 3698 5797 summm
3725 5735 3888 5815 qui-

569 5833 716 5898 dem
747 5830 1088 5897 vetustatis
1117 5871 1134 5905 ,
1170 5831 1365 5909 atque
1403 5827 1870 5894 emendationis
1906 5845 2032 5891 non
2069 5829 2400 5893 caruimus
2425 5873 2442 5908 ,
2478 5849 2608 5896 uno
2641 5847 2786 5897 cum
2821 5832 3048 5914 primis
3079 5833 3420 5915 Vaticano,
3454 5834 3609 5899 olim
3637 5836 3878 5905 Svccoo
