4036 6338
155 326 212 384 vi
1636 324 2026 385 ramulo.
3096 280 3103 283 ⁷
3430 321 3502 382 ts

173 463 307 510 rem
332 442 649 525 Reginae,
685 448 806 527 qui
838 446 1231 521 uncialibus,
1272 449 1346 509 ut
1387 449 1643 519 vocant,
1681 443 1912 508 litteris
1950 444 2151 507 ferme
2185 442 2487 507 omnibus
2518 445 2858 509 exaratur.
2897 442 3110 520 Quam
3153 442 3323 507 bono
3354 442 3500 507 fue-

184 550 300 614 rint
327 547 482 609 usui
520 548 754 626 nobis,
789 555 925 610 tum
960 548 1225 621 senties,
1264 566 1409 610 cum
1445 546 1521 610 ad
1558 547 1760 625 ipsius
1791 546 2004 622 operis
2035 546 2374 609 lectionem
2408 546 2708 610 accedes.
3464 566 3493 618 ,ι

252 650 366 715 Sed
393 656 458 713 et
488 650 689 723 illud,
714 652 889 732 quod
912 652 1256 713 Romanum
1280 651 1926 727 dicunt,Psalterium
1956 652 2159 713 altera
2185 650 2471 730 ejusdem
2492 650 2640 713 libri
2669 651 3051 730 perantiqua
3082 651 3490 730 recensione,

181 752 411 835 quibus
444 752 532 813 ab
566 751 1091 832 Hieronymiana
1124 750 1284 811 locis
1315 749 1548 823 differt,
1588 749 1850 811 fecimus
1888 751 2491 828 locupletissimum.
2526 752 2903 831 Accepimus
2956 756 3176 815 autem
3206 751 3381 815 illam
3413 772 3497 815 ex

180 857 448 939 insigni,
484 873 690 935 quem
720 854 1114 917 Veronensis
1151 851 1413 932 capituli
1454 851 1837 914 bibliotheca
1896 857 2113 915 servat
2159 871 2275 914 ms.
2310 851 2653 930 quadrato,
2685 860 2757 914 ut
2797 859 3059 931 vocant,
3092 853 3491 936 charactere,

172 968 485 1031 smculum
548 963 756 1024 t'erme
807 966 1065 1023 sextum
1114 957 1480 1030 redolente,
1534 963 1730 1035 atque
1776 957 2035 1034 nptimm
2081 963 2400 1033 quantum
2452 961 2549 1017 est
2608 956 2666 1018 id
2711 973 2915 1035 genus
2963 956 3252 1018 codicum
3300 962 3493 1023 notae.

171 1072 378 1133 Habet
424 1069 543 1131 ille
598 1068 665 1128 in
718 1065 989 1128 adversa
1033 1077 1295 1141 quaque
1351 1059 1605 1137 pagella
1662 1057 1921 1119 totidem
1972 1057 2219 1120 Latinas
2269 1057 2583 1121 versionis
2644 1057 2934 1118 versibus
2994 1056 3489 1138 respondentem

173 1175 473 1237 Graecum
512 1174 795 1244 textum,
826 1184 955 1227 non
985 1170 1198 1226 tamen
1231 1161 1506 1235 Graecis,
1555 1159 1665 1221 sed
1723 1160 1970 1220 Latinis
2022 1160 2248 1221 litteris
2297 1165 2637 1223 exaratum
2683 1177 2697 1220 ς
2744 1158 2913 1236 quod
2964 1176 3044 1219 ne
3098 1158 3488 1237 palmarium

170 1278 311 1338 libri
345 1282 583 1353 putes,
619 1270 780 1333 scito
828 1288 954 1329 non
988 1283 1228 1348 paucos
1268 1263 1582 1341 ejusmodi
1623 1262 1962 1343 scriptura:
2011 1262 2073 1324 in
2125 1280 2241 1323 ms.
2283 1262 2485 1325 ltaliee
2526 1262 2931 1325 bibliothecis
2979 1262 3262 1342 offendi,
3295 1270 3491 1345 atque

173 1379 319 1440 olim
356 1376 567 1436 fuisse
596 1391 633 1435 a
663 1373 835 1433 Luca
870 1367 1184 1448 Brugensi
1217 1366 1542 1429 laudatos.
1581 1365 1657 1426 Ut
1691 1369 1909 1427 autem
1943 1364 2235 1426 dicamus
2266 1362 2456 1425 modo
2492 1363 2568 1426 de
2602 1364 2863 1439 Latina;
2885 1366 3059 1445 quod
3089 1372 3314 1430 nostra
3346 1386 3493 1430 cum

171 1479 397 1561 primis
452 1477 757 1547 interest,
822 1471 1158 1545 versione,
1192 1468 1303 1530 illa
1336 1467 1458 1530 nisi
1498 1467 1978 1547 Augustiniana
2032 1466 2173 1545 ipsa
2224 1467 2519 1530 recensio
2561 1472 2684 1542 est,
2736 1468 2815 1530 ad
2861 1468 3004 1548 ejus
3058 1475 3234 1535 certe
3284 1470 3494 1533 instar

177 1582 467 1643 maxima
499 1597 581 1639 ex
618 1581 801 1656 parte
829 1575 1081 1636 videtur
1123 1591 1160 1639 a
1199 1574 1490 1636 studioso
1520 1574 1826 1654 qquiam
1858 1621 1876 1651 ,
1914 1578 2068 1651 puta
2098 1573 2506 1636 Cassiodorio
2536 1620 2552 1648 ,
2599 1573 2943 1639 adornata.
2978 1576 3212 1637 Notum
3262 1576 3321 1638 id
3368 1577 3494 1641 sibi

173 1680 417 1761 negotii
448 1679 519 1739 in
556 1676 963 1739 Psalmornm
992 1672 1209 1736 codice
1238 1672 1615 1751 castigando
1646 1671 1895 1734 dedisse
1931 1672 2412 1750 Hipponensem
2444 1672 2863 1752 Episcopum,
2893 1675 3066 1752 quod
3100 1682 3324 1739 narrat
3354 1676 3494 1757 ipse

172 1785 453 1865 epistola
478 1780 628 1851 261.
665 1781 744 1843 ad
775 1776 1124 1847 Audacem,
1161 1794 1339 1837 num.
1371 1775 1437 1847 5,
1468 1775 1574 1835 ubi
1606 1792 1753 1837 cum
1797 1792 1866 1836 se
1914 1774 2156 1837 diceret
2204 1774 2717 1855 Hieronymiana
2752 1777 3055 1839 versione
3093 1795 3173 1839 ex
3210 1778 3489 1843 Hebraeo

166 1903 448 1949 carere:
480 1884 605 1946 Nos
638 1890 865 1952 autem,
906 1876 1143 1950 subdit,
1178 1895 1308 1938 non
1340 1876 1740 1956 interpretati
1761 1895 1996 1952 sumus,
2034 1877 2140 1939 sed
2169 1877 2453 1939 codicum
2485 1878 2861 1941 Latinorum
2913 1881 3258 1943 nonnullas
3301 1901 3485 1945 mem-

174 1988 486 2050 dositates
512 2003 587 2045 ea:
616 1982 854 2044 ercis
900 1978 1359 2060 exemplaribus
1388 1978 1865 2040 emendavimus.
1898 1978 2071 2043 Unde
2090 1980 2383 2061 fortassis
2411 1981 2737 2062 fecerimus
2765 1982 3012 2064 aliquid
3047 1985 3431 2050 commodius
3461 2034 3482 2066 ,

165 2108 348 2171 quam
391 2093 553 2162 erat,
584 2104 716 2147 non
746 2094 953 2146 tamen
982 2082 1103 2144 tale
1133 2081 1315 2163 quale
1357 2100 1480 2143 esse
1514 2079 1786 2144 debebat.
1821 2080 1988 2145 Nam
2014 2082 2197 2143 etiam
2232 2101 2424 2153 nunc,
2456 2102 2591 2163 qua:
2617 2084 2780 2163 forte
2816 2103 2929 2145 nos
2959 2092 3111 2147 tunc
3138 2088 3476 2165 praeterie-

171 2200 340 2268 runt,
370 2191 430 2253 si
455 2188 728 2268 legentes
759 2185 1103 2259 moverint,
1136 2182 1386 2246 collatis
1417 2183 1737 2246 codicibus
1761 2184 2169 2247 emendamus.
2203 2186 2352 2248 Haec
2380 2187 2710 2249 enimvero
2742 2188 2973 2251 Latina
3004 2189 3239 2253 codicis
3274 2192 3475 2255 Vero-

174 2294 387 2358 nensis
417 2291 641 2355 versio
674 2290 807 2351 fere
837 2306 1091 2368 semper
1118 2304 1263 2348 cum
1293 2287 1771 2365 Augustiniana
1801 2287 2075 2349 lectione
2103 2289 2385 2350 concinit
2416 2333 2433 2362 ,
2470 2307 2589 2352 nec
2626 2291 2703 2352 iis
2735 2295 2984 2353 tantum
3024 2293 3219 2368 locis,
3240 2295 3479 2374 quibus

176 2399 250 2459 ab
291 2395 464 2467 aliis,
499 2400 663 2471 quot
715 2397 870 2452 sunt
917 2392 1208 2467 quotque
1271 2385 1555 2461 fuerunt,
1605 2387 1896 2449 Psalterii
1946 2387 2337 2449 editionibus
2388 2388 2714 2464 dissentit,
2763 2391 2870 2454 sed
2921 2399 2982 2454 et
3018 2394 3225 2456 sicubi
3257 2396 3473 2459 minus

179 2516 357 2578 quam
390 2497 523 2559 illm
562 2495 819 2557 videtur
864 2500 1032 2553 recte
1081 2489 1347 2551 habere.
1398 2490 1636 2563 Pauca,
1684 2494 1748 2550 et
1795 2496 1867 2551 ut
1918 2492 2202 2569 pressius
2252 2489 2500 2571 aliquid
2549 2492 2755 2555 dicam
2784 2540 2801 2571 ,
2831 2494 3048 2558 decem
3086 2497 3229 2575 plus
3267 2499 3485 2564 minus

182 2602 332 2669 ioca,
364 2599 618 2677 quibus
652 2598 716 2656 in
745 2595 1005 2655 diversa
1036 2593 1169 2654 abit
1192 2637 1209 2668 ,
1248 2593 1513 2653 omnino
1544 2608 1660 2670 pro
1692 2590 1769 2653 iis
1803 2591 2028 2653 haberi
2061 2600 2434 2669 nequeunt,
2484 2612 2630 2672 qum
2670 2595 2902 2658 veteris
2935 2596 3236 2661 editionis
3267 2608 3483 2675 erant,

182 2700 561 2777 fueruntque
600 2697 684 2758 ab
720 2694 1084 2775 Augustino
1125 2690 1459 2755 emendata
1493 2714 1508 2755 :
1537 2692 1777 2771 quippe
1814 2710 1932 2753 nec
1966 2696 2064 2755 est
2110 2695 2504 2769 verosimile,
2551 2696 2988 2774 Hipponensis
3025 2700 3308 2782 episc0pi
3337 2711 3488 2765 stu-

177 2802 334 2863 dium
366 2798 942 2864 emendationibus
975 2796 1341 2857 constitisse
1375 2797 1504 2855 tam
1539 2793 1785 2872 paucis,
1824 2808 1966 2870 nec,
2006 2792 2177 2871 quod
2214 2794 2306 2855 rei
2342 2800 2535 2872 caput
2570 2801 2690 2869 est,
2730 2797 2794 2856 in
2832 2800 3256 2874 posteriorem
3293 2799 3488 2863 dum-

175 2912 341 2969 taxat
388 2906 535 2985 ejus
591 2902 737 2964 libri
792 2907 1039 2981 partem
1082 2898 1283 2962 fuisse
1329 2898 1413 2960 ab
1450 2897 1561 2960 illo
1591 2897 1974 2961 collocatum
2008 2918 2023 2959 :
2056 2916 2202 2962 nam
2234 2899 2317 2963 ab
2363 2918 2441 2962 eo
2476 2901 2733 2962 demum
2775 2900 2920 2964 loco
2961 2907 3183 2965 noster
3212 2903 3484 2967 abludit.

185 3010 287 3071 Est
321 3010 523 3089 igitur
552 3005 923 3069 econtrario
955 3002 1387 3083 colligendum
1415 3048 1433 3079 ,
1465 3018 1540 3062 eo
1576 3018 1780 3079 usque
1820 3004 2060 3062 tantam
2085 3047 2103 3079 ,
2140 3008 2386 3078 quanta
2427 3004 2490 3065 in
2544 3003 2810 3083 reliquis
2851 3004 3057 3067 fuerat
3087 3005 3148 3066 S.
3185 3004 3487 3083 Episcopi

176 3110 574 3191 diligentiam
612 3126 742 3169 non
788 3106 1160 3178 devenisse,
1194 3104 1393 3166 fuisse
1431 3110 1648 3167 autem
1693 3122 1803 3166 eos
1839 3104 2120 3182 psalmos
2153 3104 2231 3166 iis
2266 3105 2423 3168 locis
2460 3122 2496 3169 a
2536 3107 2898 3170 Veronensi
2933 3108 3204 3183 editore,
3241 3108 3380 3170 sive
3407 3107 3488 3171 ad

176 3216 452 3277 aliorum
482 3211 784 3290 exempla
807 3256 821 3282 ,
850 3209 1018 3281 sive,
1059 3206 1227 3287 quod
1264 3210 1328 3268 et
1358 3213 1587 3286 putare
1624 3205 1841 3268 malim
1871 3249 1883 3277 ,
1921 3204 2107 3284 juxta
2148 3207 2541 3284 posteriores
2582 3210 2929 3290 Augustini
2961 3227 3155 3272 curas
3189 3210 3489 3288 recogni-

171 3320 267 3379 tos
298 3336 319 3376 :
348 3332 516 3395 quas
549 3318 694 3393 post
744 3312 1203 3375 Enarrationes
1240 3308 1316 3371 ad
1356 3308 1693 3388 p0pulum,
1725 3308 1789 3370 in
1823 3311 2076 3370 suomet
2106 3307 2240 3386 ipse
2273 3311 2629 3390 exemplari
2661 3316 3042 3374 annotasset
3066 3332 3080 3370 :
3107 3312 3267 3376 Nam
3296 3310 3484 3373 etiam

172 3434 363 3491 nunc,
399 3417 633 3495 inquit,
670 3434 807 3497 quae
833 3416 1000 3494 forte
1032 3431 1148 3474 nos
1184 3420 1333 3474 tunc
1360 3412 1830 3491 prmterierunt,
1863 3410 1919 3473 si
1956 3411 2218 3489 tegentes
2255 3414 2586 3487 moverint,
2624 3416 2877 3479 collatis
2914 3415 3236 3480 codicibus
3272 3433 3487 3478 cmen-

175 3517 410 3579 dasnus.
442 3517 613 3592 Quid
647 3515 821 3595 quod
855 3512 1107 3576 videtur
1134 3513 1372 3575 alicubi
1413 3518 1628 3574 noster
1660 3530 1739 3572 ex
1782 3512 1920 3591 ipsa
1957 3512 2302 3591 Augustini
2341 3514 2773 3579 Enarratione
2808 3563 2826 3594 ,
2866 3536 2996 3580 non
3036 3537 3115 3580 ex
3153 3517 3489 3599 pr0posito

178 3622 397 3701 psalmi
433 3627 620 3683 textu
650 3666 668 3697 ,
703 3620 1042 3682 lectionem
1079 3616 1527 3696 expressisse?
1576 3616 1715 3677 Non
1780 3632 1929 3676 raro
1978 3620 2171 3678 etiam
2217 3617 2481 3691 rectius,
2518 3635 2715 3697 quam
2754 3619 2933 3700 prior
2968 3619 3078 3685 illa
3114 3619 3490 3700 Hieronymi

180 3724 564 3796 emendatio,
606 3724 967 3785 Romanum
1004 3720 1270 3799 inquam
1308 3718 1726 3793 Psalterium,
1765 3717 1954 3797 legit,
1992 3717 2293 3796 doctique
2331 3735 2490 3781 sane
2526 3721 2730 3783 critici
2770 3722 3102 3802 ingenium
3138 3722 3331 3803 sapit.
3368 3724 3495 3784 Po-

182 3832 375 3892 testne
407 3844 692 3909 magnus
727 3827 1185 3907 Hieronymus,
1210 3825 1261 3885 si
1288 3841 1365 3883 eo
1406 3822 1741 3901 antiquior
1772 3826 1869 3883 est
1895 3819 2133 3883 codicis
2151 3822 2546 3886 Veronensis
2574 3825 2880 3899 lectio,de
2904 3827 3075 3889 bona
3098 3827 3491 3903 receptaque

182 3932 367 4011 vulgo
403 3931 763 4009 scriptura,
812 3942 1047 3990 novam
1086 3925 1296 4003 putari
1339 3923 1563 3987 iecisse
1598 3938 1729 3984 non
1763 3922 2046 3985 bonam?
2076 3922 2271 3984 Aliud
2306 3926 2444 4003 est,
2477 3925 2530 3987 si
2567 3927 2809 3989 cursim
2838 3926 3267 4003 emendando,
3304 3941 3491 4003 qum-

182 4033 339 4105 dam,
373 4049 593 4111 eaque
623 4031 813 4111 justis
840 4030 917 4093 de
944 4028 1158 4091 causis
1196 4044 1425 4109 passus
1457 4032 1554 4087 est
1595 4042 1934 4088 remanere
1953 4068 1970 4101 ,
1994 4040 2140 4103 quas
2164 4024 2290 4087 alia
2318 4042 2402 4087 ex
2426 4032 2605 4105 parte
2627 4028 2750 4091 sibi
2781 4028 2995 4091 minus
3023 4028 3485 4108 probarentur.

181 4139 233 4202 Si
254 4159 401 4219 qua:
425 4136 797 4201 Veronensi
828 4134 1045 4197 codice
1072 4132 1289 4195 versio
1320 4133 1716 4201 continetur,
1756 4128 1866 4192 illa
1894 4132 2016 4204 est,
2055 4147 2198 4208 quas
2230 4134 2383 4193 ante
2417 4129 2481 4191 S.
2511 4131 2720 4193 Patris
2758 4131 3282 4195 emendationem
3318 4128 3487 4191 obti-

176 4242 358 4303 nebat
386 4286 403 4314 ,
437 4238 702 4320 quoties
737 4235 925 4298 aliter
958 4241 1021 4296 et
1051 4232 1290 4295 rectius
1328 4231 1559 4303 habet,
1589 4229 2008 4312 depravatum
2044 4230 2128 4292 ab
2161 4247 2240 4292 eo
2273 4236 2551 4295 veterem
2588 4231 2969 4311 lectionem,
3002 4250 3134 4297 non
3165 4232 3483 4294 emenda-

177 4347 327 4420 tam,
362 4342 619 4405 nefaria
650 4340 977 4402 calumnia
1014 4342 1084 4398 ut
1130 4336 1340 4407 dicat,
1394 4349 1659 4395 necesse
1696 4337 1833 4409 est,
1882 4330 1995 4411 qui
2027 4336 2272 4395 tantam
2310 4332 2368 4395 ei
2404 4334 2572 4397 libro
2604 4335 2943 4399 vetustatis
2980 4333 3365 4395 memoriam
3403 4331 3479 4395 de

178 4448 597 4528 largitionum
630 4461 898 4507 suarum
934 4442 1175 4505 scrinio
1199 4438 1517 4501 attribuit.
1549 4435 1667 4497 Sed
1699 4441 1769 4496 ut
1802 4436 1993 4517 plane
2030 4440 2431 4515 compertum
2470 4436 2736 4507 habeas,
2768 4438 2966 4517 quam
3004 4438 3201 4500 nullis
3238 4438 3445 4499 oculis
3467 4482 3485 4514 ,

175 4548 362 4609 immo
396 4547 582 4609 nulla
631 4550 844 4608 mente
876 4543 1092 4604 nescio
1133 4540 1280 4619 quis
1328 4556 1471 4601 eam
1503 4537 1865 4599 versionem
1900 4554 2015 4615 pro
2043 4536 2215 4598 Itala
2262 4539 2455 4616 vulgo
2490 4538 2849 4602 obtruderit
2873 4584 2890 4614 ,
2922 4539 3002 4603 de
3033 4539 3252 4601 multis
3278 4583 3295 4612 ,
3334 4557 3481 4619 qua)

175 4651 410 4726 passim
442 4647 868 4709 observamus
914 4642 979 4705 in
1016 4641 1216 4712 notis,
1262 4637 1633 4717 exemplum
1671 4634 1830 4697 illud
1861 4637 2079 4699 recole
2114 4634 2196 4697 ad
2230 4637 2555 4717 psalmum
2586 4639 2727 4714 127,
2762 4656 2930 4705 vers.
2966 4641 3032 4714 2,
3062 4639 3328 4703 Labore:
3357 4660 3489 4702 ma.

173 4764 360 4808 unum
394 4755 649 4807 tuarum
684 4742 1105 4805 manducabis.
1137 4743 1232 4803 lla
1282 4757 1440 4801 sane
1479 4738 1841 4817 prmtulisse
1875 4744 2155 4802 veterem
2187 4745 2337 4802 ante
2368 4740 2839 4822 Hieronymum
2871 4743 3268 4820 versionem,
3298 4760 3485 4806 eam-

172 4865 292 4926 que
321 4846 589 4918 ltalam,
619 4861 812 4907 nemo
840 4840 1070 4905 adduci
1103 4841 1363 4921 poterit,
1388 4844 1455 4901 ut
1486 4839 1728 4913 credat,
1755 4840 1866 4919 qui
1892 4840 2146 4922 legerit,
2170 4846 2488 4929 quantum
2520 4844 2673 4907 olim
2703 4845 2989 4924 antiquis
3026 4845 3486 4926 interpretibus

170 4955 228 5011 et
255 4947 645 5028 cumprimis
678 4945 927 5013 Hilario
956 4941 1339 5007 Pictaviensi
1374 4943 1552 5003 locus
1587 4939 1694 5002 ille
1725 4941 1965 5020 negotii
1996 4940 2351 5015 incesserit,
2378 4945 2550 5024 quod
2586 4946 2803 5010 Latini
2833 4954 2981 5011 ante
3007 4948 3480 5027 Hieronymum

170 5047 310 5108 libri
341 5092 359 5121 ,
394 5044 668 5109 Labores
696 5045 1024 5124 fructuum
1067 5042 1379 5103 haberent
1418 5058 1534 5121 pro
1571 5058 1892 5105 manuum.
1922 5040 2115 5106 Salva
2150 5061 2250 5106 res
2282 5051 2420 5110 erat
2445 5089 2463 5121 ,
2496 5052 2690 5126 atque
2721 5048 3024 5128 etpedita
3048 5094 3067 5126 ,
3105 5051 3157 5112 si
3188 5052 3324 5113 hanc
3357 5049 3484 5114 illis

172 5148 571 5212 innotuisset
602 5144 1087 5225 interpretatio:
1114 5161 1234 5205 nec
1264 5156 1425 5207 sane
1458 5147 1624 5221 erat,
1660 5161 1778 5206 cur
1812 5143 2091 5213 eximius
2128 5144 2237 5207 ille
2273 5148 2997 5230 episcopus‘postquam
3044 5151 3228 5214 varia
3263 5152 3489 5217 fuisset

171 5252 500 5329 opinatus,
536 5250 750 5310 locum
785 5247 914 5309 alia
948 5263 1029 5307 ex
1068 5251 1251 5325 parte
1305 5250 1604 5324 tentaret,
1636 5250 1700 5309 et
1734 5244 1907 5325 quod
1943 5250 2217 5311 testatur
2241 5248 2677 5334 Hieronymus
2708 5254 2985 5333 epistola
3012 5256 3077 5316 in
3108 5260 3332 5320 nostra
3360 5274 3478 5321 rc-

170 5356 483 5420 censione
510 5351 615 5427 3A,
648 5351 730 5413 ad
755 5349 1156 5425 Marcellam,
1189 5352 1537 5425 assereret,
1573 5350 1771 5427 magis
1804 5356 1970 5411 stare
1998 5351 2397 5427 sententiam,
2430 5353 2487 5417 si
2520 5353 2862 5430 scribatur,
2903 5355 3153 5421 fructus
3183 5358 3481 5421 laborum

172 5458 439 5540 aliquem
479 5454 863 5518 manducare
886 5498 906 5529 ,
941 5458 997 5514 et
1039 5469 1174 5515 non
1204 5450 1461 5515 labores
1496 5449 1847 5512 fructuum.
1882 5451 2128 5515 Verum
2179 5452 2335 5516 illud
2370 5456 2613 5536 percipi
2645 5474 2728 5517 ex
2759 5455 3050 5523 codicum
3097 5460 3481 5523 Latinorum

169 5560 518 5624 collatione
550 5556 818 5621 omnino
864 5570 997 5617 non
1050 5560 1305 5636 poterat
1338 5576 1354 5617 :
1392 5553 1607 5617 Latini
1654 5554 1848 5629 enim,
1879 5556 2086 5635 pergit
2119 5556 2182 5619 S.
2222 5556 2458 5620 Doctor
2484 5606 2501 5636 ,
2531 5558 2605 5621 de
2639 5559 2842 5625 Graeci
2872 5563 3044 5626 verbi
3069 5562 3482 5641 ambiguitate

169 5660 434 5742 decepti,
462 5665 739 5741 καρποὺς,
766 5657 1040 5735 fructus,
1067 5655 1267 5734 magis
1299 5673 1484 5736 quam
1511 5670 1742 5718 manus
1778 5658 2179 5736 interpretati
2212 5668 2384 5736 sunt,
2412 5678 2596 5740 quam
2627 5672 2815 5745 καρποὶ
2847 5682 3078 5730 manus
3108 5684 3348 5745 quoque
3373 5667 3481 5730 αδ,-

170 5773 416 5833 cantur,
454 5760 747 5846 quodin
796 5757 1065 5822 Hebmo
1098 5757 1364 5839 ponitur
1403 5776 1772 5823 οιηρωοιι.
1807 5758 1961 5822 Erat
1996 5760 2193 5840 igitur
2226 5758 2404 5823 Italae
2439 5760 2763 5838 editionis,
2805 5771 2875 5828 ut
2908 5767 3116 5839 aiunt,
3152 5784 3268 5836 seu
3315 5767 3477 5833 Vulr

168 5876 326 5952 {ita
359 5862 841 5953 veterisyleclio
882 5863 1244 5948 fructuum;
1293 5878 1440 5947 qum
1474 5878 1609 5935 una
1634 5862 1762 5935 adet

1877 5860 2112 5951 tlibrls
2147 5862 2447 5936 omnibus
2477 5866 2809 5940 obtinebat
2837 5912 2857 5947 ,
2887 5872 2955 5934 ut
2987 5870 3070 5938 ab
3095 5868 3471 5958 ipsusnetiaus
