4062 6356
613 333 682 409 is
1794 387 1810 398 ,
2047 341 2431 400 rasuram.
3385 307 3390 312 ’
3845 345 3916 404 se

611 459 1359 546 Hieronymo’in‘priore
1388 458 1681 525 Psalteril
1711 457 2158 522 emendatione
2189 460 2438 520 retenta
2466 456 2572 520 sit.
2605 457 2996 539 Subrogavit
3033 455 3172 538 ipse
3199 473 3502 521 manuum
3532 458 3598 520 in
3631 458 3918 539 pleniore

616 569 846 644 altera,
881 584 1076 646 quam
1107 584 1253 628 cum
1290 565 1493 626 obelis
1540 569 1733 642 atque
1767 562 2095 624 asteriscis
2145 559 2510 622 adornavit.
2557 561 2982 640 Consequens
3013 562 3328 638 adeoest,
3381 566 3579 640 atque
3613 562 3916 643 evidens,

617 669 760 731 cani
793 679 939 746 qua
963 665 1180 728 codice
1222 665 1574 726 Veronensi
1609 664 2010 742 continetur,
2059 668 2120 724 et
2173 681 2472 724 manuum
2525 664 2808 743 praefert,
2858 665 2945 725 ita
2995 665 3235 726 nemini
3288 667 3546 727 obtrudi
3580 683 3769 747 posse
3803 685 3918 747 pro

614 771 802 842 Itala,
834 767 1248 846 autVulgata
1288 770 1524 840 vetere,
1555 769 1628 827 ut
1661 765 1743 828 sit
1767 765 1964 826 etiam
1999 764 2509 844 Hieronymiana
2539 765 2746 826 altera
2773 764 3248 842 emendatione,
3285 764 3623 827 Gallicana
3652 768 3920 844 inquam

616 871 958 950 Psaltorlo,
993 875 1188 950 atque
1224 871 1365 951 ipsa
1393 869 1678 950 Vulgata
1706 867 2023 929 hodierna
2056 867 2402 929 recentior.
2427 866 2517 926 Re
2547 866 2741 927 etiam
2775 881 2926 928 vera
2955 883 3039 926 ex
3073 867 3150 927 iis
3181 866 3362 927 locus
3390 865 3507 927 iste
3537 871 3658 942 est,
3681 867 3918 943 quibus

617 977 699 1038 ab
749 974 1228 1054 Augustiniaua
1283 973 1666 1036 recensione
1712 972 1935 1030 noster
1968 967 2314 1029 dissentit:
2348 966 2536 1030 latuit
2589 967 2763 1028 enim
2814 968 3028 1045 ipsum
3080 967 3523 1048 Augustinum
3571 983 3648 1030 ea
3691 965 3922 1043 lectio,

621 1067 850 1136 saltem
882 1091 1012 1158 quo
1051 1080 1337 1154 tempore
1370 1072 1692 1151 psalmum
1721 1068 1901 1131 illum
1928 1069 2305 1142 enarrabat,
2338 1083 2536 1146 quem
2572 1085 2718 1129 cum
2751 1068 3134 1132 Latinorum
3170 1069 3369 1148 vulgo
3407 1068 3584 1148 legit,
3615 1084 3692 1131 ac
3725 1066 3927 1132 ferme

621 1179 711 1240 ita
743 1183 940 1258 atque
968 1178 1257 1240 Hilarius
1287 1179 1636 1256 pertentat.
1668 1173 1962 1234 Labores
1997 1168 2142 1252 (ait)
2203 1169 2528 1231 fructuum
2578 1174 2837 1230 tuorum
2890 1170 3338 1234 manducubis.
3371 1169 3424 1233 0
3453 1189 3590 1249 vos,
3621 1191 3654 1234 ο
3691 1177 3788 1244 tu,
3821 1189 3930 1233 eos

614 1280 803 1343 multi
828 1281 938 1362 qui
958 1299 1122 1342 unus
1156 1281 1326 1358 estis,
1355 1279 1609 1341 labores
1640 1276 1965 1340 fructuum
1995 1278 2252 1334 tuorum
2284 1273 2728 1336 manducabis.
2755 1273 2954 1350 Quasi
2971 1291 3266 1354 perverse
3295 1274 3548 1338 videtur
3569 1275 3780 1338 dicere
3803 1293 3931 1344 non

614 1385 1116 1466 intelligen’tibus
1142 1408 1162 1447 :
1184 1384 1402 1447 debuit
1429 1369 1591 1444 enim
1620 1381 1847 1450 dicere,
1887 1381 2168 1460 fructum
2199 1377 2486 1439 laborum
2524 1384 2780 1438 tuorum
2806 1376 3240 1440 manducabis.

629 1507 634 1512 υ
711 1487 911 1546 Porro
945 1485 1261 1564 ejusmodi
1297 1482 1593 1561 exempla
1626 1482 1691 1542 in
1718 1480 2079 1542 Veronensi
2113 1477 2332 1540 codice
2354 1479 2484 1541 alia
2510 1480 2711 1541 multa
2743 1487 2918 1555 sunt,
2973 1483 3168 1559 atque
3195 1481 3414 1561 obvia,
3459 1501 3606 1562 quae
3637 1481 3932 1562 proferre

617 1581 997 1667 singillatim
1025 1604 1153 1648 nou
1185 1590 1396 1660 vacat,
1435 1588 1722 1665 suntque
1763 1585 1975 1647 obiter
2023 1581 2304 1646 indicata
2362 1582 2427 1644 in
2483 1583 2702 1644 notis:
2764 1582 3046 1661 denique
3096 1586 3162 1645 in
3219 1588 3442 1648 oculos
3479 1589 3820 1649 incurrent
3877 1588 3930 1650 si

613 1705 760 1752 cum
787 1687 1165 1770 Hieronymi
1216 1690 1404 1770 epist.
1436 1688 1518 1752 ad
1570 1689 1885 1751 Sunniam
1915 1693 1977 1750 et
1999 1686 2344 1761 Fretelam,
2374 1685 2480 1748 ubi
2524 1684 2819 1764 quiedam
2853 1685 3206 1750 laudantur
3238 1690 3532 1770 Vulgata:
3572 1689 3712 1769 ejus
3755 1696 3937 1754 vete-

612 1795 704 1856 ’ris
741 1795 1077 1869 lectiones,
1115 1797 1488 1859 contendas.
1525 1795 1712 1872 Quod
1750 1795 1802 1858 si
1839 1795 2155 1857 nonnulla
2196 1799 2509 1873 superant
2543 1801 2757 1858 tamen
2802 1799 2865 1857 in
2897 1815 2974 1858 eo
3001 1798 3166 1858 libro
3193 1799 3418 1874 verba,
3451 1815 3596 1875 quze
3627 1795 3938 1874 vetustio—

611 1911 749 1956 rem
778 1897 954 1959 illam
979 1898 1341 1959 versionem
1372 1897 1724 1972 redoleant,
1754 1905 1826 1958 ut
1859 1899 2035 1968 sunt,
2065 1895 2438 1970 amaricare,
2473 1897 2705 1974 ignire,
2741 1903 2935 1975 atque
2961 1897 3058 1959 his
3083 1899 3347 1980 similia,
3371 1917 3452 1959 ex
3483 1899 3581 1958 his
3613 1897 3726 1960 illa
3757 1903 3936 1970 sunt,

614 2015 763 2077 qum
787 2017 1012 2062 recens
1043 2000 1425 2064 emendator
1451 2000 1734 2062 retinere
1769 1998 1972 2062 satius
2005 1997 2216 2074 duxit,
2249 2005 2314 2058 et
2355 1997 2420 2061 S.
2456 1998 2653 2059 etiam
2691 1999 3058 2077 Augustino
3108 1997 3615 2059 commodiorem
3665 2013 3933 2058 sensum

617 2100 884 2172 referre,
919 2119 1312 2183 quamquam
1345 2103 1558 2164 minus
1591 2101 1864 2164 fortasse
1898 2100 2152 2175 Latina,
2188 2098 2585 2160 viderentur.
2621 2099 2880 2178 Alioqui
2941 2102 2993 2166 si
3027 2100 3350 2179 conjicere
3378 2099 3523 2160 inde
3555 2099 3728 2171 licet,
3762 2099 3928 2160 Ver-

621 2202 872 2265 slonem
905 2204 1129 2266 ltalam
1159 2222 1298 2266 eam
1329 2221 1498 2281 esse,
1550 2219 1698 2282 qua)
1733 2203 1998 2280 propria
2035 2200 2290 2278 aliquot
2343 2199 2481 2278 ejus
2535 2200 2730 2260 verba
2755 2200 3064 2273 retineat;
3128 2199 3358 2262 Versio
3394 2199 3558 2261 Itala
3608 2197 3930 2263 hodierna

621 2317 888 2381 quoque
918 2304 1197 2384 Vulgata
1230 2309 1452 2366 nostra
1482 2302 1751 2364 dicenda
1788 2307 1910 2375 est,
1948 2317 2094 2378 quas
2125 2316 2426 2378 magnam
2461 2307 2709 2379 partem
2743 2319 2823 2361 ex
2862 2303 3002 2380 ejus
3042 2301 3256 2366 verbis
3294 2306 3574 2374 constat,
3639 2301 3931 2364 maxime

617 2418 773 2464 vero
810 2405 1187 2467 Psalterium
1248 2407 1640 2481 Romanum,
1697 2421 1815 2466 seu
1865 2405 2042 2482 prior
2095 2402 2456 2464 emendatio
2512 2403 3046 2483 Hieronymiana,
3081 2403 3448 2483 quwlongc
3500 2403 3924 2481 paucioribus

613 2502 778 2565 locis
815 2520 854 2567 a
887 2510 1102 2568 vetere
1133 2504 1412 2567 lectione
1443 2505 1774 2567 abhorret.
1808 2505 1966 2566 Nam
2001 2506 2090 2566 ita
2117 2503 2376 2580 quidem
2409 2521 2528 2584 ego
2553 2504 2881 2578 existimo,
2911 2506 2976 2564 in
3018 2507 3140 2566 hac
3165 2505 3370 2584 magis
3407 2521 3632 2582 quam,
3672 2503 3740 2566 in
3772 2503 3935 2566 reti-—

616 2603 787 2680 quis,
819 2605 954 2668 sive
981 2605 1197 2678 editis,
1230 2606 1366 2666 sive
1396 2621 1550 2666 mss.
1579 2603 1981 2666 Psalmorum
2009 2605 2207 2666 variis
2238 2622 2321 2665 ex
2353 2603 2576 2665 (ἴτωρο
2603 2605 3250 2684 interpretationibus
3285 2606 3510 2667 ltalam
3539 2623 3680 2666 esse
3710 2605 3933 2683 requi-

617 2703 916 2777 rendam,
951 2707 1148 2783 atque
1183 2720 1258 2766 ea
1287 2703 1544 2764 demum
1576 2720 1764 2782 posse
1815 2704 2078 2766 residua
2113 2703 2254 2782 ejus
2290 2705 2487 2770 verba
2509 2704 2660 2779 dici,
2689 2707 2756 2765 in
2786 2707 3025 2784 quibus
3059 2707 3370 2788 pleraque
3396 2707 3616 2768 omnia
3645 2707 3930 2768 aliarum

611 2802 1050 2867 Eccleslarum
1078 2806 1348 2884 antiqua
1375 2805 1688 2868 Psalteria
1723 2805 2144 2867 conveniunt.
2177 2805 2387 2868 Unum
2423 2823 2501 2867 ex
2537 2806 2638 2872 his
2671 2811 2770 2868 est
2799 2808 3190 2877 Veronense,
3228 2812 3464 2868 nostras
3519 2808 3710 2884 hujus
3767 2805 3900 2866 Ec-

615 2908 835 2971 clesim
863 2909 1092 2970 usibus
1129 2909 1309 2983 olim,
1347 2905 1587 2971 smculo
1619 2915 1688 2970 ut
1728 2907 1980 2969 videtur
2015 2909 2316 2989 septimo,
2353 2912 2490 2972 sive
2540 2914 2726 2972 (etate
2751 2911 3145 2974 Cassiodorii
3192 2911 3788 2983 accommodatum;
3821 2908 3929 2972 cui

609 3012 1024 3092 quidem-ego
1061 3013 1304 3092 primas
1329 3013 1544 3074 defero
1575 3013 1658 3073 ob
1689 3011 2040 3074 lectionum
2074 3015 2755 3092 praestantissimarum
2807 3014 3124 3080 delectum
3155 3061 3178 3092 ,
3220 3034 3527 3078 versuum
3557 3014 3933 3078 distinctio-

615 3135 790 3190 nem,
824 3133 1271 3196 summamque
1301 3117 1666 3195 Antiquarii
1707 3117 1768 3177 in
1801 3133 1877 3178 eo
1908 3115 2331 3180 describendo
2373 3135 2622 3181 curam.
2662 3119 2863 3197 Spero
2894 3119 3088 3181 etiam
3139 3137 3440 3197 magnam
3473 3120 3788 3181 initurum
3829 3135 3934 3178 me

611 3234 650 3282 a
677 3219 880 3280 doctis
918 3220 1216 3293 gratiam,
1255 3217 1426 3297 quod
1470 3218 2000 3298 Hieronymianis
2051 3219 2484 3281 subnecterim
2523 3239 2538 3278 :
2607 3227 2816 3298 eorjue
2854 3223 3058 3302 magis
3097 3224 3269 3302 quod
3329 3224 3488 3285 locis
3545 3223 3931 3298 dumtaxat,

617 3319 859 3396 quibus
892 3335 926 3380 a
957 3318 1250 3380 Romano
1283 3319 1516 3395 variat,
1545 3318 1901 3396 annotatis,
1942 3333 2178 3398 magno
2208 3320 2515 3398 temporis
2543 3321 3051 3401 chartarumque
3082 3325 3488 3403 compendio,
3513 3329 3718 3387 totum
3756 3325 3928 3388 haud

611 3419 835 3483 multis
863 3421 1170 3484 versibus
1197 3421 1723 3501 representarim.
1774 3419 2049 3495 Norunt,
2077 3425 2140 3480 et
2171 3439 2267 3481 me
2305 3424 2582 3498 tacente,
2617 3422 2727 3499 qui
2764 3423 3142 3502 penitiorem
3175 3423 3656 3502 Seripturarum
3713 3424 3930 3486 crudi-

603 3524 855 3586 tionem
910 3530 1157 3599 amant,
1185 3527 1430 3602 quanta
1470 3521 1814 3585 hinclucis
1859 3522 2145 3585 accessio
2201 3521 2280 3584 ad
2329 3523 2390 3583 S.
2435 3524 2640 3584 Patris
2697 3524 3080 3586 industriam
3135 3523 3271 3602 fiat,
3329 3543 3660 3605 quamque
3710 3527 3930 3586 actum

619 3627 951 3704 prmclare,
987 3643 1135 3688 cum
1170 3626 1523 3688 lectionum
1555 3625 1897 3686 varietates
1925 3641 2042 3702 per
2074 3623 2274 3685 ferme
2303 3624 2400 3686 rei
2436 3640 2698 3700 causas,
2729 3624 3124 3703 ingeniaque
3160 3624 3585 3703 interpretum
3637 3623 3792 3685 licet
3820 3625 3936 3686 in-

611 3727 889 3806 spicere,
925 3731 1185 3806 tamque
1214 3727 1478 3789 vetustis
1509 3725 1835 3786 memoriis
1873 3724 2022 3786 frui.
2051 3723 2168 3786 Sed
2201 3729 2263 3787 et
2291 3725 2418 3788 alia
2456 3726 2640 3786 nobis
2677 3724 2816 3804 ejus
2848 3725 3107 3787 edenda:
3137 3725 3471 3787 Versionis
3517 3739 3716 3787 causa
3783 3725 3930 3798 fuit,

612 3829 849 3893 uteam
882 3829 1124 3891 scilicet
1154 3829 1236 3890 ab
1279 3828 1582 3900 adverSa,
1612 3842 1743 3906 qua
1769 3823 2262 3887 conflictabatur
2321 3825 2606 3902 fortuna,
2665 3825 2879 3903 quoad
2944 3834 3313 3889 nostrarum
3367 3825 3593 3888 saltem
3646 3824 3931 3901 partium

616 3937 778 4007 erat,
807 3930 1318 3994 vendicaremus.
1356 3927 1426 3988 In
1453 3943 1702 4006 nupera
1738 3925 2061 3986 Anastasii
2091 3924 2374 3985 editione
2404 3925 2721 4000 Romana,
2755 3922 2971 3984 Graue
3008 3939 3085 3987 ac
3115 3923 3340 3986 Latine
3375 3922 3742 4000 descriptus
3767 3921 3930 3984 liber

615 4031 738 4094 iste
767 4051 884 4114 per
907 4033 1052 4096 cola
1072 4037 1133 4093 et
1159 4034 1415 4093 comata
1445 4034 1577 4090 toto
1609 4033 1922 4090 contextu
1953 4025 2435 4105 Prolegomena,
2467 4027 2518 4088 si
2565 4024 2686 4087 diis
2719 4026 2950 4105 placet,
2985 4024 3065 4088 ad
3110 4027 3430 4104 Paparum
3459 4023 3638 4084 Vitas
3671 4023 3928 4102 agebat,

617 4155 789 4199 novo
830 4138 949 4200 sibi
1005 4138 1201 4199 etiam
1254 4143 1511 4196 auctore
1545 4134 1788 4196 ascito:
1838 4138 1974 4194 tum
2011 4133 2215 4194 altero
2266 4138 2530 4194 coactus
2587 4131 2774 4192 titulo
2827 4130 3131 4191 lectorem
3184 4127 3431 4200 fallere,
3501 4125 3720 4189 Versio
3758 4124 3930 4188 Itala

616 4243 1140 4318 inscribebatur;
1175 4239 1453 4318 denique
1483 4239 1716 4318 pannis
1743 4235 2357 4298 obsituslectionum
2381 4253 2464 4304 ex
2503 4233 2765 4313 linguis,
2799 4248 2963 4311 quas
2998 4231 3260 4295 minime
3285 4233 3582 4305 noverat,
3621 4230 3800 4300 visus
3832 4236 3926 4289 est

619 4343 831 4408 dedita
869 4359 1069 4424 opera
1105 4343 1170 4403 in
1209 4357 1468 4404 scenam
1500 4341 1633 4421 agi,
1689 4339 1768 4401 ad
1817 4337 2181 4400 faciendum
2244 4337 2502 4418 pepello
2551 4336 2754 4400 risum
2785 4378 2801 4408 ,
2859 4339 2930 4395 ut
2987 4350 3136 4396 cum
3187 4335 3583 4406 annotatur;
3634 4331 3919 4409 exempli

620 4448 837 4526 gratia
870 4448 948 4508 ad
1012 4445 1170 4526 psal.
1226 4460 1403 4504 cxm
1464 4457 1643 4502 casus
1695 4437 2012 4501 muliebris
2045 4483 2062 4514 ,
2099 4454 2218 4519 pro
2281 4453 2498 4517 genere
2550 4434 2878 4514 feminino.
2936 4433 3053 4505 Sed
3111 4433 3246 4493 hinc
3304 4432 3500 4494 missa
3562 4430 3876 4492 faciamus
3911 4477 3927 4506 ,

613 4563 786 4628 qum,
819 4548 1044 4610 utalia
1071 4549 1396 4616 sexcenta,
1424 4543 1830 4605 dissimulare
1859 4547 1996 4602 erat
2023 4542 2304 4612 animus,
2344 4540 2394 4599 si
2431 4556 2547 4618 per
2586 4537 2803 4616 operis
2837 4535 3238 4616 prepositum
3287 4533 3597 4594 licuisset.
3655 4533 3924 4598 Psalmis

615 4652 1060 4715 subnectlmus
1093 4649 1504 4731 prmfationes
1534 4649 1596 4710 in
1628 4649 2162 4727 Paralipomenon
2192 4651 2255 4708 et
2287 4645 2648 4708 Salomonis
2675 4643 2920 4712 libros;
2964 4641 3040 4701 de
3076 4639 3313 4718 quibus
3343 4642 3406 4702 et
3457 4638 3611 4700 satis
3677 4637 3919 4700 dictum

622 4761 719 4817 est
747 4757 942 4836 paulo
971 4755 1275 4818 ante.I-Iis
1305 4759 1632 4834 postremo
1663 4751 1885 4814 ordine
1911 4751 2276 4830 Sapientim,
2311 4746 2770 4823 Ecclesiastiei,
2799 4749 2861 4806 et
2887 4743 3410 4808 Machabmorum
3444 4741 3915 4818 libros,quam-

613 4871 812 4933 quam
843 4854 1504 4926 Deuterocanonicos,
1534 4869 1652 4914 nec
1684 4857 1798 4914 abs
1832 4852 2231 4934 Hieronymo
2257 4849 2638 4924 recensitos,
2660 4852 2911 4908 tantum
2941 4852 3008 4912 ut
3051 4861 3130 4904 ne
3159 4843 3410 4922 integro
3437 4842 3921 4920 Scripturarum

612 4955 1074 5034 corporijuxta
1107 4953 1489 5014 hodiernum
1520 4953 1846 5016 Canonem
1881 4950 2156 5020 deesset.
2190 4951 2562 5033 adjecimus.
2596 4949 2664 5009 ld
2695 4965 2845 5010 vero
2876 4948 3110 5026 ipsum,
3153 4963 3232 5007 ne
3264 4961 3457 5023 quem
3510 4944 3712 5008 series
3749 4944 3922 5008 scris-

611 5063 818 5136 pturm
859 5053 1136 5132 falleret,
1167 5057 1227 5116 in
1265 5057 1473 5119 fronte
1503 5057 1640 5136 ejus
1682 5057 1877 5133 partis
1909 5055 2353 5118 admonemus.

694 5158 868 5218 Pone
903 5159 1197 5235 sequitur
1221 5155 1470 5218 Novum
1505 5157 2016 5233 Testamentum,
2045 5158 2214 5235 quod
2247 5159 2360 5218 abs
2392 5175 2462 5218 se
2489 5155 2685 5218 fuisse
2712 5153 2939 5216 Greece:
2965 5151 3112 5233 fidei
3133 5147 3474 5228 redditum,
3503 5149 3566 5210 in
3599 5151 3909 5230 Catalogo

615 5273 888 5318 suorum
926 5273 1191 5336 cperam
1222 5255 1492 5318 Sanctus
1529 5256 1666 5335 ipse
1707 5259 1888 5317 Pater
1941 5264 2236 5318 testatur.
2283 5257 2532 5332 Quibus
2582 5257 2822 5329 verbis,
2882 5260 2955 5315 ut
2997 5270 3124 5332 ego.
3168 5251 3428 5329 quidem
3467 5252 3711 5330 sentio,
3763 5252 3917 5331 quid

613 5360 830 5424 isthue
879 5361 970 5423 rei
1003 5363 1193 5431 esset,
1253 5359 1488 5439 quidve
1517 5359 1638 5420 sibi
1705 5362 1942 5437 negotii
2002 5361 2270 5434 dederit,
2309 5359 2714 5439 apertissime
2769 5356 3071 5419 ostendit.
3119 5355 3281 5415 Sunt
3317 5354 3763 5430 nihilominus,
3799 5354 3908 5433 qui

612 5462 962 5541 Evangelia
1001 5464 1256 5540 quidem
1279 5463 1362 5524 ab
1391 5480 1467 5522 eo
1491 5461 1688 5522 fuisse
1729 5467 1800 5522 ad
1830 5462 2116 5524 Graecam
2142 5463 2477 5524 veritatem
2513 5467 2769 5537 exacta,
2791 5459 3245 5521 consentiant:
3284 5457 3361 5520 de
3389 5460 3656 5537 reliquis
3705 5461 3916 5521 autem

611 5564 798 5624 libris
835 5565 1166 5637 dubitent;
1199 5581 1273 5626 ac
1309 5582 1504 5645 porro
1544 5565 1738 5625 velint
1770 5569 1848 5623 ab
1873 5565 2094 5642 aliquo
2131 5567 2258 5628 alio
2289 5564 2666 5646 Hieronymi
2699 5565 3069 5642 exemplum
3095 5561 3450 5624 all'ectante
3467 5564 3664 5626 fuisse
3692 5571 3917 5625 emen-

609 5667 823 5729 datos.
851 5668 956 5732 Me
985 5671 1176 5730 etiam
1208 5670 1447 5747 ipsum,
1485 5676 1555 5730 ut
1592 5671 1750 5734 nihil
1787 5670 2212 5745 dissimulem,
2245 5677 2478 5740 movet,
2509 5672 2677 5752 quod
2709 5673 2771 5732 hi
2804 5671 3182 5753 prmiatione
3217 5678 3509 5743 careant,
3548 5687 3748 5751 quam
3776 5667 3916 5729 aliis

609 5772 916 5833 omnibus
939 5787 978 5834 a
1004 5789 1072 5834 se
1107 5771 1435 5834 conversis
1465 5771 1793 5852 prmﬁgere
1823 5771 2242 5854 S.lnterpreti
2279 5775 2568 5837 solemne
2605 5773 2766 5840 fuit:
2807 5775 2919 5839 illa
2960 5780 3180 5838 autem
3224 5791 3423 5857 quam
3471 5775 3663 5844 unice
3714 5773 3918 5834 habe-

608 5888 758 5938 mus
794 5872 1074 5938 Damaso
1120 5871 1457 5954 inscripta,
1490 5872 1856 5954 pollicetur,
1907 5875 2234 5954 expressis
2269 5877 2520 5957 verbis,
2581 5883 2860 5957 quatuor
2913 5884 3162 5942 tantum
3238 5875 3618 5958 Evangelia.
3657 5871 3919 5940 Accedit
