4062 6356
248 363 319 422 21
1723 368 1852 426 PilA

1968 370 2115 428 iTiO.
2697 380 2708 384 ·
3499 383 3572 454 23

250 481 430 561 quod
469 484 880 564 Augustinus
938 485 1210 565 epistola
1273 484 1442 548 inter
1490 483 2035 568 Hieronymianas
2089 486 2225 563 10's,
2277 503 2452 552 anno
2502 489 2652 555 data
2688 495 3332 578 quadringentesimo
3381 499 3572 562 tertio

249 601 384 644 non
415 585 569 648 aliis
605 588 862 648 noverit
889 597 1084 666 quam
1109 587 1620 672 ‘Evangeliorum
1654 587 1822 652 libro
1858 589 2048 663 hanc,
2103 591 2647 668 qualemcumque
2695 598 2966 672 putarit,
3013 615 3278 679 cperam
3331 599 3572 661 Hiero-

250 703 532 766 nymum
569 689 984 768 impendisse.
1020 687 1172 753 Non
1195 708 1451 770 parvus,
1479 689 1689 768 inquit
1723 710 1901 752 num.
1937 689 1996 762 6,
2026 691 2152 752 Deo
2183 694 2422 770 gratias
2449 698 2688 774 agimus
2714 696 2785 758 (le
2818 719 3002 779 opere
3024 705 3162 778 tuo,
3200 719 3322 780 quo
3353 701 3574 764 Evan-

249 787 486 866 gelium
515 810 596 852 ea:
623 791 842 854 Grazco
870 792 1320 872 interpretatus
1349 809 1430 863 es,
1472 791 1622 872 quia
1647 809 1802 871 pene
1828 791 1897 853 in
1934 791 2219 854 omnibus
2265 792 2445 856 nulla
2498 794 2760 874 offensio
2811 806 2923 876 est,
2975 816 3114 859 cum
3169 800 3574 879 Scripturam

249 889 544 954 Grecam
581 893 1058 984 contulerimus.
1097 895 1254 976 Quae
1282 892 1540 976 quidem
1575 896 1821 973 accepit
1855 895 2316 978 Hieronymus,
2354 897 2606 980 epistol.
2649 898 2802 976 112,
2860 917 2991 982 qua
3019 902 3272 963 demum
3321 901 3412 962 illi
3463 919 3570 963 re-

247 994 541 1074 spondit,
569 993 835 1078 perinde
873 1004 1065 1077 atque
1093 993 1169 1060 de
1204 994 1384 1058 Nevo
1409 995 1822 1060 Testamento
1848 995 2137 1058 dixisset.
2177 996 2290 1070 Et,
2333 997 2388 1059 si
2415 1016 2527 1074 me,
2567 998 2776 1077 inquit
2824 1018 3000 1064 num.
3027 1001 3130 1074 ‘20,
3164 1011 3233 1064 ut
3286 1001 3470 1075 dicis,
3505 1001 3574 1063 in

248 1095 424 1159 Noti
448 1097 839 1160 Testaminti
874 1098 1298 1159 emendatione
1324 1097 1623 1176 suscipis,
1659 1098 2045 1178 exponisque
2083 1115 2356 1174 causam,
2397 1113 2530 1160 cur
2563 1099 2899 1181 suscipias.
2958 1109 3079 1164 etc.
3133 1103 3377 1165 Verum
3439 1119 3573 1164 non

245 1197 752 1262 deeritl'ortasse
779 1200 890 1279 qui
929 1199 1048 1260 hoc
1079 1200 1218 1277 ipso
1249 1199 1825 1284 NociTestamenti
1871 1200 2134 1264 nomine
2193 1202 2348 1266 satis
2403 1201 2566 1270 bene
2614 1203 2971 1283 Evangelia
3023 1205 3312 1267 denotari
3345 1250 3363 1280 ,
3421 1205 3574 1272 aliis,

249 1303 574 1381 ejusmodi
617 1305 1021 1364 locutionum
1055 1301 1372 1380 exemplis
1420 1299 1594 1366 Velit.
1637 1299 2070 1362 Nihilosecius
2101 1308 2429 1363 constans
2477 1306 2707 1366 isteac
2758 1313 3108 1386 perpetuus
3168 1308 3570 1388 Hieronymo

254 1404 566 1484 loquendi
594 1403 821 1476 modus
845 1403 919 1466 de
946 1405 1124 1466 Novo
1156 1409 1334 1466 ἁπλῶς
1376 1403 1813 1475 Testamento,
1860 1420 1988 1464 non
2043 1401 2318 1464 laudatis
2345 1401 2534 1466 modo
2561 1403 2744 1479 locis,
2777 1405 2888 1469 sed
2924 1411 2984 1467 ct
3032 1406 3304 1486 epistola
3348 1408 3448 1478 71,
3487 1406 3568 1470 ad

251 1509 632 1585 Lacinium,
662 1508 802 1585 ubi,
831 1507 1080 1576 Novum
1105 1553 1121 1583 ,
1155 1507 1285 1577 ait,
1318 1507 1776 1570 Testamentum
1804 1503 2036 1567 Graece
2061 1503 2311 1568 reddidi
2337 1506 2752 1580 auctoritati,
2781 1515 2834 1572 et
2863 1527 3008 1590 qua:
3031 1508 3212 1591 paria
3244 1509 3342 1570 his
3374 1495 3568 1572 habet

247 1613 501 1693 epistol.
536 1614 681 1690 106,
712 1612 788 1675 ad
824 1611 1140 1672 Sunniam
1173 1609 1576 1672 etFretelam
1600 1654 1616 1686 ,
1663 1614 1894 1690 putare
1930 1607 1986 1668 id
2023 1608 2100 1668 de
2158 1609 2296 1668 solo
2342 1609 2846 1687 Evangeliorum
2895 1613 3063 1674 libro
3113 1611 3264 1684 dici,
3301 1613 3566 1675 omnino

246 1735 376 1778 non
405 1717 647 1779 sinent.
684 1715 776 1775 Re
813 1713 1006 1776 etiam
1043 1713 1181 1792 ipsa
1219 1712 1481 1791 pr0prio
1514 1712 1801 1788 nomine,
1834 1728 1981 1772 cum
2011 1701 2160 1770 eum
2211 1709 2400 1771 unice
2435 1711 2672 1771 librum
2733 1714 2934 1775 voluit
2979 1714 3341 1796 designare,
3401 1733 3562 1777 usus

253 1828 382 1897 est,
426 1828 504 1886 nt
525 1823 588 1884 iI
603 1819 886 1902 prologo
910 1815 1392 1890 “Dalmatium;
1427 1832 1560 1898 quo
1591 1816 1734 1877 loco
1757 1815 2076 1894 nondum,
2105 1831 2172 1876 se
2196 1813 2273 1876 ad
2301 1815 2582 1894 reliquas
2603 1815 2890 1898 ejusdem
2925 1819 3318 1886 Testamenti
3347 1824 3561 1900 partes

262 1925 549 1988 animum
575 1903 955 1992 advel-tisse,
988 1917 1262 1993 indicat,
1289 1937 1452 1998 quas
1485 1919 1799 1998 evestigio
1826 1921 2038 1979 tamen
2075 1918 2136 1978 in
2165 1935 2396 1980 manus
2431 1917 2726 2000 sumpsit,
2757 1920 3112 2000 eodemque
3147 1923 3356 1984 studio
3403 1941 3565 2002 per-

251 2025 571 2086 lustravit.
601 2022 954 2100 Reliquum
989 2021 1094 2082 vix
1127 2020 1682 2082 facitdubitationi
1707 2020 1922 2081 locum
1959 2018 2231 2098 epistola
2270 2020 2372 2092 2'7,
2407 2018 2484 2079 ad
2518 2019 2916 2091 Marcellam,
2951 2038 3082 2098 qua
3131 2037 3400 2084 suarum
3455 2021 3562 2082 in-

251 2124 797 2205 terpretatiounm
823 2143 904 2190 ex
929 2123 1108 2188 Novo
1127 2123 1542 2185 Testamento
1570 2120 2118 2184 obtrectatoribus
2152 2120 2577 2198 respondens,
2615 2122 2915 2200 exempla
2943 2121 3018 2183 de
3045 2122 3224 2183 Pauli
3255 2121 3561 2203 Epistolis

246 2231 444 2293 ferme
483 2229 710 2290 omnia
738 2228 956 2288 sumit.
990 2227 1102 2289 Illi
1129 2225 1364 2305 legant,
1403 2243 1514 2306 5pc
1539 2224 1917 2304 gaudentes,
1959 2225 2230 2303 tempori
2267 2226 2664 2287 servientes:
2701 2242 2816 2286 nos
2867 2227 3166 2305 legamus,
3217 2245 3330 2305 spe
3387 2244 3558 2305 gau-

246 2337 494 2416 dentes,
525 2334 806 2397 Domino
841 2333 1221 2395 servientes.
1257 2329 1373 2394 Illi
1408 2329 1707 2392 adversus
1733 2327 2164 2408 presbyterum
2193 2328 2651 2390 accusationem
2683 2329 2935 2392 omnino
2973 2337 3190 2409 putent
3239 2328 3560 2409 recipien-

248 2441 382 2501 dam
408 2467 429 2504 :
467 2438 778 2521 legamus,
812 2435 1121 2498 adversus
1156 2433 1607 2515 presbyterum
1642 2431 2120 2494 accusationem
2157 2448 2234 2490 ne
2271 2429 2622 2507 receperis,
2661 2438 2775 2489 etc.
2823 2429 2966 2491 Illis
2995 2429 3267 2509 placeat,
3316 2429 3560 2490 Huma-

250 2559 367 2602 uus
405 2555 650 2613 sermo,
691 2541 752 2598 et
779 2535 956 2596 omni
987 2531 1360 2616 acceptione
1392 2530 1625 2612 dignus
1659 2549 1675 2591 :
1704 2548 1818 2590 nos
1847 2548 1987 2590 cum
2012 2527 2349 2592 Grtccis....
2383 2545 2676 2597 erremus,
2711 2527 2945 2589 Fidelis
2977 2545 3218 2606 sermo,
3249 2537 3364 2590 etc.
3392 2529 3560 2592 Hinc

254 2643 525 2706 sumitur
546 2645 609 2702 et
637 2656 757 2718 pro
789 2636 1057 2716 reliquis
1082 2635 1267 2696 libris
1316 2636 1798 2715 argumentum,
1833 2636 2026 2708 atque
2078 2631 2238 2692 adeo
2274 2631 2582 2694 universo
2629 2631 2788 2691 Novi
2839 2631 3233 2692 Testamenti
3266 2629 3559 2706 Canone,

255 2760 445 2822 quem
473 2740 545 2802 ad
579 2740 958 2800 Grmcorum
989 2735 1282 2797 codicum
1317 2732 1504 2794 (idem
1537 2731 1828 2811 exegerit
1859 2729 1920 2790 S.
1957 2731 2182 2790 Pater:
2238 2730 2488 2789 tametsi
2533 2727 2670 2790 sola
2723 2729 3075 2806 Evangelia
3133 2729 3402 2810 prologo
3433 2730 3532 2790 in-

249 2845 588 2918 struxerit,
618 2842 793 2922 quod
821 2857 896 2904 ea
924 2855 1072 2917 pars
1104 2837 1186 2900 sit
1215 2835 1506 2898 omnium
1541 2834 1746 2912 prima
1786 2837 1849 2894 et
1883 2831 2310 2903 nobilissima,
2346 2830 2616 2892 fortasse
2675 2830 2896 2908 etiam,
2948 2829 3122 2910 quod
3175 2830 3366 2912 longe
3411 2830 3555 2912 plu-

251 2952 422 3014 ribus
447 2949 613 3010 locis
648 2945 962 3007 medicam
998 2942 1054 3004 ei
1091 2957 1357 3002 manum
1390 2943 1585 3016 atque
1620 2953 1831 3016 opem,
1867 2934 2253 2996 adhibuerit.
2294 2932 2650 2995 Richardus
2674 2933 3030 3009 Benlleius,
3060 2933 3168 3009 qui
3204 2950 3320 3012 pro
3357 2932 3553 2997 ador—

249 3051 460 3116 nanda
494 3045 815 3129 ejusmodi
845 3040 1349 3123 llieronymiana
1375 3037 1655 3100 editione
1682 3055 1763 3100 ex
1797 3033 2263 3114 antiquissimis
2325 3035 2650 3096 variarum
2711 3032 2999 3114 gentium
3037 3034 3362 3096 codicibus
3398 3051 3556 3098 mss.

250 3155 733 3234 programmate
764 3148 829 3206 in
867 3145 1096 3224 vulgus
1130 3142 1322 3214 edito,
1353 3141 1620 3201 tentavit
1667 3137 2001 3198 doctorum
2051 3136 2386 3197 hominum
2411 3134 2681 3214 judicia,
2712 3136 3035 3214 specimen
3073 3137 3290 3216 magni
3325 3133 3557 3216 Operi:

246 3255 572 3321 maluitex
603 3249 1027 3332 Apocalypsis
1056 3247 1264 3326 capite
1299 3247 1622 3326 postremo
1653 3240 1992 3318 exhibere,
2029 3243 2099 3299 ut
2146 3256 2224 3298 ne
2257 3238 2331 3298 de
2361 3238 2482 3300 hoc
2519 3239 2776 3320 quidem
2838 3240 3032 3316 libro,
3089 3241 3199 3320 qui
3259 3240 3557 3320 pluribus

248 3359 628 3420 criticorum
659 3349 1002 3414 calumniis
1041 3346 1293 3409 videtur
1319 3342 1670 3416 obnoxius,
1707 3340 2005 3404 dubitare
2037 3356 2133 3416 se,
2158 3339 2316 3418 quin
2359 3339 2554 3403 fuerit
2581 3342 2694 3405 abs
2747 3341 3144 3422 Hieronymo
3193 3341 3552 3406 recensitos

249 3463 322 3528 ad
356 3462 690 3534 Graecum,
719 3453 1113 3518 ostenderet.
1153 3450 1405 3514 Poterat
1437 3447 1622 3509 labor
1646 3445 1780 3519 ille,
1814 3443 1936 3506 nisi
1975 3450 2113 3522 post
2147 3443 2374 3526 longas
2403 3461 2642 3520 moras,
2695 3463 2866 3506 mors
2924 3447 3060 3522 ipsa
3115 3444 3393 3507 Editoris
3449 3447 3562 3507 in-

249 3564 676 3639 terceuisset,
705 3561 872 3622 bene
904 3554 1089 3618 nobis
1127 3551 1455 3631 prodesse.
1488 3549 1746 3610 Interea
1791 3549 1852 3608 et
1901 3545 2041 3608 siue
2080 3544 2216 3618 illo,
2251 3545 2412 3610 nihil
2462 3547 2634 3626 quod
2671 3553 2812 3612 erat
2856 3566 2890 3609 e
2937 3566 3005 3610 re
3060 3554 3283 3610 nostra
3310 3594 3329 3628 ,
3383 3564 3559 3629 prte-

249 3666 671 3731 termisimus.
715 3657 1090 3722 Canonibus
1124 3652 1625 3732 Evangeliorum
1678 3645 2073 3728 prmﬁximus
2123 3647 2341 3710 Greece
2377 3653 2438 3710 et
2474 3651 2703 3712 Latine
2758 3651 3096 3729 epistolam
3149 3652 3413 3714 Eusebii
3474 3653 3556 3716 ad

253 3773 674 3851 Carpianum,
707 3782 856 3843 quae
891 3764 953 3824 in
990 3756 1368 3840 prmcedenti
1413 3752 1774 3820 Martiamei
1813 3749 2094 3816 editione
2143 3751 2658 3830 desiderabatur,
2711 3761 2850 3816 erat
2899 3771 3054 3818 vero
3091 3754 3167 3818 ad
3217 3755 3556 3822 Canonum

250 3878 568 3941 rationem
604 3865 1089 3952 percipiendam
1124 3861 1392 3924 omnino
1421 3857 1816 3919 necessaria.
1851 3854 2000 3935 Ipsa
2033 3856 2415 3935 Evangelia,
2472 3856 2648 3916 Pauli
2710 3857 3058 3935 Epistolas,
3108 3862 3170 3920 et
3225 3859 3550 3937 reliquum

245 3980 601 4057 Scriptum
636 3977 886 4036 textum
923 3967 1000 4030 ad
1041 3983 1195 4029 mss.
1248 3961 1496 4024 codices
1531 3958 2048 4038 antiquissimos,
2076 3963 2270 4040 atque
2304 3958 2562 4037 optimm
2587 3964 2752 4022 uotae
2779 3960 3141 4040 exegimus,
3199 3961 3406 4035 nulla,
3441 3967 3558 4023 aut

245 4085 487 4162 exigua
541 4076 797 4138 ratione
827 4071 1042 4132 habita
1074 4067 1537 4136 recentiorum,
1565 4079 1847 4142 quorum
1896 4077 2132 4141 magna
2164 4063 2256 4123 vis
2285 4061 2550 4141 quidem
2600 4069 2694 4126 est
2749 4064 2812 4126 in
2864 4065 3066 4130 Italia:
3109 4065 3572 4144 bibliothecis,‘

243 4187 351 4252 sed
384 4202 520 4248 non
547 4195 734 4262 aequa
765 4175 1138 4250 auctoritas,
1172 4171 1282 4238 ubi
1311 4170 1387 4234 de
1417 4167 1691 4251 pristina
1724 4164 2103 4248 Hieronymi
2145 4163 2418 4228 lectione
2451 4166 2851 4233 restituenda
2881 4187 2985 4232 res
3022 4169 3261 4252 agitur.
3305 4167 3552 4236 Caetera

243 4311 319 4358 ex
352 4284 898 4356 annotationibus
941 4280 1300 4360 diguosces.
