4062 6356
152 347 221 407 33

1072 337 1449 398 I‘IUEFATIO
1489 337 1792 399 IIIERONY

1910 338 1979 397 IN
2017 334 2277 394 LIBRUM
2315 332 2575 392 ΤΟΒΙᾸΞ.
3404 327 3478 389 26

159 479 279 523 meo
318 461 538 520 studio.
572 462 830 534 Arguunt
853 460 1000 518 enim
1040 474 1142 515 nos
1170 458 1526 516 Hebraeorum
1554 456 1735 513 studia
1756 500 1771 526 ,
1804 459 1857 521 Α
1881 455 2078 526 liugure
2108 450 2502 525 peritissimum
2530 452 2815 521 loquacem
2846 449 3150 521 reperiens,
3185 449 3345 505 unius
3363 449 3474 508 diei

160 570 209 617 et
258 559 545 629 imputant
594 556 775 621 nobis,
825 563 1012 610 contra
1062 568 1221 609 suum
1267 567 1531 611 canonem
1568 551 1777 608 Latinis

159 652 387 710 auribus
433 650 547 706 ista
600 648 923 705 transferre.
963 648 1069 704 Sed
1117 648 1313 703 melius
1369 661 1493 703 esse
1526 646 1777 717 judicans

161 744 565 816 phariseorum
594 742 885 813 displicere
907 741 1137 812 judicio,
1167 752 1223 797 et
1252 741 1633 810 episcoporum
1655 738 1775 809 jus-

160 836 404 893 sionibus
426 835 741 901 deservire,
773 835 943 891 institi
965 846 1025 890 ut
1050 836 1221 904 potui.
1250 833 1319 890 Et
1338 832 1469 905 quia
1490 833 1667 889 vicina
1691 840 1777 888 est

161 926 549 985 Chaldaeorum
588 928 774 1000 lingua
818 926 1067 985 sermoni
1110 925 1381 983 Hebraico
1421 944 1433 981 :
1487 924 1773 995 utriusque

166 1096 300 1167 gitur
328 1092 648 1167 apocrypha
672 1092 725 1147 in
750 1100 977 1167 llILOQIle
1004 1089 1245 1167 prologo.
1273 1090 1417 1145 Inter
1437 1088 1773 1167 antiquiores

170 1160 428 1237 quotquot
464 1160 759 1237 lectionem
798 1160 1179 1237 Hagiographa
1210 1177 1390 1215 veram
1420 1166 1553 1215 esse
1592 1160 1771 1237 credi-

169 1230 376 1298 derunt,
410 1236 643 1304 Iargiori
671 1250 837 1289 sensu
859 1230 1178 1289 sumendam
1212 1248 1335 1287 e~se
1379 1241 1643 1286 statuunt.
1680 1230 1773 1286 Sic

174 1310 460 1379 Dionysius
491 1306 749 1363 Carthus.
773 1316 830 1363 et
875 1308 927 1362 in
967 1308 1128 1363 tertio
1166 1305 1403 1376 quodam
1446 1304 1620 1358 Biblio
1664 1317 1769 1358 ms.

1881 548 2122 603 laborem
2145 546 2349 616 arripui
2375 563 2389 600 :
2421 552 2477 599 et
2495 542 2752 615 quidquid
2772 542 2863 599 ille
2896 541 3026 597 mihi
3047 542 3324 597 llebraieis
3351 558 3477 598 ver-

1881 640 1965 695 bis
2011 639 2313 709 expressit,
2343 636 2448 693 hoc
2493 652 2594 707 ego
2616 636 2792 691 accito
2830 636 3042 689 notario
3067 677 3082 702 ,
3131 636 3480 691 sermonibus

1883 732 2090 790 Latinis
2117 730 2365 802 exposui.
2390 728 2741 786 Orationibus
2767 726 2963 784 vestris
2987 728 3291 784 mercedem
3322 728 3482 797 hujus

1883 827 2069 896 cperis
2095 824 2465 895 eumpensabo
2482 868 2496 893 ,
2525 839 2647 879 eum
2674 831 2885 893 gratum
2909 822 3063 879 vobis
3090 822 3337 879 didicero
3361 839 3479 892 me,

1884 920 2236 993 quodjubere
2258 920 2391 976 estis
2420 918 2657 991 dignati,
2687 915 3010 989 complesse.

1884 1085 2185 1150 Bodleiano
2213 1082 2309 1150 (F.
2344 1082 2445 1137 I07
2469 1080 2488 1151 )
2523 1079 2592 1135 ad
2619 1095 2809 1136 vocem
2844 1079 3237 1152 ΗαθὶοῃναρΙιςιΔ
3260 1077 3481 1152 inprol.

1879 1148 2070 1213 Tobiat
2092 1148 2355 1221 ltttiallltll,
2386 1153 2443 1205 id
2465 1148 2560 1223 est,
2594 1153 2892 1223 apocrypha
2912 1148 3151 1205 faui—licet
3191 1148 3485 1221 llagiogru-

1883 1230 1985 1297 pila
2016 1228 2262 1280 dicuntur
2302 1227 2466 1294 large.
2503 1222 2665 1297 Elin
2701 1225 2840 1297 prnl.
2885 1223 3095 1297 Iudith.
3131 1223 3195 1275 ad
3238 1224 3482 1276 canitiem

1884 1294 2069 1355 vocem
2099 1298 2392 1369 apponitur
2424 1304 2549 1351 nota
2584 1294 2973 1361 interliuearis,
3016 1296 3181 1365 large.

176 1440 2876 1469 Μ

1605 1573 2047 1663 INCIPIT

1081 1745 2591 1998 LIBEIijBBIE.

250 2126 414 2201 [Cap.
459 2121 538 2195 I.]
576 2121 782 2179 Tobias
826 2134 900 2176 ex
943 2117 1084 2174 tribu
1142 2124 1197 2169 et
1232 2113 1454 2170 civitate
1502 2109 1789 2182 Nepbthali
1822 2116 1869 2182 Β
1896 2105 2085 2163 decem
2116 2107 2319 2166 talenta
2348 2106 2594 2180 argenti:
2623 2116 2680 2166 et
2708 2123 2830 2164 cum
2870 2106 2924 2163 in
2953 2106 3118 2164 multa
3151 2105 3305 2163 turba
3329 2120 3491 2178 gene-

189 2224 340 2293 (qua:
369 2226 459 2274 est
494 2217 551 2271 in
594 2212 974 2281 superioribus
1023 2209 1261 2265 Galilazze
1300 2220 1465 2276 supra
1503 2203 1743 2259 Naasson
1775 2242 1791 2269 ,

188 2322 299 2384 post
327 2312 473 2365 viam
510 2322 641 2378 qua:
664 2304 818 2360 ducit
848 2304 917 2360 ad
948 2302 1285 2359 occidentem
1310 2340 1325 2366 ,
1359 2300 1410 2353 in
1434 2296 1657 2352 sinistro
1692 2294 1791 2349 ba-

189 2406 315 2462 beus
340 2404 626 2459 civitatem
658 2400 904 2471 Sephet)
938 2413 1061 2454 cum
1100 2403 1289 2466 captus
1315 2401 1464 2450 esset
1504 2390 1559 2446 in
1596 2389 1793 2445 diebus

193 2499 531 2555 Salmanasar
569 2495 718 2565 regis
757 2492 1112 2565 Assyriorum
1135 2530 1151 2556 ,
1182 2490 1234 2544 iu
1264 2486 1580 2558 captivitate
1609 2492 1790 2539 tamen

190 2595 421 2665 positus,
444 2591 594 2646 viam
627 2589 875 2644 veritatis
911 2601 1018 2641 non
1051 2584 1331 2650 deseruit,
1368 2581 1439 2636 ita
1482 2591 1537 2635 ut
1569 2576 1749 2635 omnia
1774 2621 1790 2647 ,

192 2704 314 2760 qua
342 2687 539 2743 habere
573 2691 813 2756 poterat,
845 2679 1091 2753 quotidie
1121 2675 1459 2747 concaptivis
1486 2671 1747 2728 fratribus
1775 2713 1789 2740 ,

194 2782 281 2851 qui
310 2789 467 2836 erant
505 2794 573 2834 ex
603 2776 727 2848 ejus
752 2790 984 2848 genere,
1016 2771 1343 2842 impertiret.
1372 2769 1613 2839 Cumque
1647 2775 1795 2823 esset

188 2871 362 2945 junior
388 2872 654 2926 omnibus
688 2869 743 2925 in
767 2867 909 2923 tribu
932 2864 1244 2937 Nephthali,
1275 2862 1409 2918 nihil
1445 2871 1625 2917 tamen
1656 2874 1793 2931 pue-

194 2969 285 3022 rile
308 2964 481 3036 gessit
511 2966 569 3019 in
594 2977 786 3031 opere.
816 2961 1061 3029 Denique
1084 2974 1206 3015 cum
1231 2957 1373 3012 irent
1399 2968 1589 3011 omnes
1619 2952 1686 3008 ad
1715 2952 1796 3009 vi-

196 3060 319 3114 tulos
344 3071 586 3119 aureos,
615 3067 752 3126 quos
772 3052 1064 3109 Jeroboam
1099 3050 1310 3105 fecerat
1342 3062 1438 3102 rex
1470 3044 1658 3113 Israel,
1705 3043 1794 3099 hic

192 3153 334 3210 solus
370 3149 621 3221 fugiebat
667 3143 940 3204 consortia
983 3142 1252 3208 omnium,
1296 3141 1392 3196 sed
1442 3137 1699 3210 pergebat
1741 3137 1793 3191 in

192 3225 495 3300 Jerusalem
531 3240 603 3294 ad
638 3237 895 3309 templum
920 3235 1131 3291 Domini
1157 3275 1172 3301 ,
1202 3243 1258 3289 et
1293 3232 1365 3288 ibi
1394 3230 1654 3287 adorabat
1689 3229 1796 3284 Do-

193 3338 394 3393 minum
426 3334 600 3389 Deum
623 3330 810 3398 Israel,
843 3327 1022 3383 omnia
1058 3324 1329 3396 primitiva
1356 3331 1528 3391 suaet
1556 3320 1796 3377 decimas

190 3446 309 3486 suas
340 3428 582 3483 lideliter
607 3424 845 3480 offerens
865 3462 880 3486 ,
916 3421 1071 3476 itaut
1100 3421 1149 3473 iu
1182 3417 1344 3474 tertio
1366 3430 1510 3471 anno
1543 3413 1793 3486 prosely-

193 3524 279 3584 tis.
326 3531 385 3575 et
431 3517 661 3573 advenis
707 3516 1043 3571 ministraret
1083 3526 1299 3565 onmem
1346 3507 1793 3564 decimatiouem.

197 3613 318 3668 llzec
342 3622 397 3666 et
428 3610 514 3664 bis
536 3607 738 3663 similia
761 3606 1057 3661 secundum
1087 3604 1260 3675 legem
1286 3602 1379 3658 Dei
1413 3602 1675 3673 puerulus
1698 3600 1799 3655 ob-

195 3704 465 3760 servabat.
496 3702 633 3759 Cum
660 3715 792 3756 vero
822 3700 1002 3755 factus
1027 3705 1172 3753 esset
1192 3697 1299 3763 vir,
1329 3695 1542 3764 accepit
1567 3709 1795 3749 uxorem

194 3798 415 3855 Annam
443 3798 505 3851 de
526 3794 674 3850 tribu
704 3809 827 3861 sua,
859 3792 1153 3864 genuitqne
1177 3807 1239 3844 ex
1269 3804 1333 3844 ea
1359 3788 1525 3843 filium
1553 3830 1568 3855 ,
1601 3802 1797 3842 nomen

192 3906 353 3946 suum
396 3893 683 3958 fmponcus
716 3886 766 3941 ei
790 3930 803 3954 ,
833 3900 993 3956 quem
1036 3884 1104 3938 ab
1148 3882 1372 3938 infantia
1408 3882 1601 3937 timere
1626 3880 1796 3937 Deum

191 3982 393 4048 docuit,
428 3993 483 4036 et
510 3979 791 4035 abstinere
827 3978 896 4031 ah
922 3979 1065 4032 omni
1095 3986 1340 4048 peccato.

261 4116 455 4188 Igitur,
480 4131 610 4171 cum
637 4130 731 4184 per
746 4113 1119 4183 captivitatem
1145 4112 1456 4168 devenisset
1477 4127 1598 4167 cum
1630 4128 1799 4168 uxore

192 4227 314 4278 sua,
356 4218 418 4267 et
455 4210 574 4265 filio
604 4211 658 4264 in
699 4207 975 4263 civitatem
1001 4206 1249 4263 Ninivem
1300 4222 1425 4262 cum
1472 4208 1622 4262 omni
1656 4209 1799 4264 tribu

197 4323 307 4377 sua,
335 4322 466 4363 eum
497 4320 693 4361 omnes
719 4304 945 4361 ederent
968 4321 1035 4361 ex
1065 4306 1202 4361 cibis
1233 4304 1539 4374 gentilium,
1576 4306 1678 4359 iste
1708 4318 1803 4359 cu-

194 4400 417 4455 stodivit
450 4400 710 4454 'animam
752 4413 906 4454 suam
950 4406 1006 4453 et
1054 4412 1350 4468 numquam
1397 4399 1801 4453 contaminatus

196 4496 347 4550 estin
370 4493 526 4549 escis
559 4507 774 4549 eorum.
812 4492 879 4548 Et
904 4491 1160 4561 quoniam
1205 4505 1414 4546 memor
1441 4490 1543 4546 fuit
1586 4490 1802 4547 Domini

198 4588 249 4642 in
278 4597 403 4644 toto
446 4586 621 4642 corde
661 4601 781 4652 suo,
823 4584 973 4640 dedit
1014 4584 1091 4640 illi
1134 4584 1277 4640 Deus
1304 4587 1532 4656 gratiam
1581 4586 1631 4640 in
1666 4599 1798 4640 con-

199 4692 387 4751 specto
430 4679 785 4736 Salmanasar
831 4679 999 4748 regis,
1050 4688 1107 4733 et
1148 4677 1300 4733 dedit
1345 4676 1424 4731 illi
1470 4686 1803 4747 potestatem

198 4786 548 4843 quocumque
574 4770 740 4825 vellet
761 4770 863 4831 ire.
891 4769 1093 4825 habens
1115 4770 1425 4825 libertatem
1448 4786 1804 4839 qumcutnque

1897 2200 1973 2257 ris
2001 2201 2082 2256 sui
2102 2201 2374 2257 Gabolum
2409 2213 2661 2273 egentem
2691 2203 2935 2268 videret,
2977 2202 3072 2273 qui
3101 2212 3220 2258 erat
3255 2217 3320 2255 ex
3350 2202 3493 2257 tribu

1896 2290 2035 2363 ejus,
2069 2293 2169 2348 sub
2197 2294 2558 2367 chirographo
2580 2294 2731 2352 dedit
2769 2295 2845 2352 illi
2886 2304 3247 2353 memoratum
3280 2293 3492 2366 pondus

1898 2388 2127 2458 argenti.

1970 2497 2101 2554 Post
2131 2499 2358 2555 multum
2391 2515 2525 2557 vero
2561 2501 2825 2572 temporis
2850 2540 2868 2570 ,
2902 2511 3121 2556 mortuo
3150 2498 3496 2555 Salmanasar

1899 2607 2048 2663 rege,
2081 2607 2203 2649 cum
2237 2606 2489 2663 regnaret
2518 2594 2890 2651 Senuacberib
2917 2593 3069 2653 ﬁlius
3108 2593 3229 2663 ejus
3260 2608 3359 2662 pro
3382 2607 3450 2647 eo
3473 2633 3488 2657 ,

1898 2692 1954 2740 et
1981 2684 2121 2741 filios
2147 2684 2309 2740 Israel
2338 2702 2536 2742 exosus
2561 2687 2789 2744 haberet
2817 2688 2868 2742 in
2898 2696 3195 2756 conspectu
3218 2700 3321 2741 suo
3341 2728 3356 2753 ,
3390 2684 3486 2740 To-

1898 2774 2017 2832 bias
2034 2778 2276 2848 quotidie
2295 2779 2552 2849 pergebat
2567 2795 2664 2849 per
2679 2794 2896 2849 omnem
2913 2778 3298 2849 cognationem
3312 2792 3491 2843 suam,

1899 2877 1954 2928 et
1979 2869 2363 2926 consolabatur
2389 2886 2518 2937 eos,
2545 2871 2931 2943 dividebatque
2971 2871 3259 2942 unicuique
3281 2912 3297 2937 ,
3331 2879 3493 2940 prout

1898 2970 2136 3032 poterat,
2164 2962 2232 3016 de
2254 2961 2602 3028 facultatibus
2627 2964 2739 3020 suis
2763 2980 2778 3023 :
2810 2965 3113 3021 esurientes
3141 2964 3346 3030 alebat,
3382 2977 3494 3018 nu-

1900 3053 2091 3125 disque
2123 3056 2441 3112 vestimenta
2465 3058 2765 3127 prmbebat,
2793 3059 3087 3114 etmortuis
3110 3066 3275 3128 atque
3297 3056 3494 3113 occisis

1899 3146 2233 3217 sepulturam
2265 3148 2530 3204 sollicitus
2554 3150 2871 3206 exhibebat.

1972 3261 2222 3332 Denique
2245 3276 2371 3318 cum
2400 3277 2652 3318 reversus
2684 3273 2830 3319 esset
2857 3279 2951 3319 rex
2975 3262 3379 3333 Sennacherib,
3414 3263 3497 3318 fu-

1898 3356 2056 3428 giens
2074 3370 2108 3410 a
2135 3354 2322 3411 Judaea
2350 3356 2582 3427 plagam,
2615 3372 2775 3428 quam
2800 3357 2941 3412 circa
2972 3371 3095 3412 eum
3128 3356 3334 3412 fecerat
3354 3355 3497 3412 Deus

1823 3479 1870 3543 ρ
1902 3456 2126 3519 propter
2153 3447 2549 3517 bla8pliemiam
2578 3464 2756 3517 suam,
2790 3461 2842 3503 et
2866 3450 3035 3503 iratus
3063 3450 3260 3504 multos
3282 3447 3497 3503 occide-

1902 3550 1988 3597 ret
2012 3555 2078 3596 ex
2110 3538 2234 3595 filiis
2259 3540 2449 3607 Israel,
2477 3540 2678 3597 Tobias
2702 3540 3004 3612 sepeliebat
3027 3556 3255 3611 corpora
3279 3556 3494 3597 eorum.

1900 3634 1973 3692 At
2002 3633 2094 3689 ubi
2124 3634 2431 3691 nuntiatum
2458 3642 2545 3689 est
2563 3634 2705 3705 regi,
2735 3633 2899 3704 jussit
2926 3650 3050 3690 eum
3080 3634 3257 3691 occidi
3284 3675 3299 3700 ,
3328 3644 3381 3689 et
3412 3644 3501 3688 tu-

1902 3726 1965 3782 lit
1991 3734 2211 3782 ou'mem
2255 3727 2614 3783 substantiam
2652 3727 2795 3798 ejus.’
2827 3727 3027 3784 Tobias
3062 3742 3191 3785 vero
3231 3743 3354 3785 cum
3387 3728 3498 3784 filio

1901 3834 2003 3875 suo
2040 3829 2245 3877 etcum
2277 3835 2448 3876 uxore
2474 3821 2687 3891 fugiens
2710 3862 2726 3884 ,
2758 3821 2933 3877 nudus
2964 3821 3150 3889 latuit,
3182 3822 3311 3893 quia
3343 3822 3495 3876 multi

1904 3913 2201 3985 diligebant
2229 3930 2373 3971 eum.
2406 3914 2673 3971 Postdies
2705 3931 2836 3971 vero
2867 3915 3225 3986 quadraginta
3258 3918 3498 3986 quinque

1902 4010 2222 4067 occiderunt
2250 4023 2432 4081 regem
2464 4009 2561 4065 filii
2588 4009 2788 4080 ipsius,
2819 4020 2876 4064 et
2906 4022 3160 4065 reversus
3189 4019 3273 4065 est
3297 4009 3499 4065 Tobias

1903 4105 1959 4161 in
2005 4104 2226 4160 domum
2272 4118 2467 4172 suam,
2498 4104 2787 4175 omnisque
2815 4102 3044 4161 facultas
3084 4102 3202 4174 ejus
3250 4102 3499 4159 restituta

1905 4206 1989 4255 est
2010 4199 2081 4253 ei.

1977 4301 2226 4374 [CapJL]
2243 4301 2502 4358 Posthmc
2517 4316 2800 4369 vero,cum
2824 4310 2971 4358 esset
2987 4302 3105 4358 dies
3124 4301 3293 4357 festus
3322 4300 3501 4356 Domi-

1906 4396 1983 4464 ni,
2007 4404 2063 4451 et
2093 4396 2289 4450 factum
2316 4407 2458 4450 esset
2490 4394 2775 4465 prandium
2804 4395 3004 4450 bonum
3037 4394 3089 4450 in
3115 4393 3277 4450 domo
3291 4392 3498 4462 Tobiae,

1906 4490 2044 4547 dixit
2072 4488 2185 4546 filio
2205 4504 2304 4545 suo
2335 4504 2347 4547 :
2384 4486 2553 4558 Vade,
2583 4499 2637 4544 et
2665 4488 2842 4544 adduc
2862 4489 3069 4559 aliquos
3099 4488 3167 4543 de
3199 4488 3339 4543 tribu
3371 4503 3505 4542 nos-

1908 4594 2015 4652 tra,
2047 4585 2298 4640 timentes
2322 4584 2513 4649 Deutu,
2540 4569 2902 4653 ntepuleutur
2931 4581 3233 4637 nobiscum.
3258 4578 3504 4652 Cumque

1907 4678 2132 4734 abiisset
2173 4692 2423 4734 reversus
2465 4677 2725 4731 nuntiavit
2755 4676 2837 4743 ei,
2872 4691 3034 4729 unum
3078 4690 3142 4730 ex
3187 4662 3311 4729 filiis
3340 4673 3502 4729 Israel

1904 4774 2208 4846 jugulatum
2232 4773 2413 4842 jacere
2451 4773 2504 4827 in
2548 4772 2748 4842 platea.
2789 4769 3091 4839 Statimque
3122 4769 3380 4824 exsilieus
3436 4768 3503 4823 dc

199 4866 381 4922 facere
406 4864 693 4921 voluisset.
726 4862 994 4933 Pergebat
1020 4878 1151 4932 ergo
1181 4864 1249 4919 ad
1268 4868 1493 4933 .om‘ncs,
1523 4865 1616 4937 qui
1647 4875 1804 4922 erant
1828 4873 1884 4934 1)
1909 4868 2157 4924 accubitu
2187 4882 2309 4935 suo,
2346 4868 2652 4938 relinquens
2683 4864 2988 4936 prandium,
3010 4863 3228 4934 jejunus
3255 4862 3505 4932 pervenit

201 4960 256 5018 in
283 4962 629 5035 captivitate,
663 4971 720 5019 et
745 4960 949 5018 monita
976 4961 1170 5018 salutis
1197 4961 1360 5017 dabat
1385 4960 1488 5017 eis.

268 5086 408 5141 Cum
439 5096 619 5142 autem
643 5088 884 5142 venisset
916 5087 969 5143 in
994 5087 1168 5159 Ragcs
1192 5088 1468 5143 civitatem
1494 5087 1802 5157 Medorum,

202 5187 343 5236 etex
374 5179 483 5247 his,
516 5179 710 5251 quibus
741 5179 1038 5237 honoratus
1073 5181 1251 5237 fuerat
1280 5191 1309 5234 a
1341 5195 1489 5251 rege,
1520 5181 1803 5238 habuisset

276 5388 303 5414 ι
331 5373 496 5431 Hunc
527 5368 747 5436 librum,
780 5386 943 5442 quem
972 5370 1104 5425 satis
1129 5369 1315 5425 habuit
1344 5370 1591 5425 Martiau.
1619 5388 1682 5428 ex
1699 5373 1805 5428 Va-

206 5448 383 5502 ticana
410 5442 545 5497 edit.
582 5443 814 5497 fideliter
849 5443 1213 5509 expressisse,
1251 5456 1350 5495 nos
1376 5442 1439 5495 ad
1487 5442 1805 5512 antiquissi-

209 5536 353 5572 mum
382 5514 628 5584 ejusdem
650 5513 933 5581 Vaticanae
966 5514 1312 5568 bibliotheca:
1345 5513 1650 5569 Palatinum
1698 5532 1799 5572 ms.

209 5592 450 5643 codicem
495 5603 549 5639 n.
588 5584 659 5640 24
707 5597 1064 5653 przeuotatum
1111 5587 1458 5639 continenter
1501 5588 1799 5655 exegimus.

210 5662 307 5716 Sed
352 5671 403 5715 et
444 5658 611 5713 alium
654 5656 1025 5711 consuluimus
1070 5656 1256 5712 itidem
1280 5656 1623 5721 Vaticanum,
1674 5658 1801 5713 olim

210 5734 409 5801 regina:
434 5730 733 5786 Succorum
762 5742 866 5782 ms.
899 5728 998 5784 sub
1030 5745 1089 5801 η,
1117 5730 1363 5801 7,_quem
1389 5736 1442 5801 et
1473 5729 1524 5801 in
1558 5732 1802 5797 superio-

211 5799 291 5857 ris»
317 5804 450 5857 tnmi
496 5801 650 5855 libris
690 5800 1149 5870 recognoscendis
1183 5799 1337 5853 bona:
1384 5799 1551 5869 frugis
1592 5801 1803 5869 experti

208 5889 413 5936 sumus.
454 5874 659 5935 Dicitur
690 5886 852 5947 porro
879 5869 1100 5947 quidam
1135 5872 1276 5932 alius
1304 5870 1362 5931 S.
1394 5870 1648 5931 Germani
1672 5873 1804 5933 Pra~

1908 4964 1976 5019 ad
2007 4978 2203 5034 corpus
2227 4980 2241 5018 :
2275 4962 2578 5033 tollensque
2610 4960 2738 5015 illud
2758 4960 2987 5031 portavit
3010 4959 3077 5013 ad
3102 4959 3320 5012 domum
3347 4970 3501 5011 suam

1908 5059 2125 5117 occulte
2150 5102 2164 5126 ,
2197 5069 2255 5114 ut
2280 5102 2294 5126 ,
2328 5059 2455 5115 dum
2509 5059 2587 5113 sol
2636 5055 2983 5112 occubuisset
3005 5097 3018 5121 ,
3058 5063 3216 5110 caute
3244 5052 3504 5122 sepeliret

1907 5174 2047 5214 eum.
2079 5155 2323 5230 Cumque
2352 5153 2675 5209 occultasset
2702 5162 2916 5221 corpus,
2940 5144 3282 5203 manducavit
3310 5158 3504 5218 panem

1906 5370 2077 5427 tensis
2123 5384 2225 5423 ms.
2278 5365 2416 5420 hanc
2459 5361 2714 5434 praeferre
2750 5356 3243 5434 interseriptionem
3283 5374 3297 5434 _:
3344 5355 3506 5434 _I_.il_.ver

1905 5425 2152 5498 dolorum
2182 5438 2358 5495 Tobire
2383 5425 2481 5507 ﬁlii
2510 5434 2810 5507 Aumtielis,
2844 5428 2943 5500 ﬁlii
2968 5427 3231 5507 Gabrielis
3258 5425 3504 5507 deiTribu

1907 5512 2275 5585 Nephthalim.
2320 5500 2427 5566 Sed
2474 5505 2762 5585 (ibam-aius
2795 5512 2972 5585 textus
3006 5500 3147 5585 unde
3172 5501 3503 5585 .versionem

1904 5570 2046 5641 lianc
2068 5601 2227 5639 suam
2261 5577 2821 5652 expressitS.‘Pater,
2852 5574 3056 5652 nullam
3086 5570 3273 5652 {obire
3297 5585 3499 5638 genea-

1892 5654 2107 5728 logiam
2151 5642 2366 5728 videtur
2410 5649 2755 5728 exhibuisse;
2814 5645 3027 5728 tametsi
3071 5642 3159 5699 alii
3201 5654 3398 5708 textus,
3448 5652 3504 5728 et

1913 5713 2117 5787 ϐῗωοω
2146 5727 2275 5781 edit.
2307 5739 2535 5797 quarum
2567 5723 2657 5797 ille
2686 5735 2786 5775 ms.
2820 5718 3068 5797 sequitur
3098 5732 3366 5776 normam,
3410 5713 3506 5796 atl-

1916 5785 2020 5855 line
2074 5800 2306 5857 fusiores
2324 5785 2688 5872 'geucalogias
2705 5833 2722 5866 ,
2772 5785 2979 5868 easque
3012 5789 3167 5863 inter
3216 5802 3277 5848 se
3328 5785 3510 5848 γε-[ἰωδ

1914 5878 2183 5945 ιιυοιςιιιιη
