4062 6356
554 329 627 393 ιι
1512 378 1519 391 .
1572 335 1636 395 s
1676 319 2325 404 utrmnrtttstvm
2361 338 2846 405 Βιθιιοτηκοιι
2884 380 2887 387 μ
2950 348 2957 357 ·
3793 350 3875 416 es

556 458 679 515 cum
706 442 855 511 iactu
908 452 964 502 et
993 452 1795 519 auctora-memorandum
1814 468 2156 523 sermonem,
2184 461 2235 522 Α
2262 460 2519 530 spiritum
2554 476 2741 520 meum

557 551 718 608 quem
746 537 885 603 dixit
907 538 1167 601 Dominus
1194 555 1293 613 per
1309 540 1479 603 Amos
1497 545 1816 633 prophetam
1847 565 1860 602 :
1888 548 2159 606 Diesfesti

559 630 726 687 vestri
781 640 1174 691 convertentur
1222 635 1276 691 in
1324 630 1765 696 lamentatiunem
1819 650 1876 697 et
1924 642 2156 699 luctum.

558 722 694 783 Cum
740 740 871 783 vero
889 726 987 789 .801
1033 728 1417 800 occubuisset,
1447 732 1614 801 abiit,
1638 742 1699 789 et
1724 735 1981 806 sepelivit
2004 746 2154 794 eum;

559 817 1071 899 Arguebantautem
1094 838 1219 880 eum
1238 838 1434 882 omnes
1459 828 1693 897 proximi
1720 828 1863 900 ejus,
1878 829 2155 891 dicentes:

558 1095 758 1155 Tobias
802 1100 921 1183 plus
966 1101 1164 1159 timens
1204 1104 1372 1162 Deum
1425 1095 1588 1180 quam
1638 1124 1847 1185 regem,
1910 1114 2160 1188 rapiebat

560 1205 790 1264 corpora
833 1195 1159 1266 occisorum,
1188 1211 1242 1256 et
1281 1201 1588 1262 occultabat
1635 1207 1690 1264 in
1739 1208 1901 1270 domo
1949 1227 2069 1285 sua,
2104 1210 2161 1275 et

559 1286 755 1343 mediis
785 1289 1035 1349 noctibus
1064 1292 1371 1364 sepeliebat
1387 1312 1473 1354 ea.

631 1378 874 1453 Contigit
912 1391 1092 1439 autem
1145 1394 1203 1440 ut
1226 1387 1455 1459 quadam
1484 1391 1574 1452 die
1598 1392 1856 1468 fatigatus
1895 1415 1929 1456 a
1973 1402 2160 1473 sepul-

560 1479 678 1527 tura
708 1515 725 1543 ,
775 1477 1004 1533 veniens
1052 1478 1106 1535 in
1148 1480 1368 1539 domum
1396 1500 1574 1557 suam,
1599 1489 1862 1561 jactasset
1918 1512 1979 1554 se
2007 1498 2157 1567 juxta

559 1564 846 1635 parietem,
882 1576 940 1624 et
989 1570 1374 1646 obdormisset,
1407 1587 1464 1634 et
1506 1594 1577 1636 ex
1621 1584 1751 1640 nido
1809 1564 2158 1653 hirundinum

563 1656 855 1716 dormienti
883 1661 960 1717 illi
985 1664 1162 1721 calida
1180 1676 1425 1727 stercora
1457 1673 1761 1735 inciderent
1787 1695 1952 1754 super
1971 1686 2158 1743 oculos

560 1749 702 1819 ejus,
726 1751 992 1845 ﬁeretque
1022 1772 1218 1816 caecus.
1250 1762 1399 1820 lianc
1426 1760 1608 1829 auitam
1642 1749 1994 1845 tentatiottem
2028 1754 2158 1837 ideo

2794 481 2809 520 :
2856 465 3083 539 expedit
3120 467 3272 525 enim
3327 466 3463 529 mliti
3500 473 3663 531 mori:
3692 477 3877 549 magis

2260 568 2422 627 quam
2445 557 2652 615 vivere.
2762 586 2765 593 ·
3356 598 3361 605 -
3520 596 3525 603 ·
3826 582 3831 591 ’

2332 647 2537 705 Eadem
2560 650 2744 722 itaque
2772 651 2862 710 die
2880 655 3132 728 contigit,
3166 664 3224 713 ut
3248 656 3381 715 Sara
3410 658 3521 716 alia
3553 670 3587 702 οι
3605 662 3875 737 Raguelis

2262 740 2316 796 in
2343 740 2521 812 Reges
2541 744 2762 803 civitate
2786 746 3089 820 Medorum,
3123 760 3177 808 et
3200 752 3317 824 ipsa
3345 754 3567 812 audiret
3588 758 3875 832 impropco

2261 834 2402 891 rium
2423 835 2493 892 sb
2520 851 2625 893 una
2652 853 2723 899 ex
2751 842 2964 898 ancillis
2998 845 3167 913 petris
3192 848 3281 902 sui
3307 888 3323 914 ,
3356 846 3618 918 quoniam
3662 854 3873 911 tradita

2262 926 2438 985 fuerat
2464 940 2673 1002 septem
2702 934 2863 1006 viris,
2883 946 2936 993 et
2962 936 3292 996 daemonium
3308 944 3875 1006 nomineAsmodaaus

2261 1021 2537 1081 occiderat
2565 1041 2680 1093 eos,
2701 1043 2827 1083 mox
2855 1039 2914 1086 ut
2936 1029 3169 1102 ingressi
3199 1033 3431 1091 fuissent
3455 1036 3521 1092 ad
3552 1053 3699 1095 eam.
3726 1040 3875 1112 Ergo

2262 1127 2383 1170 cum
2415 1131 2511 1190 pro
2540 1119 2698 1189 culpa
2723 1126 2819 1177 sua
2846 1121 3161 1195 increparet
3189 1122 3454 1197 puellam,
3479 1130 3771 1199 respondit
3792 1133 3869 1203 ei,

2262 1209 2450 1271 dicens
2482 1230 2496 1273 :
2530 1215 2784 1287 Amplius
2809 1232 2878 1276 ex
2904 1228 2958 1275 te
2979 1234 3088 1276 non
3114 1214 3141 1259 ἀ
3172 1221 3455 1280 videamus
3486 1224 3659 1283 ﬁlium
3689 1235 3784 1283 aut
3810 1227 3877 1282 (ιφ

2263 1302 2391 1360 liam
2445 1319 2611 1377 super
2662 1316 2890 1377 terram,
2945 1308 3288 1369 interfectrix
3332 1315 3583 1371 virorum
3621 1325 3871 1373 tuorum:

2262 1395 2534 1469 Numquid
2561 1410 2615 1455 et
2644 1399 2896 1458 occidere
2922 1416 3015 1459 me
3040 1403 3127 1459 vis
3147 1405 3295 1461 sicut
3314 1405 3429 1476 jam
3736 1423 3877 1479 sep

2266 1496 2373 1543 tem
2400 1490 2584 1546 viros?
2609 1491 2690 1547 Ad
2724 1490 2863 1549 hanc
2900 1509 3093 1551 vocem
3133 1499 3371 1566 perrexit
3400 1497 3455 1553 in
3488 1500 3740 1571 superius
3767 1516 3874 1556 cu-

2265 1578 2503 1641 biculum
2530 1583 2635 1657 [ΑΙ.
2671 1587 2939 1656 superiori
2973 1587 3249 1662 cubiculo]
3281 1591 3478 1647 domus
3500 1608 3613 1647 sua:
3645 1610 3659 1649 :
3688 1603 3743 1649 et
3766 1595 3872 1649 tri-

2263 1673 2365 1730 bus
2385 1674 2607 1745 diebus,
2640 1686 2695 1732 et
2734 1677 2911 1734 tribus
2953 1680 3203 1736 noctibus
3231 1697 3340 1738 non
3371 1683 3735 1754 manducavit,
3770 1700 3872 1740 ne-

2262 1783 2368 1837 que
2396 1766 2532 1829 bibit
2563 1784 2577 1826 :
2611 1769 2706 1829 sed
2730 1766 2789 1827 in
2824 1764 3074 1833 oratione
3104 1774 3428 1844 persistens,
3458 1789 3584 1831 cum
3613 1776 3872 1849 laciymis

560 1842 814 1912 [ermisit
842 1844 1104 1907 Dominus
1151 1854 1375 1913 evenire
1420 1857 1520 1927 illi,
1552 1866 1610 1917 ut
1657 1842 1890 1934 posteris
1934 1858 2159 1928 daretur

2277 1861 2661 1934 ieprecabatur
2692 1864 2885 1934 Deum,
2916 1876 2976 1921 ut
3006 1869 3075 1923 ab
3105 1842 3212 1923 isto
3245 1868 3577 1940 improperio
3607 1842 3873 1925 liberaret

559 1939 872 2009 exemplum
902 1944 1175 2020 patientiae
1201 1948 1353 2020 ejus,
1387 1954 1526 2011 sicut
1556 1966 1611 2012 et
1639 1964 1814 2019 sancti
1847 1965 1972 2021 Job.
2022 1966 2157 2025 Nam

560 2046 683 2088 cum
713 2034 799 2129 abJ
817 2036 1035 2095 infantia
1068 2057 1164 2098 sua
1195 2060 1415 2117 semper
1437 2050 1603 2107 Deum
1637 2053 1901 2126 timuerit,
1925 2069 1979 2115 et
2005 2076 2157 2129 man-

560 2125 689 2183 data
741 2124 865 2201 eius
901 2133 1237 2206 custodierit,
1274 2146 1384 2197 non
1433 2140 1517 2199 est
1558 2124 1916 2207 contristatae
1966 2124 2156 2212 contra

563 2216 767 2290 Deum,
796 2224 941 2294 quod
970 2226 1124 2298 plaga
1153 2230 1411 2290 caecitatis
1437 2240 1683 2295 evenerit
1710 2241 1793 2310 ei,
1836 2243 1931 2299 sed
1962 2245 2160 2303 immo-

563 2311 691 2370 bilis
713 2314 768 2372 in
802 2315 895 2374 Dei
922 2321 1121 2379 timore
1148 2329 1473 2395 permansit,
1494 2344 1661 2402 agens
1680 2334 1881 2405 gratias
1902 2337 2018 2393 Deo
2044 2354 2163 2395 om-

565 2408 725 2464 nibus
748 2410 940 2468 diebus
972 2419 1097 2473 vita:
1127 2432 1261 2478 suae.
1291 2421 1426 2478 Nam
1455 2424 1596 2480 sicut
1626 2427 1785 2483 beato
1807 2428 1909 2487 Job
1932 2430 2164 2488 insulta-

563 2500 694 2560 bant
722 2520 900 2577 reges,
934 2508 1011 2565 ita
1051 2511 1141 2567 isti
1186 2525 1441 2585 parentes
1470 2528 1529 2575 et
1565 2523 1785 2593 cognati
1814 2525 1933 2596 ejus
1964 2527 2164 2587 irride-

564 2595 701 2694 baat
724 2599 888 2657 vitam
919 2606 1056 2675 ejus,
1079 2605 1329 2665 dicentes
1356 2627 1369 2665 :
1397 2612 1501 2669 Ubi
1522 2623 1607 2671 est
1635 2631 1762 2687 spes
1791 2595 1902 2688 tua,
1928 2634 2030 2692 pro
2057 2636 2161 2694 qua

565 2689 943 2764 eleemusylas
970 2707 1027 2753 et
1053 2700 1365 2769 sepulturas
1391 2698 1670 2763 faciebas?
1698 2708 1898 2765 Tobias
1926 2689 2164 2769 vero-in-

567 2784 969 2855 cmpabat'eos,
998 2790 1190 2851 dicens
1215 2812 1227 2849 :
1252 2795 1431 2853 Nolite
1456 2798 1531 2853 ita
1560 2799 1708 2872 loqui
1737 2816 1752 2856 :
1781 2803 2038 2874 quoniam
2067 2807 2162 2864 lilii

562 2885 878 2969 sanctorum
906 2896 1100 2940 sumus
1122 2926 1137 2952 ,
1168 2894 1225 2943 et
1255 2888 1420 2944 vitam
1453 2884 1601 2947 illam
1633 2904 1981 2964 expectamus
2002 2904 2162 2969 quam

569 2964 714 3029 Deus
738 2969 967 3030 daturus
990 2985 1081 3033 est
1109 2976 1213 3049 his,
1230 2979 1326 3051 qui
1357 2981 1517 3039 iidem
1540 2996 1695 3041 suam
1719 2964 2165 3061 numquam-mni-

568 3069 687 3119 tant
706 3062 785 3120 ab
806 3080 897 3129 eo.
1182 3112 1185 3115 -
1888 3084 1893 3091 ’
2144 3084 2149 3099 ¹

639 3157 794 3252 arma
823 3176 954 3218 vero
984 3180 1121 3222 uxor
1155 3167 1273 3240 ejus
1298 3169 1411 3227 Ibat
1439 3173 1505 3228 ad
1536 3187 1676 3245 cpus
1704 3176 1999 3234 textrinum
2029 3190 2164 3252 quo-

2263 1972 2405 2013 eam.
2452 1956 2677 2014 Factum
2721 1970 2806 2015 est
2846 1972 3026 2017 autem
3054 1960 3145 2017 die
3186 1962 3365 2030 tertia,
3395 1963 3524 2018 dum
3565 1965 3874 2034 compleret

2264 2050 2570 2106 orationem
2602 2051 2933 2109 benedicens
2965 2054 3279 2122 Dominum,
3304 2055 3480 2125 dixit:
3506 2056 3869 2113 Benedictum

2264 2150 2350 2198 est
2380 2156 2577 2200 nomen
2608 2150 2784 2212 tuum,
2807 2142 2954 2202 Deus
2980 2136 3194 2218 patrum
3225 2142 3540 2202 nostrorum
3569 2165 3584 2202 :
3618 2149 3710 2219 qui
3739 2164 3870 2204 cum

2264 2235 2437 2290 iratus
2469 2234 2635 2291 fueris
2657 2276 2672 2304 ,
2711 2236 3149 2293 misericordiam
3202 2237 3405 2308 iacies,
3447 2246 3503 2295 et
3532 2239 3591 2295 in
3618 2240 3871 2313 tempore

2267 2329 2635 2387 tribulationis
2669 2342 2889 2403 peccata
2911 2332 3141 2390 dimittis
3163 2334 3248 2390 liis
3274 2336 3364 2406 qui
3394 2335 3651 2391 invocant
3678 2342 3750 2391 te.
3784 2332 3869 2393 Ad

2267 2432 2321 2480 te
2343 2465 2359 2492 ,
2399 2420 2623 2481 Domine
2646 2466 2661 2493 ,
2700 2424 2899 2481 faciem
2947 2438 3126 2482 meam
3163 2436 3429 2482 converto
3450 2468 3465 2493 ,
3497 2426 3565 2482 ad
3596 2436 3648 2483 te
3678 2424 3871 2483 oculos

2267 2532 2419 2574 meos
2451 2528 2474 2557 ε
2500 2518 2698 2589 dirigo.
2745 2518 2902 2588 Peto,
2939 2518 3193 2587 Domine,
3223 2530 3282 2575 ιιι
3312 2519 3380 2577 de
3416 2519 3640 2576 vinculo
3661 2520 3871 2592 impro-

2263 2610 2404 2681 perii
2458 2609 2616 2681 hujus
2648 2609 2901 2667 absoivas
2942 2627 3051 2679 me,
3086 2616 3179 2667 aut
3207 2621 3358 2668 certe
3394 2611 3632 2683 desuper
3664 2621 3867 2669 terram

2266 2704 2470 2774 eripias
2499 2719 2607 2759 me.
2639 2703 2720 2760 Tu
2741 2704 2873 2772 scis,
2901 2704 3152 2773 Domine,
3178 2709 3305 2778 quia
3341 2720 3637 2778 numquam
3662 2720 3868 2762 concu-

2268 2801 2377 2871 pivi
2405 2801 2605 2869 virum,
2640 2810 2694 2856 et
2719 2799 2972 2855 mundam
3030 2802 3248 2856 servavi
3301 2799 3535 2855 animam
3578 2810 3751 2854 meam
3797 2799 3867 2867 ab

2267 2894 2418 2949 omni
2466 2893 2930 2964 concupiscentia.
3003 2891 3310 2964 Numquam
3372 2906 3495 2947 cum
3552 2889 3868 2947 ludentibus

2268 2986 2459 3042 miscui
2494 3001 2581 3043 me
2613 3001 2632 3041 :
2664 3000 2841 3057 neque
2870 2998 2991 3041 cum
3026 2983 3112 3040 his
3136 3027 3149 3053 ,
3181 2985 3275 3063 qui
3325 2983 3383 3040 in
3424 2982 3648 3041 levitate
3678 2982 3870 3041 atabu-

2269 3080 2406 3148 lant,
2438 3080 2752 3152 participem
2796 3096 2882 3137 me
2923 3067 3149 3151 praebui.
3187 3079 3371 3135 Virum
3422 3088 3604 3136 autem
3636 3096 3759 3136 eum
3796 3070 3867 3135 ti;

2269 3187 2425 3229 more
2455 3181 2573 3235 tuo,
2603 3187 2710 3225 non
2739 3182 2862 3226 eum
2891 3171 3116 3229 libidine
3143 3187 3263 3227 mea
3288 3170 3867 3243 consensisusciperc.

570 3248 725 3323 tidie,
757 3253 911 3321 etde
938 3255 1131 3321 labore
1158 3277 1416 3321 manuum
1469 3281 1694 3324 suarum
1737 3270 1965 3339 victum,
1997 3248 2157 3343 quem
2189 3259 2232 3321 C
2268 3264 2358 3334 Et,
2386 3276 2480 3322 aut
2510 3281 2611 3337 ego
2640 3262 2862 3337 indigna
2886 3263 2963 3320 t‘ui
2994 3264 3125 3330 illis,
3158 3272 3251 3320 a‘ut
3301 3262 3383 3320 illi
3416 3264 3452 3345 ,ί
3506 3264 3734 3321 forsitan
3782 3248 3871 3353 me

567 3346 830 3417 consequi
856 3357 1088 3421 poterat,
1115 3352 1594 3417 deferebat.llade
1615 3359 1821 3425 factum
1840 3364 2167 3429 est,utlm-
2272 3372 2379 3413 non
2412 3356 2632 3413 fuerunt
2658 3358 2808 3427 digni
2843 3375 2855 3411 ε
2894 3358 3017 3429 quia
3059 3355 3291 3413 forsitan
3339 3359 3459 3414 viro
3515 3358 3613 3413 alii
3650 3346 3873 3414 conseri-

570 3433 699 3494 dum
728 3453 1011 3510 caprarum
1035 3446 1310 3517 accipiens
1340 3449 1627 3509 detulisset
1654 3454 1802 3513 domi
1822 3472 1836 3511 :
1856 3457 2010 3528 atjus
2042 3472 2165 3515 cum
2190 3484 2227 3513 ι,
2269 3453 2406 3506 vasti
2438 3467 2545 3506 me.
2578 3450 2694 3507 Non
2723 3458 2807 3506 est
2832 3450 2977 3506 enim
3006 3449 3060 3506 in
3096 3451 3333 3507 hominis
3374 3458 3649 3508 potestate
3688 3454 3871 3507 consi-

571 3544 763 3595 vocem
793 3534 1027 3601 balantis
1056 3541 1138 3599 vir
1170 3541 1295 3613 ejus
1315 3544 1600 3615 audisset,
1627 3547 1768 3604 dixit
1794 3566 1809 3605 :
1844 3549 2067 3620 Videte,
2097 3564 2166 3608 ne
2270 3545 2401 3600 lium
2432 3553 2607 3600 tuum.
2640 3545 2751 3601 Hoc
2779 3556 2960 3600 autem
2998 3562 3097 3617 pro
3128 3554 3282 3601 certo
3338 3542 3509 3601 habet
3557 3546 3736 3601 omnis
3779 3546 3870 3625 qui

572 3624 715 3693 Larte
750 3628 979 3693 furtivus
1028 3635 1125 3703 sit,
1162 3636 1375 3701 reddite
1427 3654 1553 3697 eum
1596 3642 1832 3698 demittis
1871 3645 2005 3711 suis,
2038 3646 2165 3716 quis

568 3736 681 3787 non
713 3722 839 3785 licet
864 3727 1022 3786 nobis
1066 3739 1163 3787 aut
1202 3732 1367 3797 edere
1392 3751 1460 3791 ex
1492 3735 1636 3792 t‘urto
1665 3736 1889 3808 aliquid,
1924 3748 2016 3793 aut
2036 3752 2170 3796 cnn-

571 3813 802 3886 tingere.
837 3820 917 3891 Ad
945 3820 1062 3879 lucc
1082 3834 1221 3881 uror
1243 3825 1362 3897 ejus
1380 3826 1517 3885 irata
1541 3831 1859 3901 respondit:
1882 3831 2172 3890 Manifesta

573 3921 714 3967 vana
747 3907 899 3973 facta.
930 3922 1168 3985 catapes
1211 3926 1322 3988 tua,
1350 3929 1407 3977 et
1444 3921 1810 3995 eleemosynte
1856 3933 1963 3980 tute
2008 3924 2173 3981 modo

572 4012 944 4070 apparuerunt
972 4004 1079 4078 [Αι.
1111 4010 1455 4085 paruerunt].
1506 4013 1684 4086 Atque
1720 4016 1808 4075 bis
1840 4025 1899 4074 et
1922 4017 2046 4075 aliis
2073 4019 2175 4079 ιιιιι-

566 4091 877 4165 juscemodi
907 4099 1093 4158 verbis
1125 4104 1491 4172 exprobrabat
1514 4109 1587 4163 ei.

647 4188 799 4263 [Cap.
852 4192 970 4267 lll.]
1001 4195 1154 4254 Tune
1182 4198 1384 4256 Tobias
1415 4202 1711 4273 ingemuit,
1742 4214 1798 4261 ct
1824 4208 2176 4279 cmpitorare

571 4296 693 4341 cum
718 4283 995 4361 iacrymis,
1014 4289 1204 4353 dicens
1228 4310 1245 4352 :
1266 4294 1457 4359 Justus
1483 4313 1565 4366 es,
1597 4298 1853 4375 Domine,
1882 4312 1942 4361 ct
1982 4309 2171 4367 omnia

568 4374 770 4447 judicia
805 4390 891 4439 tua
917 4390 941 4425 ι·
966 4383 1113 4455 justa
1135 4396 1265 4447 sunt
1285 4432 1300 4459 ,
1329 4400 1384 4449 et
1420 4406 1617 4453 omnes
1640 4394 1745 4451 viae
1790 4404 1923 4467 tum,
1957 4400 2176 4461 miseri»-

571 4469 758 4531 cordia
780 4513 797 4542 ,
831 4482 886 4535 et
908 4477 1110 4545 ueritas
1135 4520 1151 4549 ,
1183 4490 1238 4539 et
1261 4481 1550 4553 judicium.
1602 4486 1674 4544 Et
1699 4503 1845 4548 nunc
1870 4531 1888 4558 ,
1922 4491 2172 4559 Domine,

2274 3648 2326 3694 te
2348 3639 2516 3705 colit;
2548 3636 2695 3711 quod
2727 3638 2837 3694 vita
2860 3637 3003 3711 ejus,
3039 3637 3083 3692 si
3115 3638 3169 3692 in
3199 3637 3523 3709 probatione
3551 3636 3748 3705 fuerit,
3772 3630 3871 3693 co-

2273 3734 2559 3797 ronabitur
2588 3747 2603 3786 :
2636 3732 2680 3788 si
2712 3736 2895 3787 autem
2926 3730 2981 3787 in
3014 3724 3372 3788 tribulatione
3397 3730 3581 3803 fuerit,
3612 3729 3873 3795 liberabi-

2275 3839 2401 3886 tur:
2434 3840 2487 3885 ct
2516 3829 2562 3885 si
2608 3828 2661 3883 in
2696 3827 3047 3890 correptione
3080 3827 3244 3881 fuerit
3268 3868 3283 3887 .
3326 3825 3392 3880 ad
3440 3824 3872 3880 misericordiam

2279 3931 2422 3979 tuam
2455 3921 2644 3977 venire
2666 3918 2775 3994 [ΑΙ.
2803 3917 3114 3993 pervenire]
3146 3917 3502 3987 licebitaNon
3524 3918 3671 3973 enim
3694 3916 3877 3979 delec-

2280 4015 2413 4070 taris
2442 4014 2495 4069 in
2527 4010 2925 4084 perditionibus
2949 4011 3157 4066 nostris
3190 4026 3204 4064 :
3236 4008 3362 4081 quia
3406 4019 3527 4081 post
3575 3996 3871 4080 tempesta;

2280 4118 2410 4174 tem,
2440 4105 2790 4177 tranquillum
2819 4102 3000 4160 facis:
3040 4113 3099 4159 et
3141 4114 3264 4174 post
3306 4103 3779 4176 lacrymstiouem'
3817 4111 3877 4159 et

2278 4202 2488 4264 ﬂetum,
2516 4197 2938 4256 exsultationem
2967 4194 3231 4253 infundis.
3286 4196 3371 4253 Sit
3408 4210 3620 4253 nomen
3646 4204 3822 4255 'tuum
3846 4220 3871 4264 ο,

2280 4296 2429 4353 Deus
2456 4292 2642 4359 lsrael,
2674 4290 3024 4349 benedictum
3056 4290 3110 4347 in
3136 4290 3357 4348 male.

2340 4387 2415 4444 in
2438 4386 2532 4444 illo
2555 4394 2800 4455 tempore
2821 4382 3095 4441 exaudita:
3122 4392 3251 4439 sunt
3279 4394 3473 4453 preces
3502 4381 3786 4438 amborum
3818 4381 3873 4438 in

2280 4485 2580 4550 conspectu
2603 4477 2799 4549 gloria
2823 4475 3024 4534 summi
3052 4476 3148 4533 Dei
3182 4485 3276 4533 :et
3305 4475 3506 4532 missus
3536 4483 3620 4532 est
3654 4474 3878 4546 angelus

572 4577 928 4633 memorato
960 4572 1088 4641 mei.
1107 4582 1166 4641 et
1194 4590 1266 4635 ne
1287 4576 1582 4639 vindictam
1612 4594 1799 4640 cantas
1829 4582 1899 4640 de
1934 4587 2174 4654 peccatis
2202 4650 2239 4654 _
2284 4573 2497 4631 Domini
2518 4580 2739 4631 sanctus
2770 4570 3012 4642 Raphael
3032 4612 3048 4641 ,
3106 4577 3166 4626 ut
3203 4576 3426 4626 curaret
3454 4578 3482 4621 κ
3514 4581 3612 4626 eos
3637 4566 3829 4624 ambos
3857 4608 3875 4636 ,

570 4651 732 4727 meis,
762 4667 940 4726 neque
969 4659 1341 4721 reminiscaris
1364 4663 1562 4725 delicta
1586 4682 1730 4735 mea,
1754 4668 1848 4729 vel
1879 4650 2168 4740 parentum
2199 4650 2254 4713 Ῑ)
2276 4682 2509 4741 quorum
2538 4684 2650 4731 uno
2680 4675 2927 4738 tempore
2976 4673 3105 4723 sunt
3150 4664 3434 4726 orationes
3481 4664 3537 4721 in
3579 4670 3880 4736 conspectu

572 4758 842 4837 meorum.
896 4748 1164 4823 Quoniam
1211 4770 1321 4827 non
1351 4756 1697 4823 ohedivimus
1725 4763 2015 4834 praceptis
2043 4765 2172 4837 tuiﬂ,

575 4834 740 4897 bideo
757 4843 941 4925 traditi
961 4862 1148 4905 sumus
1170 4847 1224 4911 in
1238 4848 1696 4923 direptionem,et
1711 4834 2175 4925 captit°itatem.et

574 4924 830 5006 mortem,
861 4948 916 5005 et
945 4938 1000 4999 in
1030 4936 1304 5012 fabulam,
1332 4952 1388 5009 et
1413 4943 1469 5001 in
1500 4924 1889 5018 improperium
1915 4948 2173 5011 omnibus

571 5026 915 5111 nationibus,
939 5030 994 5091 in
1021 5033 1218 5103 quibus
1248 5034 1560 5108 dispersisti
1588 5053 1706 5097 nos.
1756 5038 1827 5097 Et
1852 5056 2033 5109 nunc,
2062 5042 2172 5103 Dm-

574 5114 756 5191 mine,
790 5138 983 5205 magna
1009 5124 1214 5201 judicia
1237 5137 1325 5187 tua
1344 5129 1504 5201 ,quia
1534 5129 1642 5202 [AL
1672 5131 1789 5204 qui]
1820 5146 1935 5191 non
1961 5133 2172 5204 egimus

573 5212 869 5272 secundum
898 5228 1168 5292 praecepta
1200 5230 1319 5290 tua,
1350 5231 1535 5278 etnon
1556 5221 1956 5281 ambulavimus
1986 5226 2168 5283 since-

570 5309 709 5397 riter
734 5324 919 5366 coram
948 5318 1021 5367 te.
1055 5312 1125 5395 Et
1146 5328 1316 5381 nunc,
1356 5313 1611 5383 Domine,
1643 5318 1943 5397 secundum
1975 5320 2171 5397 volun:

572 5372 735 5483 tatem
769 5394 918 5463 tuam
952 5398 1037 5463 fac
1089 5372 1337 5479 mecum,
1367 5412 1422 5465 et
1470 5372 1706 5482 praecipe
1739 5408 1791 5467 in
1834 5388 1965 5484 pace
2004 5386 2169 5491 recipi

574 5538 579 5547 '
642 5544 672 5613 ξι
698 5536 758 5613 in
789 5532 1035 5599 Palatino
1059 5555 1163 5599 ms.
1190 5540 1403 5613 jtt'dt'c't'a'
1429 5553 1519 5603 tua
1541 5561 1659 5601 vera
1685 5556 1824 5603 sunt.

586 5684 602 5704 .
642 5606 849 5704 1:ldetn
899 5622 1002 5669 ms.
1056 5622 1104 5670 et
1144 5606 1322 5681 traditi
1372 5632 1567 5677 sumus.
1611 5617 1800 5679 Graece
1852 5623 1935 5681 καὶ
1985 5619 2181 5703 ἔδωκας

573 5693 1107 5845 ηῗῗςριῗτξξιεῐθιῐιιρ
1132 5756 1494 5845 Reginmms;
1517 5762 1628 5831 ﬁlia
1654 5762 1930 5845 Ragueltn
1952 5736 2178 5836 civitate,

578 5826 784 5907 absque
815 5828 1142 5886 intermedio
1167 5826 1412 5907 nomine,
1446 5826 1639 5907 Reges.

651 5896 676 5936 ἀ
703 5899 871 5960 Iidem
899 5915 1033 5960 mss.
1063 5919 1164 5961 non
1198 5896 1500 5963 videbimus.

2280 4762 2497 4824 [lumini
2525 4762 2794 4819 recitata.
2922 4809 2936 4819 .
3850 4784 3855 4789 ·

2352 4855 2502 4928 [ϐιῳ.
2530 4853 2646 4927 Ν]
2682 4854 2850 4925 igitur
2889 4868 3013 4913 cum
3064 4852 3270 4911 Tobias
3313 4860 3536 4925 putaret
3576 4854 3878 4911 orationem

2278 4963 2432 5005 suam
2464 4947 2719 5005 exaudiri
2739 4955 2800 5005 ut
2822 4946 2964 5004 mori
2994 4948 3305 5019 potuisset,
3342 4945 3655 5003 vecavitad
3682 4959 3745 5007 se
3772 4945 3881 5002 Tc-

2279 5040 2424 5097 biam
2457 5038 2628 5097 tilium
2654 5055 2835 5106 suum,
2862 5039 3110 5113 dixitque
3139 5040 3191 5097 ei
3224 5055 3239 5099 :
3270 5038 3438 5109 Audi,
3466 5037 3549 5095 iiii
3568 5037 3686 5111 mi,
3717 5040 3880 5113 verba

2270 5130 2397 5191 'oris
2422 5134 2551 5209 mei,
2584 5143 2639 5190 et
2677 5149 2741 5190 ea
2771 5134 2826 5191 in
2860 5132 3031 5193 corde
3060 5143 3152 5193 tuo
3187 5172 3204 5201 .
3258 5132 3417 5207 quasi
3468 5130 3884 5219 fundamentum

2277 5237 2558 5285 construe.
2592 5227 2725 5282 Cum
2751 5227 3031 5298 acceperit
3062 5227 3208 5283 Deus
3228 5226 3470 5280 animam
3500 5238 3680 5282 meam
3700 5267 3717 5293 ,
3756 5240 3882 5282 cor-

2280 5329 2381 5387 pus
2412 5329 2591 5371 meum
2622 5314 2829 5391 sepeli;
2876 5322 2935 5370 et
2972 5313 3237 5383 honorem
3294 5310 3525 5369 habebis
3566 5312 3733 5369 matri
3779 5323 3883 5369 tua:

2281 5407 2536 5471 omnibus
2565 5408 2760 5469 diebus
2786 5407 2911 5465 vita:
2940 5406 3060 5478 ejus
3088 5424 3101 5462 :
3134 5420 3350 5469 memor
3370 5405 3518 5466 enim
3550 5420 3674 5467 esse
3694 5402 3878 5475 debes,

2361 5555 2386 5586 ο
2411 5547 2609 5605 lterum
2634 5553 2874 5615 converto
2906 5557 3003 5618 pro
3031 5541 3203 5617 dirigo
3229 5586 3245 5614 ,
3276 5534 3454 5599 nostri
3505 5555 3639 5599 mss.
3692 5536 3884 5612 praefe-

2287 5625 2649 5767 ru'tltj’alatin.
2685 5701 2790 5745 ms.
2838 5686 2919 5743 illi
2946 5685 3330 5767 miltijorsitan
3356 5670 3462 5741 itan
3489 5682 3737 5767 fuerunt,
3777 5691 3882 5755 etc.

2361 5770 2385 5811 s
2408 5761 2713 5838 Pronomen
2745 5776 2854 5828 eos,
2876 5766 3022 5838 tacet
3041 5757 3189 5838 idem
3215 5775 3317 5817 ms.
3352 5767 3464 5813 tum
3486 5757 3637 5838 legit,
3662 5772 3884 5833 quorum

2285 5850 2393 5913 una
2419 5842 2645 5909 tempore
2667 5833 2838 5907 fuerat
2870 5828 3035 5909 oratio
3061 5830 3114 5895 in
3141 5828 3687 5923 conspectiulrt’citatal
3730 5880 3733 5885 .
3784 5828 3855 5905 μέ
