4062 6356
1149 345 1526 410 PRIEFATIO
1561 344 1945 410 HIERONYlﬂ
1987 347 2050 410 IN
2091 348 2354 410 LIBRUM
2393 350 2649 412 TOBUE.
3493 351 3566 416 30

233 481 363 541 qam
385 472 442 521 et
464 471 670 536 quanta
709 463 950 534 pericula
983 476 1139 536 passa
1170 461 1243 517 sit
1276 469 1499 533 propter
1530 467 1585 518 te
1613 460 1668 518 in
1699 470 1860 522 utero
1888 465 1941 530 Α
1965 463 2133 520 rum?
2172 459 2267 519 Cui
2309 465 2594 536 respondit
2626 483 2638 521 :
2679 463 2817 523 Novi
2848 482 2862 526 :
2891 474 2951 524 et
2991 466 3174 526 omnia
3206 466 3400 528 itinera
3443 469 3568 543 ejus

237 556 514 616 suo.Cnm
542 567 726 613 autem
745 567 797 611 et
817 545 932 628 ipsa
959 554 1314 625 compleverit
1345 564 1558 625 tempus
1580 554 1707 611 vita:
1723 571 1861 625 sum,

238 653 488 724 sepelias
522 649 635 724 [ΑΙ.
665 647 1063 721 scpeliesjoam
1087 651 1235 705 circa
1265 664 1374 704 me.
1406 649 1864 706 Omnibnsautem

240 747 442 802 diebus
471 747 602 800 vita:
631 753 736 800 tua:
763 746 816 799 in
841 755 1024 800 mente
1051 743 1252 803 habeto
1285 745 1453 802 Deum
1485 762 1498 799 :
1531 753 1584 800 et
1606 759 1757 811 cave,
1793 759 1862 802 ne

241 841 551 913 aliquando
585 848 806 912 peccato
833 841 1154 898 consentias
1175 885 1188 910 ,
1223 849 1276 898 et
1307 841 1696 910 praetermittas
1729 854 1867 910 prtec

240 946 401 1005 cepta
429 943 455 972 ι
485 933 702 993 Domini
721 934 814 992 Dei
847 937 1044 990 nostri.
1064 935 1464 992 Exsubsmntia
1485 945 1573 990 tua
1606 935 1689 990 fac
1715 936 1867 994 eiee~

239 1043 569 1100 mesynazn,
595 1039 653 1084 et
682 1028 791 1083 noli
818 1037 1067 1086 avertere
1093 1028 1287 1086 faciam
1316 1039 1462 1086 tuam
1493 1029 1562 1084 ab
1591 1029 1702 1087 ullo
1731 1045 1864 1100 pau-

245 1137 379 1193 pere
405 1139 420 1176 :
460 1122 538 1177 ita
565 1120 712 1178 enim
741 1121 855 1186 fiet,
883 1131 939 1180 ut
970 1137 1066 1177 nec
1088 1137 1117 1177 a
1152 1131 1204 1177 te
1224 1129 1501 1178 avertatur
1547 1122 1714 1179 facies
1754 1123 1866 1178 Do-

245 1216 409 1272 mini.
469 1213 763 1283 Quomodo
820 1216 1101 1286 potueris,
1155 1215 1230 1270 ita
1281 1223 1401 1278 esto
1434 1217 1772 1271 misericors.
1809 1214 1868 1274 Si

249 1310 491 1364 multum
529 1306 627 1361 tibi
659 1306 844 1374 fuerit,
878 1305 1221 1362 abundanter
1242 1306 1425 1362 tribue
1458 1324 1471 1361 :
1513 1311 1558 1362 si
1612 1307 1868 1378 exiguum

251 1399 344 1454 tibi
374 1398 574 1465 fuerit,
603 1399 767 1455 etiam
795 1398 1051 1470 exiguum
1092 1399 1326 1454 libenter
1372 1399 1642 1470 impertiri
1683 1399 1865 1458 stude.

254 1490 553 1546 Praemium
582 1489 729 1544 enim
762 1488 962 1546 bonum
997 1489 1090 1548 tibi
1113 1491 1450 1550 tbeSam'izas
1481 1491 1535 1549 in
1560 1493 1647 1548 die
1673 1508 1869 1550 neces-

256 1583 453 1638 sitatis.
513 1581 784 1650 Quoniam
827 1585 1178 1658 eleemosyna
1227 1586 1295 1642 ab
1325 1587 1471 1642 omni
1507 1596 1729 1657 peccato
1758 1597 1816 1644 et
1840 1602 1870 1642 a

260 1690 440 1734 morte
472 1679 694 1743 liberat,
726 1687 783 1734 et
813 1694 920 1736 non
949 1681 1184 1750 patietur
1225 1682 1464 1740 animam
1499 1683 1581 1742 ire
1626 1685 1678 1739 in
1723 1693 1873 1741 tene-

263 1771 415 1830 bras.
449 1771 674 1828 Fiducia
705 1788 902 1844 magna
935 1773 1036 1829 erit
1063 1790 1249 1833 coram
1299 1791 1512 1834 summo
1559 1778 1671 1834 Deo
1719 1780 1864 1835 elec-

1970 554 2287 626 frequenter
2309 557 2608 625 ambulavi,
2629 566 2686 615 et
2710 559 2882 616 mansi
2901 560 3045 630 apud
3063 559 3325 618 Gabelum
3339 561 3564 620 fratrem

1970 660 2212 708 nostrum
2247 670 2258 705 :
2288 655 2380 723 qui
2414 661 2658 712 moratur
2691 654 2746 712 in
2772 653 2955 725 Rages
2979 656 3204 712 civitate
3243 657 3563 727 Medorum,

1969 761 2089 816 qum
2117 747 2292 816 posita
2325 756 2407 804 cst
2437 749 2488 804 in
2522 759 2706 804 monte
2735 749 3046 805 Ecbatanis.
3074 749 3174 805 Cui
3219 751 3414 807 Tobias
3441 753 3517 807 ait
3551 769 3566 807 :

1969 839 2191 897 Sustine
2221 857 2334 904 me.
2369 842 2622 913 obsecro,
2656 843 2832 901 donec
2855 844 2973 900 haec
2999 845 3116 916 ipsa
3150 844 3393 902 nuntiem
3423 847 3564 918 patri

1970 951 2111 994 meo.

2044 1029 2197 1085 Tunc
2243 1028 2519 1100 ingressus
2565 1029 2765 1087 Tobias
2794 1072 2808 1097 ,
2853 1029 3118 1086 indicavit
3147 1031 3406 1088 universa
3451 1033 3569 1092 huic

1973 1123 2110 1194 patri
2156 1136 2281 1177 suo.
2315 1121 2492 1191 Super
2533 1137 2653 1193 quae
2685 1123 2984 1180 admiratus
3013 1132 3202 1196 pater,
3240 1127 3477 1198 rogavit,
3509 1136 3570 1183 ut

1971 1215 2226 1272 introiret
2262 1216 2329 1272 ad
2358 1231 2504 1272 eum.
3557 1235 3560 1240 ·

2042 1309 2323 1380 ingressus
2349 1309 2530 1380 itaque
2558 1307 2819 1364 salutavit
2844 1322 2992 1375 eum,
3013 1317 3071 1364 et
3096 1307 3275 1365 dixit:
3299 1309 3569 1370 Gaudium

1975 1403 2070 1459 tibi
2101 1407 2173 1458 sit
2203 1417 2443 1474 semper.
2470 1402 2540 1457 Et
2563 1403 2646 1457 ait
2671 1401 2870 1458 Tobias
2899 1416 2914 1456 :
2949 1401 3121 1468 Quale
3150 1404 3404 1473 gaudium
3437 1406 3569 1462 mihi

1974 1497 2097 1564 erit,
2129 1497 2223 1567 qui
2248 1495 2302 1550 in
2326 1495 2564 1550 tenebris
2586 1494 2775 1561 sedeo,
2801 1504 2856 1550 et
2883 1494 3066 1550 iumen
3093 1496 3215 1551 cali
3235 1510 3341 1552 non
3367 1497 3525 1554 video
3547 1499 3571 1555 l

1973 1591 2071 1647 Cui
2102 1593 2178 1646 ait
2208 1591 2471 1662 juvenis:
2505 1589 2654 1646 Furti
2680 1591 2863 1646 animo
2904 1600 3058 1659 esto,
3103 1593 3156 1648 in
3208 1596 3458 1664 proximo
3487 1603 3573 1652 est

1977 1693 2033 1740 ut
2060 1699 2091 1739 a
2123 1685 2233 1740 Deo
2259 1685 2487 1742 cureris.
2520 1685 2666 1739 Dixit
2693 1685 2874 1755 itaque
2902 1685 2985 1742 illi
3015 1684 3217 1742 Tobias
3250 1703 3265 1742 :
3297 1687 3570 1760 Numquid

1975 1779 2182 1848 poteris
2207 1777 2505 1847 perducere
2528 1777 2696 1832 filium
2721 1793 2900 1833 meum
2932 1779 2998 1834 ad
3021 1778 3283 1836 Gabeium
3312 1781 3366 1837 in
3392 1782 3570 1855 Reges

268 1881 502 1938 mosyna
524 1865 778 1924 oniiiibus
804 1866 1127 1924 facientibus
1157 1868 1175 1941 [
1203 1871 1288 1926 Ai.
1321 1873 1410 1942 qui
1443 1870 1646 1928 faciunt
1676 1871 1695 1945 j
1722 1889 1864 1930 eam.
1899 1865 1950 1930 Β
1976 1871 2248 1928 civitatem
2283 1870 2609 1928 Medorum?
2639 1879 2695 1926 et
2724 1885 2848 1925 cum
2871 1871 3132 1939 redieris,
3167 1873 3449 1930 restituam
3477 1876 3570 1933 tibi

278 1959 513 2018 Attende
531 1959 647 2026 tibi,
677 1960 756 2018 liii
778 1960 874 2029 mi,
905 1976 968 2017 ac
998 1962 1144 2016 omni
1178 1962 1559 2034 fornicatione,
1585 1975 1639 2020 et
1675 1979 1871 2036 praeter

274 2068 492 2110 uxorem
514 2063 687 2120 tuam,
714 2069 1009 2126 numquam
1041 2057 1266 2127 patiaris
1300 2059 1510 2116 crimen
1563 2060 1729 2116 scire.
1768 2063 1874 2118 Su-

262 2148 506 2218 perbiam
530 2163 825 2218 numquam
847 2150 902 2203 in
929 2157 1021 2207 tuo
1049 2163 1234 2216 sensu,
1261 2162 1353 2207 aut
1381 2152 1434 2207 in
1465 2161 1557 2207 tuo
1585 2154 1752 2208 verbo
1774 2156 1872 2209 do-

264 2239 460 2294 minari
509 2248 852 2310 permittas:
901 2242 955 2296 in
1009 2242 1120 2312 ipsa
1171 2243 1318 2300 enim
1367 2243 1583 2300 initium
1640 2249 1875 2318 sumpsit

265 2334 441 2388 omnis
474 2319 1098 2406 perditioauuicumquc
1122 2336 1220 2391 tibi
1241 2337 1444 2409 aliquid
1467 2349 1726 2410 operatus
1759 2342 1874 2396 fue-

264 2430 354 2498 rit,
379 2433 566 2488 statim
593 2429 643 2484 ci
672 2430 982 2488 mercedem
1003 2432 1229 2486 restitue
1255 2473 1270 2500 ,
1304 2441 1359 2489 et
1386 2448 1602 2490 merces
1655 2451 1870 2491 merce«

263 2524 404 2585 uarii
464 2525 540 2578 tui
601 2524 748 2594 apud
805 2534 860 2580 te
891 2525 1113 2585 omnino
1137 2540 1243 2582 non
1279 2527 1772 2596 remaneat..Quod
1803 2528 1871 2583 ab

271 2618 379 2671 alio
404 2617 589 2672 oderis
631 2618 750 2672 lieri
784 2618 911 2685 tibi,
946 2617 1072 2674 vide
1105 2634 1169 2674 ne
1200 2629 1254 2676 tu
1277 2621 1569 2692 aliquando
1604 2623 1761 2677 alteri
1796 2623 1873 2678 fa-

273 2711 416 2766 cias.
447 2711 642 2769 Panem
671 2719 825 2768 tuum
849 2726 973 2768 cum
1000 2712 1370 2768 esurientibus
1397 2721 1454 2768 et
1482 2716 1666 2784 egenis
1692 2729 1873 2771 come—

271 2803 360 2867 de,
400 2812 452 2862 et
480 2802 547 2860 de
581 2802 933 2860 vestimentis
965 2804 1072 2859 tuis
1098 2804 1276 2860 nudos
1300 2814 1443 2877 tege.
1489 2807 1690 2862 Panem
1721 2817 1871 2864 tuum

271 2907 325 2954 et
353 2900 536 2954 vinum
570 2908 724 2957 tuum
744 2915 909 2969 super
940 2901 1281 2970 sepulturam
1310 2901 1440 2970 justi
1473 2902 1782 2969 constitue,
1817 2913 1874 2958 et

272 2993 374 3048 noli
405 3009 476 3048 ex
503 3009 577 3048 eo
605 2992 941 3050 manducare
971 3002 1032 3048 et
1079 2994 1274 3050 bibere
1302 3007 1424 3049 cum
1469 2995 1870 3066 peccatoribus.

271 3083 573 3143 Consilium
605 3101 828 3156 semper
857 3103 887 3144 a
934 3089 1179 3158 sapiente
1219 3090 1491 3166 perquire.
1535 3089 1694 3144 Omni
1738 3100 1874 3144 tem-

272 3197 398 3252 pore
429 3182 664 3239 benedic
699 3184 868 3240 Deum
897 3200 910 3237 :
943 3193 1002 3239 et
1029 3194 1150 3253 pete
1179 3184 1248 3238 ab
1269 3198 1338 3238 eo
1361 3227 1376 3251 ,
1412 3195 1472 3239 ut
1495 3183 1607 3236 vias
1637 3194 1755 3239 tuas
1785 3183 1871 3238 di-

267 3279 426 3349 rigat,
461 3289 519 3332 et
548 3278 731 3333 omnia
759 3279 993 3334 consilia
1027 3285 1114 3332 tua
1149 3279 1202 3332 in
1238 3278 1357 3348 ipso
1381 3286 1762 3348 permaneant.

341 3369 533 3427 indico
561 3374 728 3426 etiam
759 3370 857 3425 tibi
884 3407 900 3437 ,
945 3370 1018 3425 ﬁli
1046 3371 1118 3424 mi
1151 3413 1164 3436 ,
1206 3370 1425 3426 dedisse
1448 3386 1534 3426 me
1559 3371 1747 3426 decem
1790 3380 1876 3425 ta-

270 3464 418 3522 lenta
447 3467 688 3536 argenti,
721 3467 850 3521 dum
880 3466 1060 3522 adhuc
1089 3465 1385 3521 infantulus
1414 3479 1568 3521 esses
1593 3509 1606 3536 ,
1633 3464 1874 3532 Gabelo,

275 3561 328 3615 in
350 3559 532 3628 Reges
555 3560 779 3615 civitate
808 3560 1113 3629 Medorum,
1166 3569 1221 3615 et
1279 3561 1706 3630 chirographum
1759 3559 1879 3626 ejus

277 3657 422 3727 apud
454 3672 542 3712 me
569 3657 749 3711 habeo
785 3674 797 3709 :
825 3665 881 3712 et
914 3657 1035 3711 ideo
1062 3657 1316 3726 perquire
1341 3656 1621 3726 quomodo
1660 3656 1724 3710 ad
1753 3669 1878 3710 eum

279 3752 587 3820 pervenias,
621 3760 678 3804 et
703 3751 934 3822 recipias
965 3751 1033 3804 ab
1064 3767 1132 3806 eo
1162 3767 1327 3821 supra
1360 3757 1722 3806 memoratum
1743 3767 1881 3821 potr-

285 3841 390 3896 dus
407 3845 637 3914 argenti,
667 3854 721 3898 et
750 3846 1010 3899 restituas
1033 3844 1082 3898 ei
1106 3844 1526 3915 chirographum
1549 3855 1742 3898 suum.
1761 3843 1879 3898 Noli

281 3935 496 4002 limae,
526 3937 604 3991 fili
627 3937 738 3992 mi:
774 3951 1070 4009 pauperem
1122 3939 1341 4010 quidem
1393 3941 1555 3994 vitam
1602 3943 1878 4008 gerimus”,

279 4031 380 4086 sed
399 4031 571 4086 multa
595 4032 738 4086 bona
772 4031 1119 4101 habebimus,
1152 4034 1196 4087 si
1224 4034 1567 4090 timuerimus
1598 4037 1763 4091 Deum
1785 4082 1799 4104 ,
1831 4044 1886 4091 et

274 4124 672 4178 recesserimus
696 4123 768 4177 ab
791 4125 941 4178 omni
992 4134 1218 4194 peccato
1239 4168 1252 4191 ,
1296 4135 1350 4180 et
1382 4125 1678 4181 fecerimus
1719 4127 1882 4183 bene.

349 4219 513 4293 [Cup.
553 4221 644 4292 ν.)
674 4221 828 4276 Tune
858 4221 1143 4291 respondit
1192 4221 1394 4277 Tobias
1449 4225 1591 4292 patri
1647 4240 1785 4290 suo,
1832 4235 1886 4279 et

275 4313 417 4368 dixit
451 4331 464 4367 :
499 4314 696 4369 Omnia
725 4329 1082 4385 qumcumque
1111 4315 1416 4385 prmccpisti
1448 4315 1578 4369 mihi
1603 4359 1616 4384 ,
1653 4315 1882 4385 faciam,

277 4420 458 4482 pater.
510 4409 796 4476 Quomodo
824 4415 1005 4463 autem
1039 4408 1323 4478 pecuniam
1383 4410 1524 4463 hanc
1572 4411 1878 4480 requiram,

281 4509 505 4578 ignoro.
542 4505 638 4559 Ille
668 4520 753 4558 me
780 4504 975 4571 nescit,
1009 4515 1061 4558 ct
1092 4517 1191 4574 ego
1221 4518 1344 4558 enm
1377 4504 1570 4574 ignoro
1601 4520 1615 4558 :
1646 4505 1788 4576 quod
1814 4508 1888 4560 si-

278 4614 450 4670 gnum
481 4598 628 4653 dabo
655 4598 852 4653 ei?sed
884 4611 1064 4669 neque
1091 4600 1234 4651 viam
1265 4639 1278 4663 ,
1311 4612 1407 4667 per
1436 4611 1597 4667 quam
1628 4608 1886 4670 pcrgatur

1973 1963 2284 2019 mercedem
2319 1973 2486 2018 tuam.
2519 1963 2589 2018 Et
2618 1963 2754 2018 dixit
2781 1962 2832 2018 ei
2865 1964 3088 2034 angelus
3112 1981 3127 2024 ;
3158 1965 3272 2035 Ego
3293 1965 3488 2023 ducam
3513 1977 3570 2025 et

1975 2057 2230 2112 reducam
2260 2069 2384 2111 eum
2417 2054 2483 2110 ad
2511 2061 2584 2110 te.
2611 2055 2708 2109 Cui
2741 2053 2942 2111 Tobias
2964 2057 3281 2126 respondit:
3311 2059 3461 2131 Rogo
3492 2067 3568 2128 te,-

1975 2151 2154 2205 indica
2187 2149 2341 2216 inibi,
2390 2149 2462 2204 de
2487 2149 2807 2220 quadomo,
2841 2157 2934 2203 aut
2962 2149 3030 2204 de
3057 2165 3163 2221 qua
3197 2152 3340 2207 tribu
3383 2167 3443 2208 es
3473 2154 3574 2209 tu?

1974 2243 2074 2298 Cui
2106 2243 2348 2314 Rapbael
2379 2244 2604 2313 angelus
2628 2242 2765 2297 dixit
2790 2260 2803 2297 :
2833 2239 3018 2298 Genus
3039 2243 3238 2314 quaeris
3289 2260 3571 2302 mercenao

1974 2337 2066 2404 rii,
2103 2351 2170 2389 an
2203 2338 2378 2405 ipsum
2409 2335 2832 2406 mercenarium,
2865 2336 3102 2404 quicum
3131 2335 3246 2392 filio
3288 2344 3382 2393 tuo
3437 2338 3572 2394 eat‘.l

1977 2430 2086 2487 Sed
2123 2445 2192 2485 ne
2220 2428 2358 2484 forte
2388 2429 2680 2484 sollicitum
2709 2437 2764 2484 te
2792 2429 3046 2496 reddam,
3075 2445 3176 2500 ego
3199 2446 3320 2486 sum
3345 2433 3570 2488 Azarias

1975 2524 2204 2579 Ananim
2231 2523 2412 2592 magni
2447 2521 2614 2576 illius.
2663 2520 2733 2576 Et
2759 2520 2960 2576 Tobias
2993 2521 3275 2593 respondit
3303 2539 3314 2577 :
3351 2524 3427 2578 Ex
3459 2537 3575 2579 ma-

1973 2631 2084 2689 gno
2107 2629 2313 2687 genere
2340 2631 2403 2671 es
2435 2624 2508 2670 tu.
2541 2614 2650 2670 Sed
2679 2623 2806 2685 peto
2835 2630 2904 2670 ne
2932 2615 3187 2672 irascaris
3209 2617 3352 2687 quod
3385 2619 3574 2674 volue-a

1976 2712 2078 2766 rim
2107 2723 2439 2780 cognoscere
2481 2722 2654 2778 genus
2687 2717 2858 2762 tuum.
2892 2707 3040 2764 Dixit
3071 2719 3251 2764 autem
3300 2709 3378 2765 illi
3409 2723 3574 2783 auges

1979 2808 2065 2862 lus
2098 2821 2111 2860 :
2144 2805 2272 2875 Ego
2311 2817 2506 2858 sanum
2555 2802 2776 2870 ducam,
2816 2811 2872 2857 et
2931 2817 3122 2856 sanum
3175 2803 3272 2858 tibi
3309 2804 3570 2860 reducam

1977 2899 2147 2954 filium
2181 2906 2354 2952 tuum.
2396 2896 2754 2965 ilespondens
2785 2903 2970 2950 autem
2999 2895 3198 2950 Tobias
3222 2936 3236 2962 ,
3268 2897 3343 2951 ait
3373 2913 3388 2953 :
3422 2896 3572 2955 Bene

1980 2991 2294 3055 ambuletis,
2325 2996 2381 3045 et
2408 2987 2476 3042 sit
2510 2989 2654 3046 Deus
2685 2990 2737 3042 in
2769 2986 2969 3044 itinere
2992 2998 3178 3044 vestro
3202 3029 3217 3055 ,
3264 2997 3323 3045 et
3350 2989 3574 3061 angelus

1981 3085 2103 3155 ejus
2133 3083 2425 3140 comitetur
2453 3079 2759 3136 vobiscum.
3565 3071 3568 3114 ί

2052 3180 2203 3236 Tunc
2234 3178 2440 3248 paratis
2455 3177 2730 3243 omnibus,
2763 3191 2884 3246 qute
2905 3185 3061 3232 erant
3091 3176 3147 3231 in
3174 3177 3255 3232 via
3284 3179 3573 3248 portanda,

1903 3254 1951 3322 (ἶ
1981 3273 2110 3330 fecit
2150 3271 2347 3327 Tobias
2379 3271 2503 3327 vale
2527 3269 2665 3342 putri
2694 3284 2793 3326 suo
2821 3279 2875 3327 et
2902 3271 3064 3326 matri
3116 3283 3227 3328 sua:
3252 3314 3268 3341 ,
3301 3281 3354 3329 et
3384 3273 3577 3330 ambué

1979 3368 2232 3424 laverunt
2261 3366 2425 3420 ambo
2457 3365 2639 3422 simul.

2052 3461 2298 3533 Cumque
2325 3459 2554 3532 profecti
2586 3469 2798 3527 essent,
2845 3459 3014 3532 coepit
3047 3467 3222 3516 mater
3251 3461 3372 3532 ejus
3399 3461 3534 3519 flere
3560 3485 3576 3531 ,-

1982 3565 2037 3614 et
2081 3556 2265 3612 dicere
2303 3573 2317 3608 :
2366 3554 2628 3610 Bacuium
2680 3555 2978 3609 senectutis
3025 3562 3229 3610 nostra:
3275 3555 3468 3625 tulisti,
3524 3564 3583 3613 et

1985 3647 2342 3704 transmisiin
2367 3661 2396 3701 a
2421 3647 2602 3702 nobis.
2635 3646 2939 3717 Numquam
2965 3645 3159 3703 fuisset
3186 3647 3305 3720 ipsa
3327 3649 3577 3720 pecunia,

1977 3755 2086 3812 pro
2115 3755 2217 3811 qua
2249 3741 2444 3796 misisti
2473 3756 2619 3796 eum.
2645 3740 2963 3797 Snl'ficiebat
2992 3741 3136 3796 enim
3162 3743 3318 3798 nobis
3341 3757 3574 3815 pauper-

1977 3845 2298 3900 -tasnostrn,
2337 3842 2394 3889 ut
2438 3835 2655 3890 divitias
2683 3843 3125 3906 computaremus
3155 3835 3278 3904 hoc,
3329 3837 3474 3906 quod
3502 3835 3583 3892 vi-

1985 3925 2250 3983 debamus
2286 3927 2456 3982 lilium
2505 3935 2777 3982 nostrum.
2814 3923 3068 3998 Dixitque
3099 3927 3151 3982 ei
3182 3928 3380 3984 Tobias
3419 3947 3431 3984 :
3463 3929 3585 3986 Noli

1987 4021 2144 4092 flere,
2176 4021 2357 4076 salvus
2391 4022 2671 4091 perveniet
2694 4019 2844 4074 filius
2869 4028 3079 4088 noster,
3112 4031 3166 4076 et
3187 4021 3375 4077 salvus
3399 4037 3584 4078 rever-

1991 4123 2135 4170 tetur
2182 4116 2247 4170 ad
2291 4129 2421 4183 nos,
2475 4123 2528 4168 et
2574 4113 2714 4168 oculi
2756 4113 2829 4167 tui
2877 4111 3137 4168 videbunt
3176 4113 3350 4169 illum.
3406 4114 3585 4171 Credo

1989 4210 2135 4265 enim
2159 4207 2304 4278 quod
2333 4207 2557 4277 angelus
2588 4207 2684 4264 Dei
2715 4208 2888 4262 bonus
2909 4207 3201 4262 comitetur
3236 4207 3311 4273 ei,
3362 4217 3416 4262 et
3448 4207 3587 4265 bene

1991 4302 2248 4371 disponat
2275 4303 2480 4373 omnia,
2514 4304 2802 4372 quzeeirca
2827 4315 2948 4356 eum
2978 4310 3263 4371 geruntur,
3293 4301 3364 4356 ita
3385 4310 3586 4356 utcum

1989 4395 2191 4474 gaudio
2216 4406 2523 4450 revertatur
2548 4395 2614 4449 ad
2659 4409 2779 4449 nos.
2825 4394 2906 4449 Ad
2941 4397 3081 4448 lianc
3113 4408 3300 4450 vocem
3351 4392 3590 4450 cessavit

1993 4499 2165 4542 mater
2189 4487 2308 4558 ejus
2338 4486 2489 4554 ﬂere,
2523 4495 2579 4542 et
2608 4489 2796 4542 tacuit.

2065 4587 2216 4662 [ϐαρ.
2253 4585 2682 4659 νΙ.]ζΡι·οΐροιυε
2714 4597 2799 4642 est
2845 4594 3026 4642 autem
3055 4584 3254 4642 Tobias
3279 4629 3294 4656 ,
3345 4593 3401 4642 et
3438 4583 3591 4641 canis

279 4695 437 4762 illuc,
467 4692 767 4762 aliquando
789 4693 1038 4764 cognovi.
1071 4693 1228 4748 Tunc
1256 4701 1407 4764 pater
1429 4706 1561 4746 suus
1607 4692 1890 4763 respondit
1919 4657 1968 4720 ί)
1995 4697 2216 4744 secutus
2245 4693 2328 4740 est
2359 4698 2481 4739 eum
2510 4723 2524 4750 ,
2553 4689 2609 4737 et
2657 4681 2863 4736 mansit
2901 4680 3074 4751 prima
3107 4679 3390 4736 mansione
3441 4677 3592 4750 juxta

282 4793 386 4858 illi,
423 4801 490 4847 et
515 4790 653 4845 dixit
681 4807 695 4846 :
724 4789 1160 4861 Chirograpbum
1185 4787 1403 4859 quidem
1427 4785 1577 4841 illius
1604 4799 1776 4858 penes
1805 4801 1890 4842 me

284 4885 499 4951 habeo,
533 4885 675 4957 quod
713 4884 842 4940 dum
871 4884 954 4938 illi
995 4882 1339 4949 ostenderis,
1378 4881 1562 4936 statim
1609 4881 1888 4936 restituet.

281 4978 394 5036 Sed
425 4995 593 5050 perge
623 4993 796 5046 nunc,
831 4987 886 5035 et
915 4979 1132 5049 inquire
1165 4977 1259 5032 tibi
1289 4976 1528 5046 aliquem
1556 4973 1772 5031 fidelem
1805 4977 1888 5030 vi-

285 5091 433 5144 rum,
468 5075 561 5147 qui
586 5084 672 5132 eat
699 5086 877 5131 tecum
929 5076 1079 5131 salva
1129 5075 1384 5131 mercede
1413 5087 1510 5128 sua
1555 5090 1565 5126 :
1621 5082 1710 5140 ut,
1757 5072 1886 5130 dum

287 5171 471 5226 adhuc
497 5171 643 5236 vivo,
672 5170 902 5242 recipias
927 5185 1070 5226 eam.

361 5265 519 5320 Tunc
549 5279 800 5335 egressus
831 5264 1051 5332 Tobias,
1104 5263 1308 5320 invenit
1340 5265 1598 5336 juvenem
1641 5264 1892 5332 splendi-

291 5359 447 5427 dum,
477 5366 711 5413 stantem
742 5358 1118 5428 prmeinctum,
1153 5367 1206 5414 et
1236 5359 1386 5428 quasi
1412 5367 1662 5429 paratum
1687 5358 1752 5414 ad
1781 5373 1895 5413 am-

289 5453 612 5510 bulandum.
645 5454 718 5510 Et
749 5455 1005 5525 ignorans
1036 5453 1179 5524 quod
1207 5455 1429 5520 angelus
1459 5453 1554 5509 Dei
1599 5463 1777 5521 esset,
1812 5470 1897 5509 sa-

293 5549 486 5605 lutavit
515 5565 664 5616 eum,
696 5560 747 5605 et
777 5550 914 5603 dixit
945 5568 956 5603 :
992 5547 1145 5604 Unde
1179 5561 1230 5604 te
1259 5548 1545 5619 bibemus,
1578 5550 1719 5605 bone
1744 5551 1899 5620 juve—

293 5645 413 5702 nis?
449 5649 521 5700 At
566 5644 660 5698 ille
705 5643 1031 5714 restiondit:
1088 5642 1168 5698 Ex
1222 5644 1348 5698 iiliis
1377 5644 1664 5714 israei._Et
1693 5645 1894 5701 Tobias

294 5739 436 5795 dixit
461 5738 512 5794 ei
542 5754 558 5793 :
588 5735 746 5794 Nosti
774 5737 942 5807 viam,
971 5751 1092 5810 quin
1117 5736 1269 5794 ducit
1309 5738 1364 5794 in
1395 5739 1674 5810 regionem
1707 5739 1896 5796 Medo-

294 5909 309 5923 '
368 5914 397 5943 ι
428 5903 530 5963 ilic
553 5918 769 5979 quoque
801 5917 998 5962 nomen
1030 5901 1240 5978 Domini
1267 5901 1428 5962 idem.
1454 5917 1558 5960 ms.
1590 5909 1752 5960 tacet.

1995 4785 2218 4841 fluvium
2251 4782 2448 4855 Tigris.
2483 4784 2548 4838 Et
2576 4781 2744 4837 exivit
2777 4789 2835 4836 ut
2863 4780 3071 4836 lavare!
3112 4780 3279 4852 pedes
3325 4794 3453 4836 suos
3475 4821 3490 4848 ,
3538 4787 3594 4835 et

1997 4893 2130 4936 ecce
2163 4879 2324 4950 piscis
2381 4877 2636 4932 immanis
2691 4876 2860 4931 exivit
2905 4875 2974 4931 ad
3021 4871 3394 4930 devorandum
3445 4887 3589 4929 eum.

1995 4972 2168 5041 Quem
2219 4984 2591 5042 expavescens
2621 4969 2820 5025 Tobias
2867 4967 3126 5024 clamavit
3178 4979 3305 5022 voce
3351 4980 3544 5038 magna
3574 5005 3591 5034 ,

1998 5067 2188 5122 dicens
2223 5084 2236 5119 :
2274 5065 2524 5132 Domine,
2558 5062 2766 5119 invadit
2794 5078 2902 5119 me.
2936 5063 3005 5119 Et
3033 5061 3168 5118 dixit
3218 5060 3268 5118 ei
3319 5061 3544 5133 angelus
3577 5079 3593 5118 :

1999 5159 2367 5233 Apprebende
2411 5157 2732 5215 bram-hiant
2784 5161 2900 5226 ejus
2927 5167 2943 5225 ‘,
3002 5159 3057 5212 et
3089 5155 3244 5212 trahe
3271 5172 3396 5213 eum
3423 5155 3490 5212 ad
3520 5166 3595 5213 te.

1999 5261 2155 5331 Quod
2183 5275 2304 5316 cum
2331 5257 2586 5325 fecisset,
2617 5257 2835 5312 attraxit
2865 5269 2987 5311 enin
3022 5255 3074 5308 in
3122 5254 3365 5324 siccum,
3397 5263 3451 5309 et
3482 5252 3600 5324 pal—

1996 5359 2173 5428 pltare
2204 5353 2522 5424 crepitante
2553 5351 2717 5423 pedes
2749 5349 2887 5420 ejus.
2917 5343 3069 5404 Tunc
3096 5339 3236 5403 dixit
3263 5347 3311 5402 ei
3343 5346 3596 5419 angelus:

2000 5449 2276 5507 Exentera
2321 5450 2465 5506 hunc
2491 5449 2717 5520 piscem,
2751 5454 2804 5502 et
2833 5459 2929 5501 cor
2960 5442 3102 5514 ejus,
3142 5452 3198 5500 et
3226 5440 3319 5508 fel,
3354 5450 3409 5498 et
3447 5439 3602 5512 jecur

2004 5563 2210 5619 repone
2241 5547 2337 5602 tibi
2364 5562 2380 5602 :
2409 5553 2534 5600 sunt
2557 5543 2699 5598 enim
2735 5543 2850 5597 inec
2881 5540 3193 5597 necessaria
3241 5539 3311 5594 ad
3357 5537 3600 5592 medica-

2007 5653 2188 5700 menta
2225 5642 2450 5699 utiliter.
2485 5639 2640 5708 Quod
2689 5654 2811 5696 cum
2861 5638 3113 5704 fecisset,
3149 5633 3355 5692 assavit
3409 5647 3604 5689 carnes

2003 5739 2141 5812 ejus,
2169 5748 2223 5796 et
2246 5751 2430 5795 secum
2452 5736 2692 5793 tulerunt
2713 5735 2766 5792 in
2799 5733 2887 5791 via
2914 5750 2928 5767 ·
2958 5737 3152 5790 caetera
3185 5729 3607 5799 salicmnt,qtla3
