  <div class='ocr_page' id='page_1' title='image "/cluster/home/n/w/nwhite01/storage/ocr_20150623/29/hvd.32044015471428/021.png"; bbox 0 0 4062 6356; ppageno 0'>
   <div class='ocr_carea' id='block_1_1' title="bbox 444 295 3796 363">
    <p class='ocr_par' dir='ltr' id='par_1_1' title="bbox 444 295 3796 363">
     <span class='ocr_line' id='line_1_1' title="bbox 444 295 3796 363; baseline -0.002 0"><span class='ocrx_word' id='word_1_1' title='bbox 444 304 514 363; x_wconf 73' lang='grc' dir='ltr'><strong>δι</strong></span> <span class='ocrx_word' id='word_1_2' title='bbox 1161 295 1168 306; x_wconf 66' lang='grc'><strong><em>“</em></strong></span> <span class='ocrx_word' id='word_1_3' title='bbox 1442 301 1501 359; x_wconf 84' lang='grc'><strong>8.</strong></span> <span class='ocrx_word' id='word_1_4' title='bbox 1545 297 1927 359; x_wconf 75' lang='lat' dir='ltr'><strong>lllERONYMI</strong></span> <span class='ocrx_word' id='word_1_5' title='bbox 1964 296 2197 358; x_wconf 80' lang='lat' dir='ltr'><strong>DIVINA</strong></span> <span class='ocrx_word' id='word_1_6' title='bbox 2237 296 2721 358; x_wconf 81' lang='lat' dir='ltr'><strong>BIBLIOTHECA.</strong></span> <span class='ocrx_word' id='word_1_7' title='bbox 3699 299 3796 357; x_wconf 68' lang='lat'><strong>32</strong></span> 
     </span>
    </p>
   </div>
   <div class='ocr_carea' id='block_1_2' title="bbox 443 418 3796 494">
    <p class='ocr_par' dir='ltr' id='par_1_2' title="bbox 443 418 3796 494">
     <span class='ocr_line' id='line_1_2' title="bbox 443 418 3796 494; baseline -0.002 -13"><span class='ocrx_word' id='word_1_8' title='bbox 443 420 760 481; x_wconf 82' lang='lat' dir='ltr'><strong>sufﬁcerent</strong></span> <span class='ocrx_word' id='word_1_9' title='bbox 788 419 892 490; x_wconf 88' lang='lat' dir='ltr'><strong>eis,</strong></span> <span class='ocrx_word' id='word_1_10' title='bbox 921 433 1204 493; x_wconf 84' lang='lat' dir='ltr'><strong>quousque</strong></span> <span class='ocrx_word' id='word_1_11' title='bbox 1227 419 1646 490; x_wconf 88' lang='lat' dir='ltr'><strong>pervenirentin</strong></span> <span class='ocrx_word' id='word_1_12' title='bbox 1671 419 1847 491; x_wconf 77' lang='lat' dir='ltr'><strong>Rages</strong></span> <span class='ocrx_word' id='word_1_13' title='bbox 1864 419 2058 475; x_wconf 85' lang='lat' dir='ltr'><strong>civita-</strong></span> <span class='ocrx_word' id='word_1_14' title='bbox 2087 421 2140 482; x_wconf 82' lang='grc' dir='ltr'><strong>Α</strong></span> <span class='ocrx_word' id='word_1_15' title='bbox 2212 419 2532 491; x_wconf 74' lang='lat' dir='ltr'><strong>Postquam</strong></span> <span class='ocrx_word' id='word_1_16' title='bbox 2573 426 2755 474; x_wconf 89' lang='lat' dir='ltr'><strong>autem</strong></span> <span class='ocrx_word' id='word_1_17' title='bbox 2796 418 2963 476; x_wconf 91' lang='lat' dir='ltr'><strong>locuti</strong></span> <span class='ocrx_word' id='word_1_18' title='bbox 3014 428 3182 492; x_wconf 90' lang='lat' dir='ltr'><strong>sunt,</strong></span> <span class='ocrx_word' id='word_1_19' title='bbox 3236 421 3502 492; x_wconf 83' lang='lat' dir='ltr'><strong>praecepit</strong></span> <span class='ocrx_word' id='word_1_20' title='bbox 3558 419 3796 494; x_wconf 82' lang='lat' dir='ltr'><strong>Raguel</strong></span> 
     </span>
    </p>
   </div>
   <div class='ocr_carea' id='block_1_3' title="bbox 447 512 3792 588">
    <p class='ocr_par' dir='ltr' id='par_1_3' title="bbox 447 512 3792 588">
     <span class='ocr_line' id='line_1_3' title="bbox 447 512 3792 588; baseline -0.002 -12"><span class='ocrx_word' id='word_1_21' title='bbox 447 526 556 576; x_wconf 92' lang='lat' dir='ltr'><strong>tem</strong></span> <span class='ocrx_word' id='word_1_22' title='bbox 587 517 888 574; x_wconf 79' lang='lat' dir='ltr'><strong>Medorum.</strong></span> <span class='ocrx_word' id='word_1_23' title='bbox 919 516 1073 572; x_wconf 91' lang='lat' dir='ltr'><strong>Tune</strong></span> <span class='ocrx_word' id='word_1_24' title='bbox 1119 516 1475 588; x_wconf 75' lang='lat' dir='ltr'><strong>interrogavit</strong></span> <span class='ocrx_word' id='word_1_25' title='bbox 1516 515 1716 571; x_wconf 88' lang='lat' dir='ltr'><strong>Tobias</strong></span> <span class='ocrx_word' id='word_1_26' title='bbox 1742 515 1996 586; x_wconf 82' lang='lat' dir='ltr'><strong>angelum</strong></span> <span class='ocrx_word' id='word_1_27' title='bbox 2029 560 2044 585; x_wconf 87' lang='lat'><strong>,</strong></span> <span class='ocrx_word' id='word_1_28' title='bbox 2151 512 2322 568; x_wconf 88' lang='lat' dir='ltr'><strong>occidi</strong></span> <span class='ocrx_word' id='word_1_29' title='bbox 2352 513 2607 578; x_wconf 89' lang='lat' dir='ltr'><strong>arietem,</strong></span> <span class='ocrx_word' id='word_1_30' title='bbox 2635 524 2690 568; x_wconf 91' lang='lat' dir='ltr'><strong>et</strong></span> <span class='ocrx_word' id='word_1_31' title='bbox 2713 513 2892 583; x_wconf 83' lang='lat' dir='ltr'><strong>parari</strong></span> <span class='ocrx_word' id='word_1_32' title='bbox 2921 516 3255 570; x_wconf 78' lang='lat' dir='ltr'><strong>convivium.</strong></span> <span class='ocrx_word' id='word_1_33' title='bbox 3288 513 3535 586; x_wconf 89' lang='lat' dir='ltr'><strong>Cumque</strong></span> <span class='ocrx_word' id='word_1_34' title='bbox 3570 514 3792 571; x_wconf 88' lang='lat' dir='ltr'><strong>horta-</strong></span> 
     </span>
    </p>
   </div>
   <div class='ocr_carea' id='block_1_4' title="bbox 451 607 3774 679">
    <p class='ocr_par' dir='ltr' id='par_1_4' title="bbox 451 607 3774 679">
     <span class='ocr_line' id='line_1_4' title="bbox 451 607 3774 679; baseline -0.002 -9"><span class='ocrx_word' id='word_1_35' title='bbox 451 620 508 670; x_wconf 87' lang='lat' dir='ltr'><strong>et</strong></span> <span class='ocrx_word' id='word_1_36' title='bbox 534 610 669 668; x_wconf 91' lang='lat' dir='ltr'><strong>dixit</strong></span> <span class='ocrx_word' id='word_1_37' title='bbox 701 611 790 666; x_wconf 90' lang='lat' dir='ltr'><strong>ei:</strong></span> <span class='ocrx_word' id='word_1_38' title='bbox 822 611 1070 666; x_wconf 85' lang='lat' dir='ltr'><strong>Obsecro</strong></span> <span class='ocrx_word' id='word_1_39' title='bbox 1097 618 1174 677; x_wconf 90' lang='lat' dir='ltr'><strong>te,</strong></span> <span class='ocrx_word' id='word_1_40' title='bbox 1205 612 1398 666; x_wconf 83' lang='lat' dir='ltr'><strong>Azaria</strong></span> <span class='ocrx_word' id='word_1_41' title='bbox 1429 610 1619 676; x_wconf 83' lang='lat' dir='ltr'><strong>frater,</strong></span> <span class='ocrx_word' id='word_1_42' title='bbox 1649 609 1877 666; x_wconf 87' lang='lat' dir='ltr'><strong>utdicas</strong></span> <span class='ocrx_word' id='word_1_43' title='bbox 1893 611 2046 675; x_wconf 91' lang='lat' dir='ltr'><strong>mihi,</strong></span> <span class='ocrx_word' id='word_1_44' title='bbox 2151 617 2302 662; x_wconf 89' lang='lat' dir='ltr'><strong>retur</strong></span> <span class='ocrx_word' id='word_1_45' title='bbox 2328 619 2426 662; x_wconf 91' lang='lat' dir='ltr'><strong>eos</strong></span> <span class='ocrx_word' id='word_1_46' title='bbox 2467 607 2810 662; x_wconf 83' lang='lat' dir='ltr'><strong>discumbere</strong></span> <span class='ocrx_word' id='word_1_47' title='bbox 2856 607 2923 662; x_wconf 90' lang='lat' dir='ltr'><strong>ad</strong></span> <span class='ocrx_word' id='word_1_48' title='bbox 2955 609 3263 679; x_wconf 82' lang='lat' dir='ltr'><strong>prandium,</strong></span> <span class='ocrx_word' id='word_1_49' title='bbox 3314 609 3518 665; x_wconf 92' lang='lat' dir='ltr'><strong>Tobias</strong></span> <span class='ocrx_word' id='word_1_50' title='bbox 3560 608 3712 664; x_wconf 81' lang='lat' dir='ltr'><strong>dixit</strong></span> <span class='ocrx_word' id='word_1_51' title='bbox 3755 624 3774 662; x_wconf 88' lang='lat'><strong>:</strong></span> 
     </span>
    </p>
   </div>
   <div class='ocr_carea' id='block_1_5' title="bbox 447 698 3788 776">
    <p class='ocr_par' dir='ltr' id='par_1_5' title="bbox 447 698 3788 776">
     <span class='ocr_line' id='line_1_5' title="bbox 447 698 3788 776; baseline 0 -17"><span class='ocrx_word' id='word_1_52' title='bbox 447 702 594 774; x_wconf 89' lang='lat' dir='ltr'><strong>quod</strong></span> <span class='ocrx_word' id='word_1_53' title='bbox 628 701 934 759; x_wconf 84' lang='lat' dir='ltr'><strong>remedium</strong></span> <span class='ocrx_word' id='word_1_54' title='bbox 967 701 1248 757; x_wconf 89' lang='lat' dir='ltr'><strong>habebunt</strong></span> <span class='ocrx_word' id='word_1_55' title='bbox 1275 701 1379 756; x_wconf 84' lang='lat' dir='ltr'><strong>ista</strong></span> <span class='ocrx_word' id='word_1_56' title='bbox 1410 743 1425 767; x_wconf 97' lang='lat'><strong>,</strong></span> <span class='ocrx_word' id='word_1_57' title='bbox 1477 716 1597 770; x_wconf 78' lang='lat' dir='ltr'><strong>qum</strong></span> <span class='ocrx_word' id='word_1_58' title='bbox 1630 700 1699 755; x_wconf 90' lang='lat' dir='ltr'><strong>de</strong></span> <span class='ocrx_word' id='word_1_59' title='bbox 1740 699 1892 770; x_wconf 85' lang='lat' dir='ltr'><strong>pisce</strong></span> <span class='ocrx_word' id='word_1_60' title='bbox 1935 715 2052 756; x_wconf 83' lang='lat' dir='ltr'><strong>ser—</strong></span> <span class='ocrx_word' id='word_1_61' title='bbox 2153 698 2252 754; x_wconf 87' lang='lat' dir='ltr'><strong>llic</strong></span> <span class='ocrx_word' id='word_1_62' title='bbox 2294 713 2395 770; x_wconf 93' lang='lat' dir='ltr'><strong>ego</strong></span> <span class='ocrx_word' id='word_1_63' title='bbox 2437 699 2600 757; x_wconf 87' lang='lat' dir='ltr'><strong>hodie</strong></span> <span class='ocrx_word' id='word_1_64' title='bbox 2631 716 2740 756; x_wconf 88' lang='lat' dir='ltr'><strong>non</strong></span> <span class='ocrx_word' id='word_1_65' title='bbox 2773 701 3117 760; x_wconf 76' lang='lat' dir='ltr'><strong>manducabo</strong></span> <span class='ocrx_word' id='word_1_66' title='bbox 3164 719 3342 776; x_wconf 88' lang='lat' dir='ltr'><strong>neque</strong></span> <span class='ocrx_word' id='word_1_67' title='bbox 3376 703 3557 759; x_wconf 83' lang='lat' dir='ltr'><strong>bibam</strong></span> <span class='ocrx_word' id='word_1_68' title='bbox 3581 745 3596 770; x_wconf 88' lang='lat'><strong>,</strong></span> <span class='ocrx_word' id='word_1_69' title='bbox 3657 703 3788 760; x_wconf 86' lang='lat' dir='ltr'><strong>nisi</strong></span> 
     </span>
    </p>
   </div>
   <div class='ocr_carea' id='block_1_6' title="bbox 450 790 3794 867">
    <p class='ocr_par' dir='ltr' id='par_1_6' title="bbox 450 790 3794 867">
     <span class='ocr_line' id='line_1_6' title="bbox 450 790 3794 867; baseline -0.001 -15"><span class='ocrx_word' id='word_1_70' title='bbox 450 811 581 852; x_wconf 82' lang='lat' dir='ltr'><strong>vare</strong></span> <span class='ocrx_word' id='word_1_71' title='bbox 605 795 865 865; x_wconf 89' lang='lat' dir='ltr'><strong>jussisti?</strong></span> <span class='ocrx_word' id='word_1_72' title='bbox 899 795 966 850; x_wconf 87' lang='lat' dir='ltr'><strong>Et</strong></span> <span class='ocrx_word' id='word_1_73' title='bbox 997 793 1336 864; x_wconf 70' lang='lat' dir='ltr'><strong>respondens</strong></span> <span class='ocrx_word' id='word_1_74' title='bbox 1362 793 1613 863; x_wconf 83' lang='lat' dir='ltr'><strong>angelus,</strong></span> <span class='ocrx_word' id='word_1_75' title='bbox 1636 792 1772 848; x_wconf 89' lang='lat' dir='ltr'><strong>dixit</strong></span> <span class='ocrx_word' id='word_1_76' title='bbox 1797 792 1848 848; x_wconf 90' lang='lat' dir='ltr'><strong>ei</strong></span> <span class='ocrx_word' id='word_1_77' title='bbox 1875 807 1889 845; x_wconf 92' lang='lat'><strong>:</strong></span> <span class='ocrx_word' id='word_1_78' title='bbox 1920 790 2055 846; x_wconf 88' lang='lat' dir='ltr'><strong>Cor-</strong></span> <span class='ocrx_word' id='word_1_79' title='bbox 2154 793 2306 864; x_wconf 91' lang='lat' dir='ltr'><strong>prius</strong></span> <span class='ocrx_word' id='word_1_80' title='bbox 2339 793 2664 864; x_wconf 89' lang='lat' dir='ltr'><strong>petitionem</strong></span> <span class='ocrx_word' id='word_1_81' title='bbox 2692 809 2869 850; x_wconf 90' lang='lat' dir='ltr'><strong>meam</strong></span> <span class='ocrx_word' id='word_1_82' title='bbox 2897 797 3214 864; x_wconf 87' lang='lat' dir='ltr'><strong>conﬁrmes,</strong></span> <span class='ocrx_word' id='word_1_83' title='bbox 3235 805 3291 852; x_wconf 90' lang='lat' dir='ltr'><strong>et</strong></span> <span class='ocrx_word' id='word_1_84' title='bbox 3317 798 3606 867; x_wconf 83' lang='lat' dir='ltr'><strong>promittas</strong></span> <span class='ocrx_word' id='word_1_85' title='bbox 3629 793 3794 850; x_wconf 90' lang='lat' dir='ltr'><strong>mihi</strong></span> 
     </span>
    </p>
   </div>
   <div class='ocr_carea' id='block_1_7' title="bbox 451 883 2054 960">
    <p class='ocr_par' dir='ltr' id='par_1_7' title="bbox 451 883 2054 960">
     <span class='ocr_line' id='line_1_7' title="bbox 451 883 2054 960; baseline -0.004 -15"><span class='ocrx_word' id='word_1_86' title='bbox 451 887 536 945; x_wconf 89' lang='lat' dir='ltr'><strong>dis</strong></span> <span class='ocrx_word' id='word_1_87' title='bbox 563 887 679 960; x_wconf 88' lang='lat' dir='ltr'><strong>ejus</strong></span> <span class='ocrx_word' id='word_1_88' title='bbox 703 886 1021 959; x_wconf 82' lang='lat' dir='ltr'><strong>particulam</strong></span> <span class='ocrx_word' id='word_1_89' title='bbox 1051 887 1096 942; x_wconf 92' lang='lat' dir='ltr'><strong>si</strong></span> <span class='ocrx_word' id='word_1_90' title='bbox 1138 901 1301 956; x_wconf 80' lang='lat' dir='ltr'><strong>super</strong></span> <span class='ocrx_word' id='word_1_91' title='bbox 1330 887 1602 941; x_wconf 88' lang='lat' dir='ltr'><strong>carbones</strong></span> <span class='ocrx_word' id='word_1_92' title='bbox 1633 901 1837 957; x_wconf 91' lang='lat' dir='ltr'><strong>ponas,</strong></span> <span class='ocrx_word' id='word_1_93' title='bbox 1871 883 2054 940; x_wconf 90' lang='lat' dir='ltr'><strong>fumus</strong></span> 
     </span>
    </p>
   </div>
   <div class='ocr_carea' id='block_1_8' title="bbox 451 967 2047 1056">
    <p class='ocr_par' dir='ltr' id='par_1_8' title="bbox 451 967 2047 1056">
     <span class='ocr_line' id='line_1_8' title="bbox 451 967 2047 1056; baseline -0.006 -18"><span class='ocrx_word' id='word_1_94' title='bbox 451 970 572 1050; x_wconf 83' lang='lat' dir='ltr'><strong>ejus</strong></span> <span class='ocrx_word' id='word_1_95' title='bbox 590 967 836 1038; x_wconf 75' lang='lat' dir='ltr'><strong>extricat</strong></span> <span class='ocrx_word' id='word_1_96' title='bbox 862 993 1024 1035; x_wconf 89' lang='lat' dir='ltr'><strong>omne</strong></span> <span class='ocrx_word' id='word_1_97' title='bbox 1053 993 1222 1050; x_wconf 82' lang='lat' dir='ltr'><strong>genus</strong></span> <span class='ocrx_word' id='word_1_98' title='bbox 1243 978 1665 1056; x_wconf 78' lang='lat' dir='ltr'><strong>daemoniorum,</strong></span> <span class='ocrx_word' id='word_1_99' title='bbox 1695 978 1812 1033; x_wconf 87' lang='lat' dir='ltr'><strong>sive</strong></span> <span class='ocrx_word' id='word_1_100' title='bbox 1842 991 1872 1030; x_wconf 89' lang='lat' dir='ltr'><strong>a</strong></span> <span class='ocrx_word' id='word_1_101' title='bbox 1902 976 2047 1043; x_wconf 90' lang='lat' dir='ltr'><strong>viro,</strong></span> 
     </span>
    </p>
   </div>
   <div class='ocr_carea' id='block_1_9' title="bbox 449 1067 2051 1140">
    <p class='ocr_par' dir='ltr' id='par_1_9' title="bbox 449 1067 2051 1140">
     <span class='ocr_line' id='line_1_9' title="bbox 449 1067 2051 1140; baseline -0.006 -11"><span class='ocrx_word' id='word_1_102' title='bbox 449 1072 576 1130; x_wconf 63' lang='lat' dir='ltr'><strong>sive,</strong></span> <span class='ocrx_word' id='word_1_103' title='bbox 618 1087 647 1126; x_wconf 86' lang='lat' dir='ltr'><strong>a</strong></span> <span class='ocrx_word' id='word_1_104' title='bbox 695 1071 946 1136; x_wconf 88' lang='lat' dir='ltr'><strong>muliere,</strong></span> <span class='ocrx_word' id='word_1_105' title='bbox 979 1072 1051 1126; x_wconf 82' lang='lat' dir='ltr'><strong>ita</strong></span> <span class='ocrx_word' id='word_1_106' title='bbox 1104 1081 1162 1126; x_wconf 92' lang='lat' dir='ltr'><strong>nt</strong></span> <span class='ocrx_word' id='word_1_107' title='bbox 1212 1072 1354 1126; x_wconf 86' lang='lat' dir='ltr'><strong>ultra</strong></span> <span class='ocrx_word' id='word_1_108' title='bbox 1400 1087 1506 1125; x_wconf 89' lang='lat' dir='ltr'><strong>non</strong></span> <span class='ocrx_word' id='word_1_109' title='bbox 1549 1069 1778 1140; x_wconf 73' lang='lat' dir='ltr'><strong>accedat</strong></span> <span class='ocrx_word' id='word_1_110' title='bbox 1825 1067 1892 1122; x_wconf 89' lang='lat' dir='ltr'><strong>ad</strong></span> <span class='ocrx_word' id='word_1_111' title='bbox 1937 1082 2051 1122; x_wconf 80' lang='lat' dir='ltr'><strong>eos.</strong></span> 
     </span>
    </p>
   </div>
   <div class='ocr_carea' id='block_1_10' title="bbox 457 1160 2058 1236">
    <p class='ocr_par' dir='ltr' id='par_1_10' title="bbox 457 1160 2058 1236">
     <span class='ocr_line' id='line_1_10' title="bbox 457 1160 2058 1236; baseline -0.004 -13"><span class='ocrx_word' id='word_1_112' title='bbox 457 1175 485 1204; x_wconf 79' lang='grc'><strong><em>⁸</em></strong></span> <span class='ocrx_word' id='word_1_113' title='bbox 513 1167 582 1222; x_wconf 85' lang='lat' dir='ltr'><strong>Et</strong></span> <span class='ocrx_word' id='word_1_114' title='bbox 611 1165 683 1222; x_wconf 89' lang='lat' dir='ltr'><strong>fel</strong></span> <span class='ocrx_word' id='word_1_115' title='bbox 715 1166 857 1222; x_wconf 89' lang='lat' dir='ltr'><strong>valet</strong></span> <span class='ocrx_word' id='word_1_116' title='bbox 884 1166 950 1220; x_wconf 83' lang='lat' dir='ltr'><strong>ad</strong></span> <span class='ocrx_word' id='word_1_117' title='bbox 995 1165 1276 1236; x_wconf 87' lang='lat' dir='ltr'><strong>ungendos</strong></span> <span class='ocrx_word' id='word_1_118' title='bbox 1309 1165 1497 1222; x_wconf 89' lang='lat' dir='ltr'><strong>oculos</strong></span> <span class='ocrx_word' id='word_1_119' title='bbox 1545 1163 1600 1220; x_wconf 89' lang='lat' dir='ltr'><strong>in</strong></span> <span class='ocrx_word' id='word_1_120' title='bbox 1647 1162 1848 1234; x_wconf 89' lang='lat' dir='ltr'><strong>quibus</strong></span> <span class='ocrx_word' id='word_1_121' title='bbox 1893 1160 2058 1218; x_wconf 85' lang='lat' dir='ltr'><strong>fuerit</strong></span> 
     </span>
    </p>
   </div>
   <div class='ocr_carea' id='block_1_11' title="bbox 450 1256 1152 1328">
    <p class='ocr_par' dir='ltr' id='par_1_11' title="bbox 450 1256 1152 1328">
     <span class='ocr_line' id='line_1_11' title="bbox 450 1256 1152 1328; baseline -0.003 -15"><span class='ocrx_word' id='word_1_122' title='bbox 450 1256 672 1328; x_wconf 79' lang='lat' dir='ltr'><strong>albugo,</strong></span> <span class='ocrx_word' id='word_1_123' title='bbox 706 1265 763 1312; x_wconf 86' lang='lat' dir='ltr'><strong>et</strong></span> <span class='ocrx_word' id='word_1_124' title='bbox 790 1256 1152 1312; x_wconf 77' lang='lat' dir='ltr'><strong>sanabuntur.</strong></span> 
     </span>
    </p>
   </div>
   <div class='ocr_carea' id='block_1_12' title="bbox 526 1343 2061 1406">
    <p class='ocr_par' dir='ltr' id='par_1_12' title="bbox 526 1343 2061 1406">
     <span class='ocr_line' id='line_1_12' title="bbox 526 1343 2061 1406; baseline -0.004 0"><span class='ocrx_word' id='word_1_125' title='bbox 526 1349 597 1406; x_wconf 86' lang='lat' dir='ltr'><strong>Et</strong></span> <span class='ocrx_word' id='word_1_126' title='bbox 625 1348 766 1404; x_wconf 89' lang='lat' dir='ltr'><strong>dixit</strong></span> <span class='ocrx_word' id='word_1_127' title='bbox 794 1348 845 1404; x_wconf 88' lang='lat' dir='ltr'><strong>ei</strong></span> <span class='ocrx_word' id='word_1_128' title='bbox 869 1348 1071 1404; x_wconf 85' lang='lat' dir='ltr'><strong>Tobias</strong></span> <span class='ocrx_word' id='word_1_129' title='bbox 1101 1364 1116 1402; x_wconf 87' lang='lat'>:</span> <span class='ocrx_word' id='word_1_130' title='bbox 1148 1347 1248 1404; x_wconf 90' lang='lat' dir='ltr'><strong>Ubi</strong></span> <span class='ocrx_word' id='word_1_131' title='bbox 1297 1347 1379 1402; x_wconf 86' lang='lat' dir='ltr'><strong>vis</strong></span> <span class='ocrx_word' id='word_1_132' title='bbox 1411 1355 1468 1400; x_wconf 90' lang='lat' dir='ltr'><strong>ut</strong></span> <span class='ocrx_word' id='word_1_133' title='bbox 1520 1343 1884 1400; x_wconf 86' lang='lat' dir='ltr'><strong>maneamqu</strong></span> <span class='ocrx_word' id='word_1_134' title='bbox 1926 1343 2061 1400; x_wconf 78' lang='lat' dir='ltr'><strong>Res-</strong></span> 
     </span>
    </p>
   </div>
   <div class='ocr_carea' id='block_1_13' title="bbox 456 1439 2057 1515">
    <p class='ocr_par' dir='ltr' id='par_1_13' title="bbox 456 1439 2057 1515">
     <span class='ocr_line' id='line_1_13' title="bbox 456 1439 2057 1515; baseline -0.001 -17"><span class='ocrx_word' id='word_1_135' title='bbox 456 1442 817 1515; x_wconf 89' lang='lat' dir='ltr'><strong>pondensque</strong></span> <span class='ocrx_word' id='word_1_136' title='bbox 844 1443 1095 1512; x_wconf 78' lang='lat' dir='ltr'><strong>angelus,</strong></span> <span class='ocrx_word' id='word_1_137' title='bbox 1129 1442 1208 1497; x_wconf 84' lang='lat' dir='ltr'><strong>ait</strong></span> <span class='ocrx_word' id='word_1_138' title='bbox 1239 1459 1252 1497; x_wconf 91' lang='lat'><strong>:</strong></span> <span class='ocrx_word' id='word_1_139' title='bbox 1285 1442 1384 1497; x_wconf 88' lang='lat' dir='ltr'><strong>Est</strong></span> <span class='ocrx_word' id='word_1_140' title='bbox 1427 1441 1512 1496; x_wconf 88' lang='lat' dir='ltr'><strong>hic</strong></span> <span class='ocrx_word' id='word_1_141' title='bbox 1542 1440 1750 1511; x_wconf 79' lang='lat' dir='ltr'><strong>Raguel</strong></span> <span class='ocrx_word' id='word_1_142' title='bbox 1797 1439 2017 1496; x_wconf 89' lang='lat' dir='ltr'><strong>nomine</strong></span> <span class='ocrx_word' id='word_1_143' title='bbox 2040 1480 2057 1507; x_wconf 93' lang='lat'><strong>,</strong></span> 
     </span>
    </p>
   </div>
   <div class='ocr_carea' id='block_1_14' title="bbox 455 1530 2061 1606">
    <p class='ocr_par' dir='ltr' id='par_1_14' title="bbox 455 1530 2061 1606">
     <span class='ocr_line' id='line_1_14' title="bbox 455 1530 2061 1606; baseline -0.004 -14"><span class='ocrx_word' id='word_1_144' title='bbox 455 1536 542 1592; x_wconf 84' lang='lat' dir='ltr'><strong>vir</strong></span> <span class='ocrx_word' id='word_1_145' title='bbox 573 1535 912 1606; x_wconf 83' lang='lat' dir='ltr'><strong>propinquus</strong></span> <span class='ocrx_word' id='word_1_146' title='bbox 939 1533 1008 1589; x_wconf 90' lang='lat' dir='ltr'><strong>de</strong></span> <span class='ocrx_word' id='word_1_147' title='bbox 1039 1533 1183 1589; x_wconf 85' lang='lat' dir='ltr'><strong>tribu</strong></span> <span class='ocrx_word' id='word_1_148' title='bbox 1217 1542 1334 1598; x_wconf 89' lang='lat' dir='ltr'><strong>tua,</strong></span> <span class='ocrx_word' id='word_1_149' title='bbox 1361 1543 1417 1590; x_wconf 91' lang='lat' dir='ltr'><strong>et</strong></span> <span class='ocrx_word' id='word_1_150' title='bbox 1445 1533 1531 1589; x_wconf 92' lang='lat' dir='ltr'><strong>hic</strong></span> <span class='ocrx_word' id='word_1_151' title='bbox 1554 1532 1720 1588; x_wconf 82' lang='lat' dir='ltr'><strong>habet</strong></span> <span class='ocrx_word' id='word_1_152' title='bbox 1760 1530 1928 1586; x_wconf 88' lang='lat' dir='ltr'><strong>ﬁliam</strong></span> <span class='ocrx_word' id='word_1_153' title='bbox 1960 1543 2061 1586; x_wconf 90' lang='lat' dir='ltr'><strong>no-</strong></span> 
     </span>
    </p>
   </div>
   <div class='ocr_carea' id='block_1_15' title="bbox 456 1625 2060 1697">
    <p class='ocr_par' dir='ltr' id='par_1_15' title="bbox 456 1625 2060 1697">
     <span class='ocr_line' id='line_1_15' title="bbox 456 1625 2060 1697; baseline -0.004 -10"><span class='ocrx_word' id='word_1_154' title='bbox 456 1629 606 1687; x_wconf 86' lang='lat' dir='ltr'><strong>mine</strong></span> <span class='ocrx_word' id='word_1_155' title='bbox 649 1629 865 1696; x_wconf 87' lang='lat' dir='ltr'><strong>Saram,</strong></span> <span class='ocrx_word' id='word_1_156' title='bbox 898 1627 994 1684; x_wconf 85' lang='lat' dir='ltr'><strong>sed</strong></span> <span class='ocrx_word' id='word_1_157' title='bbox 1027 1641 1204 1697; x_wconf 86' lang='lat' dir='ltr'><strong>neque</strong></span> <span class='ocrx_word' id='word_1_158' title='bbox 1234 1627 1558 1692; x_wconf 83' lang='lat' dir='ltr'><strong>masculum,</strong></span> <span class='ocrx_word' id='word_1_159' title='bbox 1592 1640 1767 1696; x_wconf 90' lang='lat' dir='ltr'><strong>neque</strong></span> <span class='ocrx_word' id='word_1_160' title='bbox 1799 1625 2060 1681; x_wconf 71' lang='lat' dir='ltr'><strong>feminam</strong></span> 
     </span>
    </p>
   </div>
   <div class='ocr_carea' id='block_1_16' title="bbox 455 1719 2061 1804">
    <p class='ocr_par' dir='ltr' id='par_1_16' title="bbox 455 1719 2061 1804">
     <span class='ocr_line' id='line_1_16' title="bbox 455 1719 2061 1804; baseline -0.004 -24"><span class='ocrx_word' id='word_1_161' title='bbox 455 1723 624 1780; x_wconf 89' lang='lat' dir='ltr'><strong>ullam</strong></span> <span class='ocrx_word' id='word_1_162' title='bbox 651 1721 816 1778; x_wconf 84' lang='lat' dir='ltr'><strong>habet</strong></span> <span class='ocrx_word' id='word_1_163' title='bbox 843 1720 1004 1776; x_wconf 81' lang='lat' dir='ltr'><strong>aliam</strong></span> <span class='ocrx_word' id='word_1_164' title='bbox 1035 1730 1236 1791; x_wconf 68' lang='lat' dir='ltr'><strong>praeter</strong></span> <span class='ocrx_word' id='word_1_165' title='bbox 1266 1735 1412 1776; x_wconf 89' lang='lat' dir='ltr'><strong>eam.</strong></span> <span class='ocrx_word' id='word_1_166' title='bbox 1451 1720 1573 1776; x_wconf 90' lang='lat' dir='ltr'><strong>Tibi</strong></span> <span class='ocrx_word' id='word_1_167' title='bbox 1616 1719 1852 1775; x_wconf 89' lang='lat' dir='ltr'><strong>debetur</strong></span> <span class='ocrx_word' id='word_1_168' title='bbox 1881 1719 2061 1804; x_wconf 75' lang='lat' dir='ltr'><strong>omnis</strong></span> 
     </span>
    </p>
   </div>
   <div class='ocr_carea' id='block_1_17' title="bbox 2158 887 3798 962">
    <p class='ocr_par' dir='ltr' id='par_1_17' title="bbox 2158 887 3798 962">
     <span class='ocr_line' id='line_1_17' title="bbox 2158 887 3798 962; baseline 0.001 -19"><span class='ocrx_word' id='word_1_169' title='bbox 2158 887 2290 943; x_wconf 90' lang='lat' dir='ltr'><strong>dare</strong></span> <span class='ocrx_word' id='word_1_170' title='bbox 2310 887 2498 944; x_wconf 90' lang='lat' dir='ltr'><strong>Saram</strong></span> <span class='ocrx_word' id='word_1_171' title='bbox 2534 887 2699 943; x_wconf 86' lang='lat' dir='ltr'><strong>filiam</strong></span> <span class='ocrx_word' id='word_1_172' title='bbox 2741 897 2910 944; x_wconf 87' lang='lat' dir='ltr'><strong>luam.</strong></span> <span class='ocrx_word' id='word_1_173' title='bbox 2941 891 3060 957; x_wconf 89' lang='lat' dir='ltr'><strong>Quo</strong></span> <span class='ocrx_word' id='word_1_174' title='bbox 3096 892 3283 947; x_wconf 91' lang='lat' dir='ltr'><strong>audito</strong></span> <span class='ocrx_word' id='word_1_175' title='bbox 3323 893 3526 958; x_wconf 83' lang='lat' dir='ltr'><strong>verbo,</strong></span> <span class='ocrx_word' id='word_1_176' title='bbox 3558 889 3798 962; x_wconf 72' lang='lat' dir='ltr'><strong>ltagucl</strong></span> 
     </span>
    </p>
   </div>
   <div class='ocr_carea' id='block_1_18' title="bbox 2157 981 3804 1056">
    <p class='ocr_par' dir='ltr' id='par_1_18' title="bbox 2157 981 3804 1056">
     <span class='ocr_line' id='line_1_18' title="bbox 2157 981 3804 1056; baseline 0.001 -20"><span class='ocrx_word' id='word_1_177' title='bbox 2157 981 2406 1051; x_wconf 80' lang='lat' dir='ltr'><strong>expavit,</strong></span> <span class='ocrx_word' id='word_1_178' title='bbox 2435 983 2615 1037; x_wconf 90' lang='lat' dir='ltr'><strong>sciens</strong></span> <span class='ocrx_word' id='word_1_179' title='bbox 2641 982 2770 1054; x_wconf 88' lang='lat' dir='ltr'><strong>quid</strong></span> <span class='ocrx_word' id='word_1_180' title='bbox 2797 985 3044 1039; x_wconf 88' lang='lat' dir='ltr'><strong>evenerit</strong></span> <span class='ocrx_word' id='word_1_181' title='bbox 3075 984 3185 1041; x_wconf 89' lang='lat' dir='ltr'><strong>illis</strong></span> <span class='ocrx_word' id='word_1_182' title='bbox 3217 994 3428 1056; x_wconf 85' lang='lat' dir='ltr'><strong>septem</strong></span> <span class='ocrx_word' id='word_1_183' title='bbox 3457 985 3626 1051; x_wconf 88' lang='lat' dir='ltr'><strong>viris,</strong></span> <span class='ocrx_word' id='word_1_184' title='bbox 3688 983 3804 1055; x_wconf 85' lang='lat' dir='ltr'><strong>qui</strong></span> 
     </span>
    </p>
   </div>
   <div class='ocr_carea' id='block_1_19' title="bbox 2160 1074 3789 1150">
    <p class='ocr_par' dir='ltr' id='par_1_19' title="bbox 2160 1074 3789 1150">
     <span class='ocr_line' id='line_1_19' title="bbox 2160 1074 3789 1150; baseline 0.002 -20"><span class='ocrx_word' id='word_1_185' title='bbox 2160 1074 2396 1145; x_wconf 86' lang='lat' dir='ltr'><strong>ingressi</strong></span> <span class='ocrx_word' id='word_1_186' title='bbox 2439 1085 2567 1130; x_wconf 89' lang='lat' dir='ltr'><strong>sunt</strong></span> <span class='ocrx_word' id='word_1_187' title='bbox 2593 1076 2659 1131; x_wconf 93' lang='lat' dir='ltr'><strong>ad</strong></span> <span class='ocrx_word' id='word_1_188' title='bbox 2689 1092 2809 1132; x_wconf 89' lang='lat' dir='ltr'><strong>eam</strong></span> <span class='ocrx_word' id='word_1_189' title='bbox 2845 1095 2860 1135; x_wconf 92' lang='lat'>:</span> <span class='ocrx_word' id='word_1_190' title='bbox 2892 1090 2946 1134; x_wconf 92' lang='lat' dir='ltr'><strong>et</strong></span> <span class='ocrx_word' id='word_1_191' title='bbox 2975 1079 3170 1134; x_wconf 89' lang='lat' dir='ltr'><strong>timere</strong></span> <span class='ocrx_word' id='word_1_192' title='bbox 3207 1081 3373 1150; x_wconf 61' lang='lat' dir='ltr'><strong>coepit</strong></span> <span class='ocrx_word' id='word_1_193' title='bbox 3405 1096 3475 1135; x_wconf 89' lang='lat' dir='ltr'><strong>ne</strong></span> <span class='ocrx_word' id='word_1_194' title='bbox 3516 1079 3667 1135; x_wconf 89' lang='lat' dir='ltr'><strong>forte</strong></span> <span class='ocrx_word' id='word_1_195' title='bbox 3721 1087 3789 1134; x_wconf 89' lang='lat' dir='ltr'><strong>et</strong></span> 
     </span>
    </p>
   </div>
   <div class='ocr_carea' id='block_1_20' title="bbox 2160 1169 3793 1243">
    <p class='ocr_par' dir='ltr' id='par_1_20' title="bbox 2160 1169 3793 1243">
     <span class='ocr_line' id='line_1_20' title="bbox 2160 1169 3793 1243; baseline 0.002 -19"><span class='ocrx_word' id='word_1_196' title='bbox 2160 1169 2286 1224; x_wconf 92' lang='lat' dir='ltr'><strong>huic</strong></span> <span class='ocrx_word' id='word_1_197' title='bbox 2335 1170 2587 1226; x_wconf 89' lang='lat' dir='ltr'><strong>similiter</strong></span> <span class='ocrx_word' id='word_1_198' title='bbox 2623 1172 2982 1243; x_wconf 90' lang='lat' dir='ltr'><strong>contingeret.</strong></span> <span class='ocrx_word' id='word_1_199' title='bbox 3023 1173 3238 1228; x_wconf 86' lang='lat' dir='ltr'><strong>Etcum</strong></span> <span class='ocrx_word' id='word_1_200' title='bbox 3272 1182 3509 1239; x_wconf 88' lang='lat' dir='ltr'><strong>nutaret,</strong></span> <span class='ocrx_word' id='word_1_201' title='bbox 3560 1181 3619 1228; x_wconf 88' lang='lat' dir='ltr'><strong>et</strong></span> <span class='ocrx_word' id='word_1_202' title='bbox 3658 1190 3793 1228; x_wconf 89' lang='lat' dir='ltr'><strong>non</strong></span> 
     </span>
    </p>
   </div>
   <div class='ocr_carea' id='block_1_21' title="bbox 2159 1262 3795 1334">
    <p class='ocr_par' dir='ltr' id='par_1_21' title="bbox 2159 1262 3795 1334">
     <span class='ocr_line' id='line_1_21' title="bbox 2159 1262 3795 1334; baseline 0.002 -18"><span class='ocrx_word' id='word_1_203' title='bbox 2159 1262 2315 1317; x_wconf 89' lang='lat' dir='ltr'><strong>daret</strong></span> <span class='ocrx_word' id='word_1_204' title='bbox 2344 1263 2562 1334; x_wconf 80' lang='lat' dir='ltr'><strong>petenti</strong></span> <span class='ocrx_word' id='word_1_205' title='bbox 2598 1263 2768 1319; x_wconf 89' lang='lat' dir='ltr'><strong>ullum</strong></span> <span class='ocrx_word' id='word_1_206' title='bbox 2807 1279 3161 1334; x_wconf 85' lang='lat' dir='ltr'><strong>responsum,</strong></span> <span class='ocrx_word' id='word_1_207' title='bbox 3207 1265 3346 1321; x_wconf 84' lang='lat' dir='ltr'><strong>dixit</strong></span> <span class='ocrx_word' id='word_1_208' title='bbox 3393 1268 3444 1325; x_wconf 90' lang='lat' dir='ltr'><strong>ei</strong></span> <span class='ocrx_word' id='word_1_209' title='bbox 3471 1267 3736 1334; x_wconf 37' lang='lat' dir='ltr'><strong>iangelus</strong></span> <span class='ocrx_word' id='word_1_210' title='bbox 3777 1282 3795 1320; x_wconf 92' lang='lat'><strong>:</strong></span> 
     </span>
    </p>
   </div>
   <div class='ocr_carea' id='block_1_22' title="bbox 2160 1353 3789 1430">
    <p class='ocr_par' dir='ltr' id='par_1_22' title="bbox 2160 1353 3789 1430">
     <span class='ocr_line' id='line_1_22' title="bbox 2160 1353 3789 1430; baseline 0.005 -22"><span class='ocrx_word' id='word_1_211' title='bbox 2160 1353 2282 1409; x_wconf 85' lang='lat' dir='ltr'><strong>Noli</strong></span> <span class='ocrx_word' id='word_1_212' title='bbox 2312 1357 2505 1411; x_wconf 89' lang='lat' dir='ltr'><strong>timere</strong></span> <span class='ocrx_word' id='word_1_213' title='bbox 2549 1356 2678 1412; x_wconf 91' lang='lat' dir='ltr'><strong>dare</strong></span> <span class='ocrx_word' id='word_1_214' title='bbox 2727 1371 2848 1412; x_wconf 89' lang='lat' dir='ltr'><strong>eam</strong></span> <span class='ocrx_word' id='word_1_215' title='bbox 2882 1359 3009 1426; x_wconf 68' lang='lat' dir='ltr'><strong>isti,</strong></span> <span class='ocrx_word' id='word_1_216' title='bbox 3054 1361 3311 1430; x_wconf 88' lang='lat' dir='ltr'><strong>quoniam</strong></span> <span class='ocrx_word' id='word_1_217' title='bbox 3365 1360 3493 1416; x_wconf 89' lang='lat' dir='ltr'><strong>huic</strong></span> <span class='ocrx_word' id='word_1_218' title='bbox 3540 1361 3789 1416; x_wconf 83' lang='lat' dir='ltr'><strong>timenti</strong></span> 
     </span>
    </p>
   </div>
   <div class='ocr_carea' id='block_1_23' title="bbox 2165 1448 3802 1520">
    <p class='ocr_par' dir='ltr' id='par_1_23' title="bbox 2165 1448 3802 1520">
     <span class='ocr_line' id='line_1_23' title="bbox 2165 1448 3802 1520; baseline 0.002 -16"><span class='ocrx_word' id='word_1_219' title='bbox 2165 1448 2335 1504; x_wconf 85' lang='lat' dir='ltr'><strong>Deum</strong></span> <span class='ocrx_word' id='word_1_220' title='bbox 2365 1448 2592 1504; x_wconf 86' lang='lat' dir='ltr'><strong>debetur</strong></span> <span class='ocrx_word' id='word_1_221' title='bbox 2621 1450 2818 1520; x_wconf 87' lang='lat' dir='ltr'><strong>conjux</strong></span> <span class='ocrx_word' id='word_1_222' title='bbox 2852 1450 2958 1504; x_wconf 88' lang='lat' dir='ltr'><strong>ﬁlia</strong></span> <span class='ocrx_word' id='word_1_223' title='bbox 2999 1459 3087 1505; x_wconf 91' lang='lat' dir='ltr'><strong>tua</strong></span> <span class='ocrx_word' id='word_1_224' title='bbox 3123 1468 3136 1505; x_wconf 90' lang='lat'>:</span> <span class='ocrx_word' id='word_1_225' title='bbox 3171 1461 3454 1520; x_wconf 85' lang='lat' dir='ltr'><strong>prepterea</strong></span> <span class='ocrx_word' id='word_1_226' title='bbox 3486 1452 3636 1508; x_wconf 87' lang='lat' dir='ltr'><strong>alius</strong></span> <span class='ocrx_word' id='word_1_227' title='bbox 3676 1466 3802 1507; x_wconf 88' lang='lat' dir='ltr'><strong>non</strong></span> 
     </span>
    </p>
   </div>
   <div class='ocr_carea' id='block_1_24' title="bbox 2164 1539 3806 1614">
    <p class='ocr_par' dir='ltr' id='par_1_24' title="bbox 2164 1539 3806 1614">
     <span class='ocr_line' id='line_1_24' title="bbox 2164 1539 3806 1614; baseline 0.001 -20"><span class='ocrx_word' id='word_1_228' title='bbox 2164 1539 2344 1612; x_wconf 89' lang='lat' dir='ltr'><strong>potuit</strong></span> <span class='ocrx_word' id='word_1_229' title='bbox 2369 1541 2571 1608; x_wconf 76' lang='lat' dir='ltr'><strong>habere</strong></span> <span class='ocrx_word' id='word_1_230' title='bbox 2603 1541 2772 1596; x_wconf 88' lang='lat' dir='ltr'><strong>illam.</strong></span> <span class='ocrx_word' id='word_1_231' title='bbox 2804 1543 2959 1597; x_wconf 91' lang='lat' dir='ltr'><strong>Tunc</strong></span> <span class='ocrx_word' id='word_1_232' title='bbox 2984 1542 3123 1597; x_wconf 80' lang='lat' dir='ltr'><strong>dixit</strong></span> <span class='ocrx_word' id='word_1_233' title='bbox 3151 1543 3396 1614; x_wconf 74' lang='lat' dir='ltr'><strong>llaguel:</strong></span> <span class='ocrx_word' id='word_1_234' title='bbox 3427 1543 3545 1598; x_wconf 84' lang='lat' dir='ltr'><strong>Non</strong></span> <span class='ocrx_word' id='word_1_235' title='bbox 3581 1542 3806 1597; x_wconf 89' lang='lat' dir='ltr'><strong>dubito</strong></span> 
     </span>
    </p>
   </div>
   <div class='ocr_carea' id='block_1_25' title="bbox 2163 1631 3807 1708">
    <p class='ocr_par' dir='ltr' id='par_1_25' title="bbox 2163 1631 3807 1708">
     <span class='ocr_line' id='line_1_25' title="bbox 2163 1631 3807 1708; baseline 0.003 -22"><span class='ocrx_word' id='word_1_236' title='bbox 2163 1631 2310 1704; x_wconf 90' lang='lat' dir='ltr'><strong>quod</strong></span> <span class='ocrx_word' id='word_1_237' title='bbox 2337 1632 2477 1687; x_wconf 90' lang='lat' dir='ltr'><strong>Deus</strong></span> <span class='ocrx_word' id='word_1_238' title='bbox 2505 1645 2728 1702; x_wconf 89' lang='lat' dir='ltr'><strong>preces,</strong></span> <span class='ocrx_word' id='word_1_239' title='bbox 2759 1643 2813 1688; x_wconf 90' lang='lat' dir='ltr'><strong>et</strong></span> <span class='ocrx_word' id='word_1_240' title='bbox 2844 1634 3120 1706; x_wconf 87' lang='lat' dir='ltr'><strong>lacrymas</strong></span> <span class='ocrx_word' id='word_1_241' title='bbox 3167 1649 3317 1691; x_wconf 92' lang='lat' dir='ltr'><strong>meas</strong></span> <span class='ocrx_word' id='word_1_242' title='bbox 3359 1635 3416 1690; x_wconf 91' lang='lat' dir='ltr'><strong>in</strong></span> <span class='ocrx_word' id='word_1_243' title='bbox 3464 1645 3807 1708; x_wconf 87' lang='lat' dir='ltr'><strong>conspectu</strong></span> 
     </span>
    </p>
   </div>
   <div class='ocr_carea' id='block_1_26' title="bbox 2164 1723 3807 1796">
    <p class='ocr_par' dir='ltr' id='par_1_26' title="bbox 2164 1723 3807 1796">
     <span class='ocr_line' id='line_1_26' title="bbox 2164 1723 3807 1796; baseline 0.003 -18"><span class='ocrx_word' id='word_1_244' title='bbox 2164 1737 2264 1779; x_wconf 90' lang='lat' dir='ltr'><strong>suo</strong></span> <span class='ocrx_word' id='word_1_245' title='bbox 2289 1723 2591 1779; x_wconf 80' lang='lat' dir='ltr'><strong>admiserit.</strong></span> <span class='ocrx_word' id='word_1_246' title='bbox 2623 1725 2691 1780; x_wconf 86' lang='lat' dir='ltr'><strong>Et</strong></span> <span class='ocrx_word' id='word_1_247' title='bbox 2737 1725 2908 1781; x_wconf 89' lang='lat' dir='ltr'><strong>credo</strong></span> <span class='ocrx_word' id='word_1_248' title='bbox 2941 1727 3202 1796; x_wconf 88' lang='lat' dir='ltr'><strong>quoniam</strong></span> <span class='ocrx_word' id='word_1_249' title='bbox 3235 1727 3364 1783; x_wconf 88' lang='lat' dir='ltr'><strong>ideo</strong></span> <span class='ocrx_word' id='word_1_250' title='bbox 3392 1727 3516 1782; x_wconf 90' lang='lat' dir='ltr'><strong>fecit</strong></span> <span class='ocrx_word' id='word_1_251' title='bbox 3543 1743 3659 1783; x_wconf 86' lang='lat' dir='ltr'><strong>vos</strong></span> <span class='ocrx_word' id='word_1_252' title='bbox 3693 1742 3807 1783; x_wconf 84' lang='lat' dir='ltr'><strong>ve-</strong></span> 
     </span>
    </p>
   </div>
   <div class='ocr_carea' id='block_1_27' title="bbox 461 1811 3811 1890">
    <p class='ocr_par' dir='ltr' id='par_1_27' title="bbox 461 1811 3811 1890">
     <span class='ocr_line' id='line_1_27' title="bbox 461 1811 3811 1890; baseline 0 -18"><span class='ocrx_word' id='word_1_253' title='bbox 461 1812 766 1872; x_wconf 86' lang='lat' dir='ltr'><strong>substantia</strong></span> <span class='ocrx_word' id='word_1_254' title='bbox 807 1812 949 1883; x_wconf 89' lang='lat' dir='ltr'><strong>ejus,</strong></span> <span class='ocrx_word' id='word_1_255' title='bbox 983 1819 1040 1868; x_wconf 89' lang='lat' dir='ltr'><strong>et</strong></span> <span class='ocrx_word' id='word_1_256' title='bbox 1065 1821 1282 1882; x_wconf 86' lang='lat' dir='ltr'><strong>oportet</strong></span> <span class='ocrx_word' id='word_1_257' title='bbox 1325 1827 1444 1868; x_wconf 89' lang='lat' dir='ltr'><strong>eam</strong></span> <span class='ocrx_word' id='word_1_258' title='bbox 1474 1819 1529 1867; x_wconf 88' lang='lat' dir='ltr'><strong>te</strong></span> <span class='ocrx_word' id='word_1_259' title='bbox 1569 1812 1827 1882; x_wconf 90' lang='lat' dir='ltr'><strong>accipere</strong></span> <span class='ocrx_word' id='word_1_260' title='bbox 1866 1811 2060 1881; x_wconf 81' lang='lat' dir='ltr'><strong>eonju-</strong></span> <span class='ocrx_word' id='word_1_261' title='bbox 2091 1815 2137 1876; x_wconf 89' lang='lat' dir='ltr'><strong>B</strong></span> <span class='ocrx_word' id='word_1_262' title='bbox 2165 1816 2282 1871; x_wconf 90' lang='lat' dir='ltr'><strong>nire</strong></span> <span class='ocrx_word' id='word_1_263' title='bbox 2309 1816 2376 1872; x_wconf 80' lang='lat' dir='ltr'><strong>ad</strong></span> <span class='ocrx_word' id='word_1_264' title='bbox 2412 1833 2520 1885; x_wconf 90' lang='lat' dir='ltr'><strong>me,</strong></span> <span class='ocrx_word' id='word_1_265' title='bbox 2549 1827 2606 1871; x_wconf 89' lang='lat' dir='ltr'><strong>ut</strong></span> <span class='ocrx_word' id='word_1_266' title='bbox 2637 1819 2738 1872; x_wconf 88' lang='lat' dir='ltr'><strong>ista</strong></span> <span class='ocrx_word' id='word_1_267' title='bbox 2768 1818 3193 1888; x_wconf 86' lang='lat' dir='ltr'><strong>eonjungeretnr</strong></span> <span class='ocrx_word' id='word_1_268' title='bbox 3217 1817 3531 1890; x_wconf 86' lang='lat' dir='ltr'><strong>cognationi</strong></span> <span class='ocrx_word' id='word_1_269' title='bbox 3559 1834 3692 1874; x_wconf 64' lang='lat' dir='ltr'><strong>suae</strong></span> <span class='ocrx_word' id='word_1_270' title='bbox 3709 1833 3811 1873; x_wconf 90' lang='lat' dir='ltr'><strong>se-</strong></span> 
     </span>
    </p>
   </div>
   <div class='ocr_carea' id='block_1_28' title="bbox 455 1904 2062 1980">
    <p class='ocr_par' dir='ltr' id='par_1_28' title="bbox 455 1904 2062 1980">
     <span class='ocr_line' id='line_1_28' title="bbox 455 1904 2062 1980; baseline -0.004 -15"><span class='ocrx_word' id='word_1_271' title='bbox 455 1923 605 1980; x_wconf 88' lang='lat' dir='ltr'><strong>gem.</strong></span> <span class='ocrx_word' id='word_1_272' title='bbox 636 1907 770 1964; x_wconf 88' lang='lat' dir='ltr'><strong>Pete</strong></span> <span class='ocrx_word' id='word_1_273' title='bbox 798 1921 929 1976; x_wconf 85' lang='lat' dir='ltr'><strong>ergo</strong></span> <span class='ocrx_word' id='word_1_274' title='bbox 955 1921 1073 1962; x_wconf 90' lang='lat' dir='ltr'><strong>eam</strong></span> <span class='ocrx_word' id='word_1_275' title='bbox 1105 1922 1137 1961; x_wconf 90' lang='lat' dir='ltr'><strong>a</strong></span> <span class='ocrx_word' id='word_1_276' title='bbox 1172 1915 1326 1975; x_wconf 87' lang='lat' dir='ltr'><strong>patre</strong></span> <span class='ocrx_word' id='word_1_277' title='bbox 1357 1907 1476 1976; x_wconf 85' lang='lat' dir='ltr'><strong>ejus</strong></span> <span class='ocrx_word' id='word_1_278' title='bbox 1496 1948 1510 1972; x_wconf 95' lang='lat'><strong>,</strong></span> <span class='ocrx_word' id='word_1_279' title='bbox 1535 1913 1591 1962; x_wconf 90' lang='lat' dir='ltr'><strong>et</strong></span> <span class='ocrx_word' id='word_1_280' title='bbox 1619 1905 1771 1960; x_wconf 80' lang='lat' dir='ltr'><strong>dabit</strong></span> <span class='ocrx_word' id='word_1_281' title='bbox 1801 1904 1902 1961; x_wconf 89' lang='lat' dir='ltr'><strong>tibi</strong></span> <span class='ocrx_word' id='word_1_282' title='bbox 1941 1920 2062 1961; x_wconf 89' lang='lat' dir='ltr'><strong>eam</strong></span> 
     </span>
    </p>
   </div>
   <div class='ocr_carea' id='block_1_29' title="bbox 455 1995 2066 2068">
    <p class='ocr_par' dir='ltr' id='par_1_29' title="bbox 455 1995 2066 2068">
     <span class='ocr_line' id='line_1_29' title="bbox 455 1995 2066 2068; baseline -0.002 -12"><span class='ocrx_word' id='word_1_283' title='bbox 455 1999 512 2056; x_wconf 87' lang='lat' dir='ltr'><strong>in</strong></span> <span class='ocrx_word' id='word_1_284' title='bbox 545 2013 793 2056; x_wconf 84' lang='lat' dir='ltr'><strong>uxorem.</strong></span> <span class='ocrx_word' id='word_1_285' title='bbox 822 1998 975 2054; x_wconf 88' lang='lat' dir='ltr'><strong>Tunc</strong></span> <span class='ocrx_word' id='word_1_286' title='bbox 1015 1999 1295 2068; x_wconf 86' lang='lat' dir='ltr'><strong>respondit</strong></span> <span class='ocrx_word' id='word_1_287' title='bbox 1349 1998 1578 2063; x_wconf 86' lang='lat' dir='ltr'><strong>Tobias,</strong></span> <span class='ocrx_word' id='word_1_288' title='bbox 1604 2005 1660 2052; x_wconf 91' lang='lat' dir='ltr'><strong>et</strong></span> <span class='ocrx_word' id='word_1_289' title='bbox 1681 1996 1858 2052; x_wconf 83' lang='lat' dir='ltr'><strong>dixit:</strong></span> <span class='ocrx_word' id='word_1_290' title='bbox 1889 1995 2066 2053; x_wconf 81' lang='lat' dir='ltr'><strong>Audio</strong></span> 
     </span>
    </p>
   </div>
   <div class='ocr_carea' id='block_1_30' title="bbox 454 2089 2060 2164">
    <p class='ocr_par' dir='ltr' id='par_1_30' title="bbox 454 2089 2060 2164">
     <span class='ocr_line' id='line_1_30' title="bbox 454 2089 2060 2164; baseline -0.002 -16"><span class='ocrx_word' id='word_1_291' title='bbox 454 2093 584 2164; x_wconf 84' lang='lat' dir='ltr'><strong>quia</strong></span> <span class='ocrx_word' id='word_1_292' title='bbox 629 2091 827 2148; x_wconf 80' lang='lat' dir='ltr'><strong>tradita</strong></span> <span class='ocrx_word' id='word_1_293' title='bbox 869 2100 954 2148; x_wconf 87' lang='lat' dir='ltr'><strong>est</strong></span> <span class='ocrx_word' id='word_1_294' title='bbox 995 2101 1207 2159; x_wconf 87' lang='lat' dir='ltr'><strong>septem</strong></span> <span class='ocrx_word' id='word_1_295' title='bbox 1233 2091 1387 2157; x_wconf 88' lang='lat' dir='ltr'><strong>viris,</strong></span> <span class='ocrx_word' id='word_1_296' title='bbox 1423 2099 1478 2146; x_wconf 92' lang='lat' dir='ltr'><strong>et</strong></span> <span class='ocrx_word' id='word_1_297' title='bbox 1532 2089 1737 2146; x_wconf 88' lang='lat' dir='ltr'><strong>mortui</strong></span> <span class='ocrx_word' id='word_1_298' title='bbox 1769 2099 1920 2155; x_wconf 87' lang='lat' dir='ltr'><strong>sunt,</strong></span> <span class='ocrx_word' id='word_1_299' title='bbox 1960 2089 2060 2145; x_wconf 88' lang='lat' dir='ltr'><strong>sed</strong></span> 
     </span>
    </p>
   </div>
   <div class='ocr_carea' id='block_1_31' title="bbox 459 2183 2065 2254">
    <p class='ocr_par' dir='ltr' id='par_1_31' title="bbox 459 2183 2065 2254">
     <span class='ocr_line' id='line_1_31' title="bbox 459 2183 2065 2254; baseline -0.004 -10"><span class='ocrx_word' id='word_1_300' title='bbox 459 2195 518 2244; x_wconf 88' lang='lat' dir='ltr'><strong>et</strong></span> <span class='ocrx_word' id='word_1_301' title='bbox 569 2186 676 2242; x_wconf 91' lang='lat' dir='ltr'><strong>hoc</strong></span> <span class='ocrx_word' id='word_1_302' title='bbox 717 2186 939 2252; x_wconf 86' lang='lat' dir='ltr'><strong>audivi,</strong></span> <span class='ocrx_word' id='word_1_303' title='bbox 987 2185 1112 2254; x_wconf 84' lang='lat' dir='ltr'><strong>quia</strong></span> <span class='ocrx_word' id='word_1_304' title='bbox 1151 2184 1483 2241; x_wconf 76' lang='lat' dir='ltr'><strong>dmmouium</strong></span> <span class='ocrx_word' id='word_1_305' title='bbox 1525 2183 1725 2240; x_wconf 82' lang='lat' dir='ltr'><strong>occidit</strong></span> <span class='ocrx_word' id='word_1_306' title='bbox 1775 2183 1918 2239; x_wconf 84' lang='lat' dir='ltr'><strong>illos.</strong></span> <span class='ocrx_word' id='word_1_307' title='bbox 1974 2183 2065 2238; x_wconf 88' lang='lat' dir='ltr'><strong>Ti-</strong></span> 
     </span>
    </p>
   </div>
   <div class='ocr_carea' id='block_1_32' title="bbox 458 2276 2068 2350">
    <p class='ocr_par' dir='ltr' id='par_1_32' title="bbox 458 2276 2068 2350">
     <span class='ocr_line' id='line_1_32' title="bbox 458 2276 2068 2350; baseline -0.002 -15"><span class='ocrx_word' id='word_1_308' title='bbox 458 2293 584 2336; x_wconf 86' lang='lat' dir='ltr'><strong>meo</strong></span> <span class='ocrx_word' id='word_1_309' title='bbox 631 2293 798 2350; x_wconf 90' lang='lat' dir='ltr'><strong>ergo,</strong></span> <span class='ocrx_word' id='word_1_310' title='bbox 852 2293 922 2334; x_wconf 90' lang='lat' dir='ltr'><strong>ne</strong></span> <span class='ocrx_word' id='word_1_311' title='bbox 970 2277 1113 2334; x_wconf 90' lang='lat' dir='ltr'><strong>forte</strong></span> <span class='ocrx_word' id='word_1_312' title='bbox 1165 2287 1223 2332; x_wconf 88' lang='lat' dir='ltr'><strong>et</strong></span> <span class='ocrx_word' id='word_1_313' title='bbox 1279 2276 1412 2333; x_wconf 86' lang='lat' dir='ltr'><strong>mihi</strong></span> <span class='ocrx_word' id='word_1_314' title='bbox 1469 2277 1586 2332; x_wconf 75' lang='lat' dir='ltr'><strong>hace</strong></span> <span class='ocrx_word' id='word_1_315' title='bbox 1645 2277 1900 2333; x_wconf 80' lang='lat' dir='ltr'><strong>eveniant</strong></span> <span class='ocrx_word' id='word_1_316' title='bbox 1945 2293 1957 2329; x_wconf 88' lang='lat'><strong>:</strong></span> <span class='ocrx_word' id='word_1_317' title='bbox 2012 2285 2068 2332; x_wconf 88' lang='lat' dir='ltr'><strong>et</strong></span> 
     </span>
    </p>
   </div>
   <div class='ocr_carea' id='block_1_33' title="bbox 459 2369 2069 2440">
    <p class='ocr_par' dir='ltr' id='par_1_33' title="bbox 459 2369 2069 2440">
     <span class='ocr_line' id='line_1_33' title="bbox 459 2369 2069 2440; baseline -0.002 -12"><span class='ocrx_word' id='word_1_318' title='bbox 459 2385 582 2428; x_wconf 90' lang='lat' dir='ltr'><strong>cum</strong></span> <span class='ocrx_word' id='word_1_319' title='bbox 631 2370 740 2426; x_wconf 88' lang='lat' dir='ltr'><strong>sim</strong></span> <span class='ocrx_word' id='word_1_320' title='bbox 805 2370 997 2426; x_wconf 88' lang='lat' dir='ltr'><strong>unicus</strong></span> <span class='ocrx_word' id='word_1_321' title='bbox 1048 2369 1362 2440; x_wconf 83' lang='lat' dir='ltr'><strong>parentibus</strong></span> <span class='ocrx_word' id='word_1_322' title='bbox 1417 2370 1554 2426; x_wconf 90' lang='lat' dir='ltr'><strong>meis</strong></span> <span class='ocrx_word' id='word_1_323' title='bbox 1588 2411 1603 2436; x_wconf 89' lang='lat'><strong>,</strong></span> <span class='ocrx_word' id='word_1_324' title='bbox 1655 2369 1923 2439; x_wconf 87' lang='lat' dir='ltr'><strong>deponam</strong></span> <span class='ocrx_word' id='word_1_325' title='bbox 1983 2383 2069 2425; x_wconf 85' lang='lat' dir='ltr'><strong>se-</strong></span> 
     </span>
    </p>
   </div>
   <div class='ocr_carea' id='block_1_34' title="bbox 461 2463 2069 2522">
    <p class='ocr_par' dir='ltr' id='par_1_34' title="bbox 461 2463 2069 2522">
     <span class='ocr_line' id='line_1_34' title="bbox 461 2463 2069 2522; baseline -0.002 0"><span class='ocrx_word' id='word_1_326' title='bbox 461 2474 738 2522; x_wconf 85' lang='lat' dir='ltr'><strong>nectutem</strong></span> <span class='ocrx_word' id='word_1_327' title='bbox 787 2463 1003 2520; x_wconf 91' lang='lat' dir='ltr'><strong>illorum</strong></span> <span class='ocrx_word' id='word_1_328' title='bbox 1049 2478 1174 2520; x_wconf 90' lang='lat' dir='ltr'><strong>cum</strong></span> <span class='ocrx_word' id='word_1_329' title='bbox 1235 2463 1452 2520; x_wconf 84' lang='lat' dir='ltr'><strong>tristitia</strong></span> <span class='ocrx_word' id='word_1_330' title='bbox 1507 2463 1576 2519; x_wconf 89' lang='lat' dir='ltr'><strong>ad</strong></span> <span class='ocrx_word' id='word_1_331' title='bbox 1633 2463 2069 2520; x_wconf 39' lang='lat' dir='ltr'><strong>inferospTune</strong></span> 
     </span>
    </p>
   </div>
   <div class='ocr_carea' id='block_1_35' title="bbox 459 2555 2068 2628">
    <p class='ocr_par' dir='ltr' id='par_1_35' title="bbox 459 2555 2068 2628">
     <span class='ocr_line' id='line_1_35' title="bbox 459 2555 2068 2628; baseline -0.001 -13"><span class='ocrx_word' id='word_1_332' title='bbox 459 2557 686 2628; x_wconf 79' lang='lat' dir='ltr'><strong>angelus</strong></span> <span class='ocrx_word' id='word_1_333' title='bbox 736 2555 980 2628; x_wconf 78' lang='lat' dir='ltr'><strong>Rapliael</strong></span> <span class='ocrx_word' id='word_1_334' title='bbox 1025 2555 1166 2613; x_wconf 89' lang='lat' dir='ltr'><strong>dixit</strong></span> <span class='ocrx_word' id='word_1_335' title='bbox 1212 2557 1264 2613; x_wconf 91' lang='lat' dir='ltr'><strong>ei</strong></span> <span class='ocrx_word' id='word_1_336' title='bbox 1292 2573 1307 2612; x_wconf 90' lang='lat'><strong>:</strong></span> <span class='ocrx_word' id='word_1_337' title='bbox 1337 2555 1477 2613; x_wconf 91' lang='lat' dir='ltr'><strong>Audi</strong></span> <span class='ocrx_word' id='word_1_338' title='bbox 1514 2571 1603 2614; x_wconf 92' lang='lat' dir='ltr'><strong>me</strong></span> <span class='ocrx_word' id='word_1_339' title='bbox 1630 2597 1645 2623; x_wconf 91' lang='lat'><strong>,</strong></span> <span class='ocrx_word' id='word_1_340' title='bbox 1684 2565 1740 2614; x_wconf 87' lang='lat' dir='ltr'><strong>et</strong></span> <span class='ocrx_word' id='word_1_341' title='bbox 1784 2557 2068 2614; x_wconf 88' lang='lat' dir='ltr'><strong>ostendam</strong></span> 
     </span>
    </p>
   </div>
   <div class='ocr_carea' id='block_1_36' title="bbox 463 2649 2065 2721">
    <p class='ocr_par' dir='ltr' id='par_1_36' title="bbox 463 2649 2065 2721">
     <span class='ocr_line' id='line_1_36' title="bbox 463 2649 2065 2721; baseline -0.001 -13"><span class='ocrx_word' id='word_1_342' title='bbox 463 2649 559 2708; x_wconf 92' lang='lat' dir='ltr'><strong>tibi</strong></span> <span class='ocrx_word' id='word_1_343' title='bbox 590 2649 682 2721; x_wconf 90' lang='lat' dir='ltr'><strong>qui</strong></span> <span class='ocrx_word' id='word_1_344' title='bbox 708 2657 865 2718; x_wconf 88' lang='lat' dir='ltr'><strong>sunt,</strong></span> <span class='ocrx_word' id='word_1_345' title='bbox 907 2649 1105 2720; x_wconf 89' lang='lat' dir='ltr'><strong>quibus</strong></span> <span class='ocrx_word' id='word_1_346' title='bbox 1160 2649 1460 2719; x_wconf 60' lang='lat' dir='ltr'><strong>praevalere</strong></span> <span class='ocrx_word' id='word_1_347' title='bbox 1499 2657 1676 2720; x_wconf 87' lang='lat' dir='ltr'><strong>potest</strong></span> <span class='ocrx_word' id='word_1_348' title='bbox 1713 2649 2065 2706; x_wconf 68' lang='lat' dir='ltr'><strong>daemonium.</strong></span> 
     </span>
    </p>
   </div>
   <div class='ocr_carea' id='block_1_37' title="bbox 465 2741 2068 2814">
    <p class='ocr_par' dir='ltr' id='par_1_37' title="bbox 465 2741 2068 2814">
     <span class='ocr_line' id='line_1_37' title="bbox 465 2741 2068 2814; baseline -0.003 -12"><span class='ocrx_word' id='word_1_349' title='bbox 465 2741 532 2802; x_wconf 82' lang='lat' dir='ltr'><strong>lli</strong></span> <span class='ocrx_word' id='word_1_350' title='bbox 573 2757 810 2812; x_wconf 87' lang='lat' dir='ltr'><strong>namque</strong></span> <span class='ocrx_word' id='word_1_351' title='bbox 857 2743 952 2812; x_wconf 88' lang='lat' dir='ltr'><strong>qui</strong></span> <span class='ocrx_word' id='word_1_352' title='bbox 997 2741 1312 2813; x_wconf 91' lang='lat' dir='ltr'><strong>conjugium</strong></span> <span class='ocrx_word' id='word_1_353' title='bbox 1352 2741 1426 2798; x_wconf 88' lang='lat' dir='ltr'><strong>ita</strong></span> <span class='ocrx_word' id='word_1_354' title='bbox 1455 2743 1779 2814; x_wconf 88' lang='lat' dir='ltr'><strong>suscipiunt,</strong></span> <span class='ocrx_word' id='word_1_355' title='bbox 1808 2751 1868 2798; x_wconf 93' lang='lat' dir='ltr'><strong>ut</strong></span> <span class='ocrx_word' id='word_1_356' title='bbox 1901 2742 2068 2798; x_wconf 89' lang='lat' dir='ltr'><strong>Deum</strong></span> 
     </span>
    </p>
   </div>
   <div class='ocr_carea' id='block_1_38' title="bbox 463 2835 2067 2906">
    <p class='ocr_par' dir='ltr' id='par_1_38' title="bbox 463 2835 2067 2906">
     <span class='ocr_line' id='line_1_38' title="bbox 463 2835 2067 2906; baseline 0.001 -14"><span class='ocrx_word' id='word_1_357' title='bbox 463 2849 496 2892; x_wconf 87' lang='lat' dir='ltr'><strong>a</strong></span> <span class='ocrx_word' id='word_1_358' title='bbox 547 2849 609 2894; x_wconf 79' lang='lat' dir='ltr'><strong>se</strong></span> <span class='ocrx_word' id='word_1_359' title='bbox 655 2843 715 2892; x_wconf 87' lang='lat' dir='ltr'><strong>et</strong></span> <span class='ocrx_word' id='word_1_360' title='bbox 770 2835 816 2906; x_wconf 61' lang='lat' dir='ltr'><strong>az</strong></span> <span class='ocrx_word' id='word_1_361' title='bbox 841 2850 939 2892; x_wconf 88' lang='lat' dir='ltr'><strong>sua</strong></span> <span class='ocrx_word' id='word_1_362' title='bbox 978 2843 1160 2892; x_wconf 88' lang='lat' dir='ltr'><strong>mente</strong></span> <span class='ocrx_word' id='word_1_363' title='bbox 1186 2835 1505 2903; x_wconf 88' lang='lat' dir='ltr'><strong>excludant,</strong></span> <span class='ocrx_word' id='word_1_364' title='bbox 1536 2847 1590 2894; x_wconf 93' lang='lat' dir='ltr'><strong>et</strong></span> <span class='ocrx_word' id='word_1_365' title='bbox 1611 2852 1724 2894; x_wconf 77' lang='lat' dir='ltr'><strong>suae</strong></span> <span class='ocrx_word' id='word_1_366' title='bbox 1753 2837 1962 2893; x_wconf 84' lang='lat' dir='ltr'><strong>libidini</strong></span> <span class='ocrx_word' id='word_1_367' title='bbox 1992 2836 2067 2894; x_wconf 85' lang='lat' dir='ltr'><strong>ita</strong></span> 
     </span>
    </p>
   </div>
   <div class='ocr_carea' id='block_1_39' title="bbox 465 2926 2068 3001">
    <p class='ocr_par' dir='ltr' id='par_1_39' title="bbox 465 2926 2068 3001">
     <span class='ocr_line' id='line_1_39' title="bbox 465 2926 2068 3001; baseline 0.001 -17"><span class='ocrx_word' id='word_1_368' title='bbox 465 2936 682 2995; x_wconf 79' lang='lat' dir='ltr'><strong>vacent,</strong></span> <span class='ocrx_word' id='word_1_369' title='bbox 734 2926 876 2984; x_wconf 85' lang='lat' dir='ltr'><strong>sicut</strong></span> <span class='ocrx_word' id='word_1_370' title='bbox 903 2943 1076 2998; x_wconf 85' lang='lat' dir='ltr'><strong>equus</strong></span> <span class='ocrx_word' id='word_1_371' title='bbox 1127 2937 1182 2986; x_wconf 91' lang='lat' dir='ltr'><strong>et</strong></span> <span class='ocrx_word' id='word_1_372' title='bbox 1210 2929 1408 2996; x_wconf 91' lang='lat' dir='ltr'><strong>mulus,</strong></span> <span class='ocrx_word' id='word_1_373' title='bbox 1437 2930 1634 3001; x_wconf 90' lang='lat' dir='ltr'><strong>quibus</strong></span> <span class='ocrx_word' id='word_1_374' title='bbox 1663 2946 1771 2987; x_wconf 90' lang='lat' dir='ltr'><strong>non</strong></span> <span class='ocrx_word' id='word_1_375' title='bbox 1796 2941 1882 2988; x_wconf 91' lang='lat' dir='ltr'><strong>est</strong></span> <span class='ocrx_word' id='word_1_376' title='bbox 1906 2931 2068 2987; x_wconf 84' lang='lat' dir='ltr'><strong>intel-</strong></span> 
     </span>
    </p>
   </div>
   <div class='ocr_carea' id='block_1_40' title="bbox 465 3021 2069 3096">
    <p class='ocr_par' dir='ltr' id='par_1_40' title="bbox 465 3021 2069 3096">
     <span class='ocr_line' id='line_1_40' title="bbox 465 3021 2069 3096; baseline 0.001 -18"><span class='ocrx_word' id='word_1_377' title='bbox 465 3021 640 3078; x_wconf 89' lang='lat' dir='ltr'><strong>lectus</strong></span> <span class='ocrx_word' id='word_1_378' title='bbox 673 3037 688 3076; x_wconf 85' lang='lat'><strong>:</strong></span> <span class='ocrx_word' id='word_1_379' title='bbox 720 3021 882 3077; x_wconf 91' lang='lat' dir='ltr'><strong>habet</strong></span> <span class='ocrx_word' id='word_1_380' title='bbox 931 3031 1258 3094; x_wconf 90' lang='lat' dir='ltr'><strong>potestatem</strong></span> <span class='ocrx_word' id='word_1_381' title='bbox 1285 3024 1616 3080; x_wconf 67' lang='lat' dir='ltr'><strong>daemonium</strong></span> <span class='ocrx_word' id='word_1_382' title='bbox 1654 3040 1820 3096; x_wconf 89' lang='lat' dir='ltr'><strong>super</strong></span> <span class='ocrx_word' id='word_1_383' title='bbox 1835 3040 1947 3082; x_wconf 89' lang='lat' dir='ltr'><strong>eos.</strong></span> <span class='ocrx_word' id='word_1_384' title='bbox 1984 3026 2069 3082; x_wconf 90' lang='lat' dir='ltr'><strong>Tu</strong></span> 
     </span>
    </p>
   </div>
   <div class='ocr_carea' id='block_1_41' title="bbox 467 3115 2074 3188">
    <p class='ocr_par' dir='ltr' id='par_1_41' title="bbox 467 3115 2074 3188">
     <span class='ocr_line' id='line_1_41' title="bbox 467 3115 2074 3188; baseline 0.001 -18"><span class='ocrx_word' id='word_1_385' title='bbox 467 3123 649 3172; x_wconf 86' lang='lat' dir='ltr'><strong>autem</strong></span> <span class='ocrx_word' id='word_1_386' title='bbox 689 3129 814 3171; x_wconf 88' lang='lat' dir='ltr'><strong>cum</strong></span> <span class='ocrx_word' id='word_1_387' title='bbox 845 3116 1130 3185; x_wconf 86' lang='lat' dir='ltr'><strong>acceperis</strong></span> <span class='ocrx_word' id='word_1_388' title='bbox 1158 3130 1277 3172; x_wconf 88' lang='lat' dir='ltr'><strong>eam</strong></span> <span class='ocrx_word' id='word_1_389' title='bbox 1307 3115 1589 3187; x_wconf 87' lang='lat' dir='ltr'><strong>ingressus</strong></span> <span class='ocrx_word' id='word_1_390' title='bbox 1615 3116 1950 3183; x_wconf 91' lang='lat' dir='ltr'><strong>cubiculum,</strong></span> <span class='ocrx_word' id='word_1_391' title='bbox 1977 3133 2074 3188; x_wconf 90' lang='lat' dir='ltr'><strong>per</strong></span> 
     </span>
    </p>
   </div>
   <div class='ocr_carea' id='block_1_42' title="bbox 2166 1908 3808 1982">
    <p class='ocr_par' dir='ltr' id='par_1_42' title="bbox 2166 1908 3808 1982">
     <span class='ocr_line' id='line_1_42' title="bbox 2166 1908 3808 1982; baseline 0.001 -18"><span class='ocrx_word' id='word_1_392' title='bbox 2166 1908 2403 1964; x_wconf 89' lang='lat' dir='ltr'><strong>cundum</strong></span> <span class='ocrx_word' id='word_1_393' title='bbox 2446 1908 2620 1979; x_wconf 86' lang='lat' dir='ltr'><strong>legem</strong></span> <span class='ocrx_word' id='word_1_394' title='bbox 2651 1908 2823 1982; x_wconf 82' lang='lat' dir='ltr'><strong>Moysi</strong></span> <span class='ocrx_word' id='word_1_395' title='bbox 2857 1919 2954 1965; x_wconf 90' lang='lat' dir='ltr'><strong>:et</strong></span> <span class='ocrx_word' id='word_1_396' title='bbox 2995 1925 3140 1965; x_wconf 88' lang='lat' dir='ltr'><strong>nunc</strong></span> <span class='ocrx_word' id='word_1_397' title='bbox 3169 1911 3280 1964; x_wconf 89' lang='lat' dir='ltr'><strong>noli</strong></span> <span class='ocrx_word' id='word_1_398' title='bbox 3313 1910 3538 1966; x_wconf 90' lang='lat' dir='ltr'><strong>dubium</strong></span> <span class='ocrx_word' id='word_1_399' title='bbox 3581 1925 3808 1981; x_wconf 84' lang='lat' dir='ltr'><strong>gerere</strong></span> 
     </span>
    </p>
   </div>
   <div class='ocr_carea' id='block_1_43' title="bbox 2167 2000 3799 2073">
    <p class='ocr_par' dir='ltr' id='par_1_43' title="bbox 2167 2000 3799 2073">
     <span class='ocr_line' id='line_1_43' title="bbox 2167 2000 3799 2073; baseline 0.002 -18"><span class='ocrx_word' id='word_1_400' title='bbox 2167 2001 2315 2072; x_wconf 91' lang='lat' dir='ltr'><strong>quod</strong></span> <span class='ocrx_word' id='word_1_401' title='bbox 2360 2000 2456 2057; x_wconf 89' lang='lat' dir='ltr'><strong>tibi</strong></span> <span class='ocrx_word' id='word_1_402' title='bbox 2489 2016 2612 2057; x_wconf 86' lang='lat' dir='ltr'><strong>eam</strong></span> <span class='ocrx_word' id='word_1_403' title='bbox 2655 2004 2891 2058; x_wconf 85' lang='lat' dir='ltr'><strong>tradam.</strong></span> <span class='ocrx_word' id='word_1_404' title='bbox 2925 2003 2990 2059; x_wconf 86' lang='lat' dir='ltr'><strong>Et</strong></span> <span class='ocrx_word' id='word_1_405' title='bbox 3019 2003 3442 2073; x_wconf 88' lang='lat' dir='ltr'><strong>apprehendens</strong></span> <span class='ocrx_word' id='word_1_406' title='bbox 3487 2004 3799 2059; x_wconf 86' lang='lat' dir='ltr'><strong>dexteram</strong></span> 
     </span>
    </p>
   </div>
   <div class='ocr_carea' id='block_1_44' title="bbox 2170 2091 3804 2164">
    <p class='ocr_par' dir='ltr' id='par_1_44' title="bbox 2170 2091 3804 2164">
     <span class='ocr_line' id='line_1_44' title="bbox 2170 2091 3804 2164; baseline 0.002 -16"><span class='ocrx_word' id='word_1_407' title='bbox 2170 2091 2297 2148; x_wconf 64' lang='lat' dir='ltr'><strong>ﬁliae</strong></span> <span class='ocrx_word' id='word_1_408' title='bbox 2351 2109 2484 2160; x_wconf 64' lang='lat' dir='ltr'><strong>suae,</strong></span> <span class='ocrx_word' id='word_1_409' title='bbox 2542 2094 2750 2150; x_wconf 82' lang='lat' dir='ltr'><strong>dextrae</strong></span> <span class='ocrx_word' id='word_1_410' title='bbox 2803 2095 2988 2151; x_wconf 74' lang='lat' dir='ltr'><strong>Tobiae</strong></span> <span class='ocrx_word' id='word_1_411' title='bbox 3039 2097 3306 2164; x_wconf 89' lang='lat' dir='ltr'><strong>tradidit,</strong></span> <span class='ocrx_word' id='word_1_412' title='bbox 3359 2097 3593 2153; x_wconf 89' lang='lat' dir='ltr'><strong>dicens:</strong></span> <span class='ocrx_word' id='word_1_413' title='bbox 3633 2096 3804 2152; x_wconf 86' lang='lat' dir='ltr'><strong>Deus</strong></span> 
     </span>
    </p>
   </div>
   <div class='ocr_carea' id='block_1_45' title="bbox 2168 2184 3803 2258">
    <p class='ocr_par' dir='ltr' id='par_1_45' title="bbox 2168 2184 3803 2258">
     <span class='ocr_line' id='line_1_45' title="bbox 2168 2184 3803 2258; baseline 0.002 -18"><span class='ocrx_word' id='word_1_414' title='bbox 2168 2184 2469 2254; x_wconf 85' lang='lat' dir='ltr'><strong>Abraham,</strong></span> <span class='ocrx_word' id='word_1_415' title='bbox 2498 2195 2553 2242; x_wconf 91' lang='lat' dir='ltr'><strong>et</strong></span> <span class='ocrx_word' id='word_1_416' title='bbox 2581 2187 2724 2242; x_wconf 87' lang='lat' dir='ltr'><strong>Deus</strong></span> <span class='ocrx_word' id='word_1_417' title='bbox 2750 2187 2919 2258; x_wconf 86' lang='lat' dir='ltr'><strong>Isaac,</strong></span> <span class='ocrx_word' id='word_1_418' title='bbox 2949 2198 3004 2244; x_wconf 92' lang='lat' dir='ltr'><strong>et</strong></span> <span class='ocrx_word' id='word_1_419' title='bbox 3027 2189 3166 2244; x_wconf 91' lang='lat' dir='ltr'><strong>Deus</strong></span> <span class='ocrx_word' id='word_1_420' title='bbox 3191 2188 3671 2245; x_wconf 82' lang='lat' dir='ltr'><strong>Jacobvobiscum</strong></span> <span class='ocrx_word' id='word_1_421' title='bbox 3690 2189 3803 2255; x_wconf 86' lang='lat' dir='ltr'><strong>sit,</strong></span> 
     </span>
    </p>
   </div>
   <div class='ocr_carea' id='block_1_46' title="bbox 2168 2280 3808 2354">
    <p class='ocr_par' dir='ltr' id='par_1_46' title="bbox 2168 2280 3808 2354">
     <span class='ocr_line' id='line_1_46' title="bbox 2168 2280 3808 2354; baseline 0.002 -21"><span class='ocrx_word' id='word_1_422' title='bbox 2168 2288 2226 2333; x_wconf 92' lang='lat' dir='ltr'><strong>et</strong></span> <span class='ocrx_word' id='word_1_423' title='bbox 2270 2280 2387 2348; x_wconf 89' lang='lat' dir='ltr'><strong>ipse</strong></span> <span class='ocrx_word' id='word_1_424' title='bbox 2432 2280 2726 2351; x_wconf 88' lang='lat' dir='ltr'><strong>conjungat</strong></span> <span class='ocrx_word' id='word_1_425' title='bbox 2760 2296 2858 2336; x_wconf 89' lang='lat' dir='ltr'><strong>vos</strong></span> <span class='ocrx_word' id='word_1_426' title='bbox 2885 2321 2901 2348; x_wconf 93' lang='lat'><strong>,</strong></span> <span class='ocrx_word' id='word_1_427' title='bbox 2946 2281 3278 2354; x_wconf 87' lang='lat' dir='ltr'><strong>impleatque</strong></span> <span class='ocrx_word' id='word_1_428' title='bbox 3331 2282 3808 2338; x_wconf 87' lang='lat' dir='ltr'><strong>benedictionem</strong></span> 
     </span>
    </p>
   </div>
   <div class='ocr_carea' id='block_1_47' title="bbox 2171 2375 3813 2446">
    <p class='ocr_par' dir='ltr' id='par_1_47' title="bbox 2171 2375 3813 2446">
     <span class='ocr_line' id='line_1_47' title="bbox 2171 2375 3813 2446; baseline -0.001 -16"><span class='ocrx_word' id='word_1_429' title='bbox 2171 2389 2325 2430; x_wconf 85' lang='lat' dir='ltr'><strong>suam</strong></span> <span class='ocrx_word' id='word_1_430' title='bbox 2348 2379 2400 2429; x_wconf 92' lang='lat' dir='ltr'><strong>in</strong></span> <span class='ocrx_word' id='word_1_431' title='bbox 2424 2375 2601 2430; x_wconf 83' lang='lat' dir='ltr'><strong>vobis.</strong></span> <span class='ocrx_word' id='word_1_432' title='bbox 2633 2375 2700 2431; x_wconf 85' lang='lat' dir='ltr'><strong>Et</strong></span> <span class='ocrx_word' id='word_1_433' title='bbox 2721 2386 2943 2446; x_wconf 87' lang='lat' dir='ltr'><strong>accepta</strong></span> <span class='ocrx_word' id='word_1_434' title='bbox 2973 2376 3187 2442; x_wconf 89' lang='lat' dir='ltr'><strong>charta,</strong></span> <span class='ocrx_word' id='word_1_435' title='bbox 3215 2377 3470 2432; x_wconf 89' lang='lat' dir='ltr'><strong>fecerunt</strong></span> <span class='ocrx_word' id='word_1_436' title='bbox 3499 2377 3813 2446; x_wconf 70' lang='lat' dir='ltr'><strong>consrrip—</strong></span> 
     </span>
    </p>
   </div>
   <div class='ocr_carea' id='block_1_48' title="bbox 2173 2465 3810 2540">
    <p class='ocr_par' dir='ltr' id='par_1_48' title="bbox 2173 2465 3810 2540">
     <span class='ocr_line' id='line_1_48' title="bbox 2173 2465 3810 2540; baseline 0.002 -19"><span class='ocrx_word' id='word_1_437' title='bbox 2173 2465 2374 2521; x_wconf 85' lang='lat' dir='ltr'><strong>tionem</strong></span> <span class='ocrx_word' id='word_1_438' title='bbox 2405 2467 2670 2538; x_wconf 86' lang='lat' dir='ltr'><strong>eonjugii.</strong></span> <span class='ocrx_word' id='word_1_439' title='bbox 2704 2467 2773 2522; x_wconf 85' lang='lat' dir='ltr'><strong>Et</strong></span> <span class='ocrx_word' id='word_1_440' title='bbox 2804 2478 2926 2540; x_wconf 87' lang='lat' dir='ltr'><strong>post</strong></span> <span class='ocrx_word' id='word_1_441' title='bbox 2955 2467 3074 2524; x_wconf 66' lang='lat' dir='ltr'><strong>haec</strong></span> <span class='ocrx_word' id='word_1_442' title='bbox 3111 2469 3316 2539; x_wconf 88' lang='lat' dir='ltr'><strong>epulati</strong></span> <span class='ocrx_word' id='word_1_443' title='bbox 3346 2478 3504 2537; x_wconf 89' lang='lat' dir='ltr'><strong>sunt,</strong></span> <span class='ocrx_word' id='word_1_444' title='bbox 3554 2467 3810 2525; x_wconf 88' lang='lat' dir='ltr'><strong>benedi-</strong></span> 
     </span>
    </p>
   </div>
   <div class='ocr_carea' id='block_1_49' title="bbox 2171 2560 2580 2615">
    <p class='ocr_par' dir='ltr' id='par_1_49' title="bbox 2171 2560 2580 2615">
     <span class='ocr_line' id='line_1_49' title="bbox 2171 2560 2580 2615; baseline 0 0"><span class='ocrx_word' id='word_1_445' title='bbox 2171 2567 2360 2615; x_wconf 86' lang='lat' dir='ltr'><strong>centes</strong></span> <span class='ocrx_word' id='word_1_446' title='bbox 2389 2560 2580 2615; x_wconf 89' lang='lat' dir='ltr'><strong>Deum.</strong></span> 
     </span>
    </p>
   </div>
   <div class='ocr_carea' id='block_1_50' title="bbox 2246 2651 3810 2722">
    <p class='ocr_par' dir='ltr' id='par_1_50' title="bbox 2246 2651 3810 2722">
     <span class='ocr_line' id='line_1_50' title="bbox 2246 2651 3810 2722; baseline 0.003 -17"><span class='ocrx_word' id='word_1_447' title='bbox 2246 2651 2581 2722; x_wconf 73' lang='lat' dir='ltr'><strong>Vocavitque</strong></span> <span class='ocrx_word' id='word_1_448' title='bbox 2608 2651 2818 2722; x_wconf 79' lang='lat' dir='ltr'><strong>Raguel</strong></span> <span class='ocrx_word' id='word_1_449' title='bbox 2849 2651 2916 2706; x_wconf 90' lang='lat' dir='ltr'><strong>ad</strong></span> <span class='ocrx_word' id='word_1_450' title='bbox 2947 2666 3008 2707; x_wconf 89' lang='lat' dir='ltr'><strong>se</strong></span> <span class='ocrx_word' id='word_1_451' title='bbox 3033 2651 3246 2707; x_wconf 86' lang='lat' dir='ltr'><strong>Annam</strong></span> <span class='ocrx_word' id='word_1_452' title='bbox 3271 2665 3495 2707; x_wconf 79' lang='lat' dir='ltr'><strong>uxorem</strong></span> <span class='ocrx_word' id='word_1_453' title='bbox 3520 2664 3715 2720; x_wconf 88' lang='lat' dir='ltr'><strong>suam,</strong></span> <span class='ocrx_word' id='word_1_454' title='bbox 3747 2663 3810 2709; x_wconf 86' lang='lat' dir='ltr'><strong>et</strong></span> 
     </span>
    </p>
   </div>
   <div class='ocr_carea' id='block_1_51' title="bbox 2175 2744 3808 2815">
    <p class='ocr_par' dir='ltr' id='par_1_51' title="bbox 2175 2744 3808 2815">
     <span class='ocr_line' id='line_1_51' title="bbox 2175 2744 3808 2815; baseline 0.001 -16"><span class='ocrx_word' id='word_1_455' title='bbox 2175 2744 2436 2814; x_wconf 74' lang='lat' dir='ltr'><strong>przrcepit</strong></span> <span class='ocrx_word' id='word_1_456' title='bbox 2484 2745 2536 2800; x_wconf 93' lang='lat' dir='ltr'><strong>ei</strong></span> <span class='ocrx_word' id='word_1_457' title='bbox 2576 2757 2632 2799; x_wconf 91' lang='lat' dir='ltr'><strong>ut</strong></span> <span class='ocrx_word' id='word_1_458' title='bbox 2676 2753 3014 2815; x_wconf 74' lang='lat' dir='ltr'><strong>prmpararet</strong></span> <span class='ocrx_word' id='word_1_459' title='bbox 3050 2746 3282 2799; x_wconf 86' lang='lat' dir='ltr'><strong>alterum</strong></span> <span class='ocrx_word' id='word_1_460' title='bbox 3328 2744 3670 2800; x_wconf 89' lang='lat' dir='ltr'><strong>cubiculum.</strong></span> <span class='ocrx_word' id='word_1_461' title='bbox 3731 2745 3808 2800; x_wconf 88' lang='lat' dir='ltr'><strong>Et</strong></span> 
     </span>
    </p>
   </div>
   <div class='ocr_carea' id='block_1_52' title="bbox 2173 2835 3854 2906">
    <p class='ocr_par' dir='ltr' id='par_1_52' title="bbox 2173 2835 3854 2906">
     <span class='ocr_line' id='line_1_52' title="bbox 2173 2835 3854 2906; baseline -0.001 -13"><span class='ocrx_word' id='word_1_462' title='bbox 2173 2835 2515 2893; x_wconf 63' lang='lat' dir='ltr'><strong>introduxit&quot;</strong></span> <span class='ocrx_word' id='word_1_463' title='bbox 2535 2837 2664 2892; x_wconf 89' lang='lat' dir='ltr'><strong>illuc</strong></span> <span class='ocrx_word' id='word_1_464' title='bbox 2680 2836 2872 2892; x_wconf 88' lang='lat' dir='ltr'><strong>Saram</strong></span> <span class='ocrx_word' id='word_1_465' title='bbox 2898 2836 3061 2890; x_wconf 91' lang='lat' dir='ltr'><strong>tiliam</strong></span> <span class='ocrx_word' id='word_1_466' title='bbox 3083 2846 3332 2901; x_wconf 87' lang='lat' dir='ltr'><strong>suam,et</strong></span> <span class='ocrx_word' id='word_1_467' title='bbox 3355 2835 3660 2906; x_wconf 82' lang='lat' dir='ltr'><strong>lacrymata</strong></span> <span class='ocrx_word' id='word_1_468' title='bbox 3685 2843 3798 2892; x_wconf 85' lang='lat' dir='ltr'><strong>est.</strong></span> <span class='ocrx_word' id='word_1_469' title='bbox 3849 2859 3854 2866; x_wconf 88' lang='lat'><strong><em>-</em></strong></span> 
     </span>
    </p>
   </div>
   <div class='ocr_carea' id='block_1_53' title="bbox 2203 2929 3808 3001">
    <p class='ocr_par' dir='ltr' id='par_1_53' title="bbox 2203 2929 3808 3001">
     <span class='ocr_line' id='line_1_53' title="bbox 2203 2929 3808 3001; baseline 0.001 -17"><span class='ocrx_word' id='word_1_470' title='bbox 2203 2929 2458 3001; x_wconf 83' lang='lat' dir='ltr'><strong>Dixitque</strong></span> <span class='ocrx_word' id='word_1_471' title='bbox 2487 2931 2538 2986; x_wconf 89' lang='lat' dir='ltr'><strong>ei</strong></span> <span class='ocrx_word' id='word_1_472' title='bbox 2569 2949 2581 2984; x_wconf 90' lang='lat'><strong>:</strong></span> <span class='ocrx_word' id='word_1_473' title='bbox 2627 2931 2777 2986; x_wconf 87' lang='lat' dir='ltr'><strong>Forti</strong></span> <span class='ocrx_word' id='word_1_474' title='bbox 2808 2929 2993 2985; x_wconf 89' lang='lat' dir='ltr'><strong>animo</strong></span> <span class='ocrx_word' id='word_1_475' title='bbox 3016 2940 3158 2994; x_wconf 86' lang='lat' dir='ltr'><strong>esto,</strong></span> <span class='ocrx_word' id='word_1_476' title='bbox 3194 2929 3303 2984; x_wconf 84' lang='lat' dir='ltr'><strong>tilia</strong></span> <span class='ocrx_word' id='word_1_477' title='bbox 3333 2943 3451 2984; x_wconf 87' lang='lat' dir='ltr'><strong>mea</strong></span> <span class='ocrx_word' id='word_1_478' title='bbox 3480 2946 3492 2983; x_wconf 90' lang='lat'><strong>:</strong></span> <span class='ocrx_word' id='word_1_479' title='bbox 3519 2929 3808 2985; x_wconf 85' lang='lat' dir='ltr'><strong>Dominus</strong></span> 
     </span>
    </p>
   </div>
   <div class='ocr_carea' id='block_1_54' title="bbox 2173 3013 3751 3094">
    <p class='ocr_par' dir='ltr' id='par_1_54' title="bbox 2173 3013 3751 3094">
     <span class='ocr_line' id='line_1_54' title="bbox 2173 3013 3751 3094; baseline -0.001 -14"><span class='ocrx_word' id='word_1_480' title='bbox 2173 3025 2301 3082; x_wconf 65' lang='lat' dir='ltr'><strong>caeli</strong></span> <span class='ocrx_word' id='word_1_481' title='bbox 2329 3024 2422 3080; x_wconf 91' lang='lat' dir='ltr'><strong>det</strong></span> <span class='ocrx_word' id='word_1_482' title='bbox 2442 3025 2536 3080; x_wconf 90' lang='lat' dir='ltr'><strong>tibi</strong></span> <span class='ocrx_word' id='word_1_483' title='bbox 2565 3024 2822 3094; x_wconf 83' lang='lat' dir='ltr'><strong>gaudium</strong></span> <span class='ocrx_word' id='word_1_484' title='bbox 2855 3039 2954 3094; x_wconf 90' lang='lat' dir='ltr'><strong>pro</strong></span> <span class='ocrx_word' id='word_1_485' title='bbox 3001 3013 3167 3080; x_wconf 73' lang='lat' dir='ltr'><strong>taedio</strong></span> <span class='ocrx_word' id='word_1_486' title='bbox 3195 3023 3337 3093; x_wconf 85' lang='lat' dir='ltr'><strong>quod</strong></span> <span class='ocrx_word' id='word_1_487' title='bbox 3369 3037 3630 3093; x_wconf 88' lang='lat' dir='ltr'><strong>perpessa</strong></span> <span class='ocrx_word' id='word_1_488' title='bbox 3662 3039 3751 3080; x_wconf 90' lang='lat' dir='ltr'><strong>es.</strong></span> 
     </span>
    </p>
   </div>
   <div class='ocr_carea' id='block_1_55' title="bbox 2248 3114 3808 3188">
    <p class='ocr_par' dir='ltr' id='par_1_55' title="bbox 2248 3114 3808 3188">
     <span class='ocr_line' id='line_1_55' title="bbox 2248 3114 3808 3188; baseline 0.001 -17"><span class='ocrx_word' id='word_1_489' title='bbox 2248 3114 2401 3188; x_wconf 83' lang='lat' dir='ltr'><strong>[Cap.</strong></span> <span class='ocrx_word' id='word_1_490' title='bbox 2447 3114 2604 3187; x_wconf 84' lang='lat' dir='ltr'><strong>Vlll.]</strong></span> <span class='ocrx_word' id='word_1_491' title='bbox 2632 3115 2926 3187; x_wconf 86' lang='lat' dir='ltr'><strong>Postquam</strong></span> <span class='ocrx_word' id='word_1_492' title='bbox 2957 3131 3090 3172; x_wconf 89' lang='lat' dir='ltr'><strong>vero</strong></span> <span class='ocrx_word' id='word_1_493' title='bbox 3117 3125 3496 3178; x_wconf 80' lang='lat' dir='ltr'><strong>C(enaverunt,</strong></span> <span class='ocrx_word' id='word_1_494' title='bbox 3532 3116 3808 3172; x_wconf 80' lang='lat' dir='ltr'><strong>introdu-</strong></span> 
     </span>
    </p>
   </div>
   <div class='ocr_carea' id='block_1_56' title="bbox 469 3203 3807 3282">
    <p class='ocr_par' dir='ltr' id='par_1_56' title="bbox 469 3203 3807 3282">
     <span class='ocr_line' id='line_1_56' title="bbox 469 3203 3807 3282; baseline -0.001 -16"><span class='ocrx_word' id='word_1_495' title='bbox 469 3218 582 3266; x_wconf 84' lang='lat' dir='ltr'><strong>tres</strong></span> <span class='ocrx_word' id='word_1_496' title='bbox 627 3207 747 3266; x_wconf 85' lang='lat' dir='ltr'><strong>dies</strong></span> <span class='ocrx_word' id='word_1_497' title='bbox 798 3209 1086 3266; x_wconf 88' lang='lat' dir='ltr'><strong>continens</strong></span> <span class='ocrx_word' id='word_1_498' title='bbox 1139 3219 1260 3267; x_wconf 89' lang='lat' dir='ltr'><strong>esto</strong></span> <span class='ocrx_word' id='word_1_499' title='bbox 1309 3209 1382 3264; x_wconf 88' lang='lat' dir='ltr'><strong>ab</strong></span> <span class='ocrx_word' id='word_1_500' title='bbox 1435 3226 1539 3275; x_wconf 92' lang='lat' dir='ltr'><strong>ea,</strong></span> <span class='ocrx_word' id='word_1_501' title='bbox 1592 3219 1648 3266; x_wconf 89' lang='lat' dir='ltr'><strong>et</strong></span> <span class='ocrx_word' id='word_1_502' title='bbox 1698 3212 1831 3268; x_wconf 86' lang='lat' dir='ltr'><strong>nihil</strong></span> <span class='ocrx_word' id='word_1_503' title='bbox 1877 3213 2021 3268; x_wconf 89' lang='lat' dir='ltr'><strong>aliud</strong></span> <span class='ocrx_word' id='word_1_504' title='bbox 2052 3255 2068 3282; x_wconf 91' lang='lat'><strong>,</strong></span> <span class='ocrx_word' id='word_1_505' title='bbox 2095 3203 2142 3268; x_wconf 88' lang='lat' dir='ltr'>C</span> <span class='ocrx_word' id='word_1_506' title='bbox 2177 3217 2373 3262; x_wconf 83' lang='lat' dir='ltr'><strong>xerunt</strong></span> <span class='ocrx_word' id='word_1_507' title='bbox 2411 3206 2669 3276; x_wconf 89' lang='lat' dir='ltr'><strong>juvenem</strong></span> <span class='ocrx_word' id='word_1_508' title='bbox 2701 3207 2771 3262; x_wconf 87' lang='lat' dir='ltr'><strong>ad</strong></span> <span class='ocrx_word' id='word_1_509' title='bbox 2809 3223 2952 3262; x_wconf 89' lang='lat' dir='ltr'><strong>eam.</strong></span> <span class='ocrx_word' id='word_1_510' title='bbox 2993 3207 3336 3262; x_wconf 82' lang='lat' dir='ltr'><strong>Recordatus</strong></span> <span class='ocrx_word' id='word_1_511' title='bbox 3364 3207 3549 3277; x_wconf 85' lang='lat' dir='ltr'><strong>itaque</strong></span> <span class='ocrx_word' id='word_1_512' title='bbox 3581 3207 3807 3264; x_wconf 82' lang='lat' dir='ltr'><strong>Tobias</strong></span> 
     </span>
    </p>
   </div>
   <div class='ocr_carea' id='block_1_57' title="bbox 471 3303 2073 3378">
    <p class='ocr_par' dir='ltr' id='par_1_57' title="bbox 471 3303 2073 3378">
     <span class='ocr_line' id='line_1_57' title="bbox 471 3303 2073 3378; baseline 0.002 -17"><span class='ocrx_word' id='word_1_513' title='bbox 471 3303 574 3361; x_wconf 92' lang='lat' dir='ltr'><strong>nisi</strong></span> <span class='ocrx_word' id='word_1_514' title='bbox 605 3304 948 3360; x_wconf 89' lang='lat' dir='ltr'><strong>orationibus</strong></span> <span class='ocrx_word' id='word_1_515' title='bbox 978 3306 1198 3361; x_wconf 88' lang='lat' dir='ltr'><strong>vacabis</strong></span> <span class='ocrx_word' id='word_1_516' title='bbox 1222 3320 1349 3361; x_wconf 92' lang='lat' dir='ltr'><strong>cum</strong></span> <span class='ocrx_word' id='word_1_517' title='bbox 1377 3321 1462 3362; x_wconf 87' lang='lat' dir='ltr'><strong>ea.</strong></span> <span class='ocrx_word' id='word_1_518' title='bbox 1493 3306 1614 3378; x_wconf 89' lang='lat' dir='ltr'><strong>Ipsa</strong></span> <span class='ocrx_word' id='word_1_519' title='bbox 1639 3317 1823 3364; x_wconf 89' lang='lat' dir='ltr'><strong>autem</strong></span> <span class='ocrx_word' id='word_1_520' title='bbox 1866 3318 2032 3364; x_wconf 90' lang='lat' dir='ltr'><strong>nocte</strong></span> <span class='ocrx_word' id='word_1_521' title='bbox 2057 3350 2073 3375; x_wconf 93' lang='lat'><strong>,</strong></span> 
     </span>
    </p>
   </div>
   <div class='ocr_carea' id='block_1_58' title="bbox 482 3397 2078 3469">
    <p class='ocr_par' dir='ltr' id='par_1_58' title="bbox 482 3397 2078 3469">
     <span class='ocr_line' id='line_1_58' title="bbox 482 3397 2078 3469; baseline 0.001 -15"><span class='ocrx_word' id='word_1_522' title='bbox 482 3399 711 3456; x_wconf 82' lang='lat' dir='ltr'><strong>incenso</strong></span> <span class='ocrx_word' id='word_1_523' title='bbox 727 3397 921 3469; x_wconf 88' lang='lat' dir='ltr'><strong>jecore</strong></span> <span class='ocrx_word' id='word_1_524' title='bbox 945 3399 1136 3468; x_wconf 89' lang='lat' dir='ltr'><strong>piscis,</strong></span> <span class='ocrx_word' id='word_1_525' title='bbox 1165 3399 1442 3469; x_wconf 77' lang='lat' dir='ltr'><strong>fugabitur</strong></span> <span class='ocrx_word' id='word_1_526' title='bbox 1459 3400 1809 3457; x_wconf 68' lang='lat' dir='ltr'><strong>dmmonium.</strong></span> <span class='ocrx_word' id='word_1_527' title='bbox 1825 3401 2078 3458; x_wconf 86' lang='lat' dir='ltr'><strong>Secunda</strong></span> 
     </span>
    </p>
   </div>
   <div class='ocr_carea' id='block_1_59' title="bbox 477 3492 2077 3564">
    <p class='ocr_par' dir='ltr' id='par_1_59' title="bbox 477 3492 2077 3564">
     <span class='ocr_line' id='line_1_59' title="bbox 477 3492 2077 3564; baseline 0 -16"><span class='ocrx_word' id='word_1_528' title='bbox 477 3506 612 3548; x_wconf 84' lang='lat' dir='ltr'><strong>vero</strong></span> <span class='ocrx_word' id='word_1_529' title='bbox 639 3502 801 3548; x_wconf 90' lang='lat' dir='ltr'><strong>nocte</strong></span> <span class='ocrx_word' id='word_1_530' title='bbox 831 3493 884 3549; x_wconf 90' lang='lat' dir='ltr'><strong>in</strong></span> <span class='ocrx_word' id='word_1_531' title='bbox 913 3492 1261 3562; x_wconf 88' lang='lat' dir='ltr'><strong>copulatione</strong></span> <span class='ocrx_word' id='word_1_532' title='bbox 1288 3505 1608 3549; x_wconf 87' lang='lat' dir='ltr'><strong>sanctorum</strong></span> <span class='ocrx_word' id='word_1_533' title='bbox 1640 3493 2077 3564; x_wconf 82' lang='lat' dir='ltr'><strong>patriarcharum</strong></span> 
     </span>
    </p>
   </div>
   <div class='ocr_carea' id='block_1_60' title="bbox 480 3584 2080 3652">
    <p class='ocr_par' dir='ltr' id='par_1_60' title="bbox 480 3584 2080 3652">
     <span class='ocr_line' id='line_1_60' title="bbox 480 3584 2080 3652; baseline 0.001 -13"><span class='ocrx_word' id='word_1_534' title='bbox 480 3585 806 3642; x_wconf 90' lang='lat' dir='ltr'><strong>admitteris.</strong></span> <span class='ocrx_word' id='word_1_535' title='bbox 835 3584 1017 3642; x_wconf 86' lang='lat' dir='ltr'><strong>Tertia</strong></span> <span class='ocrx_word' id='word_1_536' title='bbox 1048 3595 1230 3642; x_wconf 89' lang='lat' dir='ltr'><strong>autem</strong></span> <span class='ocrx_word' id='word_1_537' title='bbox 1264 3597 1450 3652; x_wconf 87' lang='lat' dir='ltr'><strong>nocte,</strong></span> <span class='ocrx_word' id='word_1_538' title='bbox 1478 3585 1922 3642; x_wconf 90' lang='lat' dir='ltr'><strong>benedictionem</strong></span> <span class='ocrx_word' id='word_1_539' title='bbox 1951 3600 2080 3641; x_wconf 90' lang='lat' dir='ltr'><strong>cou-</strong></span> 
     </span>
    </p>
   </div>
   <div class='ocr_carea' id='block_1_61' title="bbox 477 3678 2076 3750">
    <p class='ocr_par' dir='ltr' id='par_1_61' title="bbox 477 3678 2076 3750">
     <span class='ocr_line' id='line_1_61' title="bbox 477 3678 2076 3750; baseline -0.002 -14"><span class='ocrx_word' id='word_1_540' title='bbox 477 3678 726 3750; x_wconf 83' lang='lat' dir='ltr'><strong>sequeris</strong></span> <span class='ocrx_word' id='word_1_541' title='bbox 749 3723 766 3746; x_wconf 95' lang='lat'><strong>,</strong></span> <span class='ocrx_word' id='word_1_542' title='bbox 824 3689 885 3734; x_wconf 90' lang='lat' dir='ltr'><strong>ut</strong></span> <span class='ocrx_word' id='word_1_543' title='bbox 935 3679 1031 3734; x_wconf 82' lang='lat' dir='ltr'><strong>filii</strong></span> <span class='ocrx_word' id='word_1_544' title='bbox 1063 3695 1129 3734; x_wconf 87' lang='lat' dir='ltr'><strong>ex</strong></span> <span class='ocrx_word' id='word_1_545' title='bbox 1167 3680 1326 3735; x_wconf 82' lang='lat' dir='ltr'><strong>vobis</strong></span> <span class='ocrx_word' id='word_1_546' title='bbox 1358 3689 1717 3750; x_wconf 88' lang='lat' dir='ltr'><strong>procreentur</strong></span> <span class='ocrx_word' id='word_1_547' title='bbox 1748 3680 2076 3736; x_wconf 90' lang='lat' dir='ltr'><strong>incolumes.</strong></span> 
     </span>
    </p>
   </div>
   <div class='ocr_carea' id='block_1_62' title="bbox 481 3769 2078 3842">
    <p class='ocr_par' dir='ltr' id='par_1_62' title="bbox 481 3769 2078 3842">
     <span class='ocr_line' id='line_1_62' title="bbox 481 3769 2078 3842; baseline 0 -16"><span class='ocrx_word' id='word_1_548' title='bbox 481 3769 776 3827; x_wconf 86' lang='lat' dir='ltr'><strong>Transaeta</strong></span> <span class='ocrx_word' id='word_1_549' title='bbox 803 3780 982 3825; x_wconf 87' lang='lat' dir='ltr'><strong>autem</strong></span> <span class='ocrx_word' id='word_1_550' title='bbox 1002 3771 1163 3826; x_wconf 90' lang='lat' dir='ltr'><strong>tertia</strong></span> <span class='ocrx_word' id='word_1_551' title='bbox 1187 3781 1367 3837; x_wconf 90' lang='lat' dir='ltr'><strong>nocte,</strong></span> <span class='ocrx_word' id='word_1_552' title='bbox 1396 3771 1635 3840; x_wconf 83' lang='lat' dir='ltr'><strong>accipies</strong></span> <span class='ocrx_word' id='word_1_553' title='bbox 1661 3770 1929 3842; x_wconf 88' lang='lat' dir='ltr'><strong>virginem</strong></span> <span class='ocrx_word' id='word_1_554' title='bbox 1949 3785 2078 3826; x_wconf 87' lang='lat' dir='ltr'><strong>eum</strong></span> 
     </span>
    </p>
   </div>
   <div class='ocr_carea' id='block_1_63' title="bbox 482 3859 2082 3933">
    <p class='ocr_par' dir='ltr' id='par_1_63' title="bbox 482 3859 2082 3933">
     <span class='ocr_line' id='line_1_63' title="bbox 482 3859 2082 3933; baseline 0.001 -16"><span class='ocrx_word' id='word_1_555' title='bbox 482 3860 681 3917; x_wconf 88' lang='lat' dir='ltr'><strong>timore</strong></span> <span class='ocrx_word' id='word_1_556' title='bbox 708 3859 926 3917; x_wconf 90' lang='lat' dir='ltr'><strong>Domini</strong></span> <span class='ocrx_word' id='word_1_557' title='bbox 955 3875 1145 3917; x_wconf 86' lang='lat' dir='ltr'><strong>amore</strong></span> <span class='ocrx_word' id='word_1_558' title='bbox 1171 3860 1405 3918; x_wconf 88' lang='lat' dir='ltr'><strong>ﬁliorutn</strong></span> <span class='ocrx_word' id='word_1_559' title='bbox 1441 3862 1615 3933; x_wconf 87' lang='lat' dir='ltr'><strong>magis</strong></span> <span class='ocrx_word' id='word_1_560' title='bbox 1645 3877 1807 3933; x_wconf 89' lang='lat' dir='ltr'><strong>quam</strong></span> <span class='ocrx_word' id='word_1_561' title='bbox 1853 3861 2082 3918; x_wconf 89' lang='lat' dir='ltr'><strong>libidine</strong></span> 
     </span>
    </p>
   </div>
   <div class='ocr_carea' id='block_1_64' title="bbox 487 3952 2084 4020">
    <p class='ocr_par' dir='ltr' id='par_1_64' title="bbox 487 3952 2084 4020">
     <span class='ocr_line' id='line_1_64' title="bbox 487 3952 2084 4020; baseline -0.001 -11"><span class='ocrx_word' id='word_1_562' title='bbox 487 3952 709 4020; x_wconf 90' lang='lat' dir='ltr'><strong>ductus,</strong></span> <span class='ocrx_word' id='word_1_563' title='bbox 738 3962 796 4008; x_wconf 90' lang='lat' dir='ltr'><strong>ut</strong></span> <span class='ocrx_word' id='word_1_564' title='bbox 826 3954 877 4010; x_wconf 91' lang='lat' dir='ltr'><strong>in</strong></span> <span class='ocrx_word' id='word_1_565' title='bbox 911 3953 1122 4012; x_wconf 85' lang='lat' dir='ltr'><strong>semine</strong></span> <span class='ocrx_word' id='word_1_566' title='bbox 1145 3952 1381 4011; x_wconf 75' lang='lat' dir='ltr'><strong>Abrahzc</strong></span> <span class='ocrx_word' id='word_1_567' title='bbox 1410 3952 1852 4012; x_wconf 86' lang='lat' dir='ltr'><strong>benedictionem</strong></span> <span class='ocrx_word' id='word_1_568' title='bbox 1885 3952 2084 4010; x_wconf 88' lang='lat' dir='ltr'><strong>inﬁliis</strong></span> 
     </span>
    </p>
   </div>
   <div class='ocr_carea' id='block_1_65' title="bbox 485 4047 870 4118">
    <p class='ocr_par' dir='ltr' id='par_1_65' title="bbox 485 4047 870 4118">
     <span class='ocr_line' id='line_1_65' title="bbox 485 4047 870 4118; baseline -0.003 -15"><span class='ocrx_word' id='word_1_569' title='bbox 485 4047 870 4118; x_wconf 85' lang='lat' dir='ltr'><strong>consequaris.</strong></span> 
     </span>
    </p>
   </div>
   <div class='ocr_carea' id='block_1_66' title="bbox 468 4138 2085 4216">
    <p class='ocr_par' dir='ltr' id='par_1_66' title="bbox 468 4138 2085 4216">
     <span class='ocr_line' id='line_1_66' title="bbox 468 4138 2085 4216; baseline -0.001 -20"><span class='ocrx_word' id='word_1_570' title='bbox 468 4192 472 4196; x_wconf 84' lang='lat'><strong>.</strong></span> <span class='ocrx_word' id='word_1_571' title='bbox 555 4139 712 4216; x_wconf 71' lang='grc' dir='ltr'><strong>[ϐιῳ.</strong></span> <span class='ocrx_word' id='word_1_572' title='bbox 744 4138 882 4214; x_wconf 86' lang='lat' dir='ltr'><strong>Vll.]</strong></span> <span class='ocrx_word' id='word_1_573' title='bbox 912 4140 1146 4212; x_wconf 84' lang='lat' dir='ltr'><strong>lngressi</strong></span> <span class='ocrx_word' id='word_1_574' title='bbox 1184 4149 1314 4202; x_wconf 86' lang='lat' dir='ltr'><strong>sunt</strong></span> <span class='ocrx_word' id='word_1_575' title='bbox 1338 4149 1517 4196; x_wconf 87' lang='lat' dir='ltr'><strong>autem</strong></span> <span class='ocrx_word' id='word_1_576' title='bbox 1548 4139 1614 4195; x_wconf 91' lang='lat' dir='ltr'><strong>ad</strong></span> <span class='ocrx_word' id='word_1_577' title='bbox 1643 4139 1941 4211; x_wconf 80' lang='lat' dir='ltr'><strong>Raguelem</strong></span> <span class='ocrx_word' id='word_1_578' title='bbox 1965 4185 1980 4208; x_wconf 91' lang='lat'><strong>,</strong></span> <span class='ocrx_word' id='word_1_579' title='bbox 2026 4147 2085 4196; x_wconf 91' lang='lat' dir='ltr'><strong>et</strong></span> 
     </span>
    </p>
   </div>
   <div class='ocr_carea' id='block_1_67' title="bbox 491 4232 2081 4306">
    <p class='ocr_par' dir='ltr' id='par_1_67' title="bbox 491 4232 2081 4306">
     <span class='ocr_line' id='line_1_67' title="bbox 491 4232 2081 4306; baseline -0.003 -15"><span class='ocrx_word' id='word_1_580' title='bbox 491 4235 736 4305; x_wconf 88' lang='lat' dir='ltr'><strong>suscepit</strong></span> <span class='ocrx_word' id='word_1_581' title='bbox 765 4248 859 4290; x_wconf 91' lang='lat' dir='ltr'><strong>eos</strong></span> <span class='ocrx_word' id='word_1_582' title='bbox 883 4234 1089 4306; x_wconf 83' lang='lat' dir='ltr'><strong>Raguel</strong></span> <span class='ocrx_word' id='word_1_583' title='bbox 1112 4250 1235 4290; x_wconf 88' lang='lat' dir='ltr'><strong>cum</strong></span> <span class='ocrx_word' id='word_1_584' title='bbox 1261 4234 1481 4304; x_wconf 89' lang='lat' dir='ltr'><strong>gaudio.</strong></span> <span class='ocrx_word' id='word_1_585' title='bbox 1509 4232 2081 4305; x_wconf 87' lang='lat' dir='ltr'><strong>lntuensqneTobiam</strong></span> 
     </span>
    </p>
   </div>
   <div class='ocr_carea' id='block_1_68' title="bbox 469 4329 2087 4400">
    <p class='ocr_par' dir='ltr' id='par_1_68' title="bbox 469 4329 2087 4400">
     <span class='ocr_line' id='line_1_68' title="bbox 469 4329 2087 4400; baseline 0 -14"><span class='ocrx_word' id='word_1_586' title='bbox 469 4329 717 4400; x_wconf 73' lang='lat' dir='ltr'><strong>linguel,</strong></span> <span class='ocrx_word' id='word_1_587' title='bbox 746 4330 882 4387; x_wconf 88' lang='lat' dir='ltr'><strong>dixit</strong></span> <span class='ocrx_word' id='word_1_588' title='bbox 908 4329 1080 4386; x_wconf 72' lang='lat' dir='ltr'><strong>Anna:</strong></span> <span class='ocrx_word' id='word_1_589' title='bbox 1110 4330 1268 4386; x_wconf 87' lang='lat' dir='ltr'><strong>uxori</strong></span> <span class='ocrx_word' id='word_1_590' title='bbox 1314 4345 1477 4386; x_wconf 71' lang='lat' dir='ltr'><strong>sum:</strong></span> <span class='ocrx_word' id='word_1_591' title='bbox 1524 4330 1700 4398; x_wconf 87' lang='lat' dir='ltr'><strong>Quam</strong></span> <span class='ocrx_word' id='word_1_592' title='bbox 1750 4329 1948 4386; x_wconf 85' lang='lat' dir='ltr'><strong>similis</strong></span> <span class='ocrx_word' id='word_1_593' title='bbox 2001 4339 2087 4386; x_wconf 90' lang='lat' dir='ltr'><strong>est</strong></span> 
     </span>
    </p>
   </div>
   <div class='ocr_carea' id='block_1_69' title="bbox 481 4425 2080 4497">
    <p class='ocr_par' dir='ltr' id='par_1_69' title="bbox 481 4425 2080 4497">
     <span class='ocr_line' id='line_1_69' title="bbox 481 4425 2080 4497; baseline 0.001 -19"><span class='ocrx_word' id='word_1_594' title='bbox 481 4425 706 4497; x_wconf 88' lang='lat' dir='ltr'><strong>juvenis</strong></span> <span class='ocrx_word' id='word_1_595' title='bbox 733 4427 834 4482; x_wconf 87' lang='lat' dir='ltr'><strong>iste</strong></span> <span class='ocrx_word' id='word_1_596' title='bbox 860 4426 1194 4482; x_wconf 91' lang='lat' dir='ltr'><strong>consobrino</strong></span> <span class='ocrx_word' id='word_1_597' title='bbox 1222 4442 1345 4483; x_wconf 90' lang='lat' dir='ltr'><strong>meo</strong></span> <span class='ocrx_word' id='word_1_598' title='bbox 1370 4427 1384 4480; x_wconf 74' lang='grc' dir='ltr'>ι</span> <span class='ocrx_word' id='word_1_599' title='bbox 1415 4425 1486 4482; x_wconf 85' lang='lat' dir='ltr'><strong>Et</strong></span> <span class='ocrx_word' id='word_1_600' title='bbox 1513 4440 1638 4481; x_wconf 91' lang='lat' dir='ltr'><strong>eum</strong></span> <span class='ocrx_word' id='word_1_601' title='bbox 1686 4426 1804 4481; x_wconf 84' lang='lat' dir='ltr'><strong>haec</strong></span> <span class='ocrx_word' id='word_1_602' title='bbox 1829 4425 2080 4493; x_wconf 86' lang='lat' dir='ltr'><strong>dixisset,</strong></span> 
     </span>
    </p>
   </div>
   <div class='ocr_carea' id='block_1_70' title="bbox 468 4517 2081 4594">
    <p class='ocr_par' dir='ltr' id='par_1_70' title="bbox 468 4517 2081 4594">
     <span class='ocr_line' id='line_1_70' title="bbox 468 4517 2081 4594; baseline -0.001 -20"><span class='ocrx_word' id='word_1_603' title='bbox 468 4520 582 4582; x_wconf 69' lang='lat' dir='ltr'><strong>ait.</strong></span> <span class='ocrx_word' id='word_1_604' title='bbox 603 4519 774 4594; x_wconf 83' lang='lat' dir='ltr'><strong>Unde</strong></span> <span class='ocrx_word' id='word_1_605' title='bbox 799 4519 951 4585; x_wconf 88' lang='lat' dir='ltr'><strong>estis,</strong></span> <span class='ocrx_word' id='word_1_606' title='bbox 975 4519 1209 4590; x_wconf 83' lang='lat' dir='ltr'><strong>juvenes</strong></span> <span class='ocrx_word' id='word_1_607' title='bbox 1253 4519 1449 4576; x_wconf 84' lang='lat' dir='ltr'><strong>fratres</strong></span> <span class='ocrx_word' id='word_1_608' title='bbox 1478 4518 1697 4575; x_wconf 86' lang='lat' dir='ltr'><strong>nostri?</strong></span> <span class='ocrx_word' id='word_1_609' title='bbox 1729 4520 1797 4574; x_wconf 89' lang='lat' dir='ltr'><strong>At</strong></span> <span class='ocrx_word' id='word_1_610' title='bbox 1826 4518 1900 4573; x_wconf 90' lang='lat' dir='ltr'><strong>illi</strong></span> <span class='ocrx_word' id='word_1_611' title='bbox 1929 4517 2081 4574; x_wconf 90' lang='lat' dir='ltr'><strong>dixe-</strong></span> 
     </span>
    </p>
   </div>
   <div class='ocr_carea' id='block_1_71' title="bbox 2177 3299 3808 3369">
    <p class='ocr_par' dir='ltr' id='par_1_71' title="bbox 2177 3299 3808 3369">
     <span class='ocr_line' id='line_1_71' title="bbox 2177 3299 3808 3369; baseline 0.002 -16"><span class='ocrx_word' id='word_1_612' title='bbox 2177 3312 2492 3354; x_wconf 88' lang='lat' dir='ltr'><strong>sermonum</strong></span> <span class='ocrx_word' id='word_1_613' title='bbox 2523 3299 2728 3367; x_wconf 86' lang='lat' dir='ltr'><strong>angeli,</strong></span> <span class='ocrx_word' id='word_1_614' title='bbox 2765 3299 2992 3368; x_wconf 86' lang='lat' dir='ltr'><strong>protulit</strong></span> <span class='ocrx_word' id='word_1_615' title='bbox 3033 3299 3103 3354; x_wconf 90' lang='lat' dir='ltr'><strong>de</strong></span> <span class='ocrx_word' id='word_1_616' title='bbox 3147 3299 3388 3354; x_wconf 86' lang='lat' dir='ltr'><strong>cassidili</strong></span> <span class='ocrx_word' id='word_1_617' title='bbox 3435 3315 3538 3354; x_wconf 90' lang='lat' dir='ltr'><strong>suo</strong></span> <span class='ocrx_word' id='word_1_618' title='bbox 3574 3312 3808 3369; x_wconf 87' lang='lat' dir='ltr'><strong>partem</strong></span> 
     </span>
    </p>
   </div>
   <div class='ocr_carea' id='block_1_72' title="bbox 2171 3391 3812 3464">
    <p class='ocr_par' dir='ltr' id='par_1_72' title="bbox 2171 3391 3812 3464">
     <span class='ocr_line' id='line_1_72' title="bbox 2171 3391 3812 3464; baseline 0.002 -16"><span class='ocrx_word' id='word_1_619' title='bbox 2171 3391 2406 3462; x_wconf 75' lang='lat' dir='ltr'><strong>iecoris,</strong></span> <span class='ocrx_word' id='word_1_620' title='bbox 2438 3393 2726 3463; x_wconf 87' lang='lat' dir='ltr'><strong>posnitque</strong></span> <span class='ocrx_word' id='word_1_621' title='bbox 2769 3407 2892 3448; x_wconf 89' lang='lat' dir='ltr'><strong>eam</strong></span> <span class='ocrx_word' id='word_1_622' title='bbox 2927 3407 3096 3464; x_wconf 88' lang='lat' dir='ltr'><strong>super</strong></span> <span class='ocrx_word' id='word_1_623' title='bbox 3120 3395 3393 3449; x_wconf 83' lang='lat' dir='ltr'><strong>carbones</strong></span> <span class='ocrx_word' id='word_1_624' title='bbox 3425 3394 3610 3450; x_wconf 87' lang='lat' dir='ltr'><strong>vivos.</strong></span> <span class='ocrx_word' id='word_1_625' title='bbox 3641 3395 3812 3452; x_wconf 81' lang='lat' dir='ltr'><strong>Tunc</strong></span> 
     </span>
    </p>
   </div>
   <div class='ocr_carea' id='block_1_73' title="bbox 2179 3483 3810 3559">
    <p class='ocr_par' dir='ltr' id='par_1_73' title="bbox 2179 3483 3810 3559">
     <span class='ocr_line' id='line_1_73' title="bbox 2179 3483 3810 3559; baseline 0.003 -20"><span class='ocrx_word' id='word_1_626' title='bbox 2179 3483 2425 3555; x_wconf 82' lang='lat' dir='ltr'><strong>Raphael</strong></span> <span class='ocrx_word' id='word_1_627' title='bbox 2455 3485 2682 3555; x_wconf 89' lang='lat' dir='ltr'><strong>angelus</strong></span> <span class='ocrx_word' id='word_1_628' title='bbox 2712 3485 3078 3556; x_wconf 87' lang='lat' dir='ltr'><strong>apprehendit</strong></span> <span class='ocrx_word' id='word_1_629' title='bbox 3109 3485 3438 3542; x_wconf 59' lang='lat' dir='ltr'><strong>daemonium</strong></span> <span class='ocrx_word' id='word_1_630' title='bbox 3457 3526 3470 3550; x_wconf 88' lang='lat'><strong>,</strong></span> <span class='ocrx_word' id='word_1_631' title='bbox 3500 3495 3560 3542; x_wconf 89' lang='lat' dir='ltr'><strong>et</strong></span> <span class='ocrx_word' id='word_1_632' title='bbox 3592 3487 3810 3559; x_wconf 84' lang='lat' dir='ltr'><strong>religa-</strong></span> 
     </span>
    </p>
   </div>
   <div class='ocr_carea' id='block_1_74' title="bbox 2179 3576 3810 3650">
    <p class='ocr_par' dir='ltr' id='par_1_74' title="bbox 2179 3576 3810 3650">
     <span class='ocr_line' id='line_1_74' title="bbox 2179 3576 3810 3650; baseline 0.002 -19"><span class='ocrx_word' id='word_1_633' title='bbox 2179 3577 2258 3633; x_wconf 89' lang='lat' dir='ltr'><strong>vit</strong></span> <span class='ocrx_word' id='word_1_634' title='bbox 2288 3576 2421 3632; x_wconf 90' lang='lat' dir='ltr'><strong>illud</strong></span> <span class='ocrx_word' id='word_1_635' title='bbox 2449 3577 2504 3631; x_wconf 89' lang='lat' dir='ltr'><strong>in</strong></span> <span class='ocrx_word' id='word_1_636' title='bbox 2531 3577 2758 3633; x_wconf 88' lang='lat' dir='ltr'><strong>deserto</strong></span> <span class='ocrx_word' id='word_1_637' title='bbox 2791 3577 3090 3650; x_wconf 88' lang='lat' dir='ltr'><strong>superioris</strong></span> <span class='ocrx_word' id='word_1_638' title='bbox 3117 3577 3362 3650; x_wconf 62' lang='lat' dir='ltr'><strong>Egypti.</strong></span> <span class='ocrx_word' id='word_1_639' title='bbox 3410 3579 3569 3634; x_wconf 88' lang='lat' dir='ltr'><strong>Tune</strong></span> <span class='ocrx_word' id='word_1_640' title='bbox 3603 3577 3810 3635; x_wconf 86' lang='lat' dir='ltr'><strong>horta-</strong></span> 
     </span>
    </p>
   </div>
   <div class='ocr_carea' id='block_1_75' title="bbox 2182 3667 3805 3744">
    <p class='ocr_par' dir='ltr' id='par_1_75' title="bbox 2182 3667 3805 3744">
     <span class='ocr_line' id='line_1_75' title="bbox 2182 3667 3805 3744; baseline 0.002 -20"><span class='ocrx_word' id='word_1_641' title='bbox 2182 3676 2270 3724; x_wconf 88' lang='lat' dir='ltr'><strong>tus</strong></span> <span class='ocrx_word' id='word_1_642' title='bbox 2299 3678 2385 3724; x_wconf 88' lang='lat' dir='ltr'><strong>est</strong></span> <span class='ocrx_word' id='word_1_643' title='bbox 2415 3667 2925 3740; x_wconf 69' lang='lat' dir='ltr'><strong>virginem,Tobias,</strong></span> <span class='ocrx_word' id='word_1_644' title='bbox 2953 3669 3201 3738; x_wconf 83' lang='lat' dir='ltr'><strong>dixitque</strong></span> <span class='ocrx_word' id='word_1_645' title='bbox 3222 3671 3272 3725; x_wconf 89' lang='lat' dir='ltr'><strong>ei</strong></span> <span class='ocrx_word' id='word_1_646' title='bbox 3307 3669 3805 3744; x_wconf 14' lang='lat' dir='ltr'><strong>:..Sara,exsurge,</strong></span> 
     </span>
    </p>
   </div>
   <div class='ocr_carea' id='block_1_76' title="bbox 2183 3762 3810 3834">
    <p class='ocr_par' dir='ltr' id='par_1_76' title="bbox 2183 3762 3810 3834">
     <span class='ocr_line' id='line_1_76' title="bbox 2183 3762 3810 3834; baseline 0.001 -13"><span class='ocrx_word' id='word_1_647' title='bbox 2183 3769 2242 3821; x_wconf 87' lang='lat' dir='ltr'><strong>et</strong></span> <span class='ocrx_word' id='word_1_648' title='bbox 2265 3762 2631 3834; x_wconf 88' lang='lat' dir='ltr'><strong>deprecemur</strong></span> <span class='ocrx_word' id='word_1_649' title='bbox 2655 3763 2825 3818; x_wconf 89' lang='lat' dir='ltr'><strong>Deum</strong></span> <span class='ocrx_word' id='word_1_650' title='bbox 2856 3763 3018 3820; x_wconf 88' lang='lat' dir='ltr'><strong>hodie</strong></span> <span class='ocrx_word' id='word_1_651' title='bbox 3041 3804 3057 3830; x_wconf 92' lang='lat'><strong>,</strong></span> <span class='ocrx_word' id='word_1_652' title='bbox 3090 3773 3150 3820; x_wconf 91' lang='lat' dir='ltr'><strong>et</strong></span> <span class='ocrx_word' id='word_1_653' title='bbox 3199 3779 3322 3819; x_wconf 88' lang='lat' dir='ltr'><strong>cras</strong></span> <span class='ocrx_word' id='word_1_654' title='bbox 3344 3804 3360 3829; x_wconf 95' lang='lat'><strong>,</strong></span> <span class='ocrx_word' id='word_1_655' title='bbox 3405 3773 3462 3820; x_wconf 88' lang='lat' dir='ltr'><strong>et</strong></span> <span class='ocrx_word' id='word_1_656' title='bbox 3489 3767 3810 3822; x_wconf 87' lang='lat' dir='ltr'><strong>secundum</strong></span> 
     </span>
    </p>
   </div>
   <div class='ocr_carea' id='block_1_77' title="bbox 2185 3857 3808 3928">
    <p class='ocr_par' dir='ltr' id='par_1_77' title="bbox 2185 3857 3808 3928">
     <span class='ocr_line' id='line_1_77' title="bbox 2185 3857 3808 3928; baseline 0.002 -15"><span class='ocrx_word' id='word_1_657' title='bbox 2185 3872 2310 3913; x_wconf 90' lang='lat' dir='ltr'><strong>cras</strong></span> <span class='ocrx_word' id='word_1_658' title='bbox 2346 3876 2360 3913; x_wconf 91' lang='lat'><strong>:</strong></span> <span class='ocrx_word' id='word_1_659' title='bbox 2389 3858 2518 3928; x_wconf 84' lang='lat' dir='ltr'><strong>quia</strong></span> <span class='ocrx_word' id='word_1_660' title='bbox 2549 3857 2632 3912; x_wconf 91' lang='lat' dir='ltr'><strong>his</strong></span> <span class='ocrx_word' id='word_1_661' title='bbox 2659 3857 2834 3912; x_wconf 91' lang='lat' dir='ltr'><strong>tribus</strong></span> <span class='ocrx_word' id='word_1_662' title='bbox 2863 3857 3115 3913; x_wconf 88' lang='lat' dir='ltr'><strong>noctibus</strong></span> <span class='ocrx_word' id='word_1_663' title='bbox 3144 3858 3256 3913; x_wconf 85' lang='lat' dir='ltr'><strong>Deo</strong></span> <span class='ocrx_word' id='word_1_664' title='bbox 3275 3858 3560 3928; x_wconf 88' lang='lat' dir='ltr'><strong>jungimur</strong></span> <span class='ocrx_word' id='word_1_665' title='bbox 3585 3877 3601 3914; x_wconf 91' lang='lat'><strong>:</strong></span> <span class='ocrx_word' id='word_1_666' title='bbox 3635 3862 3808 3916; x_wconf 88' lang='lat' dir='ltr'><strong>tertia</strong></span> 
     </span>
    </p>
   </div>
   <div class='ocr_carea' id='block_1_78' title="bbox 2185 3949 3805 4024">
    <p class='ocr_par' dir='ltr' id='par_1_78' title="bbox 2185 3949 3805 4024">
     <span class='ocr_line' id='line_1_78' title="bbox 2185 3949 3805 4024; baseline 0.002 -20"><span class='ocrx_word' id='word_1_667' title='bbox 2185 3961 2368 4005; x_wconf 85' lang='lat' dir='ltr'><strong>autem</strong></span> <span class='ocrx_word' id='word_1_668' title='bbox 2399 3958 2670 4004; x_wconf 87' lang='lat' dir='ltr'><strong>transacta</strong></span> <span class='ocrx_word' id='word_1_669' title='bbox 2704 3958 2870 4004; x_wconf 89' lang='lat' dir='ltr'><strong>nocte</strong></span> <span class='ocrx_word' id='word_1_670' title='bbox 2893 3991 2910 4015; x_wconf 94' lang='lat'><strong>,</strong></span> <span class='ocrx_word' id='word_1_671' title='bbox 2959 3949 3014 4004; x_wconf 95' lang='lat' dir='ltr'><strong>in</strong></span> <span class='ocrx_word' id='word_1_672' title='bbox 3046 3959 3233 4005; x_wconf 74' lang='lat' dir='ltr'><strong>uestro</strong></span> <span class='ocrx_word' id='word_1_673' title='bbox 3271 3950 3479 4005; x_wconf 86' lang='lat' dir='ltr'><strong>erimus</strong></span> <span class='ocrx_word' id='word_1_674' title='bbox 3509 3951 3805 4024; x_wconf 87' lang='lat' dir='ltr'><strong>conjugio.</strong></span> 
     </span>
    </p>
   </div>
   <div class='ocr_carea' id='block_1_79' title="bbox 2186 4042 3809 4113">
    <p class='ocr_par' dir='ltr' id='par_1_79' title="bbox 2186 4042 3809 4113">
     <span class='ocr_line' id='line_1_79' title="bbox 2186 4042 3809 4113; baseline 0.002 -14"><span class='ocrx_word' id='word_1_675' title='bbox 2186 4042 2316 4100; x_wconf 88' lang='lat' dir='ltr'><strong>Filii</strong></span> <span class='ocrx_word' id='word_1_676' title='bbox 2348 4043 2552 4113; x_wconf 90' lang='lat' dir='ltr'><strong>quippe</strong></span> <span class='ocrx_word' id='word_1_677' title='bbox 2597 4051 2912 4097; x_wconf 83' lang='lat' dir='ltr'><strong>sanctorum</strong></span> <span class='ocrx_word' id='word_1_678' title='bbox 2952 4055 3178 4109; x_wconf 89' lang='lat' dir='ltr'><strong>sumus,</strong></span> <span class='ocrx_word' id='word_1_679' title='bbox 3239 4056 3350 4097; x_wconf 91' lang='lat' dir='ltr'><strong>non</strong></span> <span class='ocrx_word' id='word_1_680' title='bbox 3396 4056 3698 4112; x_wconf 88' lang='lat' dir='ltr'><strong>possumus</strong></span> <span class='ocrx_word' id='word_1_681' title='bbox 3730 4047 3809 4102; x_wconf 88' lang='lat' dir='ltr'><strong>ita</strong></span> 
     </span>
    </p>
   </div>
   <div class='ocr_carea' id='block_1_80' title="bbox 2188 4135 3503 4206">
    <p class='ocr_par' dir='ltr' id='par_1_80' title="bbox 2188 4135 3503 4206">
     <span class='ocr_line' id='line_1_80' title="bbox 2188 4135 3503 4206; baseline 0 -15"><span class='ocrx_word' id='word_1_682' title='bbox 2188 4135 2463 4206; x_wconf 86' lang='lat' dir='ltr'><strong>conjungi,</strong></span> <span class='ocrx_word' id='word_1_683' title='bbox 2495 4137 2634 4190; x_wconf 88' lang='lat' dir='ltr'><strong>sicut</strong></span> <span class='ocrx_word' id='word_1_684' title='bbox 2658 4144 2852 4205; x_wconf 88' lang='lat' dir='ltr'><strong>gentes</strong></span> <span class='ocrx_word' id='word_1_685' title='bbox 2873 4149 2995 4204; x_wconf 65' lang='lat' dir='ltr'><strong>quae</strong></span> <span class='ocrx_word' id='word_1_686' title='bbox 3027 4135 3286 4206; x_wconf 83' lang='lat' dir='ltr'><strong>ignorant</strong></span> <span class='ocrx_word' id='word_1_687' title='bbox 3307 4136 3503 4192; x_wconf 89' lang='lat' dir='ltr'><strong>Deum.</strong></span> 
     </span>
    </p>
   </div>
   <div class='ocr_carea' id='block_1_81' title="bbox 2260 4228 3810 4301">
    <p class='ocr_par' dir='ltr' id='par_1_81' title="bbox 2260 4228 3810 4301">
     <span class='ocr_line' id='line_1_81' title="bbox 2260 4228 3810 4301; baseline 0.001 -15"><span class='ocrx_word' id='word_1_688' title='bbox 2260 4231 2564 4301; x_wconf 88' lang='lat' dir='ltr'><strong>Surgentes</strong></span> <span class='ocrx_word' id='word_1_689' title='bbox 2595 4238 2776 4284; x_wconf 91' lang='lat' dir='ltr'><strong>autem</strong></span> <span class='ocrx_word' id='word_1_690' title='bbox 2809 4229 3030 4298; x_wconf 85' lang='lat' dir='ltr'><strong>pariter,</strong></span> <span class='ocrx_word' id='word_1_691' title='bbox 3078 4228 3343 4284; x_wconf 87' lang='lat' dir='ltr'><strong>instanter</strong></span> <span class='ocrx_word' id='word_1_692' title='bbox 3369 4229 3606 4287; x_wconf 86' lang='lat' dir='ltr'><strong>orabant</strong></span> <span class='ocrx_word' id='word_1_693' title='bbox 3637 4233 3810 4288; x_wconf 91' lang='lat' dir='ltr'><strong>ambo</strong></span> 
     </span>
    </p>
   </div>
   <div class='ocr_carea' id='block_1_82' title="bbox 2189 4320 3811 4390">
    <p class='ocr_par' dir='ltr' id='par_1_82' title="bbox 2189 4320 3811 4390">
     <span class='ocr_line' id='line_1_82' title="bbox 2189 4320 3811 4390; baseline 0 -10"><span class='ocrx_word' id='word_1_694' title='bbox 2189 4324 2375 4390; x_wconf 84' lang='lat' dir='ltr'><strong>simul,</strong></span> <span class='ocrx_word' id='word_1_695' title='bbox 2409 4323 2692 4378; x_wconf 87' lang='lat' dir='ltr'><strong>utsanitas</strong></span> <span class='ocrx_word' id='word_1_696' title='bbox 2717 4321 2941 4376; x_wconf 86' lang='lat' dir='ltr'><strong>daretur</strong></span> <span class='ocrx_word' id='word_1_697' title='bbox 2972 4322 3075 4376; x_wconf 88' lang='lat' dir='ltr'><strong>eis.</strong></span> <span class='ocrx_word' id='word_1_698' title='bbox 3112 4320 3366 4390; x_wconf 75' lang='lat' dir='ltr'><strong>Dixitque</strong></span> <span class='ocrx_word' id='word_1_699' title='bbox 3392 4321 3600 4378; x_wconf 87' lang='lat' dir='ltr'><strong>Tobias</strong></span> <span class='ocrx_word' id='word_1_700' title='bbox 3631 4341 3647 4380; x_wconf 87' lang='lat'><strong>:</strong></span> <span class='ocrx_word' id='word_1_701' title='bbox 3697 4324 3811 4380; x_wconf 84' lang='lat' dir='ltr'><strong>Do-</strong></span> 
     </span>
    </p>
   </div>
   <div class='ocr_carea' id='block_1_83' title="bbox 2190 4415 3808 4488">
    <p class='ocr_par' dir='ltr' id='par_1_83' title="bbox 2190 4415 3808 4488">
     <span class='ocr_line' id='line_1_83' title="bbox 2190 4415 3808 4488; baseline 0 -14"><span class='ocrx_word' id='word_1_702' title='bbox 2190 4421 2338 4475; x_wconf 88' lang='lat' dir='ltr'><strong>mine</strong></span> <span class='ocrx_word' id='word_1_703' title='bbox 2374 4419 2518 4475; x_wconf 91' lang='lat' dir='ltr'><strong>Deus</strong></span> <span class='ocrx_word' id='word_1_704' title='bbox 2549 4427 2762 4488; x_wconf 88' lang='lat' dir='ltr'><strong>patrum</strong></span> <span class='ocrx_word' id='word_1_705' title='bbox 2809 4425 3162 4485; x_wconf 88' lang='lat' dir='ltr'><strong>nostrorum,</strong></span> <span class='ocrx_word' id='word_1_706' title='bbox 3215 4415 3544 4472; x_wconf 85' lang='lat' dir='ltr'><strong>benedieaut</strong></span> <span class='ocrx_word' id='word_1_707' title='bbox 3591 4426 3646 4474; x_wconf 91' lang='lat' dir='ltr'><strong>te</strong></span> <span class='ocrx_word' id='word_1_708' title='bbox 3676 4418 3808 4474; x_wconf 65' lang='lat' dir='ltr'><strong>caeli</strong></span> 
     </span>
    </p>
   </div>
   <div class='ocr_carea' id='block_1_84' title="bbox 2191 4506 3810 4581">
    <p class='ocr_par' dir='ltr' id='par_1_84' title="bbox 2191 4506 3810 4581">
     <span class='ocr_line' id='line_1_84' title="bbox 2191 4506 3810 4581; baseline -0.002 -12"><span class='ocrx_word' id='word_1_709' title='bbox 2191 4523 2247 4570; x_wconf 90' lang='lat' dir='ltr'><strong>et</strong></span> <span class='ocrx_word' id='word_1_710' title='bbox 2273 4523 2456 4578; x_wconf 72' lang='lat' dir='ltr'><strong>terrm,</strong></span> <span class='ocrx_word' id='word_1_711' title='bbox 2481 4525 2741 4581; x_wconf 89' lang='lat' dir='ltr'><strong>mareque</strong></span> <span class='ocrx_word' id='word_1_712' title='bbox 2772 4519 2830 4566; x_wconf 90' lang='lat' dir='ltr'><strong>et</strong></span> <span class='ocrx_word' id='word_1_713' title='bbox 2857 4508 3039 4564; x_wconf 89' lang='lat' dir='ltr'><strong>fontes</strong></span> <span class='ocrx_word' id='word_1_714' title='bbox 3064 4548 3079 4576; x_wconf 88' lang='lat'><strong>,</strong></span> <span class='ocrx_word' id='word_1_715' title='bbox 3121 4517 3178 4564; x_wconf 90' lang='lat' dir='ltr'><strong>et</strong></span> <span class='ocrx_word' id='word_1_716' title='bbox 3211 4506 3476 4575; x_wconf 85' lang='lat' dir='ltr'><strong>flumina,</strong></span> <span class='ocrx_word' id='word_1_717' title='bbox 3518 4517 3577 4566; x_wconf 91' lang='lat' dir='ltr'><strong>et</strong></span> <span class='ocrx_word' id='word_1_718' title='bbox 3607 4525 3810 4568; x_wconf 86' lang='lat' dir='ltr'><strong>omnes</strong></span> 
     </span>
    </p>
   </div>
   <div class='ocr_carea' id='block_1_85' title="bbox 471 4596 3809 4682">
    <p class='ocr_par' dir='ltr' id='par_1_85' title="bbox 471 4596 3809 4682">
     <span class='ocr_line' id='line_1_85' title="bbox 471 4596 3809 4682; baseline -0.001 -16"><span class='ocrx_word' id='word_1_719' title='bbox 471 4620 618 4668; x_wconf 79' lang='lat' dir='ltr'><strong>runt</strong></span> <span class='ocrx_word' id='word_1_720' title='bbox 652 4629 674 4667; x_wconf 89' lang='lat'><strong>:.</strong></span> <span class='ocrx_word' id='word_1_721' title='bbox 696 4611 784 4682; x_wconf 13' lang='lat' dir='ltr'><strong>Ex,</strong></span> <span class='ocrx_word' id='word_1_722' title='bbox 806 4612 948 4668; x_wconf 88' lang='lat' dir='ltr'><strong>tribu</strong></span> <span class='ocrx_word' id='word_1_723' title='bbox 991 4610 1281 4682; x_wconf 84' lang='lat' dir='ltr'><strong>Nepbtbali</strong></span> <span class='ocrx_word' id='word_1_724' title='bbox 1324 4626 1512 4668; x_wconf 87' lang='lat' dir='ltr'><strong>sumus</strong></span> <span class='ocrx_word' id='word_1_725' title='bbox 1543 4626 1607 4665; x_wconf 82' lang='lat' dir='ltr'><strong>ex</strong></span> <span class='ocrx_word' id='word_1_726' title='bbox 1639 4609 1956 4680; x_wconf 86' lang='lat' dir='ltr'><strong>captivitate</strong></span> <span class='ocrx_word' id='word_1_727' title='bbox 1988 4609 2083 4666; x_wconf 87' lang='lat' dir='ltr'><strong>Ni-</strong></span> <span class='ocrx_word' id='word_1_728' title='bbox 2114 4596 2168 4656; x_wconf 86' lang='lat' dir='ltr'><strong>D</strong></span> <span class='ocrx_word' id='word_1_729' title='bbox 2193 4620 2459 4664; x_wconf 74' lang='lat' dir='ltr'><strong>creatura:</strong></span> <span class='ocrx_word' id='word_1_730' title='bbox 2495 4616 2622 4674; x_wconf 64' lang='lat' dir='ltr'><strong>tua),</strong></span> <span class='ocrx_word' id='word_1_731' title='bbox 2663 4622 2788 4677; x_wconf 85' lang='lat' dir='ltr'><strong>quae</strong></span> <span class='ocrx_word' id='word_1_732' title='bbox 2818 4605 2870 4659; x_wconf 89' lang='lat' dir='ltr'><strong>in</strong></span> <span class='ocrx_word' id='word_1_733' title='bbox 2899 4605 2980 4660; x_wconf 87' lang='lat' dir='ltr'><strong>eis</strong></span> <span class='ocrx_word' id='word_1_734' title='bbox 3012 4610 3158 4658; x_wconf 87' lang='lat' dir='ltr'><strong>sunt.</strong></span> <span class='ocrx_word' id='word_1_735' title='bbox 3195 4602 3276 4658; x_wconf 89' lang='lat' dir='ltr'><strong>Tu</strong></span> <span class='ocrx_word' id='word_1_736' title='bbox 3307 4602 3482 4658; x_wconf 85' lang='lat' dir='ltr'><strong>fecisti</strong></span> <span class='ocrx_word' id='word_1_737' title='bbox 3514 4603 3695 4660; x_wconf 87' lang='lat' dir='ltr'><strong>Adam</strong></span> <span class='ocrx_word' id='word_1_738' title='bbox 3737 4604 3809 4661; x_wconf 89' lang='lat' dir='ltr'><strong>de</strong></span> 
     </span>
    </p>
   </div>
   <div class='ocr_carea' id='block_1_86' title="bbox 489 4701 2080 4774">
    <p class='ocr_par' dir='ltr' id='par_1_86' title="bbox 489 4701 2080 4774">
     <span class='ocr_line' id='line_1_86' title="bbox 489 4701 2080 4774; baseline -0.001 -15"><span class='ocrx_word' id='word_1_739' title='bbox 489 4704 634 4760; x_wconf 90' lang='lat' dir='ltr'><strong>nive.</strong></span> <span class='ocrx_word' id='word_1_740' title='bbox 671 4702 920 4774; x_wconf 84' lang='lat' dir='ltr'><strong>Dixitque</strong></span> <span class='ocrx_word' id='word_1_741' title='bbox 960 4704 1067 4759; x_wconf 88' lang='lat' dir='ltr'><strong>illis</strong></span> <span class='ocrx_word' id='word_1_742' title='bbox 1093 4703 1298 4774; x_wconf 66' lang='lat' dir='ltr'><strong>liaguel</strong></span> <span class='ocrx_word' id='word_1_743' title='bbox 1333 4719 1347 4756; x_wconf 87' lang='lat'><strong>:</strong></span> <span class='ocrx_word' id='word_1_744' title='bbox 1390 4701 1572 4758; x_wconf 87' lang='lat' dir='ltr'><strong>Nostis</strong></span> <span class='ocrx_word' id='word_1_745' title='bbox 1599 4702 1825 4758; x_wconf 84' lang='lat' dir='ltr'><strong>Tobiam</strong></span> <span class='ocrx_word' id='word_1_746' title='bbox 1859 4703 2080 4760; x_wconf 87' lang='lat' dir='ltr'><strong>fratrem</strong></span> 
     </span>
    </p>
   </div>
   <div class='ocr_carea' id='block_1_87' title="bbox 474 4782 2084 4876">
    <p class='ocr_par' dir='ltr' id='par_1_87' title="bbox 474 4782 2084 4876">
     <span class='ocr_line' id='line_1_87' title="bbox 474 4782 2084 4876; baseline -0.001 -20"><span class='ocrx_word' id='word_1_747' title='bbox 474 4782 720 4876; x_wconf 77' lang='lat' dir='ltr'><strong>meum?</strong></span> <span class='ocrx_word' id='word_1_748' title='bbox 767 4799 872 4869; x_wconf 87' lang='lat' dir='ltr'><strong>Qui</strong></span> <span class='ocrx_word' id='word_1_749' title='bbox 922 4798 1230 4857; x_wconf 86' lang='lat' dir='ltr'><strong>dixerunt:</strong></span> <span class='ocrx_word' id='word_1_750' title='bbox 1280 4799 1560 4855; x_wconf 84' lang='lat' dir='ltr'><strong>Novimus.</strong></span> <span class='ocrx_word' id='word_1_751' title='bbox 1607 4798 1852 4869; x_wconf 84' lang='lat' dir='ltr'><strong>Cumque</strong></span> <span class='ocrx_word' id='word_1_752' title='bbox 1915 4799 2084 4855; x_wconf 89' lang='lat' dir='ltr'><strong>multa</strong></span> 
     </span>
    </p>
   </div>
   <div class='ocr_carea' id='block_1_88' title="bbox 473 4891 2082 4976">
    <p class='ocr_par' dir='ltr' id='par_1_88' title="bbox 473 4891 2082 4976">
     <span class='ocr_line' id='line_1_88' title="bbox 473 4891 2082 4976; baseline 0.002 -33"><span class='ocrx_word' id='word_1_753' title='bbox 473 4893 635 4976; x_wconf 74' lang='lat' dir='ltr'><strong>bona</strong></span> <span class='ocrx_word' id='word_1_754' title='bbox 667 4891 982 4964; x_wconf 88' lang='lat' dir='ltr'><strong>loqueretur</strong></span> <span class='ocrx_word' id='word_1_755' title='bbox 1011 4893 1080 4948; x_wconf 90' lang='lat' dir='ltr'><strong>de</strong></span> <span class='ocrx_word' id='word_1_756' title='bbox 1107 4906 1193 4960; x_wconf 90' lang='lat' dir='ltr'><strong>eo,</strong></span> <span class='ocrx_word' id='word_1_757' title='bbox 1226 4892 1364 4948; x_wconf 86' lang='lat' dir='ltr'><strong>dixit</strong></span> <span class='ocrx_word' id='word_1_758' title='bbox 1393 4893 1619 4962; x_wconf 80' lang='lat' dir='ltr'><strong>angelus</strong></span> <span class='ocrx_word' id='word_1_759' title='bbox 1648 4893 1716 4947; x_wconf 89' lang='lat' dir='ltr'><strong>ad</strong></span> <span class='ocrx_word' id='word_1_760' title='bbox 1744 4891 2044 4962; x_wconf 73' lang='lat' dir='ltr'><strong>Raguelem</strong></span> <span class='ocrx_word' id='word_1_761' title='bbox 2069 4909 2082 4946; x_wconf 88' lang='lat'><strong>:</strong></span> 
     </span>
    </p>
   </div>
   <div class='ocr_carea' id='block_1_89' title="bbox 473 4983 2090 5056">
    <p class='ocr_par' dir='ltr' id='par_1_89' title="bbox 473 4983 2090 5056">
     <span class='ocr_line' id='line_1_89' title="bbox 473 4983 2090 5056; baseline 0.001 -17"><span class='ocrx_word' id='word_1_762' title='bbox 473 4983 711 5054; x_wconf 80' lang='lat' dir='ltr'><strong>Tobias,</strong></span> <span class='ocrx_word' id='word_1_763' title='bbox 745 4985 815 5042; x_wconf 90' lang='lat' dir='ltr'><strong>de</strong></span> <span class='ocrx_word' id='word_1_764' title='bbox 841 5001 946 5056; x_wconf 82' lang='lat' dir='ltr'><strong>quo</strong></span> <span class='ocrx_word' id='word_1_765' title='bbox 977 4985 1304 5056; x_wconf 88' lang='lat' dir='ltr'><strong>interrogas,</strong></span> <span class='ocrx_word' id='word_1_766' title='bbox 1331 4996 1483 5055; x_wconf 86' lang='lat' dir='ltr'><strong>pater</strong></span> <span class='ocrx_word' id='word_1_767' title='bbox 1514 4986 1670 5042; x_wconf 88' lang='lat' dir='ltr'><strong>istius</strong></span> <span class='ocrx_word' id='word_1_768' title='bbox 1713 4996 1818 5042; x_wconf 72' lang='lat' dir='ltr'><strong>est.</strong></span> <span class='ocrx_word' id='word_1_769' title='bbox 1851 4987 1916 5042; x_wconf 84' lang='lat' dir='ltr'><strong>Et</strong></span> <span class='ocrx_word' id='word_1_770' title='bbox 1939 4986 2090 5042; x_wconf 88' lang='lat' dir='ltr'><strong>misit</strong></span> 
     </span>
    </p>
   </div>
   <div class='ocr_carea' id='block_1_90' title="bbox 490 5078 2084 5151">
    <p class='ocr_par' dir='ltr' id='par_1_90' title="bbox 490 5078 2084 5151">
     <span class='ocr_line' id='line_1_90' title="bbox 490 5078 2084 5151; baseline 0.001 -16"><span class='ocrx_word' id='word_1_771' title='bbox 490 5078 808 5150; x_wconf 72' lang='lat' dir='ltr'><strong>seliaguel,</strong></span> <span class='ocrx_word' id='word_1_772' title='bbox 843 5089 898 5135; x_wconf 89' lang='lat' dir='ltr'><strong>et</strong></span> <span class='ocrx_word' id='word_1_773' title='bbox 927 5093 1050 5134; x_wconf 89' lang='lat' dir='ltr'><strong>cum</strong></span> <span class='ocrx_word' id='word_1_774' title='bbox 1095 5078 1348 5151; x_wconf 84' lang='lat' dir='ltr'><strong>laetymis</strong></span> <span class='ocrx_word' id='word_1_775' title='bbox 1375 5080 1647 5134; x_wconf 80' lang='lat' dir='ltr'><strong>osculatus</strong></span> <span class='ocrx_word' id='word_1_776' title='bbox 1695 5088 1778 5136; x_wconf 86' lang='lat' dir='ltr'><strong>est</strong></span> <span class='ocrx_word' id='word_1_777' title='bbox 1823 5095 1980 5148; x_wconf 86' lang='lat' dir='ltr'><strong>cum,</strong></span> <span class='ocrx_word' id='word_1_778' title='bbox 2027 5089 2084 5138; x_wconf 89' lang='lat' dir='ltr'><strong>et</strong></span> 
     </span>
    </p>
   </div>
   <div class='ocr_carea' id='block_1_91' title="bbox 493 5171 2083 5243">
    <p class='ocr_par' dir='ltr' id='par_1_91' title="bbox 493 5171 2083 5243">
     <span class='ocr_line' id='line_1_91' title="bbox 493 5171 2083 5243; baseline 0.004 -18"><span class='ocrx_word' id='word_1_779' title='bbox 493 5171 717 5243; x_wconf 82' lang='lat' dir='ltr'><strong>plorans</strong></span> <span class='ocrx_word' id='word_1_780' title='bbox 758 5186 926 5242; x_wconf 82' lang='lat' dir='ltr'><strong>supra</strong></span> <span class='ocrx_word' id='word_1_781' title='bbox 967 5171 1170 5228; x_wconf 88' lang='lat' dir='ltr'><strong>collum</strong></span> <span class='ocrx_word' id='word_1_782' title='bbox 1219 5171 1374 5242; x_wconf 86' lang='lat' dir='ltr'><strong>ejus,</strong></span> <span class='ocrx_word' id='word_1_783' title='bbox 1428 5172 1566 5227; x_wconf 76' lang='lat' dir='ltr'><strong>dixit</strong></span> <span class='ocrx_word' id='word_1_784' title='bbox 1599 5191 1611 5228; x_wconf 93' lang='lat'>:</span> <span class='ocrx_word' id='word_1_785' title='bbox 1645 5173 1956 5232; x_wconf 85' lang='lat' dir='ltr'><strong>Benedictio</strong></span> <span class='ocrx_word' id='word_1_786' title='bbox 2012 5179 2083 5232; x_wconf 87' lang='lat' dir='ltr'><strong>sit</strong></span> 
     </span>
    </p>
   </div>
   <div class='ocr_carea' id='block_1_92' title="bbox 494 5261 2086 5336">
    <p class='ocr_par' dir='ltr' id='par_1_92' title="bbox 494 5261 2086 5336">
     <span class='ocr_line' id='line_1_92' title="bbox 494 5261 2086 5336; baseline 0.004 -16"><span class='ocrx_word' id='word_1_787' title='bbox 494 5263 628 5331; x_wconf 90' lang='lat' dir='ltr'><strong>tibi,</strong></span> <span class='ocrx_word' id='word_1_788' title='bbox 662 5261 735 5318; x_wconf 87' lang='lat' dir='ltr'><strong>fili</strong></span> <span class='ocrx_word' id='word_1_789' title='bbox 767 5266 869 5327; x_wconf 86' lang='lat' dir='ltr'><strong>mi,</strong></span> <span class='ocrx_word' id='word_1_790' title='bbox 920 5265 1045 5335; x_wconf 89' lang='lat' dir='ltr'><strong>quia</strong></span> <span class='ocrx_word' id='word_1_791' title='bbox 1091 5264 1219 5320; x_wconf 91' lang='lat' dir='ltr'><strong>boni</strong></span> <span class='ocrx_word' id='word_1_792' title='bbox 1257 5274 1312 5320; x_wconf 90' lang='lat' dir='ltr'><strong>et</strong></span> <span class='ocrx_word' id='word_1_793' title='bbox 1355 5265 1550 5336; x_wconf 81' lang='lat' dir='ltr'><strong>Optimi</strong></span> <span class='ocrx_word' id='word_1_794' title='bbox 1581 5266 1680 5322; x_wconf 84' lang='lat' dir='ltr'><strong>viri</strong></span> <span class='ocrx_word' id='word_1_795' title='bbox 1713 5267 1855 5323; x_wconf 87' lang='lat' dir='ltr'><strong>ﬁlius</strong></span> <span class='ocrx_word' id='word_1_796' title='bbox 1885 5283 1966 5325; x_wconf 89' lang='lat' dir='ltr'><strong>es.</strong></span> <span class='ocrx_word' id='word_1_797' title='bbox 2017 5271 2086 5326; x_wconf 88' lang='lat' dir='ltr'><strong>Et</strong></span> 
     </span>
    </p>
   </div>
   <div class='ocr_carea' id='block_1_93' title="bbox 491 5357 2083 5437">
    <p class='ocr_par' dir='ltr' id='par_1_93' title="bbox 491 5357 2083 5437">
     <span class='ocr_line' id='line_1_93' title="bbox 491 5357 2083 5437; baseline 0.005 -25"><span class='ocrx_word' id='word_1_798' title='bbox 491 5357 644 5413; x_wconf 87' lang='lat' dir='ltr'><strong>Anna</strong></span> <span class='ocrx_word' id='word_1_799' title='bbox 675 5373 816 5414; x_wconf 92' lang='lat' dir='ltr'><strong>uxor</strong></span> <span class='ocrx_word' id='word_1_800' title='bbox 840 5357 957 5430; x_wconf 89' lang='lat' dir='ltr'><strong>ejus</strong></span> <span class='ocrx_word' id='word_1_801' title='bbox 979 5398 994 5426; x_wconf 95' lang='lat'><strong>,</strong></span> <span class='ocrx_word' id='word_1_802' title='bbox 1049 5366 1104 5415; x_wconf 90' lang='lat' dir='ltr'><strong>et</strong></span> <span class='ocrx_word' id='word_1_803' title='bbox 1133 5357 1270 5417; x_wconf 88' lang='lat' dir='ltr'><strong>Sara</strong></span> <span class='ocrx_word' id='word_1_804' title='bbox 1295 5357 1537 5431; x_wconf 87' lang='lat' dir='ltr'><strong>ipsorum</strong></span> <span class='ocrx_word' id='word_1_805' title='bbox 1585 5358 1736 5432; x_wconf 85' lang='lat' dir='ltr'><strong>ﬁlia,</strong></span> <span class='ocrx_word' id='word_1_806' title='bbox 1774 5361 2083 5437; x_wconf 65' lang='lat' dir='ltr'><strong>lacrymata:</strong></span> 
     </span>
    </p>
   </div>
   <div class='ocr_carea' id='block_1_94' title="bbox 490 5461 635 5508">
    <p class='ocr_par' dir='ltr' id='par_1_94' title="bbox 490 5461 635 5508">
     <span class='ocr_line' id='line_1_94' title="bbox 490 5461 635 5508; baseline 0.007 -1"><span class='ocrx_word' id='word_1_807' title='bbox 490 5461 635 5508; x_wconf 86' lang='lat' dir='ltr'><strong>sunt.</strong></span> 
     </span>
    </p>
   </div>
   <div class='ocr_carea' id='block_1_95' title="bbox 567 5664 2084 5745">
    <p class='ocr_par' dir='ltr' id='par_1_95' title="bbox 567 5664 2084 5745">
     <span class='ocr_line' id='line_1_95' title="bbox 567 5664 2084 5745; baseline 0.002 -23"><span class='ocrx_word' id='word_1_808' title='bbox 567 5666 764 5745; x_wconf 44' lang='lat' dir='ltr'><strong>{Tota</strong></span> <span class='ocrx_word' id='word_1_809' title='bbox 793 5664 983 5745; x_wconf 70' lang='lat' dir='ltr'><strong>istliaze</strong></span> <span class='ocrx_word' id='word_1_810' title='bbox 1003 5664 1316 5745; x_wconf 27' lang='lat' dir='ltr'><strong>AperieOpoJ</strong></span> <span class='ocrx_word' id='word_1_811' title='bbox 1341 5667 1408 5723; x_wconf 81' lang='lat' dir='ltr'><strong>Et</strong></span> <span class='ocrx_word' id='word_1_812' title='bbox 1438 5672 1510 5739; x_wconf 78' lang='lat' dir='ltr'><strong>{el</strong></span> <span class='ocrx_word' id='word_1_813' title='bbox 1546 5670 1681 5745; x_wconf 69' lang='lat' dir='ltr'><strong>valet</strong></span> <span class='ocrx_word' id='word_1_814' title='bbox 1716 5671 1786 5726; x_wconf 77' lang='lat' dir='ltr'><strong>ad</strong></span> <span class='ocrx_word' id='word_1_815' title='bbox 1815 5671 2084 5745; x_wconf 59' lang='lat' dir='ltr'><strong>augendos</strong></span> 
     </span>
    </p>
   </div>
   <div class='ocr_carea' id='block_1_96' title="bbox 494 5737 2086 5820">
    <p class='ocr_par' dir='ltr' id='par_1_96' title="bbox 494 5737 2086 5820">
     <span class='ocr_line' id='line_1_96' title="bbox 494 5737 2086 5820; baseline 0.008 -26"><span class='ocrx_word' id='word_1_816' title='bbox 494 5741 672 5820; x_wconf 70' lang='lat' dir='ltr'><strong>oculos</strong></span> <span class='ocrx_word' id='word_1_817' title='bbox 705 5741 756 5793; x_wconf 84' lang='lat' dir='ltr'><strong>in</strong></span> <span class='ocrx_word' id='word_1_818' title='bbox 781 5738 980 5820; x_wconf 65' lang='lat' dir='ltr'><strong>quibus</strong></span> <span class='ocrx_word' id='word_1_819' title='bbox 991 5737 1146 5811; x_wconf 78' lang='lat' dir='ltr'><strong>fuerit</strong></span> <span class='ocrx_word' id='word_1_820' title='bbox 1173 5737 1380 5820; x_wconf 60' lang='lat' dir='ltr'><strong>albuga,</strong></span> <span class='ocrx_word' id='word_1_821' title='bbox 1409 5737 1457 5800; x_wconf 67' lang='lat' dir='ltr'><strong>et</strong></span> <span class='ocrx_word' id='word_1_822' title='bbox 1496 5744 1820 5803; x_wconf 77' lang='lat' dir='ltr'><strong>satiabuntur</strong></span> <span class='ocrx_word' id='word_1_823' title='bbox 1844 5789 1858 5815; x_wconf 88' lang='grc'><em>,</em></span> <span class='ocrx_word' id='word_1_824' title='bbox 1887 5737 1955 5806; x_wconf 38' lang='lat' dir='ltr'><strong>vin</strong></span> <span class='ocrx_word' id='word_1_825' title='bbox 1980 5743 2086 5806; x_wconf 62' lang='lat' dir='ltr'><strong>Pa:</strong></span> 
     </span>
    </p>
   </div>
   <div class='ocr_carea' id='block_1_97' title="bbox 492 5811 1309 5888">
    <p class='ocr_par' dir='ltr' id='par_1_97' title="bbox 492 5811 1309 5888">
     <span class='ocr_line' id='line_1_97' title="bbox 492 5811 1309 5888; baseline -0.006 -12"><span class='ocrx_word' id='word_1_826' title='bbox 492 5813 663 5876; x_wconf 78' lang='lat' dir='ltr'><strong>latino</strong></span> <span class='ocrx_word' id='word_1_827' title='bbox 692 5826 796 5875; x_wconf 77' lang='lat' dir='ltr'><strong>ius.</strong></span> <span class='ocrx_word' id='word_1_828' title='bbox 828 5811 1196 5874; x_wconf 79' lang='lat' dir='ltr'><strong>desideratur.</strong></span> <span class='ocrx_word' id='word_1_829' title='bbox 1282 5811 1309 5888; x_wconf 61' lang='grc' dir='ltr'><em>ς</em></span> 
     </span>
    </p>
   </div>
   <div class='ocr_carea' id='block_1_98' title="bbox 2193 4695 3811 4770">
    <p class='ocr_par' dir='ltr' id='par_1_98' title="bbox 2193 4695 3811 4770">
     <span class='ocr_line' id='line_1_98' title="bbox 2193 4695 3811 4770; baseline -0.005 -12"><span class='ocrx_word' id='word_1_830' title='bbox 2193 4703 2325 4758; x_wconf 89' lang='lat' dir='ltr'><strong>limo</strong></span> <span class='ocrx_word' id='word_1_831' title='bbox 2378 4710 2578 4770; x_wconf 82' lang='lat' dir='ltr'><strong>terrae,</strong></span> <span class='ocrx_word' id='word_1_832' title='bbox 2629 4698 2942 4768; x_wconf 87' lang='lat' dir='ltr'><strong>dedistique</strong></span> <span class='ocrx_word' id='word_1_833' title='bbox 2988 4697 3038 4752; x_wconf 93' lang='lat' dir='ltr'><strong>ei</strong></span> <span class='ocrx_word' id='word_1_834' title='bbox 3085 4695 3418 4766; x_wconf 87' lang='lat' dir='ltr'><strong>adjutorium</strong></span> <span class='ocrx_word' id='word_1_835' title='bbox 3470 4695 3708 4753; x_wconf 87' lang='lat' dir='ltr'><strong>llevam.</strong></span> <span class='ocrx_word' id='word_1_836' title='bbox 3739 4697 3811 4753; x_wconf 84' lang='lat' dir='ltr'><strong>Et</strong></span> 
     </span>
    </p>
   </div>
   <div class='ocr_carea' id='block_1_99' title="bbox 2194 4788 3810 4864">
    <p class='ocr_par' dir='ltr' id='par_1_99' title="bbox 2194 4788 3810 4864">
     <span class='ocr_line' id='line_1_99' title="bbox 2194 4788 3810 4864; baseline -0.005 -10"><span class='ocrx_word' id='word_1_837' title='bbox 2194 4794 2630 4864; x_wconf 89' lang='lat' dir='ltr'><strong>nunc,Domine,</strong></span> <span class='ocrx_word' id='word_1_838' title='bbox 2665 4803 2719 4847; x_wconf 88' lang='lat' dir='ltr'><strong>tu</strong></span> <span class='ocrx_word' id='word_1_839' title='bbox 2748 4793 2880 4859; x_wconf 89' lang='lat' dir='ltr'><strong>scis,</strong></span> <span class='ocrx_word' id='word_1_840' title='bbox 2915 4791 3041 4860; x_wconf 87' lang='lat' dir='ltr'><strong>quia</strong></span> <span class='ocrx_word' id='word_1_841' title='bbox 3065 4804 3175 4844; x_wconf 89' lang='lat' dir='ltr'><strong>non</strong></span> <span class='ocrx_word' id='word_1_842' title='bbox 3207 4788 3436 4844; x_wconf 68' lang='lat' dir='ltr'><strong>luxuria:</strong></span> <span class='ocrx_word' id='word_1_843' title='bbox 3459 4803 3630 4844; x_wconf 86' lang='lat' dir='ltr'><strong>causa</strong></span> <span class='ocrx_word' id='word_1_844' title='bbox 3659 4791 3810 4846; x_wconf 87' lang='lat' dir='ltr'><strong>acci-</strong></span> 
     </span>
    </p>
   </div>
   <div class='ocr_carea' id='block_1_100' title="bbox 2195 4882 3809 4966">
    <p class='ocr_par' dir='ltr' id='par_1_100' title="bbox 2195 4882 3809 4966">
     <span class='ocr_line' id='line_1_100' title="bbox 2195 4882 3809 4966; baseline -0.007 -16"><span class='ocrx_word' id='word_1_845' title='bbox 2195 4895 2288 4966; x_wconf 91' lang='lat' dir='ltr'><strong>pio</strong></span> <span class='ocrx_word' id='word_1_846' title='bbox 2309 4906 2559 4949; x_wconf 90' lang='lat' dir='ltr'><strong>sororem</strong></span> <span class='ocrx_word' id='word_1_847' title='bbox 2591 4905 2768 4946; x_wconf 86' lang='lat' dir='ltr'><strong>meam</strong></span> <span class='ocrx_word' id='word_1_848' title='bbox 2803 4887 3131 4956; x_wconf 88' lang='lat' dir='ltr'><strong>conjugem,</strong></span> <span class='ocrx_word' id='word_1_849' title='bbox 3178 4882 3275 4940; x_wconf 88' lang='lat' dir='ltr'><strong>sed</strong></span> <span class='ocrx_word' id='word_1_850' title='bbox 3306 4882 3438 4939; x_wconf 65' lang='lat' dir='ltr'><strong>sola’</strong></span> <span class='ocrx_word' id='word_1_851' title='bbox 3465 4885 3809 4952; x_wconf 86' lang='lat' dir='ltr'><strong>posteritatis</strong></span> 
     </span>
    </p>
   </div>
   <div class='ocr_carea' id='block_1_101' title="bbox 2194 4976 3809 5054">
    <p class='ocr_par' dir='ltr' id='par_1_101' title="bbox 2194 4976 3809 5054">
     <span class='ocr_line' id='line_1_101' title="bbox 2194 4976 3809 5054; baseline -0.008 -10"><span class='ocrx_word' id='word_1_852' title='bbox 2194 4985 2491 5044; x_wconf 90' lang='lat' dir='ltr'><strong>dilectione</strong></span> <span class='ocrx_word' id='word_1_853' title='bbox 2516 5028 2531 5051; x_wconf 96' lang='lat'><strong>,</strong></span> <span class='ocrx_word' id='word_1_854' title='bbox 2586 4983 2641 5038; x_wconf 89' lang='lat' dir='ltr'><strong>in</strong></span> <span class='ocrx_word' id='word_1_855' title='bbox 2671 4997 2774 5054; x_wconf 89' lang='lat' dir='ltr'><strong>qua</strong></span> <span class='ocrx_word' id='word_1_856' title='bbox 2809 4978 3174 5037; x_wconf 88' lang='lat' dir='ltr'><strong>benedicatur</strong></span> <span class='ocrx_word' id='word_1_857' title='bbox 3206 4990 3404 5032; x_wconf 89' lang='lat' dir='ltr'><strong>nomen</strong></span> <span class='ocrx_word' id='word_1_858' title='bbox 3438 4984 3592 5031; x_wconf 91' lang='lat' dir='ltr'><strong>tuum</strong></span> <span class='ocrx_word' id='word_1_859' title='bbox 3620 4976 3675 5030; x_wconf 90' lang='lat' dir='ltr'><strong>in</strong></span> <span class='ocrx_word' id='word_1_860' title='bbox 3701 4992 3809 5032; x_wconf 75' lang='lat' dir='ltr'><strong>sa:-</strong></span> 
     </span>
    </p>
   </div>
   <div class='ocr_carea' id='block_1_102' title="bbox 2187 5066 3808 5142">
    <p class='ocr_par' dir='ltr' id='par_1_102' title="bbox 2187 5066 3808 5142">
     <span class='ocr_line' id='line_1_102' title="bbox 2187 5066 3808 5142; baseline -0.007 -6"><span class='ocrx_word' id='word_1_861' title='bbox 2187 5081 2309 5142; x_wconf 85' lang='lat' dir='ltr'><strong>cula</strong></span> <span class='ocrx_word' id='word_1_862' title='bbox 2364 5078 2715 5135; x_wconf 66' lang='lat' dir='ltr'><strong>smCulorum.</strong></span> <span class='ocrx_word' id='word_1_863' title='bbox 2771 5073 2915 5128; x_wconf 86' lang='lat' dir='ltr'><strong>Dixit</strong></span> <span class='ocrx_word' id='word_1_864' title='bbox 2965 5081 2988 5109; x_wconf 79' lang='grc' dir='ltr'><strong><em>ο</em></strong></span> <span class='ocrx_word' id='word_1_865' title='bbox 3037 5083 3255 5142; x_wconf 89' lang='lat' dir='ltr'><strong>quoque</strong></span> <span class='ocrx_word' id='word_1_866' title='bbox 3304 5067 3485 5125; x_wconf 87' lang='lat' dir='ltr'><strong>Sara:</strong></span> <span class='ocrx_word' id='word_1_867' title='bbox 3535 5066 3808 5124; x_wconf 83' lang='lat' dir='ltr'><strong>Miserere</strong></span> 
     </span>
    </p>
   </div>
   <div class='ocr_carea' id='block_1_103' title="bbox 2189 5160 3802 5244">
    <p class='ocr_par' dir='ltr' id='par_1_103' title="bbox 2189 5160 3802 5244">
     <span class='ocr_line' id='line_1_103' title="bbox 2189 5160 3802 5244; baseline -0.012 -11"><span class='ocrx_word' id='word_1_868' title='bbox 2189 5177 2368 5244; x_wconf 86' lang='lat' dir='ltr'><strong>nobis,</strong></span> <span class='ocrx_word' id='word_1_869' title='bbox 2415 5171 2675 5234; x_wconf 91' lang='lat' dir='ltr'><strong>Domine,</strong></span> <span class='ocrx_word' id='word_1_870' title='bbox 2706 5167 2967 5222; x_wconf 89' lang='lat' dir='ltr'><strong>miserere</strong></span> <span class='ocrx_word' id='word_1_871' title='bbox 3018 5160 3196 5228; x_wconf 87' lang='lat' dir='ltr'><strong>nobis,</strong></span> <span class='ocrx_word' id='word_1_872' title='bbox 3241 5169 3298 5216; x_wconf 89' lang='lat' dir='ltr'><strong>et</strong></span> <span class='ocrx_word' id='word_1_873' title='bbox 3329 5173 3802 5216; x_wconf 85' lang='lat' dir='ltr'><strong>consenescanius</strong></span> 
     </span>
    </p>
   </div>
   <div class='ocr_carea' id='block_1_104' title="bbox 2187 5262 2750 5339">
    <p class='ocr_par' dir='ltr' id='par_1_104' title="bbox 2187 5262 2750 5339">
     <span class='ocr_line' id='line_1_104' title="bbox 2187 5262 2750 5339; baseline -0.021 -11"><span class='ocrx_word' id='word_1_874' title='bbox 2187 5270 2349 5327; x_wconf 90' lang='lat' dir='ltr'><strong>ambo</strong></span> <span class='ocrx_word' id='word_1_875' title='bbox 2377 5268 2579 5339; x_wconf 83' lang='lat' dir='ltr'><strong>pariter</strong></span> <span class='ocrx_word' id='word_1_876' title='bbox 2610 5262 2750 5319; x_wconf 87' lang='lat' dir='ltr'><strong>sani.</strong></span> 
     </span>
    </p>
   </div>
   <div class='ocr_carea' id='block_1_105' title="bbox 2263 5351 3802 5424">
    <p class='ocr_par' dir='ltr' id='par_1_105' title="bbox 2263 5351 3802 5424">
     <span class='ocr_line' id='line_1_105' title="bbox 2263 5351 3802 5424; baseline -0.008 -4"><span class='ocrx_word' id='word_1_877' title='bbox 2263 5366 2330 5420; x_wconf 81' lang='lat' dir='ltr'><strong>Et</strong></span> <span class='ocrx_word' id='word_1_878' title='bbox 2359 5364 2556 5418; x_wconf 81' lang='lat' dir='ltr'><strong>factum</strong></span> <span class='ocrx_word' id='word_1_879' title='bbox 2598 5367 2684 5414; x_wconf 87' lang='lat' dir='ltr'><strong>est</strong></span> <span class='ocrx_word' id='word_1_880' title='bbox 2731 5357 2876 5413; x_wconf 89' lang='lat' dir='ltr'><strong>circa</strong></span> <span class='ocrx_word' id='word_1_881' title='bbox 2927 5351 3196 5424; x_wconf 89' lang='lat' dir='ltr'><strong>pullorum</strong></span> <span class='ocrx_word' id='word_1_882' title='bbox 3245 5356 3493 5419; x_wconf 84' lang='lat' dir='ltr'><strong>cantum,</strong></span> <span class='ocrx_word' id='word_1_883' title='bbox 3539 5351 3802 5406; x_wconf 88' lang='lat' dir='ltr'><strong>accersirl</strong></span> 
     </span>
    </p>
   </div>
   <div class='ocr_carea' id='block_1_106' title="bbox 2188 5442 3803 5534">
    <p class='ocr_par' dir='ltr' id='par_1_106' title="bbox 2188 5442 3803 5534">
     <span class='ocr_line' id='line_1_106' title="bbox 2188 5442 3803 5534; baseline -0.01 -17"><span class='ocrx_word' id='word_1_884' title='bbox 2188 5459 2349 5534; x_wconf 87' lang='lat' dir='ltr'><strong>jussit</strong></span> <span class='ocrx_word' id='word_1_885' title='bbox 2378 5453 2586 5528; x_wconf 82' lang='lat' dir='ltr'><strong>Raguel</strong></span> <span class='ocrx_word' id='word_1_886' title='bbox 2617 5464 2804 5509; x_wconf 92' lang='lat' dir='ltr'><strong>servos</strong></span> <span class='ocrx_word' id='word_1_887' title='bbox 2835 5461 2986 5514; x_wconf 89' lang='lat' dir='ltr'><strong>suos,</strong></span> <span class='ocrx_word' id='word_1_888' title='bbox 3015 5454 3071 5503; x_wconf 90' lang='lat' dir='ltr'><strong>et</strong></span> <span class='ocrx_word' id='word_1_889' title='bbox 3118 5442 3372 5500; x_wconf 85' lang='lat' dir='ltr'><strong>abierunt</strong></span> <span class='ocrx_word' id='word_1_890' title='bbox 3403 5458 3526 5500; x_wconf 88' lang='lat' dir='ltr'><strong>cum</strong></span> <span class='ocrx_word' id='word_1_891' title='bbox 3560 5458 3628 5502; x_wconf 90' lang='lat' dir='ltr'><strong>eo</strong></span> <span class='ocrx_word' id='word_1_892' title='bbox 3655 5445 3803 5516; x_wconf 85' lang='lat' dir='ltr'><strong>pari-</strong></span> 
     </span>
    </p>
   </div>
   <div class='ocr_carea' id='block_1_107' title="bbox 2263 5658 3800 5724">
    <p class='ocr_par' dir='ltr' id='par_1_107' title="bbox 2263 5658 3800 5724">
     <span class='ocr_line' id='line_1_107' title="bbox 2263 5658 3800 5724; baseline -0.01 0"><span class='ocrx_word' id='word_1_893' title='bbox 2263 5668 2292 5712; x_wconf 72' lang='lat' dir='ltr'><strong>b</strong></span> <span class='ocrx_word' id='word_1_894' title='bbox 2325 5667 2384 5723; x_wconf 92' lang='lat' dir='ltr'><strong>ln</strong></span> <span class='ocrx_word' id='word_1_895' title='bbox 2419 5666 2647 5722; x_wconf 82' lang='lat' dir='ltr'><strong>Palatin.</strong></span> <span class='ocrx_word' id='word_1_896' title='bbox 2684 5677 2786 5719; x_wconf 88' lang='lat' dir='ltr'><strong>ms.</strong></span> <span class='ocrx_word' id='word_1_897' title='bbox 2809 5659 3105 5716; x_wconf 74' lang='lat' dir='ltr'><strong>introduxit</strong></span> <span class='ocrx_word' id='word_1_898' title='bbox 3127 5660 3180 5716; x_wconf 86' lang='lat' dir='ltr'><strong>in</strong></span> <span class='ocrx_word' id='word_1_899' title='bbox 3203 5658 3554 5722; x_wconf 68' lang='lat' dir='ltr'><strong>eumSarifm,</strong></span> <span class='ocrx_word' id='word_1_900' title='bbox 3583 5663 3718 5724; x_wconf 62' lang='grc' dir='ltr'><strong>ξω..</strong></span> <span class='ocrx_word' id='word_1_901' title='bbox 3743 5661 3800 5712; x_wconf 88' lang='lat' dir='ltr'><strong>et</strong></span> 
     </span>
    </p>
   </div>
   <div class='ocr_carea' id='block_1_108' title="bbox 2193 5739 2894 5808">
    <p class='ocr_par' dir='ltr' id='par_1_108' title="bbox 2193 5739 2894 5808">
     <span class='ocr_line' id='line_1_108' title="bbox 2193 5739 2894 5808; baseline -0.014 -12"><span class='ocrx_word' id='word_1_902' title='bbox 2193 5756 2349 5802; x_wconf 77' lang='lat' dir='ltr'><strong>mox.</strong></span> <span class='ocrx_word' id='word_1_903' title='bbox 2380 5739 2494 5808; x_wconf 67' lang='lat' dir='ltr'><strong>ﬁlia</strong></span> <span class='ocrx_word' id='word_1_904' title='bbox 2518 5739 2612 5801; x_wconf 84' lang='lat' dir='ltr'><strong>mi,</strong></span> <span class='ocrx_word' id='word_1_905' title='bbox 2644 5751 2738 5802; x_wconf 86' lang='lat' dir='ltr'><strong>pro</strong></span> <span class='ocrx_word' id='word_1_906' title='bbox 2765 5751 2894 5808; x_wconf 66' lang='lat' dir='ltr'><strong>meo.</strong></span> 
     </span>
    </p>
   </div>
   <div class='ocr_carea' id='block_1_109' title="bbox 2197 5797 3796 5890">
    <p class='ocr_par' dir='ltr' id='par_1_109' title="bbox 2197 5797 3796 5890">
     <span class='ocr_line' id='line_1_109' title="bbox 2197 5797 3796 5890; baseline -0.021 0"><span class='ocrx_word' id='word_1_907' title='bbox 2197 5797 2295 5890; x_wconf 30' lang='lat' dir='ltr'><strong><em>an</em></strong></span> <span class='ocrx_word' id='word_1_908' title='bbox 2329 5797 2562 5879; x_wconf 64' lang='grc' dir='ltr'><strong>Ρέιιίιιὶιιν</strong></span> <span class='ocrx_word' id='word_1_909' title='bbox 2587 5797 2690 5873; x_wconf 42' lang='lat' dir='ltr'><strong>nisi</strong></span> <span class='ocrx_word' id='word_1_910' title='bbox 2717 5822 2844 5872; x_wconf 74' lang='lat' dir='ltr'><strong>Cum</strong></span> <span class='ocrx_word' id='word_1_911' title='bbox 2862 5805 3109 5886; x_wconf 79' lang='lat' dir='ltr'><strong>Vulgatis</strong></span> <span class='ocrx_word' id='word_1_912' title='bbox 3138 5803 3286 5867; x_wconf 63' lang='lat' dir='ltr'><strong>Dixit</strong></span> <span class='ocrx_word' id='word_1_913' title='bbox 3314 5802 3488 5872; x_wconf 76' lang='lat' dir='ltr'><strong>itaque</strong></span> <span class='ocrx_word' id='word_1_914' title='bbox 3506 5797 3668 5869; x_wconf 73' lang='lat' dir='ltr'><strong>Sara,</strong></span> <span class='ocrx_word' id='word_1_915' title='bbox 3688 5803 3796 5857; x_wconf 89' lang='lat' dir='ltr'><strong>etc.</strong></span> 
     </span>
    </p>
   </div>
  </div>
