4062 6356
231 316 316 375 53
1163 312 1544 375 PRAEFATIO
1582 312 1971 374 HIERONYMI
2009 312 2074 371 IN
2117 311 2377 373 LIBRUM
2417 313 2669 372 TOBIE.
3506 319 3576 377 δι

232 440 356 495 ter,
390 437 449 483 ut
481 427 739 485 foderent
759 426 1090 499 sepulcrum.
1119 427 1346 487 Dicebat
1371 431 1519 489 enim
1544 449 1560 490 :
1591 446 1658 487 ne
1680 440 1707 471 ι
1727 430 1872 488 forte
1900 434 1952 496 Α
1977 446 2038 487 se
2059 430 2294 501 invicem
2321 448 2336 489 :
2363 439 2418 487 et
2448 427 2477 469 δ
2503 430 2652 487 ﬂevit
2678 430 2938 498 Gabelus,
2972 431 3357 504 benedixitque
3381 434 3575 505 Deum,

233 527 416 582 simili
449 526 619 583 modo
649 526 901 581 evenerit
929 526 1002 595 ei,
1032 541 1142 596 quo
1172 535 1228 582 et
1257 529 1474 583 caeteris
1503 527 1613 584 illis
1658 537 1869 599 septem
1971 532 2026 578 et
2058 524 2240 579 dixit:
2286 523 2580 579 Benedicat
2628 532 2682 580 te
2729 524 2872 579 Deus
2918 524 3108 591 Israel,
3161 527 3286 597 quia
3336 528 3474 583 filius
3517 543 3579 584 es

234 619 383 673 viris
434 620 535 687 qui
598 628 725 673 sunt
781 620 1011 687 ingressi
1066 620 1133 674 ad
1184 635 1325 676 eam.
1382 619 1628 690 Cumque
1682 634 1870 689 paras—
1971 619 2159 689 optimi
2188 618 2312 687 viri,
2345 627 2400 674 et
2430 618 2584 689 justi,
2620 629 2676 675 et
2719 621 2957 674 timentis
2992 619 3187 686 Deum,
3241 632 3296 676 et
3339 622 3583 677 eleemo-

233 720 369 765 sent
406 710 653 779 fossam,
679 727 935 767 reversus
964 711 1170 783 Raguel
1212 713 1277 767 ad
1323 728 1547 768 uxorem
1579 728 1756 781 suam,
1782 712 1869 769 di-
1972 726 2135 784 synas
2165 713 2413 769 facientis
2443 732 2456 769 :
2489 724 2544 770 et
2567 713 2781 770 dicatur
2806 714 3113 770 benedictio
3157 730 3323 785 super
3352 730 3579 771 uxorein

232 808 315 864 xit
342 806 396 863 ei
425 823 441 859 :
476 808 635 863 Mitte
664 822 826 863 nnam
858 823 927 862 et
951 807 1165 863 ancillis
1192 808 1317 872 tuis,
1351 819 1406 864 et
1442 807 1625 863 videat
1651 807 1695 862 si
1728 822 1873 863 mor-
1974 816 2144 876 tuam,
2200 819 2255 866 et
2301 825 2468 879 super
2510 819 2763 881 parentes
2808 819 3043 878 vestros,
3088 819 3143 866 et
3179 809 3407 865 videatis
3438 809 3583 867 filios

244 912 377 957 tuus
408 910 526 969 est,
559 910 620 955 ut
651 901 917 971 sepeliam
947 916 1071 957 eum
1102 911 1393 973 antequam
1420 902 1703 982 illucescat
1731 901 1869 958 dies.
1976 915 2211 968 vestros,
2234 912 2289 958 et
2313 902 2453 959 filius
2482 903 2716 959 filiorum
2740 912 3044 958 vestrorum
3077 915 3254 971 usque
3279 904 3330 958 in
3366 902 3582 957 tertiam

234 998 305 1050 At
348 994 442 1047 illa
482 994 641 1049 misit
672 1009 832 1049 unam
882 1010 950 1050 ex
997 995 1209 1051 ancillis
1263 996 1395 1050 suis.
1448 995 1580 1064 Quze
1628 997 1873 1066 ingressa

234 1088 591 1156 cubiculum,
645 1089 850 1160 reperit
892 1103 989 1145 eos
1032 1088 1216 1144 salvos
1246 1098 1303 1144 et
1336 1088 1655 1151 incolumes,
1690 1102 1872 1143 secum

240 1183 454 1251 pariter
511 1183 876 1239 dormientes.
926 1183 994 1238 Et
1037 1198 1306 1248 reversa,
1358 1183 1624 1238 nuntiavit
1672 1181 1873 1237 bonum

240 1276 501 1331 nuntium
534 1294 547 1329 :
584 1284 643 1332 et
673 1276 1074 1333 benedixerunt
1118 1276 1404 1330 Dominum
1434 1316 1448 1341 ,
1483 1274 1685 1344 Raguel
1724 1274 1876 1330 vide-

250 1371 379 1425 licet
404 1379 468 1425 et
491 1370 652 1426 Anna
675 1385 809 1425 uxor
832 1370 971 1439 ejus,
1003 1379 1057 1425 et
1086 1370 1373 1423 dixerunt:
1395 1367 1771 1424 Benedic-imus
1800 1377 1873 1435 te,

248 1462 483 1519 Domine
507 1464 654 1519 Deus
676 1463 842 1519 Israel
866 1505 879 1529 ,
914 1465 1038 1534 quia
1064 1477 1169 1518 non
1193 1463 1420 1532 contigit
1440 1460 1490 1529 ,δ
1523 1461 1878 1533 quemadmo-

250 1555 374 1610 dum
391 1556 746 1626 putabamus.
772 1555 967 1612 Fecisti
983 1557 1127 1611 enim
1142 1554 1425 1611 nobiscum
1439 1554 1874 1611 misericordiam

260 1659 428 1716 tuam,
462 1659 517 1705 et
547 1649 841 1705 exclusisti
868 1665 898 1703 a
932 1650 1088 1705 nobis
1137 1650 1415 1705 inimicum
1456 1658 1875 1719 persequentem

259 1756 383 1797 nos.
417 1742 676 1798 biisertus
713 1757 773 1797 es
805 1750 985 1798 autem
1016 1743 1227 1797 duobus
1254 1742 1451 1797 unicis.
1489 1740 1595 1796 Fac
1624 1756 1742 1807 eos,
1772 1740 1878 1793 Dn-

1975 1004 2032 1051 ct
2057 1006 2303 1073 quartam
2327 998 2769 1067 generationem:
2793 1006 2848 1053 et
2869 998 2938 1051 sit
2967 996 2983 1034 ί
3018 1011 3203 1052 semen
3224 1004 3467 1051 vestrum
3492 995 3585 1051 be-

1977 1089 2252 1143 nedictum
2276 1105 2306 1143 a
2334 1089 2445 1145 Deo
2477 1088 2672 1153 Israel,
2707 1090 2797 1159 qui
2827 1096 3016 1160 regnat
3048 1090 3099 1144 in
3126 1089 3324 1144 saecula
3355 1088 3589 1145 saeculo-

1979 1196 2120 1235 rum.
2151 1180 2395 1253 Cumque
2421 1197 2613 1237 omnes
2639 1182 2926 1251 dixissent,
2979 1186 3176 1249 Amen,
3234 1190 3587 1237 accesserunt

1977 1274 2043 1327 ad
2070 1274 2381 1329 convivium
2411 1293 2425 1330 :
2455 1275 2551 1331 sed
2578 1286 2630 1330 et
2662 1291 2784 1331 cum
2817 1276 3008 1332 timore
3040 1276 3252 1333 Domini
3276 1275 3583 1346 nuptiarum

1978 1367 2285 1423 convivium
2332 1370 2684 1425 exercebant.
3090 1412 3093 1413 ν

2053 1458 2207 1532 [ϐαρ.
2237 1459 2330 1532 X.]
2374 1460 2508 1516 Cum
2551 1478 2681 1518 vero
2715 1477 2896 1519 moras
2937 1464 3138 1521 faceret
3168 1464 3392 1537 Tobias,
3422 1479 3583 1522 causa

1982 1555 2313 1623 nuptiarum,
2347 1556 2615 1611 sollicitus
2644 1568 2760 1612 erat
2792 1567 2947 1627 pater
2970 1559 3087 1628 ejus
3112 1557 3332 1626 Tobias,
3361 1559 3584 1616 dicens:

1980 1647 2147 1702 Putas
2172 1662 2341 1717 quarc
2372 1660 2615 1704 moratur
2645 1650 2786 1706 ﬁlius
2821 1666 2995 1719 meus,
3019 1664 3110 1707 aut
3139 1669 3310 1724 quare
3336 1654 3588 1709 detentus

1982 1752 2065 1796 est
2088 1742 2197 1797 ibi?
2223 1741 2461 1799 Putasne
2503 1744 2740 1800 Cabclus
2773 1757 3020 1802 mortuus
3047 1757 3151 1813 est,
3182 1757 3239 1804 et
3271 1763 3430 1803 nemo
3462 1747 3590 1803 red-

258 1836 433 1901 mine,
491 1844 512 1872 ε
564 1832 784 1904 plenius
812 1834 1138 1890 benedicere
1193 1843 1283 1888 te:
1318 1843 1374 1888 et
1418 1832 1747 1888 sacrificium
1779 1831 1874 1886 tibi
1908 1821 1954 1882 Β
1981 1834 2077 1889 det
2124 1835 2200 1889 illi
2248 1837 2571 1905 pecuniam?
2610 1836 2790 1907 Crepit
2834 1848 3015 1893 autem
3066 1840 3379 1895 contristari
3425 1840 3587 1895 nimis

267 1923 444 1979 laudis
470 1934 566 1979 tua:
589 1934 644 1980 et
674 1939 790 1979 sua:
821 1925 1071 1980 sanitatis
1093 1924 1312 1991 oll‘erre,
1346 1932 1404 1979 ut
1433 1932 1727 1992 cognoscat
1759 1922 1878 1977 uni-

271 2019 490 2071 versitas
509 2017 753 2087 gentium
784 2060 800 2084 ,
849 2017 974 2087 quia
1004 2026 1060 2071 tu
1095 2032 1156 2071 es
1182 2017 1328 2073 Deus
1357 2017 1511 2095 solus
1542 2017 1594 2070 in
1625 2016 1873 2071 universa

259 2120 420 2164 terra.
473 2108 781 2179 Statimque
831 2110 1095 2181 praecepit
1145 2109 1320 2166 servis
1365 2109 1480 2165 suis
1519 2109 1769 2180 Raguel,
1820 2118 1878 2164 ut

257 2204 535 2268 replerent
576 2206 800 2268 fossam,
859 2220 1017 2273 quam
1067 2203 1335 2269 fecerant,
1387 2205 1704 2274 priusquam
1762 2202 1878 2258 elu-

262 2306 530 2352 ccsceret.
566 2295 738 2352 Uxori
767 2308 949 2351 autem
975 2307 1089 2351 sum
1128 2298 1286 2365 dixit,
1324 2304 1383 2352 ut
1412 2298 1708 2351 imtrueret
1739 2310 1875 2351 ccn—

266 2392 489 2457 rivium,
520 2398 579 2445 et
607 2400 945 2460 przepararet
973 2390 1151 2444 omnia
1175 2404 1297 2461 qua:
1329 2387 1383 2443 in
1415 2388 1564 2444 cibos
1588 2397 1743 2444 erant
1775 2386 1877 2443 iter

263 2483 547 2554 agentibus
578 2484 915 2539 necessaria.
962 2483 1106 2539 Duas
1135 2498 1354 2554 quoque
1398 2483 1622 2555 pingues
1654 2496 1873 2552 vaCLas,

258 2589 311 2635 et
332 2592 564 2650 quatuor
586 2579 793 2634 arietes
816 2577 987 2633 occidi
1017 2575 1169 2644 fecit,
1195 2587 1248 2633 et
1278 2580 1459 2647 parari
1481 2577 1670 2647 epulas
1702 2576 1878 2632 omni-

262 2672 371 2727 bus
400 2672 588 2727 vicinis
619 2674 759 2738 suis,
792 2671 1111 2742 cuncrisque
1138 2671 1352 2727 amicis.
1376 2671 1444 2727 Et
1470 2669 1741 2741 adjuravit
1770 2669 1878 2724 Ra-

264 2765 390 2837 gucl
427 2766 665 2831 Tobiam,
703 2774 762 2821 ut
804 2766 941 2820 duas
989 2764 1355 2823 hebdomadas
1387 2775 1694 2823 moraretur
1732 2763 1875 2835 apud

262 2874 335 2913 se.
372 2860 447 2915 De
478 2860 743 2916 omnibus
775 2869 981 2925 autem,
1014 2876 1140 2931 qua:
1170 2860 1487 2932 possidebat
1529 2859 1760 2930 Raguel,
1794 2860 1879 2917 di-

262 2954 476 3008 midiam
501 2964 716 3023 partem
747 2954 899 3009 dedit
924 2954 1145 3010 Tobiae:
1180 2963 1236 3010 et
1268 2954 1397 3010 fecit
1421 2952 1529 3027 [Αι.
1552 2954 1680 3007 add.
1713 2953 1875 3028 banc]

266 3045 616 3115 scripturam,
674 3056 733 3102 ut
786 3062 911 3116 pars
961 3046 1209 3113 dimidia,
1244 3062 1364 3118 quae
1413 3054 1706 3119 supererat
1752 3056 1877 3118 post

261 3136 461 3193 obitum
490 3154 709 3205 eorum,
740 3138 930 3195 Tobim
954 3139 1198 3195 dominio
1230 3138 1538 3195 deveniret.

1980 1925 2119 1995 ipse,
2150 1935 2201 1981 et
2233 1930 2385 1983 Anna
2416 1944 2553 1983 uxor
2580 1930 2700 1998 ejus
2739 1945 2859 1985 cum
2901 1945 2968 1986 eo
2998 1947 3012 1987 :
3038 1941 3093 1987 et
3121 1934 3590 2003 cmperuntambo

1980 2020 2145 2076 simul
2168 2021 2300 2078 flere
2325 2040 2338 2078 :
2364 2040 2432 2080 eo
2458 2025 2599 2095 quod
2628 2024 2714 2080 die
2736 2035 2939 2082 statuto
2964 2027 3185 2084 minime
3213 2036 3591 2084 reverteretur

1980 2112 2123 2169 filius
2152 2128 2345 2172 eorum
2376 2116 2442 2171 ad
2472 2131 2586 2172 eos.
2625 2116 2814 2172 Flebat
2860 2120 3025 2188 igitur
3050 2131 3226 2175 mater
3255 2119 3371 2189 ejus
3400 2120 3414 2171 t
3456 2120 3591 2175 irre-

1980 2207 2361 2264 mediabilibus
2391 2208 2666 2281 lacrymis,
2697 2220 2862 2280 atque
2888 2210 3101 2266 dicebat
3126 2228 3140 2265 :
3162 2211 3297 2266 Heu!
3326 2209 3451 2267 heul
3477 2227 3585 2281 me,

1980 2299 2056 2354 ftli
2091 2302 2185 2367 mi,
2224 2311 2283 2357 ut
2310 2301 2437 2371 quid
2468 2311 2520 2358 te
2547 2302 2799 2358 misimus
2849 2305 3206 2374 peregrinari,
3244 2304 3424 2360 lumen
3457 2319 3589 2359 ocu-

1979 2392 2157 2451 lorum
2210 2404 2555 2465 nostrorum,
2583 2396 2834 2452 baculum
2861 2399 3166 2452 senectutis
3197 2408 3422 2463 nostrae,
3450 2398 3593 2453 sola-

1980 2484 2113 2542 tium
2144 2490 2273 2543 vitaz
2302 2498 2525 2555 nostras,
2557 2502 2708 2557 Spem
2740 2490 3080 2559 posteritatis
3128 2491 3364 2547 nostra!
3398 2491 3590 2546 Omnia

1978 2577 2143 2633 simul
2170 2579 2223 2633 in
2251 2588 2303 2636 te
2334 2595 2444 2635 uno
2468 2579 2756 2648 habentes,
2784 2590 2835 2637 te
2865 2597 2969 2637 non
2995 2580 3282 2637 debuimus
3311 2581 3587 2639 dimittere

1979 2684 2009 2723 a
2040 2669 2219 2725 nobis.
2250 2668 2347 2724 Cui
2377 2669 2593 2726 dicebat
2619 2670 2857 2727 Tobias:
2892 2672 3054 2742 Tace,
3105 2678 3162 2729 et
3208 2672 3321 2729 noli
3359 2674 3588 2744 turbari,

1979 2776 2145 2817 sanus
2175 2772 2261 2818 cst
2287 2763 2428 2819 ﬁlius
2455 2773 2644 2819 noster
2669 2781 2683 2819 :
2723 2763 2857 2821 satis
2886 2766 3065 2821 fidelis
3094 2773 3181 2821 est
3207 2765 3293 2821 vir
3323 2766 3434 2833 ille,
3463 2782 3588 2822 cum
3650 2798 3653 2805 ‹

1978 2868 2087 2924 quo
2114 2854 2360 2910 misimus
2394 2871 2539 2911 eum.
2584 2856 2681 2911 Illa
2724 2868 2906 2912 autem
2939 2857 3091 2914 nullo
3126 2857 3290 2914 modo
3313 2859 3592 2917 consolari

1980 2955 2213 3019 poterat,
2242 2947 2335 3008 sed
2363 2948 2608 3020 quotidie
2622 2950 2880 3007 exsiliens
2900 2950 3398 3020 circumspiciebat,
3416 2959 3472 3007 et
3490 2951 3593 3006 cir-

1978 3040 2162 3097 cuibat
2182 3041 2297 3098 vias
2323 3056 2537 3111 omnes,
2564 3058 2663 3112 per
2685 3058 2819 3114 quas
2832 3058 2957 3129 spes
2980 3043 3261 3101 remeandi
3282 3044 3588 3113 videbatur,

1982 3144 2040 3188 ut
2067 3134 2253 3204 procul
2280 3134 2493 3191 videret
2515 3150 2658 3201 eum,
2690 3137 2733 3192 si
2763 3134 2883 3191 fieri
2918 3149 3124 3206 posset,
3159 3135 3492 3194 venientem.

326 3230 483 3304 [ϐαρ.
532 3232 656 3305 131.]
685 3234 836 3289 Tunc
866 3236 1081 3290 vocavi;
1122 3235 1321 3292 Tobias
1363 3235 1620 3307 angelum
1668 3234 1736 3290 ad
1789 3248 1871 3303 se,
1898 3214 1946 3279 ϐ
2052 3228 2123 3282 At
2153 3242 2284 3284 vero
2314 3228 2519 3299 ltaguel
2563 3228 2779 3284 dicebat
2808 3228 2877 3283 ad
2907 3244 3171 3299 generum
3200 3244 3359 3287 suum
3389 3246 3401 3282 :
3432 3228 3593 3287 Mane

258 3342 419 3397 quem
470 3327 694 3398 quidem
748 3326 1026 3385 hominem
1073 3330 1441 3398 exiStimabat,
1492 3329 1734 3400 dixitque
1774 3330 1870 3386 ei:

259 3420 451 3475 Azaria
484 3421 679 3487 frater,
714 3432 838 3491 peto
864 3422 1219 3479 utauscultcs
1248 3423 1409 3479 verba
1442 3438 1583 3478 mea.

326 3512 383 3567 Si
436 3527 525 3567 me
564 3512 743 3582 ipsum
777 3513 985 3568 tradam
1021 3515 1114 3569 tibi
1147 3529 1387 3581 servum,
1423 3530 1530 3570 non
1562 3530 1657 3572 ero
1684 3515 1873 3572 condi-

265 3617 397 3673 gnas
424 3603 791 3674 providentiae
819 3613 942 3661 tute.
977 3604 1184 3661 Tamen
1218 3607 1447 3663 obsecro
1474 3604 1501 3644 ἀ
1530 3616 1604 3674 te,
1639 3617 1697 3663 ut
1723 3624 1878 3665 assu-

266 3716 378 3753 Inus
407 3700 500 3754 tibi
532 3700 791 3755 animalia
817 3702 933 3757 sive
963 3700 1209 3771 servitia,
1237 3710 1295 3758 et
1323 3701 1487 3758 vadas
1515 3702 1583 3758 ad
1613 3703 1872 3761 Gabelum

274 3796 325 3845 in
358 3791 527 3862 Rages
565 3794 846 3849 civitatem
894 3794 1198 3865 Medorum,
1250 3793 1555 3866 reddasque
1596 3796 1646 3852 ei
1692 3796 1875 3855 chiro-

269 3885 530 3956 graphum
558 3901 743 3954 suum,
774 3896 828 3942 et
851 3887 1082 3958 recipias
1112 3888 1181 3942 ab
1208 3901 1274 3944 eo
1298 3889 1607 3959 pecuniam,
1636 3897 1693 3945 et
1718 3904 1875 3961 roges

265 3995 385 4033 cum
412 3979 602 4035 venire
633 3979 699 4036 ad
725 3980 938 4050 nuptias
961 3996 1133 4036 meas.
1160 3980 1282 4037 Scis
1310 3982 1453 4037 enim
1481 3982 1596 4053 ipse
1621 3983 1874 4052 quoniam

264 4080 521 4127 numerat
554 4080 708 4142 pater
732 4088 884 4129 meus
913 4073 1031 4129 dies
1057 4090 1068 4127 :
1096 4073 1142 4129 si
1168 4072 1456 4129 tardavero
1479 4089 1583 4129 una
1611 4074 1698 4131 die
1731 4075 1869 4145 plus,

262 4166 625 4219 coirtristatur
675 4166 856 4219 anima
901 4166 1039 4235 eius.
1088 4164 1158 4221 Et
1202 4176 1351 4221 certe
1402 4164 1555 4221 vides
1602 4166 1876 4238 quomodo

266 4266 287 4293 ε
312 4256 591 4326 adjuravit
620 4272 706 4315 me
734 4256 962 4328 Raguel,
986 4258 1140 4329 cujus
1162 4257 1595 4329 adjuramentum
1615 4274 1877 4332 Spernere

270 4363 381 4403 non
416 4362 668 4419 possum.

333 4437 490 4496 Tunc
522 4438 763 4510 Raphael
792 4454 1077 4498 assumens
1100 4450 1333 4514 quatuor
1362 4457 1429 4500 ex
1460 4442 1635 4500 servis
1664 4442 1876 4517 Bagae-

266 4530 351 4599 lis,
390 4542 444 4587 et
476 4532 621 4591 duos
644 4535 906 4605 camelos,
952 4535 1004 4590 in
1036 4533 1265 4606 Ragesf
1292 4537 1566 4593 civitatem
1595 4538 1872 4594 Medorum

1978 3321 2091 3387 hic,
2121 3331 2174 3378 et
2198 3336 2299 3393 ego
2329 3320 2541 3377 mittam
2573 3323 2825 3379 nuntium
2859 3321 3052 3380 salutis
3080 3323 3150 3379 de
3182 3332 3234 3380 te
3263 3323 3331 3379 ad
3362 3322 3589 3380 Tobiam

1979 3424 2188 3484 patrem
2222 3426 2392 3471 tuum.
2444 3414 2541 3470 Cui
2575 3414 2778 3471 Tobias
2808 3417 2885 3469 ait
2915 3433 2928 3468 :
2965 3416 3081 3487 Ego
3105 3417 3253 3485 novi,
3282 3419 3408 3489 quia
3439 3426 3594 3487 pater

1979 3523 2134 3564 meus
2159 3518 2216 3566 et
2245 3521 2422 3566 mater
2448 3525 2565 3566 mea
2590 3510 2751 3566 modo
2779 3510 2895 3566 dies
2920 3519 3265 3580 computant,
3294 3521 3350 3567 et
3379 3512 3592 3570 crucia-

1979 3608 2067 3656 tur
2097 3600 2321 3673 spiritus
2353 3616 2545 3657 corurn
2595 3602 2645 3655 in
2695 3600 2849 3673 ipsis.
2898 3600 3148 3672 Cutnque
3184 3600 3366 3659 verbis
3407 3602 3594 3659 multis

1978 3702 2203 3764 rogaret
2231 3692 2437 3765 ltaguel
2468 3692 2723 3759 Tobiam,
2771 3704 2825 3748 et
2873 3692 2969 3749 ille
3007 3708 3131 3749 eum
3181 3692 3329 3748 nulla
3374 3695 3590 3761 ratione

1980 3786 2148 3842 vellet
2170 3786 2382 3854 audire,
2408 3785 2631 3842 tradidit
2661 3787 2710 3841 ei
2735 3787 2948 3851 Saram,
2981 3794 3037 3841 et
3062 3784 3343 3842 dimidiam
3371 3793 3581 3857 partem

1978 3877 2159 3933 omnis
2183 3876 2505 3934 substantia:
2546 3890 2660 3932 sum
2686 3875 2737 3931 iu
2768 3877 2974 3947 pueris,
3002 3877 3053 3932 in
3085 3876 3307 3948 puellis,
3339 3877 3393 3932 in
3420 3892 3587 3949 pecu-

1978 3969 2161 4037 dibus,
2189 3969 2242 4025 in
2272 3969 2519 4038 camelis,
2551 3978 2607 4024 et
2635 3968 2687 4022 in
2718 3967 2920 4034 vaccis,
2948 3978 3004 4023 et
3034 3969 3087 4023 in
3120 3967 3349 4038 pecunia
3381 3969 3584 4025 multa:

1981 4075 2036 4122 et
2064 4066 2274 4122 salvum
2315 4073 2478 4135 atque
2506 4064 2833 4136 gaudentem
2876 4063 3086 4120 dimisit
3127 4080 3250 4122 eum
3296 4062 3334 4121 ἦ
3378 4080 3464 4135 se,
3507 4064 3593 4122 di-

1981 4176 2111 4218 cens
2142 4177 2157 4216 :
2192 4160 2433 4232 Angelus
2462 4160 2677 4216 Domini
2706 4166 2929 4215 sanctus
2959 4160 3032 4216 sit
3060 4159 3112 4216 in
3147 4158 3344 4218 itinere
3377 4168 3583 4227 vestro,

1982 4253 2354 4326 perdueatque
2410 4267 2506 4308 vos
2561 4252 2902 4320 incolumes,
2952 4260 3008 4307 et
3064 4252 3356 4309 inveniatis
3406 4252 3590 4309 omnia

1980 4356 2133 4406 recte
2161 4349 2304 4404 circa
2336 4357 2595 4420 parentes
2640 4356 2878 4415 vestros,
2929 4352 2986 4402 et
3018 4344 3241 4402 videant
3289 4345 3435 4405 oculi
3479 4346 3590 4403 mei

1981 4440 2120 4497 filios
2150 4451 2366 4497 vestros
2398 4439 2713 4511 priusquam
2747 4441 2972 4495 moriar.
3008 4438 3075 4494 Et
3106 4438 3593 4511 apprehendentes

1981 4540 2238 4605 parentes
2265 4532 2430 4588 tiliam
2462 4547 2641 4600 suam,
2687 4529 2920 4587 osculati
2950 4539 3080 4587 sunt
3105 4546 3249 4598 eam,
3278 4544 3334 4589 et
3364 4531 3591 4590 dimise-

265 4626 512 4696 pcrrexit
544 4643 557 4680 :
609 4637 662 4682 et
692 4627 977 4684 inveniens
1006 4627 1290 4697 Gabelum,
1341 4630 1582 4687 reddidit
1611 4630 1663 4688 ei
1689 4630 1873 4688 cbiro-
1906 4610 1960 4671 Β
1987 4636 2113 4682 runt
2144 4627 2224 4683 ire
2261 4644 2272 4679 :
2305 4636 2590 4683 monentes
2616 4640 2735 4679 cam
2773 4626 3048 4681 honorare
3090 4639 3333 4694 soceros,
3365 4624 3594 4696 diligere

267 4720 534 4791 graphum
564 4736 745 4789 suum,
796 4731 851 4777 et
896 4722 1104 4792 recepit
1130 4723 1197 4778 ab
1221 4736 1288 4780 eo
1316 4738 1532 4780 omnem
1565 4725 1874 4795 pecuniam.

275 4812 644 4887 indicavitque
696 4815 742 4872 ei
788 4816 857 4871 de
886 4815 1056 4872 Tobia
1107 4815 1216 4871 lilio
1258 4816 1467 4885 Tobiae,
1496 4814 1676 4873 omnl’a
1705 4829 1729 4867 ts
1757 4835 1879 4891 quae

266 4920 415 4976 gesta
455 4918 617 4963 sunt:
650 4909 888 4981 fecitque
933 4926 1056 4966 eum
1100 4924 1285 4966 secum
1319 4912 1509 4965 venire
1539 4910 1605 4965 ad
1639 4912 1874 4980 nuptias.

338 5001 588 5073 Cumque
620 5005 900 5075 ingressus
933 5017 1078 5063 esset
1109 5006 1330 5064 domum
1360 5005 1639 5078 Raguelis,
1675 5006 1881 5063 invenit

267 5094 500 5153 Tobiam
550 5098 984 5158 discumbentetn
1014 5118 1026 5157 :
1060 5110 1117 5159 et
1158 5100 1446 5173 exsilicns,
1477 5100 1709 5159 osculati
1753 5112 1879 5159 sunt

344 5306 369 5371 ξι
396 5296 544 5371 illud,
568 5304 698 5371 forte
726 5300 963 5358 Palatin.
990 5316 1095 5360 ms.
1131 5310 1295 5365 tacet.

346 5365 372 5407 δ
407 5365 578 5427 Addit
600 5374 741 5429 idem
766 5388 870 5429 ms.
898 5373 985 5429 bic
1009 5374 1175 5429 nobis.

348 5448 370 5478 ε
399 5440 500 5495 Ms.
537 5442 814 5520 Palatinus
842 5445 1143 5520 inplemus.
1174 5444 1341 5520 Paulo
1375 5455 1498 5517 post
1533 5462 1632 5520 pro
1674 5445 1879 5520 univero

271 5513 423 5592 sitas,
444 5514 592 5592 quod
641 5516 818 5592 nostri
849 5517 1051 5592 aliique
1082 5513 1424 5592 omneslib'ri
1458 5513 1771 5587 restituunt,
1803 5517 1882 5573 vi-

274 5584 416 5639 tiose
443 5584 643 5648 lectum
667 5602 698 5642 a
727 5584 1044 5643 Martianieo
1070 5590 1439 5647 universitatis.

349 5654 375 5693 ἀ
399 5654 744 5731 Nostrimss.
770 5658 979 5714 obsecro
1009 5667 1063 5713 ut
1093 5676 1287 5724 sumas,
1323 5663 1439 5716 sine
1467 5671 1533 5731 le,
1557 5672 1662 5719 etc.

349 5737 371 5764 ε
401 5728 553 5784 Unus
578 5728 810 5786 Palatia.
844 5745 945 5786 ms.
974 5731 1234 5801 quomodo
1279 5731 1481 5803 Raguel
1520 5728 1883 5805 Vcoujuraverit

274 5816 353 5854 me

351 5838 373 5911 ί
402 5868 575 5929 Tacet
604 5868 748 5930 idem
794 5886 898 5931 ms.
950 5871 1041 5931 hic
1079 5888 1271 5935 vocem
1314 5875 1595 5949 civitatem,
1648 5889 1883 5949 moxque

1988 4722 2266 4789 maritum,
2291 4736 2481 4792 regere
2520 4719 2808 4785 familiam,
2837 4720 3151 4790 gubernare
3180 4719 3423 4787 domum,
3451 4727 3506 4775 et
3533 4733 3594 4775 se

1988 4818 2163 4888 ipsam
2197 4815 2730 4887 irreprebensibilcm
2754 4814 3037 4871 exhibere.

1990 4938 1995 4945 ’
2060 4912 2215 4984 [(ἐαρ.
2247 4909 2363 4984 XL]
2400 4910 2644 4981 Cumque
2671 4915 3103 4974 reverterentur,
3133 4914 3495 4978 pervenerunt
3519 4905 3588 4961 ad

1987 5007 2222 5073 Cltaran,
2259 4986 2380 5077 quae
2412 5014 2497 5062 est
2534 5006 2585 5060 in
2618 5004 2799 5061 medio
2846 5003 3044 5059 itinere
3098 5011 3289 5058 eontra
3341 5000 3592 5069 Niniven,

1990 5100 2276 5159 undecimo
2304 5101 2415 5157 die.
2471 5100 2723 5172 Dixitque
2752 5099 2978 5171 angelus
3008 5116 3020 5153 :
3049 5098 3219 5155 Tobia
3265 5095 3456 5166 frater,
3486 5097 3595 5156 scis

1988 5301 2177 5368 habet,
2206 5313 2259 5361 et
2280 5305 2485 5361 veniens
2514 5304 2584 5359 ad
2612 5302 2864 5359 Gabelum
2889 5302 3034 5355 dedit
3075 5301 3125 5357 ei
3164 5300 3592 5373 chirographum,

1989 5392 2086 5447 pro
2117 5387 2165 5447 et
2194 5378 2454 5432 inveniens
2480 5373 2755 5439 Gabelum,
2780 5385 2887 5431 etc.

2060 5457 2085 5519 Β
2118 5446 2259 5503 Idem
2290 5466 2390 5503 ms.
2414 5464 2531 5519 qua:
2551 5448 2595 5519 ei
2618 5458 2762 5519 gesta
2786 5458 2925 5502 sunt.

2061 5518 2085 5555 δ
2110 5519 2237 5574 Plus
2268 5514 2463 5575 iterut'n
2494 5514 2659 5574 habet
2685 5518 2825 5572 idem
2852 5534 2953 5572 ms.
2979 5518 3117 5589 ﬂevit
3148 5518 3322 5589 itaque
3344 5514 3592 5589 Cabclur,

1986 5598 2097 5646 tum
2128 5632 2142 5651 ,
2194 5590 2468 5645 Benedicat
2492 5599 2541 5644 te
2568 5588 2822 5645 Dominus
2851 5590 3013 5655 Deus,
3044 5601 3151 5645 etc.

2070 5662 2085 5700 ί
2127 5664 2229 5717 Pro
2255 5679 2421 5717 semen
2454 5664 2503 5716 iu
2536 5662 2782 5717 Palatino
2814 5680 2915 5716 tns.
2943 5671 3027 5717 est
3050 5679 3256 5715 nomen.

1992 5732 2180 5860 Ηξὺιη
2207 5733 2401 5791 cedent
2428 5733 2917 5807 iucomparabilibur
2948 5734 3143 5806 legitur
3170 5749 3266 5804 pro
3299 5732 3598 5791 irremedia-

2026 5821 2082 5860 ιι
2120 5819 2198 5860 us.

2026 5819 2198 5860 «unus.

2416 5869 2481 5880 ων..
