  <div class='ocr_page' id='page_1' title='image "/cluster/home/n/w/nwhite01/storage/ocr_20150623/29/hvd.32044015471428/023.png"; bbox 0 0 4036 6338; ppageno 0'>
   <div class='ocr_carea' id='block_1_1' title="bbox 434 314 3745 394">
    <p class='ocr_par' dir='ltr' id='par_1_1' title="bbox 434 314 3745 394">
     <span class='ocr_line' id='line_1_1' title="bbox 434 314 3745 394; baseline 0.006 -22"><span class='ocrx_word' id='word_1_1' title='bbox 434 315 506 381; x_wconf 78' lang='lat' dir='ltr'><strong>ss</strong></span> <span class='ocrx_word' id='word_1_2' title='bbox 1453 320 1513 381; x_wconf 89' lang='lat' dir='ltr'><strong>s.</strong></span> <span class='ocrx_word' id='word_1_3' title='bbox 1556 318 1938 379; x_wconf 68' lang='lat' dir='ltr'><strong>mamma:</strong></span> <span class='ocrx_word' id='word_1_4' title='bbox 1972 317 2213 384; x_wconf 74' lang='lat' dir='ltr'><strong>utva</strong></span> <span class='ocrx_word' id='word_1_5' title='bbox 2244 316 2728 385; x_wconf 70' lang='lat' dir='ltr'><strong>BtBLlO&#39;IliBCA.</strong></span> <span class='ocrx_word' id='word_1_6' title='bbox 3674 314 3745 394; x_wconf 80' lang='lat' dir='ltr'><strong>se</strong></span> 
     </span>
    </p>
   </div>
   <div class='ocr_carea' id='block_1_2' title="bbox 427 429 3750 518">
    <p class='ocr_par' dir='ltr' id='par_1_2' title="bbox 427 429 3750 518">
     <span class='ocr_line' id='line_1_2' title="bbox 427 429 3750 518; baseline 0.004 -28"><span class='ocrx_word' id='word_1_7' title='bbox 427 429 886 505; x_wconf 79' lang='lat' dir='ltr'><strong>quemadmodum</strong></span> <span class='ocrx_word' id='word_1_8' title='bbox 915 430 1182 506; x_wconf 86' lang='lat' dir='ltr'><strong>reliquisti</strong></span> <span class='ocrx_word' id='word_1_9' title='bbox 1205 438 1411 506; x_wconf 64' lang='lat' dir='ltr'><strong>panem</strong></span> <span class='ocrx_word' id='word_1_10' title='bbox 1438 443 1611 491; x_wconf 90' lang='lat' dir='ltr'><strong>tuum.</strong></span> <span class='ocrx_word' id='word_1_11' title='bbox 1636 434 1692 493; x_wconf 87' lang='lat' dir='ltr'><strong>Si</strong></span> <span class='ocrx_word' id='word_1_12' title='bbox 1724 435 1902 507; x_wconf 85' lang='lat' dir='ltr'><strong>placet</strong></span> <span class='ocrx_word' id='word_1_13' title='bbox 1932 434 2034 491; x_wconf 75' lang='lat' dir='ltr'><strong>its-</strong></span> <span class='ocrx_word' id='word_1_14' title='bbox 2063 444 2112 506; x_wconf 75' lang='grc' dir='ltr'><strong>Α</strong></span> <span class='ocrx_word' id='word_1_15' title='bbox 2139 450 2348 495; x_wconf 76' lang='lat' dir='ltr'><strong>sumus.</strong></span> <span class='ocrx_word' id='word_1_16' title='bbox 2378 439 2522 511; x_wconf 82' lang='lat' dir='ltr'><strong>Quid</strong></span> <span class='ocrx_word' id='word_1_17' title='bbox 2549 440 2646 509; x_wconf 74' lang='lat' dir='ltr'><strong>illi</strong></span> <span class='ocrx_word' id='word_1_18' title='bbox 2696 438 2764 499; x_wconf 90' lang='lat' dir='ltr'><strong>ad</strong></span> <span class='ocrx_word' id='word_1_19' title='bbox 2805 438 2922 501; x_wconf 63' lang='lat' dir='ltr'><strong>bare</strong></span> <span class='ocrx_word' id='word_1_20' title='bbox 2968 440 3277 516; x_wconf 73' lang='lat' dir='ltr'><strong>poterimus</strong></span> <span class='ocrx_word' id='word_1_21' title='bbox 3306 442 3529 518; x_wconf 84' lang='lat' dir='ltr'><strong>dignum</strong></span> <span class='ocrx_word' id='word_1_22' title='bbox 3576 443 3750 504; x_wconf 70' lang='lat' dir='ltr'><strong>dare?</strong></span> 
     </span>
    </p>
   </div>
   <div class='ocr_carea' id='block_1_3' title="bbox 425 524 3751 611">
    <p class='ocr_par' dir='ltr' id='par_1_3' title="bbox 425 524 3751 611">
     <span class='ocr_line' id='line_1_3' title="bbox 425 524 3751 611; baseline 0.001 -31"><span class='ocrx_word' id='word_1_23' title='bbox 425 539 533 595; x_wconf 89' lang='lat' dir='ltr'><strong>que</strong></span> <span class='ocrx_word' id='word_1_24' title='bbox 556 524 676 593; x_wconf 70' lang='lat' dir='ltr'><strong>tibi,</strong></span> <span class='ocrx_word' id='word_1_25' title='bbox 707 525 1103 598; x_wconf 65' lang='lat' dir='ltr'><strong>praecedamus,</strong></span> <span class='ocrx_word' id='word_1_26' title='bbox 1136 534 1193 583; x_wconf 83' lang='lat' dir='ltr'><strong>et</strong></span> <span class='ocrx_word' id='word_1_27' title='bbox 1222 527 1371 583; x_wconf 89' lang='lat' dir='ltr'><strong>lento</strong></span> <span class='ocrx_word' id='word_1_28' title='bbox 1396 527 1569 600; x_wconf 87' lang='lat' dir='ltr'><strong>gradu</strong></span> <span class='ocrx_word' id='word_1_29' title='bbox 1606 536 1906 599; x_wconf 86' lang='lat' dir='ltr'><strong>sequantur</strong></span> <span class='ocrx_word' id='word_1_30' title='bbox 1930 526 2038 583; x_wconf 86' lang='lat' dir='ltr'><strong>iter</strong></span> <span class='ocrx_word' id='word_1_31' title='bbox 2140 534 2248 592; x_wconf 84' lang='lat' dir='ltr'><strong>Sed</strong></span> <span class='ocrx_word' id='word_1_32' title='bbox 2277 543 2402 606; x_wconf 74' lang='lat' dir='ltr'><strong>peto</strong></span> <span class='ocrx_word' id='word_1_33' title='bbox 2432 545 2505 604; x_wconf 73' lang='lat' dir='ltr'><strong>te,</strong></span> <span class='ocrx_word' id='word_1_34' title='bbox 2533 543 2686 608; x_wconf 68' lang='lat' dir='ltr'><strong>pater</strong></span> <span class='ocrx_word' id='word_1_35' title='bbox 2715 537 2811 607; x_wconf 64' lang='lat' dir='ltr'><strong>mi,</strong></span> <span class='ocrx_word' id='word_1_36' title='bbox 2836 546 2897 593; x_wconf 77' lang='lat' dir='ltr'><strong>ut,</strong></span> <span class='ocrx_word' id='word_1_37' title='bbox 2921 550 3082 610; x_wconf 70' lang='lat' dir='ltr'><strong>roges</strong></span> <span class='ocrx_word' id='word_1_38' title='bbox 3108 551 3258 605; x_wconf 65' lang='lat' dir='ltr'><strong>eum,</strong></span> <span class='ocrx_word' id='word_1_39' title='bbox 3294 538 3339 594; x_wconf 75' lang='lat' dir='ltr'><strong>gi</strong></span> <span class='ocrx_word' id='word_1_40' title='bbox 3384 538 3528 596; x_wconf 71' lang='lat' dir='ltr'><strong>forte</strong></span> <span class='ocrx_word' id='word_1_41' title='bbox 3558 538 3751 611; x_wconf 69' lang='lat' dir='ltr'><strong>digna.</strong></span> 
     </span>
    </p>
   </div>
   <div class='ocr_carea' id='block_1_4' title="bbox 425 620 3750 704">
    <p class='ocr_par' dir='ltr' id='par_1_4' title="bbox 425 620 3750 704">
     <span class='ocr_line' id='line_1_4' title="bbox 425 620 3750 704; baseline 0.005 -29"><span class='ocrx_word' id='word_1_42' title='bbox 425 630 675 678; x_wconf 88' lang='lat' dir='ltr'><strong>nostrum</strong></span> <span class='ocrx_word' id='word_1_43' title='bbox 709 620 948 689; x_wconf 70' lang='lat' dir='ltr'><strong>familiae,</strong></span> <span class='ocrx_word' id='word_1_44' title='bbox 992 623 1158 679; x_wconf 85' lang='lat' dir='ltr'><strong>simul</strong></span> <span class='ocrx_word' id='word_1_45' title='bbox 1187 636 1311 680; x_wconf 91' lang='lat' dir='ltr'><strong>cum</strong></span> <span class='ocrx_word' id='word_1_46' title='bbox 1357 623 1596 695; x_wconf 75' lang='lat' dir='ltr'><strong>conjuge</strong></span> <span class='ocrx_word' id='word_1_47' title='bbox 1640 632 1759 691; x_wconf 86' lang='lat' dir='ltr'><strong>tua,</strong></span> <span class='ocrx_word' id='word_1_48' title='bbox 1810 631 1867 679; x_wconf 92' lang='lat' dir='ltr'><strong>et</strong></span> <span class='ocrx_word' id='word_1_49' title='bbox 1914 637 2038 679; x_wconf 86' lang='lat' dir='ltr'><strong>eum</strong></span> <span class='ocrx_word' id='word_1_50' title='bbox 2142 627 2288 683; x_wconf 92' lang='lat' dir='ltr'><strong>bitur</strong></span> <span class='ocrx_word' id='word_1_51' title='bbox 2317 627 2667 685; x_wconf 76' lang='lat' dir='ltr'><strong>medietatem</strong></span> <span class='ocrx_word' id='word_1_52' title='bbox 2694 630 2770 687; x_wconf 84' lang='lat' dir='ltr'><strong>de</strong></span> <span class='ocrx_word' id='word_1_53' title='bbox 2803 631 3081 700; x_wconf 87' lang='lat' dir='ltr'><strong>omnibus,</strong></span> <span class='ocrx_word' id='word_1_54' title='bbox 3103 646 3227 704; x_wconf 74' lang='lat' dir='ltr'><strong>qua:</strong></span> <span class='ocrx_word' id='word_1_55' title='bbox 3254 628 3416 688; x_wconf 85' lang='lat' dir='ltr'><strong>allata</strong></span> <span class='ocrx_word' id='word_1_56' title='bbox 3446 640 3595 703; x_wconf 88' lang='lat' dir='ltr'><strong>sunt,</strong></span> <span class='ocrx_word' id='word_1_57' title='bbox 3643 630 3750 690; x_wconf 88' lang='lat' dir='ltr'><strong>sibi</strong></span> 
     </span>
    </p>
   </div>
   <div class='ocr_carea' id='block_1_5' title="bbox 423 712 2442 787">
    <p class='ocr_par' dir='ltr' id='par_1_5' title="bbox 423 712 2442 787">
     <span class='ocr_line' id='line_1_5' title="bbox 423 712 2442 787; baseline 0.003 -16"><span class='ocrx_word' id='word_1_58' title='bbox 423 712 771 771; x_wconf 80' lang='lat' dir='ltr'><strong>animalibus.</strong></span> <span class='ocrx_word' id='word_1_59' title='bbox 814 713 1063 786; x_wconf 83' lang='lat' dir='ltr'><strong>Cumque</strong></span> <span class='ocrx_word' id='word_1_60' title='bbox 1098 715 1205 772; x_wconf 83' lang='lat' dir='ltr'><strong>hoc</strong></span> <span class='ocrx_word' id='word_1_61' title='bbox 1252 715 1551 786; x_wconf 86' lang='lat' dir='ltr'><strong>placuisset</strong></span> <span class='ocrx_word' id='word_1_62' title='bbox 1593 723 1651 772; x_wconf 92' lang='lat' dir='ltr'><strong>ut</strong></span> <span class='ocrx_word' id='word_1_63' title='bbox 1699 717 1861 787; x_wconf 81' lang='lat' dir='ltr'><strong>irent,</strong></span> <span class='ocrx_word' id='word_1_64' title='bbox 1904 715 2042 771; x_wconf 90' lang='lat' dir='ltr'><strong>dixit</strong></span> <span class='ocrx_word' id='word_1_65' title='bbox 2142 735 2442 778; x_wconf 77' lang='lat' dir='ltr'><strong>assumere.</strong></span> 
     </span>
    </p>
   </div>
   <div class='ocr_carea' id='block_1_6' title="bbox 428 804 2038 880">
    <p class='ocr_par' dir='ltr' id='par_1_6' title="bbox 428 804 2038 880">
     <span class='ocr_line' id='line_1_6' title="bbox 428 804 2038 880; baseline 0.001 -17"><span class='ocrx_word' id='word_1_66' title='bbox 428 804 669 875; x_wconf 73' lang='lat' dir='ltr'><strong>Raplrael</strong></span> <span class='ocrx_word' id='word_1_67' title='bbox 712 804 781 862; x_wconf 88' lang='lat' dir='ltr'><strong>ad</strong></span> <span class='ocrx_word' id='word_1_68' title='bbox 825 805 1098 864; x_wconf 89' lang='lat' dir='ltr'><strong>Tobiam:</strong></span> <span class='ocrx_word' id='word_1_69' title='bbox 1128 806 1288 865; x_wconf 87' lang='lat' dir='ltr'><strong>Tolle</strong></span> <span class='ocrx_word' id='word_1_70' title='bbox 1318 817 1499 865; x_wconf 88' lang='lat' dir='ltr'><strong>tecum</strong></span> <span class='ocrx_word' id='word_1_71' title='bbox 1546 823 1616 867; x_wconf 86' lang='lat' dir='ltr'><strong>ex</strong></span> <span class='ocrx_word' id='word_1_72' title='bbox 1660 808 1796 866; x_wconf 79' lang='lat' dir='ltr'><strong>felle</strong></span> <span class='ocrx_word' id='word_1_73' title='bbox 1828 808 2038 880; x_wconf 81' lang='lat' dir='ltr'><strong>piscis:</strong></span> 
     </span>
    </p>
   </div>
   <div class='ocr_carea' id='block_1_7' title="bbox 428 895 2042 972">
    <p class='ocr_par' dir='ltr' id='par_1_7' title="bbox 428 895 2042 972">
     <span class='ocr_line' id='line_1_7' title="bbox 428 895 2042 972; baseline 0.002 -17"><span class='ocrx_word' id='word_1_74' title='bbox 428 895 537 955; x_wconf 81' lang='lat' dir='ltr'><strong>erit</strong></span> <span class='ocrx_word' id='word_1_75' title='bbox 562 896 710 953; x_wconf 86' lang='lat' dir='ltr'><strong>enim</strong></span> <span class='ocrx_word' id='word_1_76' title='bbox 739 896 1135 959; x_wconf 81' lang='lat' dir='ltr'><strong>necessarium.</strong></span> <span class='ocrx_word' id='word_1_77' title='bbox 1182 899 1330 957; x_wconf 82' lang='lat' dir='ltr'><strong>Tulit</strong></span> <span class='ocrx_word' id='word_1_78' title='bbox 1364 901 1546 972; x_wconf 84' lang='lat' dir='ltr'><strong>itaque</strong></span> <span class='ocrx_word' id='word_1_79' title='bbox 1582 900 1785 959; x_wconf 81' lang='lat' dir='ltr'><strong>Tobias</strong></span> <span class='ocrx_word' id='word_1_80' title='bbox 1814 916 1886 958; x_wconf 90' lang='lat' dir='ltr'><strong>ex</strong></span> <span class='ocrx_word' id='word_1_81' title='bbox 1914 900 2042 958; x_wconf 86' lang='lat' dir='ltr'><strong>felle</strong></span> 
     </span>
    </p>
   </div>
   <div class='ocr_carea' id='block_1_8' title="bbox 427 986 943 1053">
    <p class='ocr_par' dir='ltr' id='par_1_8' title="bbox 427 986 943 1053">
     <span class='ocr_line' id='line_1_8' title="bbox 427 986 943 1053; baseline 0.008 -11"><span class='ocrx_word' id='word_1_82' title='bbox 427 986 542 1053; x_wconf 91' lang='lat' dir='ltr'><strong>illo,</strong></span> <span class='ocrx_word' id='word_1_83' title='bbox 575 996 632 1044; x_wconf 90' lang='lat' dir='ltr'><strong>et</strong></span> <span class='ocrx_word' id='word_1_84' title='bbox 658 987 943 1049; x_wconf 87' lang='lat' dir='ltr'><strong>abierunt.</strong></span> 
     </span>
    </p>
   </div>
   <div class='ocr_carea' id='block_1_9' title="bbox 499 1083 2045 1159">
    <p class='ocr_par' dir='ltr' id='par_1_9' title="bbox 499 1083 2045 1159">
     <span class='ocr_line' id='line_1_9' title="bbox 499 1083 2045 1159; baseline 0.004 -22"><span class='ocrx_word' id='word_1_85' title='bbox 499 1083 657 1138; x_wconf 82' lang='lat' dir='ltr'><strong>Anna</strong></span> <span class='ocrx_word' id='word_1_86' title='bbox 709 1092 896 1141; x_wconf 86' lang='lat' dir='ltr'><strong>autem</strong></span> <span class='ocrx_word' id='word_1_87' title='bbox 927 1084 1161 1145; x_wconf 79' lang='lat' dir='ltr'><strong>sedebat</strong></span> <span class='ocrx_word' id='word_1_88' title='bbox 1193 1100 1355 1145; x_wconf 87' lang='lat' dir='ltr'><strong>secus</strong></span> <span class='ocrx_word' id='word_1_89' title='bbox 1392 1086 1562 1157; x_wconf 85' lang='lat' dir='ltr'><strong>viam,</strong></span> <span class='ocrx_word' id='word_1_90' title='bbox 1594 1086 1836 1159; x_wconf 80' lang='lat' dir='ltr'><strong>quotidie</strong></span> <span class='ocrx_word' id='word_1_91' title='bbox 1866 1086 1923 1144; x_wconf 88' lang='lat' dir='ltr'><strong>in</strong></span> <span class='ocrx_word' id='word_1_92' title='bbox 1951 1101 2045 1143; x_wconf 78' lang='lat' dir='ltr'><strong>sn-</strong></span> 
     </span>
    </p>
   </div>
   <div class='ocr_carea' id='block_1_10' title="bbox 429 1174 2046 1254">
    <p class='ocr_par' dir='ltr' id='par_1_10' title="bbox 429 1174 2046 1254">
     <span class='ocr_line' id='line_1_10' title="bbox 429 1174 2046 1254; baseline 0.001 -20"><span class='ocrx_word' id='word_1_93' title='bbox 429 1174 659 1247; x_wconf 83' lang='lat' dir='ltr'><strong>percilio</strong></span> <span class='ocrx_word' id='word_1_94' title='bbox 686 1177 911 1246; x_wconf 86' lang='lat' dir='ltr'><strong>montis,</strong></span> <span class='ocrx_word' id='word_1_95' title='bbox 960 1181 1107 1245; x_wconf 85' lang='lat' dir='ltr'><strong>unde</strong></span> <span class='ocrx_word' id='word_1_96' title='bbox 1144 1183 1423 1254; x_wconf 78' lang='lat' dir='ltr'><strong>respicere</strong></span> <span class='ocrx_word' id='word_1_97' title='bbox 1454 1191 1671 1253; x_wconf 84' lang='lat' dir='ltr'><strong>poterat</strong></span> <span class='ocrx_word' id='word_1_98' title='bbox 1719 1182 1790 1239; x_wconf 89' lang='lat' dir='ltr'><strong>de</strong></span> <span class='ocrx_word' id='word_1_99' title='bbox 1833 1182 2046 1254; x_wconf 69' lang='lat' dir='ltr'><strong>longino</strong></span> 
     </span>
    </p>
   </div>
   <div class='ocr_carea' id='block_1_11' title="bbox 432 1269 2044 1349">
    <p class='ocr_par' dir='ltr' id='par_1_11' title="bbox 432 1269 2044 1349">
     <span class='ocr_line' id='line_1_11' title="bbox 432 1269 2044 1349; baseline 0.004 -24"><span class='ocrx_word' id='word_1_100' title='bbox 432 1285 565 1342; x_wconf 88' lang='lat' dir='ltr'><strong>quo.</strong></span> <span class='ocrx_word' id='word_1_101' title='bbox 596 1269 665 1327; x_wconf 83' lang='lat' dir='ltr'><strong>Et</strong></span> <span class='ocrx_word' id='word_1_102' title='bbox 694 1270 825 1328; x_wconf 92' lang='lat' dir='ltr'><strong>dum</strong></span> <span class='ocrx_word' id='word_1_103' title='bbox 853 1288 925 1331; x_wconf 88' lang='lat' dir='ltr'><strong>ex</strong></span> <span class='ocrx_word' id='word_1_104' title='bbox 950 1273 1145 1333; x_wconf 84' lang='lat' dir='ltr'><strong>eodem</strong></span> <span class='ocrx_word' id='word_1_105' title='bbox 1176 1276 1707 1349; x_wconf 37' lang='lat' dir='ltr'><strong>loeo&#39;specularetur</strong></span> <span class='ocrx_word' id='word_1_106' title='bbox 1749 1275 2044 1332; x_wconf 79' lang='lat' dir='ltr'><strong>adventum</strong></span> 
     </span>
    </p>
   </div>
   <div class='ocr_carea' id='block_1_12' title="bbox 430 1362 2042 1443">
    <p class='ocr_par' dir='ltr' id='par_1_12' title="bbox 430 1362 2042 1443">
     <span class='ocr_line' id='line_1_12' title="bbox 430 1362 2042 1443; baseline 0.004 -25"><span class='ocrx_word' id='word_1_107' title='bbox 430 1362 571 1433; x_wconf 86' lang='lat' dir='ltr'><strong>ejus,</strong></span> <span class='ocrx_word' id='word_1_108' title='bbox 602 1364 737 1420; x_wconf 85' lang='lat' dir='ltr'><strong>vidit</strong></span> <span class='ocrx_word' id='word_1_109' title='bbox 758 1382 788 1421; x_wconf 91' lang='lat' dir='ltr'><strong>a</strong></span> <span class='ocrx_word' id='word_1_110' title='bbox 816 1365 997 1438; x_wconf 78' lang='lat' dir='ltr'><strong>longe,</strong></span> <span class='ocrx_word' id='word_1_111' title='bbox 1027 1378 1082 1424; x_wconf 90' lang='lat' dir='ltr'><strong>et</strong></span> <span class='ocrx_word' id='word_1_112' title='bbox 1108 1369 1256 1426; x_wconf 89' lang='lat' dir='ltr'><strong>illico</strong></span> <span class='ocrx_word' id='word_1_113' title='bbox 1283 1372 1504 1443; x_wconf 77' lang='lat' dir='ltr'><strong>agnovit</strong></span> <span class='ocrx_word' id='word_1_114' title='bbox 1529 1370 1842 1427; x_wconf 83' lang='lat' dir='ltr'><strong>venientem</strong></span> <span class='ocrx_word' id='word_1_115' title='bbox 1873 1370 2042 1425; x_wconf 85' lang='lat' dir='ltr'><strong>tilium</strong></span> 
     </span>
    </p>
   </div>
   <div class='ocr_carea' id='block_1_13' title="bbox 433 1461 2047 1532">
    <p class='ocr_par' dir='ltr' id='par_1_13' title="bbox 433 1461 2047 1532">
     <span class='ocr_line' id='line_1_13' title="bbox 433 1461 2047 1532; baseline 0.003 -19"><span class='ocrx_word' id='word_1_116' title='bbox 433 1470 593 1513; x_wconf 82' lang='lat' dir='ltr'><strong>suum</strong></span> <span class='ocrx_word' id='word_1_117' title='bbox 620 1474 635 1511; x_wconf 91' lang='lat'><strong>:</strong></span> <span class='ocrx_word' id='word_1_118' title='bbox 664 1472 1007 1532; x_wconf 74' lang='lat' dir='ltr'><strong>cuneusque</strong></span> <span class='ocrx_word' id='word_1_119' title='bbox 1036 1463 1308 1519; x_wconf 78' lang='lat' dir='ltr'><strong>nuntiavit</strong></span> <span class='ocrx_word' id='word_1_120' title='bbox 1333 1464 1455 1519; x_wconf 89' lang='lat' dir='ltr'><strong>viro</strong></span> <span class='ocrx_word' id='word_1_121' title='bbox 1482 1478 1604 1530; x_wconf 89' lang='lat' dir='ltr'><strong>suo,</strong></span> <span class='ocrx_word' id='word_1_122' title='bbox 1637 1463 1870 1520; x_wconf 82' lang='lat' dir='ltr'><strong>dicens:</strong></span> <span class='ocrx_word' id='word_1_123' title='bbox 1904 1461 2047 1518; x_wconf 85' lang='lat' dir='ltr'><strong>Ecce</strong></span> 
     </span>
    </p>
   </div>
   <div class='ocr_carea' id='block_1_14' title="bbox 436 1550 2047 1629">
    <p class='ocr_par' dir='ltr' id='par_1_14' title="bbox 436 1550 2047 1629">
     <span class='ocr_line' id='line_1_14' title="bbox 436 1550 2047 1629; baseline 0.005 -25"><span class='ocrx_word' id='word_1_124' title='bbox 436 1550 586 1607; x_wconf 87' lang='lat' dir='ltr'><strong>venit</strong></span> <span class='ocrx_word' id='word_1_125' title='bbox 617 1551 761 1609; x_wconf 77' lang='lat' dir='ltr'><strong>filius</strong></span> <span class='ocrx_word' id='word_1_126' title='bbox 792 1564 916 1613; x_wconf 89' lang='lat' dir='ltr'><strong>tuus</strong></span> <span class='ocrx_word' id='word_1_127' title='bbox 941 1574 956 1612; x_wconf 88' lang='lat'><strong>:</strong></span> <span class='ocrx_word' id='word_1_128' title='bbox 986 1556 1244 1627; x_wconf 79' lang='lat' dir='ltr'><strong>Dixitque</strong></span> <span class='ocrx_word' id='word_1_129' title='bbox 1289 1557 1538 1629; x_wconf 79' lang='lat' dir='ltr'><strong>Rapliael</strong></span> <span class='ocrx_word' id='word_1_130' title='bbox 1566 1558 1634 1614; x_wconf 91' lang='lat' dir='ltr'><strong>ad</strong></span> <span class='ocrx_word' id='word_1_131' title='bbox 1676 1558 1902 1614; x_wconf 85' lang='lat' dir='ltr'><strong>Tobiam</strong></span> <span class='ocrx_word' id='word_1_132' title='bbox 1931 1574 1947 1612; x_wconf 90' lang='lat'><strong>:</strong></span> <span class='ocrx_word' id='word_1_133' title='bbox 1978 1560 2047 1612; x_wconf 76' lang='lat' dir='ltr'><strong>At</strong></span> 
     </span>
    </p>
   </div>
   <div class='ocr_carea' id='block_1_15' title="bbox 439 1642 2047 1720">
    <p class='ocr_par' dir='ltr' id='par_1_15' title="bbox 439 1642 2047 1720">
     <span class='ocr_line' id='line_1_15' title="bbox 439 1642 2047 1720; baseline 0.006 -24"><span class='ocrx_word' id='word_1_134' title='bbox 439 1642 530 1697; x_wconf 89' lang='lat' dir='ltr'><strong>ubi</strong></span> <span class='ocrx_word' id='word_1_135' title='bbox 562 1642 844 1702; x_wconf 85' lang='lat' dir='ltr'><strong>introieris</strong></span> <span class='ocrx_word' id='word_1_136' title='bbox 873 1646 1099 1704; x_wconf 87' lang='lat' dir='ltr'><strong>domum</strong></span> <span class='ocrx_word' id='word_1_137' title='bbox 1143 1658 1314 1720; x_wconf 83' lang='lat' dir='ltr'><strong>tuatn,</strong></span> <span class='ocrx_word' id='word_1_138' title='bbox 1347 1651 1534 1707; x_wconf 78' lang='lat' dir='ltr'><strong>statim</strong></span> <span class='ocrx_word' id='word_1_139' title='bbox 1564 1651 1731 1706; x_wconf 88' lang='lat' dir='ltr'><strong>adora</strong></span> <span class='ocrx_word' id='word_1_140' title='bbox 1758 1651 2047 1706; x_wconf 77' lang='lat' dir='ltr'><strong>Dominum</strong></span> 
     </span>
    </p>
   </div>
   <div class='ocr_carea' id='block_1_16' title="bbox 436 1736 2044 1816">
    <p class='ocr_par' dir='ltr' id='par_1_16' title="bbox 436 1736 2044 1816">
     <span class='ocr_line' id='line_1_16' title="bbox 436 1736 2044 1816; baseline 0.002 -21"><span class='ocrx_word' id='word_1_141' title='bbox 436 1736 612 1795; x_wconf 87' lang='lat' dir='ltr'><strong>Deum</strong></span> <span class='ocrx_word' id='word_1_142' title='bbox 635 1748 830 1796; x_wconf 85' lang='lat' dir='ltr'><strong>tuum:</strong></span> <span class='ocrx_word' id='word_1_143' title='bbox 860 1751 913 1798; x_wconf 92' lang='lat' dir='ltr'><strong>et</strong></span> <span class='ocrx_word' id='word_1_144' title='bbox 941 1744 1146 1813; x_wconf 84' lang='lat' dir='ltr'><strong>gratias</strong></span> <span class='ocrx_word' id='word_1_145' title='bbox 1175 1759 1348 1816; x_wconf 86' lang='lat' dir='ltr'><strong>agens</strong></span> <span class='ocrx_word' id='word_1_146' title='bbox 1390 1745 1467 1811; x_wconf 90' lang='lat' dir='ltr'><strong>ei,</strong></span> <span class='ocrx_word' id='word_1_147' title='bbox 1499 1745 1701 1801; x_wconf 84' lang='lat' dir='ltr'><strong>accede</strong></span> <span class='ocrx_word' id='word_1_148' title='bbox 1736 1743 1802 1800; x_wconf 86' lang='lat' dir='ltr'><strong>ad</strong></span> <span class='ocrx_word' id='word_1_149' title='bbox 1830 1752 2044 1815; x_wconf 74' lang='lat' dir='ltr'><strong>patrem</strong></span> 
     </span>
    </p>
   </div>
   <div class='ocr_carea' id='block_1_17' title="bbox 2221 815 3754 892">
    <p class='ocr_par' dir='ltr' id='par_1_17' title="bbox 2221 815 3754 892">
     <span class='ocr_line' id='line_1_17' title="bbox 2221 815 3754 892; baseline 0.004 -21"><span class='ocrx_word' id='word_1_150' title='bbox 2221 815 2291 872; x_wconf 84' lang='lat' dir='ltr'><strong>Et</strong></span> <span class='ocrx_word' id='word_1_151' title='bbox 2320 826 2584 874; x_wconf 83' lang='lat' dir='ltr'><strong>vocantes</strong></span> <span class='ocrx_word' id='word_1_152' title='bbox 2611 832 2757 888; x_wconf 86' lang='lat' dir='ltr'><strong>eum,</strong></span> <span class='ocrx_word' id='word_1_153' title='bbox 2788 826 2942 892; x_wconf 84' lang='lat' dir='ltr'><strong>pater</strong></span> <span class='ocrx_word' id='word_1_154' title='bbox 2970 819 3182 877; x_wconf 83' lang='lat' dir='ltr'><strong>scilicet</strong></span> <span class='ocrx_word' id='word_1_155' title='bbox 3205 826 3262 877; x_wconf 90' lang='lat' dir='ltr'><strong>et</strong></span> <span class='ocrx_word' id='word_1_156' title='bbox 3294 819 3469 889; x_wconf 85' lang='lat' dir='ltr'><strong>illius,</strong></span> <span class='ocrx_word' id='word_1_157' title='bbox 3507 819 3754 877; x_wconf 87' lang='lat' dir='ltr'><strong>tulerunt</strong></span> 
     </span>
    </p>
   </div>
   <div class='ocr_carea' id='block_1_18' title="bbox 2148 910 3747 989">
    <p class='ocr_par' dir='ltr' id='par_1_18' title="bbox 2148 910 3747 989">
     <span class='ocr_line' id='line_1_18' title="bbox 2148 910 3747 989; baseline 0.006 -25"><span class='ocrx_word' id='word_1_158' title='bbox 2148 922 2275 965; x_wconf 90' lang='lat' dir='ltr'><strong>eum</strong></span> <span class='ocrx_word' id='word_1_159' title='bbox 2307 910 2360 967; x_wconf 92' lang='lat' dir='ltr'><strong>in</strong></span> <span class='ocrx_word' id='word_1_160' title='bbox 2389 921 2598 983; x_wconf 86' lang='lat' dir='ltr'><strong>partem</strong></span> <span class='ocrx_word' id='word_1_161' title='bbox 2632 929 2648 969; x_wconf 91' lang='lat'><strong>:</strong></span> <span class='ocrx_word' id='word_1_162' title='bbox 2680 921 2736 970; x_wconf 90' lang='lat' dir='ltr'><strong>et</strong></span> <span class='ocrx_word' id='word_1_163' title='bbox 2761 928 2956 987; x_wconf 84' lang='lat' dir='ltr'><strong>rogare</strong></span> <span class='ocrx_word' id='word_1_164' title='bbox 2982 924 3291 988; x_wconf 66' lang='lat' dir='ltr'><strong>coeperunt,</strong></span> <span class='ocrx_word' id='word_1_165' title='bbox 3323 923 3387 971; x_wconf 91' lang='lat' dir='ltr'><strong>ut</strong></span> <span class='ocrx_word' id='word_1_166' title='bbox 3426 913 3747 989; x_wconf 70' lang='lat' dir='ltr'><strong>dignaretur</strong></span> 
     </span>
    </p>
   </div>
   <div class='ocr_carea' id='block_1_19' title="bbox 2148 1002 3753 1082">
    <p class='ocr_par' dir='ltr' id='par_1_19' title="bbox 2148 1002 3753 1082">
     <span class='ocr_line' id='line_1_19' title="bbox 2148 1002 3753 1082; baseline 0.005 -24"><span class='ocrx_word' id='word_1_167' title='bbox 2148 1002 2425 1061; x_wconf 90' lang='lat' dir='ltr'><strong>dimidiam</strong></span> <span class='ocrx_word' id='word_1_168' title='bbox 2458 1017 2669 1077; x_wconf 83' lang='lat' dir='ltr'><strong>partem</strong></span> <span class='ocrx_word' id='word_1_169' title='bbox 2691 1008 2971 1080; x_wconf 88' lang='lat' dir='ltr'><strong>omnium,</strong></span> <span class='ocrx_word' id='word_1_170' title='bbox 3001 1024 3125 1081; x_wconf 71' lang='lat' dir='ltr'><strong>quae</strong></span> <span class='ocrx_word' id='word_1_171' title='bbox 3168 1008 3499 1080; x_wconf 86' lang='lat' dir='ltr'><strong>attulerant,</strong></span> <span class='ocrx_word' id='word_1_172' title='bbox 3549 1022 3753 1082; x_wconf 87' lang='lat' dir='ltr'><strong>accep-</strong></span> 
     </span>
    </p>
   </div>
   <div class='ocr_carea' id='block_1_20' title="bbox 2147 1095 3753 1159">
    <p class='ocr_par' dir='ltr' id='par_1_20' title="bbox 2147 1095 3753 1159">
     <span class='ocr_line' id='line_1_20' title="bbox 2147 1095 3753 1159; baseline 0.006 -9"><span class='ocrx_word' id='word_1_173' title='bbox 2147 1102 2256 1150; x_wconf 87' lang='lat' dir='ltr'><strong>tam</strong></span> <span class='ocrx_word' id='word_1_174' title='bbox 2282 1095 2504 1154; x_wconf 87' lang='lat' dir='ltr'><strong>habere.</strong></span> <span class='ocrx_word' id='word_1_175' title='bbox 2532 1096 2685 1156; x_wconf 89' lang='lat' dir='ltr'><strong>Tunc</strong></span> <span class='ocrx_word' id='word_1_176' title='bbox 2708 1100 2844 1156; x_wconf 84' lang='lat' dir='ltr'><strong>dixit</strong></span> <span class='ocrx_word' id='word_1_177' title='bbox 2863 1098 2945 1157; x_wconf 87' lang='lat' dir='ltr'><strong>eis</strong></span> <span class='ocrx_word' id='word_1_178' title='bbox 2966 1100 3215 1158; x_wconf 90' lang='lat' dir='ltr'><strong>occulte:</strong></span> <span class='ocrx_word' id='word_1_179' title='bbox 3240 1100 3556 1159; x_wconf 87' lang='lat' dir='ltr'><strong>Benedicite</strong></span> <span class='ocrx_word' id='word_1_180' title='bbox 3583 1102 3753 1159; x_wconf 87' lang='lat' dir='ltr'><strong>Deum</strong></span> 
     </span>
    </p>
   </div>
   <div class='ocr_carea' id='block_1_21' title="bbox 2147 1190 3754 1287">
    <p class='ocr_par' dir='ltr' id='par_1_21' title="bbox 2147 1190 3754 1287">
     <span class='ocr_line' id='line_1_21' title="bbox 2147 1190 3754 1287; baseline 0.004 -40"><span class='ocrx_word' id='word_1_181' title='bbox 2147 1190 2297 1260; x_wconf 76' lang='lat' dir='ltr'><strong>cmli,</strong></span> <span class='ocrx_word' id='word_1_182' title='bbox 2335 1200 2392 1247; x_wconf 88' lang='lat' dir='ltr'><strong>et</strong></span> <span class='ocrx_word' id='word_1_183' title='bbox 2420 1206 2605 1249; x_wconf 88' lang='lat' dir='ltr'><strong>coram</strong></span> <span class='ocrx_word' id='word_1_184' title='bbox 2647 1194 2903 1253; x_wconf 91' lang='lat' dir='ltr'><strong>omnibus</strong></span> <span class='ocrx_word' id='word_1_185' title='bbox 2940 1196 3253 1253; x_wconf 87' lang='lat' dir='ltr'><strong>viventibus</strong></span> <span class='ocrx_word' id='word_1_186' title='bbox 3290 1195 3626 1253; x_wconf 82' lang='lat' dir='ltr'><strong>confitemini</strong></span> <span class='ocrx_word' id='word_1_187' title='bbox 3662 1196 3712 1253; x_wconf 88' lang='lat' dir='ltr'><strong>ei</strong></span> <span class='ocrx_word' id='word_1_188' title='bbox 3737 1261 3754 1287; x_wconf 56' lang='lat'><strong><em>,</em></strong></span> 
     </span>
    </p>
   </div>
   <div class='ocr_carea' id='block_1_22' title="bbox 2147 1285 3756 1355">
    <p class='ocr_par' dir='ltr' id='par_1_22' title="bbox 2147 1285 3756 1355">
     <span class='ocr_line' id='line_1_22' title="bbox 2147 1285 3756 1355; baseline 0.004 -15"><span class='ocrx_word' id='word_1_189' title='bbox 2147 1285 2274 1355; x_wconf 89' lang='lat' dir='ltr'><strong>quia</strong></span> <span class='ocrx_word' id='word_1_190' title='bbox 2305 1285 2437 1343; x_wconf 88' lang='lat' dir='ltr'><strong>fecit</strong></span> <span class='ocrx_word' id='word_1_191' title='bbox 2482 1288 2764 1346; x_wconf 87' lang='lat' dir='ltr'><strong>vobiscum</strong></span> <span class='ocrx_word' id='word_1_192' title='bbox 2808 1290 3247 1348; x_wconf 87' lang='lat' dir='ltr'><strong>misericordiam</strong></span> <span class='ocrx_word' id='word_1_193' title='bbox 3302 1304 3479 1348; x_wconf 86' lang='lat' dir='ltr'><strong>suam.</strong></span> <span class='ocrx_word' id='word_1_194' title='bbox 3534 1285 3756 1347; x_wconf 81' lang='lat' dir='ltr'><strong>Etenim</strong></span> 
     </span>
    </p>
   </div>
   <div class='ocr_carea' id='block_1_23' title="bbox 2146 1381 3755 1454">
    <p class='ocr_par' dir='ltr' id='par_1_23' title="bbox 2146 1381 3755 1454">
     <span class='ocr_line' id='line_1_23' title="bbox 2146 1381 3755 1454; baseline 0.002 -20"><span class='ocrx_word' id='word_1_195' title='bbox 2146 1390 2550 1437; x_wconf 77' lang='lat' dir='ltr'><strong>sacramentum</strong></span> <span class='ocrx_word' id='word_1_196' title='bbox 2596 1381 2743 1454; x_wconf 84' lang='lat' dir='ltr'><strong>regis</strong></span> <span class='ocrx_word' id='word_1_197' title='bbox 2783 1383 3124 1439; x_wconf 80' lang='lat' dir='ltr'><strong>abscondere</strong></span> <span class='ocrx_word' id='word_1_198' title='bbox 3166 1383 3375 1439; x_wconf 88' lang='lat' dir='ltr'><strong>bonum</strong></span> <span class='ocrx_word' id='word_1_199' title='bbox 3408 1393 3491 1440; x_wconf 85' lang='lat' dir='ltr'><strong>est</strong></span> <span class='ocrx_word' id='word_1_200' title='bbox 3532 1402 3548 1441; x_wconf 90' lang='lat'><strong>:</strong></span> <span class='ocrx_word' id='word_1_201' title='bbox 3587 1396 3755 1454; x_wconf 86' lang='lat' dir='ltr'><strong>opera</strong></span> 
     </span>
    </p>
   </div>
   <div class='ocr_carea' id='block_1_24' title="bbox 2156 1473 3753 1534">
    <p class='ocr_par' dir='ltr' id='par_1_24' title="bbox 2156 1473 3753 1534">
     <span class='ocr_line' id='line_1_24' title="bbox 2156 1473 3753 1534; baseline 0.004 -8"><span class='ocrx_word' id='word_1_202' title='bbox 2156 1481 2340 1528; x_wconf 89' lang='lat' dir='ltr'><strong>autem</strong></span> <span class='ocrx_word' id='word_1_203' title='bbox 2393 1473 2489 1530; x_wconf 89' lang='lat' dir='ltr'><strong>Dei</strong></span> <span class='ocrx_word' id='word_1_204' title='bbox 2543 1476 2795 1532; x_wconf 77' lang='lat' dir='ltr'><strong>revelare</strong></span> <span class='ocrx_word' id='word_1_205' title='bbox 2840 1487 2895 1532; x_wconf 90' lang='lat' dir='ltr'><strong>et</strong></span> <span class='ocrx_word' id='word_1_206' title='bbox 2940 1476 3190 1534; x_wconf 76' lang='lat' dir='ltr'><strong>conﬁteri</strong></span> <span class='ocrx_word' id='word_1_207' title='bbox 3239 1474 3597 1533; x_wconf 81' lang='lat' dir='ltr'><strong>honorificum</strong></span> <span class='ocrx_word' id='word_1_208' title='bbox 3647 1482 3753 1533; x_wconf 88' lang='lat' dir='ltr'><strong>est.</strong></span> 
     </span>
    </p>
   </div>
   <div class='ocr_carea' id='block_1_25' title="bbox 2150 1565 3757 1644">
    <p class='ocr_par' dir='ltr' id='par_1_25' title="bbox 2150 1565 3757 1644">
     <span class='ocr_line' id='line_1_25' title="bbox 2150 1565 3757 1644; baseline 0.004 -24"><span class='ocrx_word' id='word_1_209' title='bbox 2150 1565 2300 1621; x_wconf 86' lang='lat' dir='ltr'><strong>Bona</strong></span> <span class='ocrx_word' id='word_1_210' title='bbox 2330 1575 2416 1623; x_wconf 87' lang='lat' dir='ltr'><strong>est</strong></span> <span class='ocrx_word' id='word_1_211' title='bbox 2444 1569 2623 1625; x_wconf 87' lang='lat' dir='ltr'><strong>oratio</strong></span> <span class='ocrx_word' id='word_1_212' title='bbox 2665 1582 2787 1624; x_wconf 91' lang='lat' dir='ltr'><strong>cum</strong></span> <span class='ocrx_word' id='word_1_213' title='bbox 2825 1570 3069 1642; x_wconf 87' lang='lat' dir='ltr'><strong>jejunio,</strong></span> <span class='ocrx_word' id='word_1_214' title='bbox 3108 1579 3165 1627; x_wconf 90' lang='lat' dir='ltr'><strong>et</strong></span> <span class='ocrx_word' id='word_1_215' title='bbox 3194 1570 3547 1644; x_wconf 87' lang='lat' dir='ltr'><strong>eleemosyna</strong></span> <span class='ocrx_word' id='word_1_216' title='bbox 3580 1570 3757 1642; x_wconf 84' lang='lat' dir='ltr'><strong>magis</strong></span> 
     </span>
    </p>
   </div>
   <div class='ocr_carea' id='block_1_26' title="bbox 2149 1660 3755 1737">
    <p class='ocr_par' dir='ltr' id='par_1_26' title="bbox 2149 1660 3755 1737">
     <span class='ocr_line' id='line_1_26' title="bbox 2149 1660 3755 1737; baseline 0.004 -24"><span class='ocrx_word' id='word_1_217' title='bbox 2149 1674 2312 1729; x_wconf 87' lang='lat' dir='ltr'><strong>quam</strong></span> <span class='ocrx_word' id='word_1_218' title='bbox 2348 1660 2637 1718; x_wconf 82' lang='lat' dir='ltr'><strong>thesauros</strong></span> <span class='ocrx_word' id='word_1_219' title='bbox 2666 1663 2785 1718; x_wconf 89' lang='lat' dir='ltr'><strong>auri</strong></span> <span class='ocrx_word' id='word_1_220' title='bbox 2825 1664 3127 1722; x_wconf 83' lang='lat' dir='ltr'><strong>recondere</strong></span> <span class='ocrx_word' id='word_1_221' title='bbox 3159 1684 3173 1721; x_wconf 91' lang='lat'><strong>:</strong></span> <span class='ocrx_word' id='word_1_222' title='bbox 3205 1664 3465 1737; x_wconf 86' lang='lat' dir='ltr'><strong>quoniam</strong></span> <span class='ocrx_word' id='word_1_223' title='bbox 3510 1666 3755 1721; x_wconf 85' lang='lat' dir='ltr'><strong>cleemo-</strong></span> 
     </span>
    </p>
   </div>
   <div class='ocr_carea' id='block_1_27' title="bbox 2152 1756 3759 1833">
    <p class='ocr_par' dir='ltr' id='par_1_27' title="bbox 2152 1756 3759 1833">
     <span class='ocr_line' id='line_1_27' title="bbox 2152 1756 3759 1833; baseline 0.006 -27"><span class='ocrx_word' id='word_1_224' title='bbox 2152 1768 2289 1824; x_wconf 83' lang='lat' dir='ltr'><strong>syna</strong></span> <span class='ocrx_word' id='word_1_225' title='bbox 2310 1768 2338 1807; x_wconf 92' lang='lat' dir='ltr'><strong>a</strong></span> <span class='ocrx_word' id='word_1_226' title='bbox 2371 1764 2549 1812; x_wconf 87' lang='lat' dir='ltr'><strong>morte</strong></span> <span class='ocrx_word' id='word_1_227' title='bbox 2581 1756 2815 1824; x_wconf 81' lang='lat' dir='ltr'><strong>liberat,</strong></span> <span class='ocrx_word' id='word_1_228' title='bbox 2847 1766 2905 1814; x_wconf 88' lang='lat' dir='ltr'><strong>et</strong></span> <span class='ocrx_word' id='word_1_229' title='bbox 2942 1758 3061 1829; x_wconf 91' lang='lat' dir='ltr'><strong>ipsa</strong></span> <span class='ocrx_word' id='word_1_230' title='bbox 3091 1767 3198 1823; x_wconf 90' lang='lat' dir='ltr'><strong>est,</strong></span> <span class='ocrx_word' id='word_1_231' title='bbox 3232 1774 3354 1831; x_wconf 79' lang='lat' dir='ltr'><strong>qum</strong></span> <span class='ocrx_word' id='word_1_232' title='bbox 3395 1766 3587 1833; x_wconf 83' lang='lat' dir='ltr'><strong>purgat</strong></span> <span class='ocrx_word' id='word_1_233' title='bbox 3630 1770 3759 1830; x_wconf 87' lang='lat' dir='ltr'><strong>pec-</strong></span> 
     </span>
    </p>
   </div>
   <div class='ocr_carea' id='block_1_28' title="bbox 438 1826 2050 1913">
    <p class='ocr_par' dir='ltr' id='par_1_28' title="bbox 438 1833 2050 1907">
     <span class='ocr_line' id='line_1_28' title="bbox 438 1833 2050 1907; baseline 0.004 -23"><span class='ocrx_word' id='word_1_234' title='bbox 438 1835 616 1900; x_wconf 82' lang='lat' dir='ltr'><strong>tuutn,</strong></span> <span class='ocrx_word' id='word_1_235' title='bbox 652 1842 706 1887; x_wconf 86' lang='lat' dir='ltr'><strong>et</strong></span> <span class='ocrx_word' id='word_1_236' title='bbox 732 1833 988 1890; x_wconf 85' lang='lat' dir='ltr'><strong>osculare</strong></span> <span class='ocrx_word' id='word_1_237' title='bbox 1016 1850 1169 1892; x_wconf 87' lang='lat' dir='ltr'><strong>eum.</strong></span> <span class='ocrx_word' id='word_1_238' title='bbox 1203 1836 1513 1907; x_wconf 78' lang='lat' dir='ltr'><strong>Statimque</strong></span> <span class='ocrx_word' id='word_1_239' title='bbox 1545 1836 1645 1892; x_wconf 83' lang='lat' dir='ltr'><strong>lini</strong></span> <span class='ocrx_word' id='word_1_240' title='bbox 1673 1852 1837 1907; x_wconf 85' lang='lat' dir='ltr'><strong>super</strong></span> <span class='ocrx_word' id='word_1_241' title='bbox 1863 1835 2050 1891; x_wconf 87' lang='lat' dir='ltr'><strong>oculos</strong></span> 
     </span>
    </p>
   </div>
   <div class='ocr_carea' id='block_1_29' title="bbox 2162 1826 3759 1913">
    <p class='ocr_par' dir='ltr' id='par_1_29' title="bbox 2162 1850 3759 1913">
     <span class='ocr_line' id='line_1_29' title="bbox 2162 1850 3759 1913; baseline 0.003 -10"><span class='ocrx_word' id='word_1_242' title='bbox 2162 1856 2293 1913; x_wconf 85' lang='lat' dir='ltr'><strong>cata,</strong></span> <span class='ocrx_word' id='word_1_243' title='bbox 2326 1856 2383 1904; x_wconf 87' lang='lat' dir='ltr'><strong>et</strong></span> <span class='ocrx_word' id='word_1_244' title='bbox 2416 1850 2545 1905; x_wconf 86' lang='lat' dir='ltr'><strong>facit</strong></span> <span class='ocrx_word' id='word_1_245' title='bbox 2570 1851 2823 1908; x_wconf 81' lang='lat' dir='ltr'><strong>invenire</strong></span> <span class='ocrx_word' id='word_1_246' title='bbox 2855 1851 3284 1909; x_wconf 87' lang='lat' dir='ltr'><strong>misericordiam</strong></span> <span class='ocrx_word' id='word_1_247' title='bbox 3317 1864 3373 1910; x_wconf 92' lang='lat' dir='ltr'><strong>et</strong></span> <span class='ocrx_word' id='word_1_248' title='bbox 3398 1850 3564 1909; x_wconf 86' lang='lat' dir='ltr'><strong>vitam</strong></span> <span class='ocrx_word' id='word_1_249' title='bbox 3596 1862 3759 1909; x_wconf 78' lang='lat' dir='ltr'><strong>aeter-</strong></span> 
     </span>
    </p>
   </div>
   <div class='ocr_carea' id='block_1_30' title="bbox 436 1923 2050 2019">
    <p class='ocr_par' dir='ltr' id='par_1_30' title="bbox 436 1923 2050 2004">
     <span class='ocr_line' id='line_1_30' title="bbox 436 1923 2050 2004; baseline 0.002 -22"><span class='ocrx_word' id='word_1_250' title='bbox 436 1923 559 1994; x_wconf 81' lang='lat' dir='ltr'><strong>ejus</strong></span> <span class='ocrx_word' id='word_1_251' title='bbox 577 1941 646 1983; x_wconf 88' lang='lat' dir='ltr'><strong>ex</strong></span> <span class='ocrx_word' id='word_1_252' title='bbox 673 1926 941 1986; x_wconf 88' lang='lat' dir='ltr'><strong>felleisto</strong></span> <span class='ocrx_word' id='word_1_253' title='bbox 972 1929 1158 2001; x_wconf 83' lang='lat' dir='ltr'><strong>piscis,</strong></span> <span class='ocrx_word' id='word_1_254' title='bbox 1208 1931 1355 2002; x_wconf 86' lang='lat' dir='ltr'><strong>quod</strong></span> <span class='ocrx_word' id='word_1_255' title='bbox 1408 1941 1594 2004; x_wconf 83' lang='lat' dir='ltr'><strong>portas</strong></span> <span class='ocrx_word' id='word_1_256' title='bbox 1639 1943 1845 1989; x_wconf 88' lang='lat' dir='ltr'><strong>tecum.</strong></span> <span class='ocrx_word' id='word_1_257' title='bbox 1896 1931 2050 1989; x_wconf 84' lang='lat' dir='ltr'><strong>Scias</strong></span> 
     </span>
    </p>
   </div>
   <div class='ocr_carea' id='block_1_31' title="bbox 2162 1923 3753 2019">
    <p class='ocr_par' dir='ltr' id='par_1_31' title="bbox 2162 1942 3753 2019">
     <span class='ocr_line' id='line_1_31' title="bbox 2162 1942 3753 2019; baseline 0.003 -24"><span class='ocrx_word' id='word_1_258' title='bbox 2162 1956 2301 1996; x_wconf 90' lang='lat' dir='ltr'><strong>nam.</strong></span> <span class='ocrx_word' id='word_1_259' title='bbox 2336 1942 2437 2011; x_wconf 88' lang='lat' dir='ltr'><strong>Qui</strong></span> <span class='ocrx_word' id='word_1_260' title='bbox 2469 1953 2649 2001; x_wconf 87' lang='lat' dir='ltr'><strong>autem</strong></span> <span class='ocrx_word' id='word_1_261' title='bbox 2685 1946 2894 2002; x_wconf 83' lang='lat' dir='ltr'><strong>faciunt</strong></span> <span class='ocrx_word' id='word_1_262' title='bbox 2936 1956 3250 2019; x_wconf 89' lang='lat' dir='ltr'><strong>peccatum,</strong></span> <span class='ocrx_word' id='word_1_263' title='bbox 3295 1958 3349 2004; x_wconf 89' lang='lat' dir='ltr'><strong>et</strong></span> <span class='ocrx_word' id='word_1_264' title='bbox 3381 1949 3753 2019; x_wconf 78' lang='lat' dir='ltr'><strong>iniquitatem,</strong></span> 
     </span>
    </p>
   </div>
   <div class='ocr_carea' id='block_1_32' title="bbox 438 2021 2050 2115">
    <p class='ocr_par' dir='ltr' id='par_1_32' title="bbox 438 2021 2050 2099">
     <span class='ocr_line' id='line_1_32' title="bbox 438 2021 2050 2099; baseline 0.003 -22"><span class='ocrx_word' id='word_1_265' title='bbox 438 2021 585 2077; x_wconf 87' lang='lat' dir='ltr'><strong>enim</strong></span> <span class='ocrx_word' id='word_1_266' title='bbox 614 2023 875 2093; x_wconf 84' lang='lat' dir='ltr'><strong>quoniam</strong></span> <span class='ocrx_word' id='word_1_267' title='bbox 906 2039 1032 2081; x_wconf 90' lang='lat' dir='ltr'><strong>mox</strong></span> <span class='ocrx_word' id='word_1_268' title='bbox 1062 2027 1379 2098; x_wconf 82' lang='lat' dir='ltr'><strong>aperientur</strong></span> <span class='ocrx_word' id='word_1_269' title='bbox 1403 2028 1547 2085; x_wconf 87' lang='lat' dir='ltr'><strong>oculi</strong></span> <span class='ocrx_word' id='word_1_270' title='bbox 1585 2028 1726 2099; x_wconf 80' lang='lat' dir='ltr'><strong>ejus,</strong></span> <span class='ocrx_word' id='word_1_271' title='bbox 1764 2036 1819 2084; x_wconf 89' lang='lat' dir='ltr'><strong>et</strong></span> <span class='ocrx_word' id='word_1_272' title='bbox 1844 2026 2050 2083; x_wconf 78' lang='lat' dir='ltr'><strong>videbit</strong></span> 
     </span>
    </p>
   </div>
   <div class='ocr_carea' id='block_1_33' title="bbox 2162 2021 3760 2115">
    <p class='ocr_par' dir='ltr' id='par_1_33' title="bbox 2162 2034 3760 2115">
     <span class='ocr_line' id='line_1_33' title="bbox 2162 2034 3760 2115; baseline 0.004 -24"><span class='ocrx_word' id='word_1_273' title='bbox 2162 2034 2341 2093; x_wconf 86' lang='lat' dir='ltr'><strong>hostes</strong></span> <span class='ocrx_word' id='word_1_274' title='bbox 2363 2048 2489 2095; x_wconf 89' lang='lat' dir='ltr'><strong>sunt</strong></span> <span class='ocrx_word' id='word_1_275' title='bbox 2512 2041 2707 2097; x_wconf 69' lang='lat' dir='ltr'><strong>animus</strong></span> <span class='ocrx_word' id='word_1_276' title='bbox 2737 2056 2871 2098; x_wconf 73' lang='lat' dir='ltr'><strong>sure.</strong></span> <span class='ocrx_word' id='word_1_277' title='bbox 2907 2041 3195 2100; x_wconf 80' lang='lat' dir='ltr'><strong>Manifesto</strong></span> <span class='ocrx_word' id='word_1_278' title='bbox 3217 2058 3346 2115; x_wconf 85' lang='lat' dir='ltr'><strong>ergo</strong></span> <span class='ocrx_word' id='word_1_279' title='bbox 3376 2043 3530 2099; x_wconf 82' lang='lat' dir='ltr'><strong>vobis</strong></span> <span class='ocrx_word' id='word_1_280' title='bbox 3564 2042 3760 2099; x_wconf 81' lang='lat' dir='ltr'><strong>verita-</strong></span> 
     </span>
    </p>
   </div>
   <div class='ocr_carea' id='block_1_34' title="bbox 440 2121 2001 2197">
    <p class='ocr_par' dir='ltr' id='par_1_34' title="bbox 440 2121 2001 2197">
     <span class='ocr_line' id='line_1_34' title="bbox 440 2121 2001 2197; baseline 0.004 -24"><span class='ocrx_word' id='word_1_281' title='bbox 440 2127 596 2190; x_wconf 88' lang='lat' dir='ltr'><strong>pater</strong></span> <span class='ocrx_word' id='word_1_282' title='bbox 628 2127 749 2175; x_wconf 90' lang='lat' dir='ltr'><strong>tuus</strong></span> <span class='ocrx_word' id='word_1_283' title='bbox 777 2121 960 2180; x_wconf 85' lang='lat' dir='ltr'><strong>lumen</strong></span> <span class='ocrx_word' id='word_1_284' title='bbox 993 2123 1142 2192; x_wconf 72' lang='lat' dir='ltr'><strong>curii,</strong></span> <span class='ocrx_word' id='word_1_285' title='bbox 1169 2135 1225 2181; x_wconf 91' lang='lat' dir='ltr'><strong>et</strong></span> <span class='ocrx_word' id='word_1_286' title='bbox 1252 2126 1308 2181; x_wconf 92' lang='lat' dir='ltr'><strong>in</strong></span> <span class='ocrx_word' id='word_1_287' title='bbox 1336 2134 1563 2197; x_wconf 85' lang='lat' dir='ltr'><strong>aspectu</strong></span> <span class='ocrx_word' id='word_1_288' title='bbox 1595 2134 1691 2182; x_wconf 92' lang='lat' dir='ltr'><strong>tuo</strong></span> <span class='ocrx_word' id='word_1_289' title='bbox 1719 2124 2001 2196; x_wconf 74' lang='lat' dir='ltr'><strong>gaudebit.</strong></span> 
     </span>
    </p>
   </div>
   <div class='ocr_carea' id='block_1_35' title="bbox 440 2212 2047 2291">
    <p class='ocr_par' dir='ltr' id='par_1_35' title="bbox 440 2212 2047 2291">
     <span class='ocr_line' id='line_1_35' title="bbox 440 2212 2047 2291; baseline 0.001 -21"><span class='ocrx_word' id='word_1_290' title='bbox 440 2272 445 2281; x_wconf 67' lang='grc'><em>,</em></span> <span class='ocrx_word' id='word_1_291' title='bbox 514 2212 1055 2285; x_wconf 63' lang='lat' dir='ltr'><strong>Tuncqlrarcucurrit</strong></span> <span class='ocrx_word' id='word_1_292' title='bbox 1101 2219 1277 2288; x_wconf 88' lang='lat' dir='ltr'><strong>canis,</strong></span> <span class='ocrx_word' id='word_1_293' title='bbox 1318 2221 1415 2291; x_wconf 85' lang='lat' dir='ltr'><strong>qui</strong></span> <span class='ocrx_word' id='word_1_294' title='bbox 1441 2219 1604 2275; x_wconf 90' lang='lat' dir='ltr'><strong>simul</strong></span> <span class='ocrx_word' id='word_1_295' title='bbox 1633 2218 1809 2275; x_wconf 89' lang='lat' dir='ltr'><strong>fuerat</strong></span> <span class='ocrx_word' id='word_1_296' title='bbox 1841 2217 1894 2274; x_wconf 92' lang='lat' dir='ltr'><strong>in</strong></span> <span class='ocrx_word' id='word_1_297' title='bbox 1918 2218 2003 2273; x_wconf 87' lang='lat' dir='ltr'><strong>via</strong></span> <span class='ocrx_word' id='word_1_298' title='bbox 2033 2232 2047 2272; x_wconf 86' lang='lat'><strong>:</strong></span> 
     </span>
    </p>
   </div>
   <div class='ocr_carea' id='block_1_36' title="bbox 443 2305 2052 2380">
    <p class='ocr_par' dir='ltr' id='par_1_36' title="bbox 443 2305 2052 2380">
     <span class='ocr_line' id='line_1_36' title="bbox 443 2305 2052 2380; baseline 0.001 -17"><span class='ocrx_word' id='word_1_299' title='bbox 443 2305 513 2363; x_wconf 82' lang='lat' dir='ltr'><strong>Et</strong></span> <span class='ocrx_word' id='word_1_300' title='bbox 535 2306 695 2377; x_wconf 85' lang='lat' dir='ltr'><strong>quasi</strong></span> <span class='ocrx_word' id='word_1_301' title='bbox 721 2311 949 2366; x_wconf 87' lang='lat' dir='ltr'><strong>nuntius</strong></span> <span class='ocrx_word' id='word_1_302' title='bbox 969 2310 1298 2380; x_wconf 85' lang='lat' dir='ltr'><strong>adveniens,</strong></span> <span class='ocrx_word' id='word_1_303' title='bbox 1330 2311 1706 2368; x_wconf 84' lang='lat' dir='ltr'><strong>blandimento</strong></span> <span class='ocrx_word' id='word_1_304' title='bbox 1728 2326 1845 2367; x_wconf 67' lang='lat' dir='ltr'><strong>sua:</strong></span> <span class='ocrx_word' id='word_1_305' title='bbox 1866 2307 2052 2366; x_wconf 79' lang='lat' dir='ltr'><strong>caudae</strong></span> 
     </span>
    </p>
   </div>
   <div class='ocr_carea' id='block_1_37' title="bbox 440 2400 2054 2476">
    <p class='ocr_par' dir='ltr' id='par_1_37' title="bbox 440 2400 2054 2476">
     <span class='ocr_line' id='line_1_37' title="bbox 440 2400 2054 2476; baseline 0.002 -21"><span class='ocrx_word' id='word_1_306' title='bbox 440 2400 732 2471; x_wconf 84' lang='lat' dir='ltr'><strong>gaudebat.</strong></span> <span class='ocrx_word' id='word_1_307' title='bbox 766 2403 835 2461; x_wconf 83' lang='lat' dir='ltr'><strong>Et</strong></span> <span class='ocrx_word' id='word_1_308' title='bbox 872 2418 1215 2476; x_wconf 84' lang='lat' dir='ltr'><strong>consurgens</strong></span> <span class='ocrx_word' id='word_1_309' title='bbox 1261 2418 1446 2462; x_wconf 63' lang='lat' dir='ltr'><strong>caecus</strong></span> <span class='ocrx_word' id='word_1_310' title='bbox 1496 2415 1652 2476; x_wconf 87' lang='lat' dir='ltr'><strong>pater</strong></span> <span class='ocrx_word' id='word_1_311' title='bbox 1695 2406 1837 2475; x_wconf 84' lang='lat' dir='ltr'><strong>ejus,</strong></span> <span class='ocrx_word' id='word_1_312' title='bbox 1887 2404 2054 2473; x_wconf 72' lang='lat' dir='ltr'><strong>erepit</strong></span> 
     </span>
    </p>
   </div>
   <div class='ocr_carea' id='block_1_38' title="bbox 438 2493 2054 2571">
    <p class='ocr_par' dir='ltr' id='par_1_38' title="bbox 438 2493 2054 2571">
     <span class='ocr_line' id='line_1_38' title="bbox 438 2493 2054 2571; baseline 0.002 -21"><span class='ocrx_word' id='word_1_313' title='bbox 438 2493 729 2553; x_wconf 81' lang='lat' dir='ltr'><strong>oﬂ‘endens</strong></span> <span class='ocrx_word' id='word_1_314' title='bbox 756 2497 986 2567; x_wconf 88' lang='lat' dir='ltr'><strong>pedibus</strong></span> <span class='ocrx_word' id='word_1_315' title='bbox 1016 2512 1269 2571; x_wconf 84' lang='lat' dir='ltr'><strong>currere,</strong></span> <span class='ocrx_word' id='word_1_316' title='bbox 1302 2511 1361 2555; x_wconf 86' lang='lat' dir='ltr'><strong>et‘</strong></span> <span class='ocrx_word' id='word_1_317' title='bbox 1387 2499 1512 2556; x_wconf 87' lang='lat' dir='ltr'><strong>data</strong></span> <span class='ocrx_word' id='word_1_318' title='bbox 1545 2513 1709 2555; x_wconf 86' lang='lat' dir='ltr'><strong>manu</strong></span> <span class='ocrx_word' id='word_1_319' title='bbox 1738 2510 1927 2569; x_wconf 85' lang='lat' dir='ltr'><strong>puero,</strong></span> <span class='ocrx_word' id='word_1_320' title='bbox 1959 2510 2054 2553; x_wconf 77' lang='lat' dir='ltr'><strong>oe-</strong></span> 
     </span>
    </p>
   </div>
   <div class='ocr_carea' id='block_1_39' title="bbox 440 2592 2054 2666">
    <p class='ocr_par' dir='ltr' id='par_1_39' title="bbox 440 2592 2054 2666">
     <span class='ocr_line' id='line_1_39' title="bbox 440 2592 2054 2666; baseline 0.001 -20"><span class='ocrx_word' id='word_1_321' title='bbox 440 2592 616 2647; x_wconf 79' lang='lat' dir='ltr'><strong>enrrit</strong></span> <span class='ocrx_word' id='word_1_322' title='bbox 658 2592 879 2649; x_wconf 79' lang='lat' dir='ltr'><strong>obviam</strong></span> <span class='ocrx_word' id='word_1_323' title='bbox 911 2592 1026 2651; x_wconf 88' lang='lat' dir='ltr'><strong>tilio</strong></span> <span class='ocrx_word' id='word_1_324' title='bbox 1057 2608 1182 2653; x_wconf 86' lang='lat' dir='ltr'><strong>suo.</strong></span> <span class='ocrx_word' id='word_1_325' title='bbox 1214 2596 1284 2652; x_wconf 81' lang='lat' dir='ltr'><strong>Et</strong></span> <span class='ocrx_word' id='word_1_326' title='bbox 1311 2595 1619 2666; x_wconf 83' lang='lat' dir='ltr'><strong>suscipiens</strong></span> <span class='ocrx_word' id='word_1_327' title='bbox 1663 2594 1940 2650; x_wconf 86' lang='lat' dir='ltr'><strong>osculatus</strong></span> <span class='ocrx_word' id='word_1_328' title='bbox 1968 2601 2054 2648; x_wconf 85' lang='lat' dir='ltr'><strong>est</strong></span> 
     </span>
    </p>
   </div>
   <div class='ocr_carea' id='block_1_40' title="bbox 440 2688 2055 2760">
    <p class='ocr_par' dir='ltr' id='par_1_40' title="bbox 440 2688 2055 2760">
     <span class='ocr_line' id='line_1_40' title="bbox 440 2688 2055 2760; baseline 0.002 -22"><span class='ocrx_word' id='word_1_329' title='bbox 440 2698 571 2739; x_wconf 80' lang='lat' dir='ltr'><strong>eum</strong></span> <span class='ocrx_word' id='word_1_330' title='bbox 596 2698 721 2742; x_wconf 87' lang='lat' dir='ltr'><strong>cum</strong></span> <span class='ocrx_word' id='word_1_331' title='bbox 750 2700 923 2745; x_wconf 82' lang='lat' dir='ltr'><strong>uxore</strong></span> <span class='ocrx_word' id='word_1_332' title='bbox 956 2702 1075 2756; x_wconf 88' lang='lat' dir='ltr'><strong>sua,</strong></span> <span class='ocrx_word' id='word_1_333' title='bbox 1122 2696 1180 2745; x_wconf 91' lang='lat' dir='ltr'><strong>et</strong></span> <span class='ocrx_word' id='word_1_334' title='bbox 1223 2695 1509 2760; x_wconf 69' lang='lat' dir='ltr'><strong>coeperunt</strong></span> <span class='ocrx_word' id='word_1_335' title='bbox 1550 2688 1713 2744; x_wconf 85' lang='lat' dir='ltr'><strong>ambo</strong></span> <span class='ocrx_word' id='word_1_336' title='bbox 1761 2688 1894 2743; x_wconf 82' lang='lat' dir='ltr'><strong>ﬂere</strong></span> <span class='ocrx_word' id='word_1_337' title='bbox 1939 2699 2055 2758; x_wconf 66' lang='lat' dir='ltr'><strong>prae</strong></span> 
     </span>
    </p>
   </div>
   <div class='ocr_carea' id='block_1_41' title="bbox 440 2776 2051 2854">
    <p class='ocr_par' dir='ltr' id='par_1_41' title="bbox 440 2776 2051 2854">
     <span class='ocr_line' id='line_1_41' title="bbox 440 2776 2051 2854; baseline 0.001 -20"><span class='ocrx_word' id='word_1_338' title='bbox 440 2776 670 2848; x_wconf 73' lang='lat' dir='ltr'><strong>gaudio.</strong></span> <span class='ocrx_word' id='word_1_339' title='bbox 700 2779 946 2851; x_wconf 80' lang='lat' dir='ltr'><strong>Cumque</strong></span> <span class='ocrx_word' id='word_1_340' title='bbox 968 2780 1300 2840; x_wconf 85' lang='lat' dir='ltr'><strong>adorassent</strong></span> <span class='ocrx_word' id='word_1_341' title='bbox 1335 2782 1529 2852; x_wconf 89' lang='lat' dir='ltr'><strong>Deum,</strong></span> <span class='ocrx_word' id='word_1_342' title='bbox 1559 2790 1616 2840; x_wconf 89' lang='lat' dir='ltr'><strong>et</strong></span> <span class='ocrx_word' id='word_1_343' title='bbox 1661 2782 1861 2854; x_wconf 78' lang='lat' dir='ltr'><strong>gratias</strong></span> <span class='ocrx_word' id='word_1_344' title='bbox 1903 2782 2051 2853; x_wconf 82' lang='lat' dir='ltr'><strong>egis-</strong></span> 
     </span>
    </p>
   </div>
   <div class='ocr_carea' id='block_1_42' title="bbox 440 2873 2025 2941">
    <p class='ocr_par' dir='ltr' id='par_1_42' title="bbox 440 2873 2025 2941">
     <span class='ocr_line' id='line_1_42' title="bbox 440 2873 2025 2941; baseline 0.006 -11"><span class='ocrx_word' id='word_1_345' title='bbox 440 2881 593 2941; x_wconf 69' lang='lat' dir='ltr'><strong>sent,</strong></span> <span class='ocrx_word' id='word_1_346' title='bbox 614 2873 1010 2931; x_wconf 75' lang='lat' dir='ltr'><strong>consederunt.</strong></span> <span class='ocrx_word' id='word_1_347' title='bbox 1966 2884 1969 2887; x_wconf 85' lang='grc'><em>’</em></span> <span class='ocrx_word' id='word_1_348' title='bbox 2020 2904 2025 2909; x_wconf 61' lang='grc' dir='ltr'><strong><em>ο</em></strong></span> 
     </span>
    </p>
   </div>
   <div class='ocr_carea' id='block_1_43' title="bbox 514 2965 2056 3040">
    <p class='ocr_par' dir='ltr' id='par_1_43' title="bbox 514 2965 2056 3040">
     <span class='ocr_line' id='line_1_43' title="bbox 514 2965 2056 3040; baseline 0.003 -19"><span class='ocrx_word' id='word_1_349' title='bbox 514 2965 669 3023; x_wconf 85' lang='lat' dir='ltr'><strong>Tunc</strong></span> <span class='ocrx_word' id='word_1_350' title='bbox 700 2980 925 3023; x_wconf 84' lang='lat' dir='ltr'><strong>sumens</strong></span> <span class='ocrx_word' id='word_1_351' title='bbox 952 2967 1156 3024; x_wconf 79' lang='lat' dir='ltr'><strong>Tobias</strong></span> <span class='ocrx_word' id='word_1_352' title='bbox 1180 2967 1249 3025; x_wconf 88' lang='lat' dir='ltr'><strong>de</strong></span> <span class='ocrx_word' id='word_1_353' title='bbox 1275 2968 1401 3025; x_wconf 90' lang='lat' dir='ltr'><strong>felle</strong></span> <span class='ocrx_word' id='word_1_354' title='bbox 1431 2968 1618 3040; x_wconf 85' lang='lat' dir='ltr'><strong>piscis,</strong></span> <span class='ocrx_word' id='word_1_355' title='bbox 1647 2968 1833 3025; x_wconf 78' lang='lat' dir='ltr'><strong>linivit</strong></span> <span class='ocrx_word' id='word_1_356' title='bbox 1867 2970 2056 3025; x_wconf 86' lang='lat' dir='ltr'><strong>oculos</strong></span> 
     </span>
    </p>
   </div>
   <div class='ocr_carea' id='block_1_44' title="bbox 442 3058 2057 3133">
    <p class='ocr_par' dir='ltr' id='par_1_44' title="bbox 442 3058 2057 3133">
     <span class='ocr_line' id='line_1_44' title="bbox 442 3058 2057 3133; baseline 0.004 -22"><span class='ocrx_word' id='word_1_357' title='bbox 442 3067 471 3111; x_wconf 67' lang='grc' dir='ltr'><strong>ρ</strong></span> <span class='ocrx_word' id='word_1_358' title='bbox 523 3058 699 3129; x_wconf 79' lang='lat' dir='ltr'><strong>patris</strong></span> <span class='ocrx_word' id='word_1_359' title='bbox 765 3060 875 3115; x_wconf 86' lang='lat' dir='ltr'><strong>sui.</strong></span> <span class='ocrx_word' id='word_1_360' title='bbox 954 3060 1024 3116; x_wconf 86' lang='lat' dir='ltr'><strong>Et</strong></span> <span class='ocrx_word' id='word_1_361' title='bbox 1074 3062 1334 3118; x_wconf 79' lang='lat' dir='ltr'><strong>sustinuit</strong></span> <span class='ocrx_word' id='word_1_362' title='bbox 1403 3062 1567 3133; x_wconf 83' lang='lat' dir='ltr'><strong>quasi</strong></span> <span class='ocrx_word' id='word_1_363' title='bbox 1610 3062 1903 3118; x_wconf 80' lang='lat' dir='ltr'><strong>dimidiam</strong></span> <span class='ocrx_word' id='word_1_364' title='bbox 1944 3062 2057 3118; x_wconf 83' lang='lat' dir='ltr'><strong>fere</strong></span> 
     </span>
    </p>
   </div>
   <div class='ocr_carea' id='block_1_45' title="bbox 442 3152 2055 3229">
    <p class='ocr_par' dir='ltr' id='par_1_45' title="bbox 442 3152 2055 3229">
     <span class='ocr_line' id='line_1_45' title="bbox 442 3152 2055 3229; baseline 0.003 -21"><span class='ocrx_word' id='word_1_365' title='bbox 442 3152 631 3209; x_wconf 86' lang='lat' dir='ltr'><strong>horam</strong></span> <span class='ocrx_word' id='word_1_366' title='bbox 658 3171 674 3210; x_wconf 92' lang='lat'><strong>:</strong></span> <span class='ocrx_word' id='word_1_367' title='bbox 707 3163 759 3211; x_wconf 86' lang='lat' dir='ltr'><strong>et</strong></span> <span class='ocrx_word' id='word_1_368' title='bbox 788 3155 1185 3228; x_wconf 71' lang='lat' dir='ltr'><strong>cmpit‘albugo</strong></span> <span class='ocrx_word' id='word_1_369' title='bbox 1213 3172 1279 3213; x_wconf 83' lang='lat' dir='ltr'><strong>ex</strong></span> <span class='ocrx_word' id='word_1_370' title='bbox 1312 3157 1487 3214; x_wconf 79' lang='lat' dir='ltr'><strong>Oculis</strong></span> <span class='ocrx_word' id='word_1_371' title='bbox 1516 3156 1658 3228; x_wconf 82' lang='lat' dir='ltr'><strong>ejus,</strong></span> <span class='ocrx_word' id='word_1_372' title='bbox 1693 3157 1847 3229; x_wconf 70' lang='lat' dir='ltr'><strong>quasi</strong></span> <span class='ocrx_word' id='word_1_373' title='bbox 1881 3152 2055 3214; x_wconf 50' lang='lat' dir='ltr'><strong>mem”-</strong></span> 
     </span>
    </p>
   </div>
   <div class='ocr_carea' id='block_1_46' title="bbox 2153 2134 3753 2195">
    <p class='ocr_par' dir='ltr' id='par_1_46' title="bbox 2153 2134 3753 2195">
     <span class='ocr_line' id='line_1_46' title="bbox 2153 2134 3753 2195; baseline 0.003 -10"><span class='ocrx_word' id='word_1_374' title='bbox 2153 2138 2287 2195; x_wconf 89' lang='lat' dir='ltr'><strong>tem,</strong></span> <span class='ocrx_word' id='word_1_375' title='bbox 2311 2141 2367 2186; x_wconf 90' lang='lat' dir='ltr'><strong>et</strong></span> <span class='ocrx_word' id='word_1_376' title='bbox 2396 2148 2505 2188; x_wconf 90' lang='lat' dir='ltr'><strong>non</strong></span> <span class='ocrx_word' id='word_1_377' title='bbox 2528 2134 2856 2191; x_wconf 84' lang='lat' dir='ltr'><strong>abscondam</strong></span> <span class='ocrx_word' id='word_1_378' title='bbox 2881 2151 2910 2192; x_wconf 91' lang='lat' dir='ltr'><strong>a</strong></span> <span class='ocrx_word' id='word_1_379' title='bbox 2939 2136 3100 2193; x_wconf 87' lang='lat' dir='ltr'><strong>vobis</strong></span> <span class='ocrx_word' id='word_1_380' title='bbox 3124 2136 3395 2193; x_wconf 92' lang='lat' dir='ltr'><strong>occultum</strong></span> <span class='ocrx_word' id='word_1_381' title='bbox 3421 2150 3753 2192; x_wconf 90' lang='lat' dir='ltr'><strong>sermonem.</strong></span> 
     </span>
    </p>
   </div>
   <div class='ocr_carea' id='block_1_47' title="bbox 2155 2220 3755 2304">
    <p class='ocr_par' dir='ltr' id='par_1_47' title="bbox 2155 2220 3755 2304">
     <span class='ocr_line' id='line_1_47' title="bbox 2155 2220 3755 2304; baseline 0.002 -24"><span class='ocrx_word' id='word_1_382' title='bbox 2155 2224 2381 2293; x_wconf 82' lang='lat' dir='ltr'><strong>Quando</strong></span> <span class='ocrx_word' id='word_1_383' title='bbox 2406 2228 2600 2286; x_wconf 87' lang='lat' dir='ltr'><strong>orabas</strong></span> <span class='ocrx_word' id='word_1_384' title='bbox 2628 2244 2751 2285; x_wconf 89' lang='lat' dir='ltr'><strong>cum</strong></span> <span class='ocrx_word' id='word_1_385' title='bbox 2778 2229 3061 2304; x_wconf 81' lang='lat' dir='ltr'><strong>lacrymis,</strong></span> <span class='ocrx_word' id='word_1_386' title='bbox 3078 2239 3132 2288; x_wconf 92' lang='lat' dir='ltr'><strong>et</strong></span> <span class='ocrx_word' id='word_1_387' title='bbox 3156 2231 3459 2303; x_wconf 86' lang='lat' dir='ltr'><strong>sepeliebas</strong></span> <span class='ocrx_word' id='word_1_388' title='bbox 3488 2220 3755 2295; x_wconf 81' lang='lat' dir='ltr'><strong>mortuos,</strong></span> 
     </span>
    </p>
   </div>
   <div class='ocr_carea' id='block_1_48' title="bbox 2156 2317 3757 2396">
    <p class='ocr_par' dir='ltr' id='par_1_48' title="bbox 2156 2317 3757 2396">
     <span class='ocr_line' id='line_1_48' title="bbox 2156 2317 3757 2396; baseline 0.001 -21"><span class='ocrx_word' id='word_1_389' title='bbox 2156 2328 2210 2376; x_wconf 90' lang='lat' dir='ltr'><strong>et</strong></span> <span class='ocrx_word' id='word_1_390' title='bbox 2234 2317 2656 2394; x_wconf 87' lang='lat' dir='ltr'><strong>derelinquebas</strong></span> <span class='ocrx_word' id='word_1_391' title='bbox 2681 2325 2969 2396; x_wconf 81' lang='lat' dir='ltr'><strong>prandium</strong></span> <span class='ocrx_word' id='word_1_392' title='bbox 2993 2335 3167 2393; x_wconf 88' lang='lat' dir='ltr'><strong>tuum,</strong></span> <span class='ocrx_word' id='word_1_393' title='bbox 3193 2335 3505 2383; x_wconf 79' lang='lat' dir='ltr'><strong>etmurtuos</strong></span> <span class='ocrx_word' id='word_1_394' title='bbox 3533 2325 3757 2381; x_wconf 88' lang='lat' dir='ltr'><strong>abscon-</strong></span> 
     </span>
    </p>
   </div>
   <div class='ocr_carea' id='block_1_49' title="bbox 2156 2413 3757 2493">
    <p class='ocr_par' dir='ltr' id='par_1_49' title="bbox 2156 2413 3757 2493">
     <span class='ocr_line' id='line_1_49' title="bbox 2156 2413 3757 2493; baseline 0.002 -22"><span class='ocrx_word' id='word_1_395' title='bbox 2156 2413 2323 2471; x_wconf 88' lang='lat' dir='ltr'><strong>debas</strong></span> <span class='ocrx_word' id='word_1_396' title='bbox 2357 2416 2456 2488; x_wconf 83' lang='lat' dir='ltr'><strong>per</strong></span> <span class='ocrx_word' id='word_1_397' title='bbox 2496 2417 2637 2474; x_wconf 89' lang='lat' dir='ltr'><strong>diem</strong></span> <span class='ocrx_word' id='word_1_398' title='bbox 2685 2420 2738 2474; x_wconf 88' lang='lat' dir='ltr'><strong>in</strong></span> <span class='ocrx_word' id='word_1_399' title='bbox 2774 2419 2938 2477; x_wconf 90' lang='lat' dir='ltr'><strong>domo</strong></span> <span class='ocrx_word' id='word_1_400' title='bbox 2988 2429 3099 2493; x_wconf 91' lang='lat' dir='ltr'><strong>tua,</strong></span> <span class='ocrx_word' id='word_1_401' title='bbox 3142 2429 3197 2478; x_wconf 89' lang='lat' dir='ltr'><strong>et</strong></span> <span class='ocrx_word' id='word_1_402' title='bbox 3242 2431 3402 2477; x_wconf 86' lang='lat' dir='ltr'><strong>nocte</strong></span> <span class='ocrx_word' id='word_1_403' title='bbox 3449 2414 3757 2493; x_wconf 79' lang='lat' dir='ltr'><strong>sepeliebas</strong></span> 
     </span>
    </p>
   </div>
   <div class='ocr_carea' id='block_1_50' title="bbox 2154 2510 3756 2586">
    <p class='ocr_par' dir='ltr' id='par_1_50' title="bbox 2154 2510 3756 2586">
     <span class='ocr_line' id='line_1_50' title="bbox 2154 2510 3756 2586; baseline 0.003 -23"><span class='ocrx_word' id='word_1_404' title='bbox 2154 2521 2273 2577; x_wconf 83' lang='lat' dir='ltr'><strong>eos,</strong></span> <span class='ocrx_word' id='word_1_405' title='bbox 2307 2522 2410 2579; x_wconf 79' lang='lat' dir='ltr'><strong>ego</strong></span> <span class='ocrx_word' id='word_1_406' title='bbox 2439 2510 2610 2566; x_wconf 88' lang='lat' dir='ltr'><strong>obtuli</strong></span> <span class='ocrx_word' id='word_1_407' title='bbox 2637 2513 2944 2569; x_wconf 85' lang='lat' dir='ltr'><strong>orationem</strong></span> <span class='ocrx_word' id='word_1_408' title='bbox 2977 2522 3123 2569; x_wconf 91' lang='lat' dir='ltr'><strong>tuam</strong></span> <span class='ocrx_word' id='word_1_409' title='bbox 3148 2514 3402 2578; x_wconf 81' lang='lat' dir='ltr'><strong>Domino.</strong></span> <span class='ocrx_word' id='word_1_410' title='bbox 3434 2510 3498 2569; x_wconf 82' lang='lat' dir='ltr'><strong>Et</strong></span> <span class='ocrx_word' id='word_1_411' title='bbox 3521 2512 3642 2586; x_wconf 84' lang='lat' dir='ltr'><strong>quia</strong></span> <span class='ocrx_word' id='word_1_412' title='bbox 3665 2528 3756 2568; x_wconf 82' lang='lat' dir='ltr'><strong>ae-</strong></span> 
     </span>
    </p>
   </div>
   <div class='ocr_carea' id='block_1_51' title="bbox 2156 2603 3759 2679">
    <p class='ocr_par' dir='ltr' id='par_1_51' title="bbox 2156 2603 3759 2679">
     <span class='ocr_line' id='line_1_51' title="bbox 2156 2603 3759 2679; baseline 0.004 -24"><span class='ocrx_word' id='word_1_413' title='bbox 2156 2612 2345 2673; x_wconf 86' lang='lat' dir='ltr'><strong>ceptus</strong></span> <span class='ocrx_word' id='word_1_414' title='bbox 2376 2614 2501 2659; x_wconf 89' lang='lat' dir='ltr'><strong>eras</strong></span> <span class='ocrx_word' id='word_1_415' title='bbox 2533 2603 2678 2671; x_wconf 90' lang='lat' dir='ltr'><strong>Deo,</strong></span> <span class='ocrx_word' id='word_1_416' title='bbox 2724 2620 2954 2663; x_wconf 88' lang='lat' dir='ltr'><strong>necesse</strong></span> <span class='ocrx_word' id='word_1_417' title='bbox 2985 2604 3087 2663; x_wconf 91' lang='lat' dir='ltr'><strong>fuit</strong></span> <span class='ocrx_word' id='word_1_418' title='bbox 3131 2618 3188 2663; x_wconf 93' lang='lat' dir='ltr'><strong>ut</strong></span> <span class='ocrx_word' id='word_1_419' title='bbox 3234 2607 3458 2665; x_wconf 89' lang='lat' dir='ltr'><strong>tentatio</strong></span> <span class='ocrx_word' id='word_1_420' title='bbox 3498 2606 3759 2679; x_wconf 83' lang='lat' dir='ltr'><strong>probaret</strong></span> 
     </span>
    </p>
   </div>
   <div class='ocr_carea' id='block_1_52' title="bbox 2158 2692 3757 2770">
    <p class='ocr_par' dir='ltr' id='par_1_52' title="bbox 2158 2692 3757 2770">
     <span class='ocr_line' id='line_1_52' title="bbox 2158 2692 3757 2770; baseline 0.001 -19"><span class='ocrx_word' id='word_1_421' title='bbox 2158 2702 2231 2751; x_wconf 90' lang='lat' dir='ltr'><strong>te.</strong></span> <span class='ocrx_word' id='word_1_422' title='bbox 2264 2692 2331 2752; x_wconf 78' lang='lat' dir='ltr'><strong>Et</strong></span> <span class='ocrx_word' id='word_1_423' title='bbox 2359 2712 2503 2753; x_wconf 87' lang='lat' dir='ltr'><strong>nunc</strong></span> <span class='ocrx_word' id='word_1_424' title='bbox 2536 2697 2685 2754; x_wconf 85' lang='lat' dir='ltr'><strong>misit</strong></span> <span class='ocrx_word' id='word_1_425' title='bbox 2730 2705 2817 2755; x_wconf 82' lang='lat' dir='ltr'><strong>ine</strong></span> <span class='ocrx_word' id='word_1_426' title='bbox 2848 2698 3143 2767; x_wconf 85' lang='lat' dir='ltr'><strong>Dominus,</strong></span> <span class='ocrx_word' id='word_1_427' title='bbox 3194 2711 3253 2757; x_wconf 91' lang='lat' dir='ltr'><strong>ut</strong></span> <span class='ocrx_word' id='word_1_428' title='bbox 3285 2717 3534 2757; x_wconf 87' lang='lat' dir='ltr'><strong>curarem</strong></span> <span class='ocrx_word' id='word_1_429' title='bbox 3568 2709 3651 2770; x_wconf 90' lang='lat' dir='ltr'><strong>te,</strong></span> <span class='ocrx_word' id='word_1_430' title='bbox 3700 2707 3757 2754; x_wconf 88' lang='lat' dir='ltr'><strong>et</strong></span> 
     </span>
    </p>
   </div>
   <div class='ocr_carea' id='block_1_53' title="bbox 2156 2788 3756 2860">
    <p class='ocr_par' dir='ltr' id='par_1_53' title="bbox 2156 2788 3756 2860">
     <span class='ocr_line' id='line_1_53' title="bbox 2156 2788 3756 2860; baseline -0.002 -13"><span class='ocrx_word' id='word_1_431' title='bbox 2156 2788 2349 2847; x_wconf 77' lang='lat' dir='ltr'><strong>Suram</strong></span> <span class='ocrx_word' id='word_1_432' title='bbox 2385 2804 2611 2846; x_wconf 86' lang='lat' dir='ltr'><strong>uxorem</strong></span> <span class='ocrx_word' id='word_1_433' title='bbox 2664 2790 2758 2847; x_wconf 87' lang='lat' dir='ltr'><strong>filii</strong></span> <span class='ocrx_word' id='word_1_434' title='bbox 2790 2795 2866 2847; x_wconf 89' lang='lat' dir='ltr'><strong>tui</strong></span> <span class='ocrx_word' id='word_1_435' title='bbox 2900 2809 2928 2848; x_wconf 89' lang='lat' dir='ltr'><strong>a</strong></span> <span class='ocrx_word' id='word_1_436' title='bbox 2970 2793 3239 2849; x_wconf 63' lang='lat' dir='ltr'><strong>damonio</strong></span> <span class='ocrx_word' id='word_1_437' title='bbox 3278 2795 3591 2848; x_wconf 87' lang='lat' dir='ltr'><strong>liberarem.</strong></span> <span class='ocrx_word' id='word_1_438' title='bbox 3644 2790 3756 2860; x_wconf 82' lang='lat' dir='ltr'><strong>Ego</strong></span> 
     </span>
    </p>
   </div>
   <div class='ocr_carea' id='block_1_54' title="bbox 2158 2880 3755 2958">
    <p class='ocr_par' dir='ltr' id='par_1_54' title="bbox 2158 2880 3755 2958">
     <span class='ocr_line' id='line_1_54' title="bbox 2158 2880 3755 2958; baseline -0.001 -18"><span class='ocrx_word' id='word_1_439' title='bbox 2158 2887 2301 2940; x_wconf 88' lang='lat' dir='ltr'><strong>enim</strong></span> <span class='ocrx_word' id='word_1_440' title='bbox 2335 2899 2452 2940; x_wconf 92' lang='lat' dir='ltr'><strong>sum</strong></span> <span class='ocrx_word' id='word_1_441' title='bbox 2482 2882 2723 2955; x_wconf 77' lang='lat' dir='ltr'><strong>Rapliael</strong></span> <span class='ocrx_word' id='word_1_442' title='bbox 2778 2889 3041 2958; x_wconf 85' lang='lat' dir='ltr'><strong>angelus,</strong></span> <span class='ocrx_word' id='word_1_443' title='bbox 3094 2902 3235 2957; x_wconf 78' lang='lat' dir='ltr'><strong>unus</strong></span> <span class='ocrx_word' id='word_1_444' title='bbox 3283 2901 3350 2940; x_wconf 83' lang='lat' dir='ltr'><strong>cx</strong></span> <span class='ocrx_word' id='word_1_445' title='bbox 3397 2892 3626 2955; x_wconf 88' lang='lat' dir='ltr'><strong>septem,</strong></span> <span class='ocrx_word' id='word_1_446' title='bbox 3661 2880 3755 2954; x_wconf 88' lang='lat' dir='ltr'><strong>qui</strong></span> 
     </span>
    </p>
   </div>
   <div class='ocr_carea' id='block_1_55' title="bbox 2156 2962 3758 3049">
    <p class='ocr_par' dir='ltr' id='par_1_55' title="bbox 2156 2962 3758 3049">
     <span class='ocr_line' id='line_1_55' title="bbox 2156 2962 3758 3049; baseline -0.001 -19"><span class='ocrx_word' id='word_1_447' title='bbox 2156 2964 2403 3031; x_wconf 70' lang='lat' dir='ltr'><strong>astantes</strong></span> <span class='ocrx_word' id='word_1_448' title='bbox 2423 2987 2549 3032; x_wconf 79' lang='lat' dir='ltr'><strong>ante</strong></span> <span class='ocrx_word' id='word_1_449' title='bbox 2574 2962 2889 3036; x_wconf 85' lang='lat' dir='ltr'><strong>Dominum.</strong></span> <span class='ocrx_word' id='word_1_450' title='bbox 2915 2974 3159 3049; x_wconf 88' lang='lat' dir='ltr'><strong>Cumque</strong></span> <span class='ocrx_word' id='word_1_451' title='bbox 3186 2977 3300 3032; x_wconf 71' lang='lat' dir='ltr'><strong>lure</strong></span> <span class='ocrx_word' id='word_1_452' title='bbox 3321 2975 3623 3043; x_wconf 80' lang='lat' dir='ltr'><strong>audissent,</strong></span> <span class='ocrx_word' id='word_1_453' title='bbox 3650 2964 3758 3030; x_wconf 45' lang='lat' dir='ltr'><strong>tur;</strong></span> 
     </span>
    </p>
   </div>
   <div class='ocr_carea' id='block_1_56' title="bbox 2159 3062 3753 3143">
    <p class='ocr_par' dir='ltr' id='par_1_56' title="bbox 2159 3062 3753 3143">
     <span class='ocr_line' id='line_1_56' title="bbox 2159 3062 3753 3143; baseline 0.002 -20"><span class='ocrx_word' id='word_1_454' title='bbox 2159 3062 2269 3124; x_wconf 87' lang='lat' dir='ltr'><strong>bati</strong></span> <span class='ocrx_word' id='word_1_455' title='bbox 2304 3079 2450 3139; x_wconf 85' lang='lat' dir='ltr'><strong>sunt,</strong></span> <span class='ocrx_word' id='word_1_456' title='bbox 2490 3080 2543 3127; x_wconf 91' lang='lat' dir='ltr'><strong>et</strong></span> <span class='ocrx_word' id='word_1_457' title='bbox 2577 3078 2876 3127; x_wconf 83' lang='lat' dir='ltr'><strong>trementes</strong></span> <span class='ocrx_word' id='word_1_458' title='bbox 2906 3070 3221 3128; x_wconf 87' lang='lat' dir='ltr'><strong>ceciderunt</strong></span> <span class='ocrx_word' id='word_1_459' title='bbox 3251 3082 3416 3143; x_wconf 85' lang='lat' dir='ltr'><strong>super</strong></span> <span class='ocrx_word' id='word_1_460' title='bbox 3457 3080 3656 3126; x_wconf 87' lang='lat' dir='ltr'><strong>terram</strong></span> <span class='ocrx_word' id='word_1_461' title='bbox 3698 3069 3753 3126; x_wconf 88' lang='lat' dir='ltr'><strong>in</strong></span> 
     </span>
    </p>
   </div>
   <div class='ocr_carea' id='block_1_57' title="bbox 2164 3148 3759 3249">
    <p class='ocr_par' dir='ltr' id='par_1_57' title="bbox 2164 3148 3759 3249">
     <span class='ocr_line' id='line_1_57' title="bbox 2164 3148 3759 3249; baseline 0.003 -34"><span class='ocrx_word' id='word_1_462' title='bbox 2164 3161 2355 3217; x_wconf 89' lang='lat' dir='ltr'><strong>faciem</strong></span> <span class='ocrx_word' id='word_1_463' title='bbox 2386 3178 2562 3217; x_wconf 87' lang='lat' dir='ltr'><strong>suam.</strong></span> <span class='ocrx_word' id='word_1_464' title='bbox 2592 3160 2841 3235; x_wconf 81' lang='lat' dir='ltr'><strong>Dixitque</strong></span> <span class='ocrx_word' id='word_1_465' title='bbox 2872 3162 2950 3220; x_wconf 89' lang='lat' dir='ltr'><strong>cis</strong></span> <span class='ocrx_word' id='word_1_466' title='bbox 2991 3164 3219 3235; x_wconf 84' lang='lat' dir='ltr'><strong>angelus</strong></span> <span class='ocrx_word' id='word_1_467' title='bbox 3252 3148 3265 3219; x_wconf 70' lang='grc' dir='ltr'><strong>ὲ</strong></span> <span class='ocrx_word' id='word_1_468' title='bbox 3294 3166 3406 3222; x_wconf 82' lang='lat' dir='ltr'><strong>Pax</strong></span> <span class='ocrx_word' id='word_1_469' title='bbox 3440 3154 3619 3249; x_wconf 70' lang='lat' dir='ltr'><strong>vobis,</strong></span> <span class='ocrx_word' id='word_1_470' title='bbox 3654 3154 3759 3220; x_wconf 51' lang='lat' dir='ltr'><strong>n04</strong></span> 
     </span>
    </p>
   </div>
   <div class='ocr_carea' id='block_1_58' title="bbox 440 3225 3756 3327">
    <p class='ocr_par' dir='ltr' id='par_1_58' title="bbox 440 3225 3756 3327">
     <span class='ocr_line' id='line_1_58' title="bbox 440 3225 3756 3327; baseline 0.003 -25"><span class='ocrx_word' id='word_1_471' title='bbox 440 3246 610 3302; x_wconf 74' lang='lat' dir='ltr'><strong>hnna</strong></span> <span class='ocrx_word' id='word_1_472' title='bbox 637 3225 986 3320; x_wconf 37' lang='lat' dir='ltr'><strong>oviyegr—edi.</strong></span> <span class='ocrx_word' id='word_1_473' title='bbox 1016 3225 1188 3318; x_wconf 76' lang='lat' dir='ltr'><strong>Quam</strong></span> <span class='ocrx_word' id='word_1_474' title='bbox 1214 3225 1866 3321; x_wconf 28' lang='lat' dir='ltr'><strong>apprehendens-Tobias</strong></span> <span class='ocrx_word' id='word_1_475' title='bbox 1896 3252 2053 3307; x_wconf 81' lang='lat' dir='ltr'><strong>traxit</strong></span> <span class='ocrx_word' id='word_1_476' title='bbox 2083 3225 2131 3292; x_wconf 66' lang='grc' dir='ltr'>α</span> <span class='ocrx_word' id='word_1_477' title='bbox 2162 3252 2255 3309; x_wconf 82' lang='lat' dir='ltr'><strong>li’te</strong></span> <span class='ocrx_word' id='word_1_478' title='bbox 2286 3252 2501 3310; x_wconf 68' lang='lat' dir='ltr'><strong>timere.</strong></span> <span class='ocrx_word' id='word_1_479' title='bbox 2552 3225 2767 3311; x_wconf 78' lang='lat' dir='ltr'><strong>Etenim</strong></span> <span class='ocrx_word' id='word_1_480' title='bbox 2800 3256 2923 3311; x_wconf 84' lang='lat' dir='ltr'><strong>cum</strong></span> <span class='ocrx_word' id='word_1_481' title='bbox 2952 3225 3131 3312; x_wconf 61' lang='lat' dir='ltr'><strong>essein</strong></span> <span class='ocrx_word' id='word_1_482' title='bbox 3179 3242 3481 3326; x_wconf 81' lang='lat' dir='ltr'><strong>vobiscum,</strong></span> <span class='ocrx_word' id='word_1_483' title='bbox 3523 3265 3621 3327; x_wconf 90' lang='lat' dir='ltr'><strong>per</strong></span> <span class='ocrx_word' id='word_1_484' title='bbox 3660 3270 3756 3310; x_wconf 85' lang='lat' dir='ltr'><strong>vo-</strong></span> 
     </span>
    </p>
   </div>
   <div class='ocr_carea' id='block_1_59' title="bbox 441 3334 2056 3416">
    <p class='ocr_par' dir='ltr' id='par_1_59' title="bbox 441 3334 2056 3416">
     <span class='ocr_line' id='line_1_59' title="bbox 441 3334 2056 3416; baseline 0.002 -20"><span class='ocrx_word' id='word_1_485' title='bbox 441 3339 514 3396; x_wconf 86' lang='lat' dir='ltr'><strong>ab</strong></span> <span class='ocrx_word' id='word_1_486' title='bbox 539 3334 714 3396; x_wconf 76' lang='lat' dir='ltr'><strong>octriis</strong></span> <span class='ocrx_word' id='word_1_487' title='bbox 739 3340 884 3411; x_wconf 82' lang='lat' dir='ltr'><strong>ejus,</strong></span> <span class='ocrx_word' id='word_1_488' title='bbox 909 3341 1213 3411; x_wconf 77' lang='lat' dir='ltr'><strong>statimque</strong></span> <span class='ocrx_word' id='word_1_489' title='bbox 1235 3343 1411 3399; x_wconf 83' lang='lat' dir='ltr'><strong>visum</strong></span> <span class='ocrx_word' id='word_1_490' title='bbox 1435 3343 1763 3415; x_wconf 80' lang='lat' dir='ltr'><strong>recepit.&#39;Et</strong></span> <span class='ocrx_word' id='word_1_491' title='bbox 1784 3344 2056 3416; x_wconf 81' lang='lat' dir='ltr'><strong>gloriﬁca-</strong></span> 
     </span>
    </p>
   </div>
   <div class='ocr_carea' id='block_1_60' title="bbox 440 3437 2056 3514">
    <p class='ocr_par' dir='ltr' id='par_1_60' title="bbox 440 3437 2056 3514">
     <span class='ocr_line' id='line_1_60' title="bbox 440 3437 2056 3514; baseline 0.002 -20"><span class='ocrx_word' id='word_1_492' title='bbox 440 3437 585 3494; x_wconf 76' lang='lat' dir='ltr'><strong>bant</strong></span> <span class='ocrx_word' id='word_1_493' title='bbox 603 3438 796 3507; x_wconf 86' lang='lat' dir='ltr'><strong>Deum,</strong></span> <span class='ocrx_word' id='word_1_494' title='bbox 832 3439 954 3510; x_wconf 83' lang='lat' dir='ltr'><strong>ipse</strong></span> <span class='ocrx_word' id='word_1_495' title='bbox 997 3438 1273 3505; x_wconf 82' lang='lat' dir='ltr'><strong>videlicet,</strong></span> <span class='ocrx_word' id='word_1_496' title='bbox 1322 3451 1378 3499; x_wconf 89' lang='lat' dir='ltr'><strong>et</strong></span> <span class='ocrx_word' id='word_1_497' title='bbox 1418 3438 1727 3514; x_wconf 76' lang='lat' dir='ltr'><strong>t&#39;rxur&#39;ejus,</strong></span> <span class='ocrx_word' id='word_1_498' title='bbox 1768 3454 1823 3499; x_wconf 89' lang='lat' dir='ltr'><strong>et</strong></span> <span class='ocrx_word' id='word_1_499' title='bbox 1865 3440 2056 3499; x_wconf 79' lang='lat' dir='ltr'><strong>omnes</strong></span> 
     </span>
    </p>
   </div>
   <div class='ocr_carea' id='block_1_61' title="bbox 444 3526 2052 3607">
    <p class='ocr_par' dir='ltr' id='par_1_61' title="bbox 444 3526 2052 3607">
     <span class='ocr_line' id='line_1_61' title="bbox 444 3526 2052 3607; baseline 0.002 -18"><span class='ocrx_word' id='word_1_500' title='bbox 444 3533 540 3605; x_wconf 89' lang='lat' dir='ltr'><strong>qui</strong></span> <span class='ocrx_word' id='word_1_501' title='bbox 564 3534 823 3590; x_wconf 79' lang='lat' dir='ltr'><strong>sciebant</strong></span> <span class='ocrx_word' id='word_1_502' title='bbox 842 3542 992 3591; x_wconf 86' lang='lat' dir='ltr'><strong>eum.</strong></span> <span class='ocrx_word' id='word_1_503' title='bbox 1023 3534 1364 3607; x_wconf 87' lang='lat' dir='ltr'><strong>Dicebatque</strong></span> <span class='ocrx_word' id='word_1_504' title='bbox 1392 3534 1594 3592; x_wconf 88' lang='lat' dir='ltr'><strong>Tobias</strong></span> <span class='ocrx_word' id='word_1_505' title='bbox 1625 3534 1649 3590; x_wconf 72' lang='grc' dir='ltr'><strong>τ’</strong></span> <span class='ocrx_word' id='word_1_506' title='bbox 1677 3526 1945 3593; x_wconf 82' lang='lat' dir='ltr'><strong>Benedico</strong></span> <span class='ocrx_word' id='word_1_507' title='bbox 1976 3542 2052 3601; x_wconf 87' lang='lat' dir='ltr'><strong>te,</strong></span> 
     </span>
    </p>
   </div>
   <div class='ocr_carea' id='block_1_62' title="bbox 442 3626 2056 3703">
    <p class='ocr_par' dir='ltr' id='par_1_62' title="bbox 442 3626 2056 3703">
     <span class='ocr_line' id='line_1_62' title="bbox 442 3626 2056 3703; baseline 0.001 -20"><span class='ocrx_word' id='word_1_508' title='bbox 442 3626 677 3684; x_wconf 85' lang='lat' dir='ltr'><strong>Domine</strong></span> <span class='ocrx_word' id='word_1_509' title='bbox 704 3627 851 3684; x_wconf 86' lang='lat' dir='ltr'><strong>Dens</strong></span> <span class='ocrx_word' id='word_1_510' title='bbox 878 3626 1071 3697; x_wconf 87' lang='lat' dir='ltr'><strong>lsrael,</strong></span> <span class='ocrx_word' id='word_1_511' title='bbox 1102 3630 1226 3703; x_wconf 67' lang='lat' dir='ltr'><strong>Quia</strong></span> <span class='ocrx_word' id='word_1_512' title='bbox 1255 3638 1312 3686; x_wconf 89' lang='lat' dir='ltr'><strong>tu</strong></span> <span class='ocrx_word' id='word_1_513' title='bbox 1341 3629 1619 3702; x_wconf 75' lang='lat' dir='ltr'><strong>casrigasti</strong></span> <span class='ocrx_word' id='word_1_514' title='bbox 1647 3645 1755 3698; x_wconf 88' lang='lat' dir='ltr'><strong>me,</strong></span> <span class='ocrx_word' id='word_1_515' title='bbox 1782 3639 1837 3687; x_wconf 90' lang='lat' dir='ltr'><strong>et</strong></span> <span class='ocrx_word' id='word_1_516' title='bbox 1862 3640 1917 3686; x_wconf 92' lang='lat' dir='ltr'><strong>tu</strong></span> <span class='ocrx_word' id='word_1_517' title='bbox 1950 3628 2056 3686; x_wconf 87' lang='lat' dir='ltr'><strong>sal-</strong></span> 
     </span>
    </p>
   </div>
   <div class='ocr_carea' id='block_1_63' title="bbox 442 3718 2045 3794">
    <p class='ocr_par' dir='ltr' id='par_1_63' title="bbox 442 3718 2045 3794">
     <span class='ocr_line' id='line_1_63' title="bbox 442 3718 2045 3794; baseline 0.002 -19"><span class='ocrx_word' id='word_1_518' title='bbox 442 3720 583 3776; x_wconf 75' lang='lat' dir='ltr'><strong>vasti</strong></span> <span class='ocrx_word' id='word_1_519' title='bbox 612 3730 702 3778; x_wconf 87' lang='lat' dir='ltr'><strong>me</strong></span> <span class='ocrx_word' id='word_1_520' title='bbox 731 3738 744 3775; x_wconf 86' lang='lat'><strong>:</strong></span> <span class='ocrx_word' id='word_1_521' title='bbox 777 3729 831 3778; x_wconf 93' lang='lat' dir='ltr'><strong>et</strong></span> <span class='ocrx_word' id='word_1_522' title='bbox 860 3730 990 3779; x_wconf 86' lang='lat' dir='ltr'><strong>ecce</strong></span> <span class='ocrx_word' id='word_1_523' title='bbox 1016 3726 1122 3794; x_wconf 75' lang='lat' dir='ltr'><strong>‘ego</strong></span> <span class='ocrx_word' id='word_1_524' title='bbox 1150 3722 1310 3779; x_wconf 87' lang='lat' dir='ltr'><strong>video</strong></span> <span class='ocrx_word' id='word_1_525' title='bbox 1338 3718 1569 3778; x_wconf 88' lang='lat' dir='ltr'><strong>Tobiam</strong></span> <span class='ocrx_word' id='word_1_526' title='bbox 1600 3721 1771 3779; x_wconf 80' lang='lat' dir='ltr'><strong>tilium</strong></span> <span class='ocrx_word' id='word_1_527' title='bbox 1794 3737 1999 3779; x_wconf 89' lang='lat' dir='ltr'><strong>meum.</strong></span> <span class='ocrx_word' id='word_1_528' title='bbox 2040 3726 2045 3737; x_wconf 92' lang='lat'>&#39;</span> 
     </span>
    </p>
   </div>
   <div class='ocr_carea' id='block_1_64' title="bbox 514 3812 2056 3889">
    <p class='ocr_par' dir='ltr' id='par_1_64' title="bbox 514 3812 2056 3889">
     <span class='ocr_line' id='line_1_64' title="bbox 514 3812 2056 3889; baseline 0.002 -19"><span class='ocrx_word' id='word_1_529' title='bbox 514 3813 760 3887; x_wconf 86' lang='lat' dir='ltr'><strong>ingressa</strong></span> <span class='ocrx_word' id='word_1_530' title='bbox 789 3822 875 3873; x_wconf 90' lang='lat' dir='ltr'><strong>est</strong></span> <span class='ocrx_word' id='word_1_531' title='bbox 902 3816 1066 3873; x_wconf 88' lang='lat' dir='ltr'><strong>etiam</strong></span> <span class='ocrx_word' id='word_1_532' title='bbox 1096 3825 1216 3888; x_wconf 89' lang='lat' dir='ltr'><strong>post</strong></span> <span class='ocrx_word' id='word_1_533' title='bbox 1244 3825 1451 3889; x_wconf 88' lang='lat' dir='ltr'><strong>septem</strong></span> <span class='ocrx_word' id='word_1_534' title='bbox 1482 3814 1599 3873; x_wconf 88' lang='lat' dir='ltr'><strong>dies</strong></span> <span class='ocrx_word' id='word_1_535' title='bbox 1625 3817 1760 3873; x_wconf 87' lang='lat' dir='ltr'><strong>Sara</strong></span> <span class='ocrx_word' id='word_1_536' title='bbox 1791 3830 1930 3874; x_wconf 91' lang='lat' dir='ltr'><strong>uxor</strong></span> <span class='ocrx_word' id='word_1_537' title='bbox 1957 3812 2056 3873; x_wconf 83' lang='lat' dir='ltr'><strong>ﬁlii</strong></span> 
     </span>
    </p>
   </div>
   <div class='ocr_carea' id='block_1_65' title="bbox 444 3903 2059 3982">
    <p class='ocr_par' dir='ltr' id='par_1_65' title="bbox 444 3903 2059 3982">
     <span class='ocr_line' id='line_1_65' title="bbox 444 3903 2059 3982; baseline 0.001 -17"><span class='ocrx_word' id='word_1_538' title='bbox 444 3906 587 3980; x_wconf 85' lang='lat' dir='ltr'><strong>ejus,</strong></span> <span class='ocrx_word' id='word_1_539' title='bbox 616 3916 671 3966; x_wconf 93' lang='lat' dir='ltr'><strong>et</strong></span> <span class='ocrx_word' id='word_1_540' title='bbox 697 3910 876 3966; x_wconf 90' lang='lat' dir='ltr'><strong>omnis</strong></span> <span class='ocrx_word' id='word_1_541' title='bbox 904 3906 1115 3966; x_wconf 80' lang='lat' dir='ltr'><strong>familia</strong></span> <span class='ocrx_word' id='word_1_542' title='bbox 1142 3903 1298 3982; x_wconf 86' lang='lat' dir='ltr'><strong>sana,</strong></span> <span class='ocrx_word' id='word_1_543' title='bbox 1332 3919 1390 3968; x_wconf 91' lang='lat' dir='ltr'><strong>et</strong></span> <span class='ocrx_word' id='word_1_544' title='bbox 1420 3908 1644 3981; x_wconf 83' lang='lat' dir='ltr'><strong>pecora,</strong></span> <span class='ocrx_word' id='word_1_545' title='bbox 1675 3916 1730 3968; x_wconf 91' lang='lat' dir='ltr'><strong>et</strong></span> <span class='ocrx_word' id='word_1_546' title='bbox 1758 3910 1975 3977; x_wconf 87' lang='lat' dir='ltr'><strong>cameli,</strong></span> <span class='ocrx_word' id='word_1_547' title='bbox 2000 3916 2059 3967; x_wconf 92' lang='lat' dir='ltr'><strong>et</strong></span> 
     </span>
    </p>
   </div>
   <div class='ocr_carea' id='block_1_66' title="bbox 443 3996 2056 4075">
    <p class='ocr_par' dir='ltr' id='par_1_66' title="bbox 443 3996 2056 4075">
     <span class='ocr_line' id='line_1_66' title="bbox 443 3996 2056 4075; baseline 0 -18"><span class='ocrx_word' id='word_1_548' title='bbox 443 4001 673 4073; x_wconf 85' lang='lat' dir='ltr'><strong>pecunia</strong></span> <span class='ocrx_word' id='word_1_549' title='bbox 702 3998 868 4059; x_wconf 90' lang='lat' dir='ltr'><strong>multa</strong></span> <span class='ocrx_word' id='word_1_550' title='bbox 898 4000 1119 4070; x_wconf 77' lang='lat' dir='ltr'><strong>uxoris;</strong></span> <span class='ocrx_word' id='word_1_551' title='bbox 1167 4001 1263 4059; x_wconf 91' lang='lat' dir='ltr'><strong>sed</strong></span> <span class='ocrx_word' id='word_1_552' title='bbox 1292 4011 1349 4058; x_wconf 89' lang='lat' dir='ltr'><strong>et</strong></span> <span class='ocrx_word' id='word_1_553' title='bbox 1376 4002 1465 4058; x_wconf 88' lang='lat' dir='ltr'><strong>illa</strong></span> <span class='ocrx_word' id='word_1_554' title='bbox 1494 3996 1745 4073; x_wconf 84' lang='lat' dir='ltr'><strong>pecunia,</strong></span> <span class='ocrx_word' id='word_1_555' title='bbox 1778 4014 1940 4075; x_wconf 88' lang='lat' dir='ltr'><strong>quam</strong></span> <span class='ocrx_word' id='word_1_556' title='bbox 1970 4017 2056 4057; x_wconf 83' lang='lat' dir='ltr'><strong>re-</strong></span> 
     </span>
    </p>
   </div>
   <div class='ocr_carea' id='block_1_67' title="bbox 447 4088 2057 4175">
    <p class='ocr_par' dir='ltr' id='par_1_67' title="bbox 447 4088 2057 4175">
     <span class='ocr_line' id='line_1_67' title="bbox 447 4088 2057 4175; baseline -0.002 -24"><span class='ocrx_word' id='word_1_557' title='bbox 447 4102 672 4166; x_wconf 86' lang='lat' dir='ltr'><strong>ceperat</strong></span> <span class='ocrx_word' id='word_1_558' title='bbox 702 4098 736 4149; x_wconf 84' lang='lat' dir='ltr'><strong>a</strong></span> <span class='ocrx_word' id='word_1_559' title='bbox 760 4092 1005 4151; x_wconf 76' lang='lat' dir='ltr'><strong>G‘abelo:</strong></span> <span class='ocrx_word' id='word_1_560' title='bbox 1037 4102 1093 4152; x_wconf 88' lang='lat' dir='ltr'><strong>et</strong></span> <span class='ocrx_word' id='word_1_561' title='bbox 1123 4088 1364 4149; x_wconf 73' lang='lat' dir='ltr'><strong>narrarit</strong></span> <span class='ocrx_word' id='word_1_562' title='bbox 1389 4093 1705 4163; x_wconf 88' lang='lat' dir='ltr'><strong>parentibus</strong></span> <span class='ocrx_word' id='word_1_563' title='bbox 1728 4090 1842 4175; x_wconf 83' lang='lat' dir='ltr'><strong>suis</strong></span> <span class='ocrx_word' id='word_1_564' title='bbox 1872 4092 2057 4149; x_wconf 85' lang='lat' dir='ltr'><strong>omnia</strong></span> 
     </span>
    </p>
   </div>
   <div class='ocr_carea' id='block_1_68' title="bbox 449 4184 2054 4259">
    <p class='ocr_par' dir='ltr' id='par_1_68' title="bbox 449 4184 2054 4259">
     <span class='ocr_line' id='line_1_68' title="bbox 449 4184 2054 4259; baseline -0.001 -16"><span class='ocrx_word' id='word_1_565' title='bbox 449 4185 715 4243; x_wconf 77' lang='lat' dir='ltr'><strong>beneﬁcia</strong></span> <span class='ocrx_word' id='word_1_566' title='bbox 742 4185 870 4254; x_wconf 89' lang='lat' dir='ltr'><strong>Del,</strong></span> <span class='ocrx_word' id='word_1_567' title='bbox 900 4186 1021 4258; x_wconf 74' lang='lat' dir='ltr'><strong>quael</strong></span> <span class='ocrx_word' id='word_1_568' title='bbox 1049 4185 1272 4243; x_wconf 85' lang='lat' dir='ltr'><strong>fecisset</strong></span> <span class='ocrx_word' id='word_1_569' title='bbox 1297 4186 1445 4242; x_wconf 84' lang='lat' dir='ltr'><strong>circa</strong></span> <span class='ocrx_word' id='word_1_570' title='bbox 1496 4190 1619 4243; x_wconf 89' lang='lat' dir='ltr'><strong>eu&#39;m</strong></span> <span class='ocrx_word' id='word_1_571' title='bbox 1652 4201 1751 4259; x_wconf 89' lang='lat' dir='ltr'><strong>per</strong></span> <span class='ocrx_word' id='word_1_572' title='bbox 1778 4184 2054 4244; x_wconf 82' lang='lat' dir='ltr'><strong>hominem</strong></span> 
     </span>
    </p>
   </div>
   <div class='ocr_carea' id='block_1_69' title="bbox 444 4274 2050 4352">
    <p class='ocr_par' dir='ltr' id='par_1_69' title="bbox 444 4274 2050 4352">
     <span class='ocr_line' id='line_1_69' title="bbox 444 4274 2050 4352; baseline -0.001 -16"><span class='ocrx_word' id='word_1_573' title='bbox 444 4279 549 4352; x_wconf 78' lang='lat' dir='ltr'><strong>qui</strong></span> <span class='ocrx_word' id='word_1_574' title='bbox 585 4288 714 4336; x_wconf 87' lang='lat' dir='ltr'><strong>eum</strong></span> <span class='ocrx_word' id='word_1_575' title='bbox 761 4276 1450 4352; x_wconf 80' lang='lat' dir='ltr'><strong>duxerat.&#39;Venertmtque</strong></span> <span class='ocrx_word' id='word_1_576' title='bbox 1497 4277 1794 4337; x_wconf 73' lang='lat' dir='ltr'><strong>Acbior’et</strong></span> <span class='ocrx_word' id='word_1_577' title='bbox 1838 4274 2050 4336; x_wconf 84' lang='lat' dir='ltr'><strong>Nabth</strong></span> 
     </span>
    </p>
   </div>
   <div class='ocr_carea' id='block_1_70' title="bbox 443 4369 2056 4444">
    <p class='ocr_par' dir='ltr' id='par_1_70' title="bbox 443 4369 2056 4444">
     <span class='ocr_line' id='line_1_70' title="bbox 443 4369 2056 4444; baseline 0.001 -16"><span class='ocrx_word' id='word_1_578' title='bbox 443 4369 763 4428; x_wconf 72' lang='lat' dir='ltr'><strong>Consobrini</strong></span> <span class='ocrx_word' id='word_1_579' title='bbox 791 4369 1000 4441; x_wconf 67' lang='lat' dir='ltr'><strong>Tobiae,</strong></span> <span class='ocrx_word' id='word_1_580' title='bbox 1032 4370 1334 4441; x_wconf 80' lang='lat' dir='ltr'><strong>gaudentes</strong></span> <span class='ocrx_word' id='word_1_581' title='bbox 1364 4372 1432 4429; x_wconf 91' lang='lat' dir='ltr'><strong>ad</strong></span> <span class='ocrx_word' id='word_1_582' title='bbox 1461 4369 1717 4439; x_wconf 84' lang='lat' dir='ltr'><strong>Tobiam,</strong></span> <span class='ocrx_word' id='word_1_583' title='bbox 1747 4380 1803 4429; x_wconf 92' lang='lat' dir='ltr'><strong>et</strong></span> <span class='ocrx_word' id='word_1_584' title='bbox 1826 4386 2056 4444; x_wconf 84' lang='lat' dir='ltr'><strong>congra-</strong></span> 
     </span>
    </p>
   </div>
   <div class='ocr_carea' id='block_1_71' title="bbox 442 4447 2057 4535">
    <p class='ocr_par' dir='ltr' id='par_1_71' title="bbox 442 4447 2057 4535">
     <span class='ocr_line' id='line_1_71' title="bbox 442 4447 2057 4535; baseline 0.001 -16"><span class='ocrx_word' id='word_1_585' title='bbox 442 4461 683 4520; x_wconf 83' lang='lat' dir='ltr'><strong>tulantes</strong></span> <span class='ocrx_word' id='word_1_586' title='bbox 706 4458 758 4520; x_wconf 88' lang='lat' dir='ltr'><strong>ei</strong></span> <span class='ocrx_word' id='word_1_587' title='bbox 784 4462 854 4521; x_wconf 91' lang='lat' dir='ltr'><strong>de</strong></span> <span class='ocrx_word' id='word_1_588' title='bbox 880 4457 1137 4520; x_wconf 73' lang='lat' dir='ltr'><strong>omnibus</strong></span> <span class='ocrx_word' id='word_1_589' title='bbox 1164 4463 1346 4533; x_wconf 74' lang='lat' dir='ltr'><strong>bonis,</strong></span> <span class='ocrx_word' id='word_1_590' title='bbox 1374 4478 1496 4535; x_wconf 82' lang='lat' dir='ltr'><strong>quae</strong></span> <span class='ocrx_word' id='word_1_591' title='bbox 1522 4463 1666 4521; x_wconf 89' lang='lat' dir='ltr'><strong>circa</strong></span> <span class='ocrx_word' id='word_1_592' title='bbox 1693 4447 1847 4521; x_wconf 85' lang='lat' dir='ltr'><strong>illum</strong></span> <span class='ocrx_word' id='word_1_593' title='bbox 1873 4470 2057 4522; x_wconf 85' lang='lat' dir='ltr'><strong>osten-</strong></span> 
     </span>
    </p>
   </div>
   <div class='ocr_carea' id='block_1_72' title="bbox 443 4554 2054 4629">
    <p class='ocr_par' dir='ltr' id='par_1_72' title="bbox 443 4554 2054 4629">
     <span class='ocr_line' id='line_1_72' title="bbox 443 4554 2054 4629; baseline 0.001 -17"><span class='ocrx_word' id='word_1_594' title='bbox 443 4556 602 4612; x_wconf 89' lang='lat' dir='ltr'><strong>derat</strong></span> <span class='ocrx_word' id='word_1_595' title='bbox 650 4555 815 4613; x_wconf 85' lang='lat' dir='ltr'><strong>Deus.</strong></span> <span class='ocrx_word' id='word_1_596' title='bbox 871 4555 940 4611; x_wconf 80' lang='lat' dir='ltr'><strong>Et</strong></span> <span class='ocrx_word' id='word_1_597' title='bbox 985 4570 1083 4628; x_wconf 90' lang='lat' dir='ltr'><strong>per</strong></span> <span class='ocrx_word' id='word_1_598' title='bbox 1130 4558 1343 4629; x_wconf 86' lang='lat' dir='ltr'><strong>septem</strong></span> <span class='ocrx_word' id='word_1_599' title='bbox 1371 4556 1493 4614; x_wconf 88' lang='lat' dir='ltr'><strong>dies</strong></span> <span class='ocrx_word' id='word_1_600' title='bbox 1521 4554 1827 4628; x_wconf 87' lang='lat' dir='ltr'><strong>epulantes,</strong></span> <span class='ocrx_word' id='word_1_601' title='bbox 1859 4570 2054 4614; x_wconf 88' lang='lat' dir='ltr'><strong>omnes</strong></span> 
     </span>
    </p>
   </div>
   <div class='ocr_carea' id='block_1_73' title="bbox 440 4648 1867 4722">
    <p class='ocr_par' dir='ltr' id='par_1_73' title="bbox 440 4648 1867 4722">
     <span class='ocr_line' id='line_1_73' title="bbox 440 4648 1867 4722; baseline 0.002 -17"><span class='ocrx_word' id='word_1_602' title='bbox 440 4663 569 4706; x_wconf 87' lang='lat' dir='ltr'><strong>cum</strong></span> <span class='ocrx_word' id='word_1_603' title='bbox 598 4648 799 4721; x_wconf 86' lang='lat' dir='ltr'><strong>gaudio</strong></span> <span class='ocrx_word' id='word_1_604' title='bbox 830 4664 1027 4721; x_wconf 86' lang='lat' dir='ltr'><strong>magno</strong></span> <span class='ocrx_word' id='word_1_605' title='bbox 1054 4649 1230 4722; x_wconf 82' lang='lat' dir='ltr'><strong>gavisi</strong></span> <span class='ocrx_word' id='word_1_606' title='bbox 1255 4656 1401 4707; x_wconf 88' lang='lat' dir='ltr'><strong>sunt.</strong></span> <span class='ocrx_word' id='word_1_607' title='bbox 1862 4660 1867 4667; x_wconf 79' lang='lat'><strong>‘</strong></span> 
     </span>
    </p>
   </div>
   <div class='ocr_carea' id='block_1_74' title="bbox 518 4740 2054 4818">
    <p class='ocr_par' dir='ltr' id='par_1_74' title="bbox 518 4740 2054 4818">
     <span class='ocr_line' id='line_1_74' title="bbox 518 4740 2054 4818; baseline 0.002 -19"><span class='ocrx_word' id='word_1_608' title='bbox 518 4740 673 4817; x_wconf 77' lang='grc' dir='ltr'><strong>[ϐαρ.</strong></span> <span class='ocrx_word' id='word_1_609' title='bbox 698 4740 847 4817; x_wconf 79' lang='lat' dir='ltr'><strong>Xll.]</strong></span> <span class='ocrx_word' id='word_1_610' title='bbox 869 4742 1022 4800; x_wconf 86' lang='lat' dir='ltr'><strong>Tunc</strong></span> <span class='ocrx_word' id='word_1_611' title='bbox 1042 4745 1259 4801; x_wconf 83' lang='lat' dir='ltr'><strong>vocavit</strong></span> <span class='ocrx_word' id='word_1_612' title='bbox 1282 4744 1349 4800; x_wconf 89' lang='lat' dir='ltr'><strong>ad</strong></span> <span class='ocrx_word' id='word_1_613' title='bbox 1372 4759 1432 4802; x_wconf 90' lang='lat' dir='ltr'><strong>se</strong></span> <span class='ocrx_word' id='word_1_614' title='bbox 1452 4743 1655 4803; x_wconf 88' lang='lat' dir='ltr'><strong>Tobias</strong></span> <span class='ocrx_word' id='word_1_615' title='bbox 1677 4743 1845 4801; x_wconf 79' lang='lat' dir='ltr'><strong>illium</strong></span> <span class='ocrx_word' id='word_1_616' title='bbox 1870 4758 2054 4818; x_wconf 90' lang='lat' dir='ltr'><strong>suum,</strong></span> 
     </span>
    </p>
   </div>
   <div class='ocr_carea' id='block_1_75' title="bbox 445 4835 2054 4909">
    <p class='ocr_par' dir='ltr' id='par_1_75' title="bbox 445 4835 2054 4909">
     <span class='ocr_line' id='line_1_75' title="bbox 445 4835 2054 4909; baseline 0.002 -16"><span class='ocrx_word' id='word_1_617' title='bbox 445 4835 691 4909; x_wconf 79' lang='lat' dir='ltr'><strong>dixitque</strong></span> <span class='ocrx_word' id='word_1_618' title='bbox 719 4836 772 4894; x_wconf 89' lang='lat' dir='ltr'><strong>ei</strong></span> <span class='ocrx_word' id='word_1_619' title='bbox 803 4852 819 4894; x_wconf 86' lang='lat'><strong>:</strong></span> <span class='ocrx_word' id='word_1_620' title='bbox 851 4836 993 4905; x_wconf 78' lang='lat' dir='ltr'><strong>Quid</strong></span> <span class='ocrx_word' id='word_1_621' title='bbox 1039 4848 1329 4908; x_wconf 88' lang='lat' dir='ltr'><strong>possumus</strong></span> <span class='ocrx_word' id='word_1_622' title='bbox 1364 4838 1497 4897; x_wconf 82' lang='lat' dir='ltr'><strong>dare</strong></span> <span class='ocrx_word' id='word_1_623' title='bbox 1536 4842 1655 4897; x_wconf 86' lang='lat' dir='ltr'><strong>viro</strong></span> <span class='ocrx_word' id='word_1_624' title='bbox 1708 4838 1801 4897; x_wconf 88' lang='lat' dir='ltr'><strong>isti</strong></span> <span class='ocrx_word' id='word_1_625' title='bbox 1843 4847 2054 4907; x_wconf 89' lang='lat' dir='ltr'><strong>sancto,</strong></span> 
     </span>
    </p>
   </div>
   <div class='ocr_carea' id='block_1_76' title="bbox 443 4930 2058 5005">
    <p class='ocr_par' dir='ltr' id='par_1_76' title="bbox 443 4930 2058 5005">
     <span class='ocr_line' id='line_1_76' title="bbox 443 4930 2058 5005; baseline 0.002 -18"><span class='ocrx_word' id='word_1_626' title='bbox 443 4931 538 5002; x_wconf 77' lang='grc' dir='ltr'><strong>(ιιιί</strong></span> <span class='ocrx_word' id='word_1_627' title='bbox 582 4930 737 4987; x_wconf 87' lang='lat' dir='ltr'><strong>venit</strong></span> <span class='ocrx_word' id='word_1_628' title='bbox 787 4931 1003 4987; x_wconf 78' lang='lat' dir='ltr'><strong>tecum?</strong></span> <span class='ocrx_word' id='word_1_629' title='bbox 1048 4930 1409 5002; x_wconf 82' lang='lat' dir='ltr'><strong>Respondens</strong></span> <span class='ocrx_word' id='word_1_630' title='bbox 1447 4932 1682 5004; x_wconf 86' lang='lat' dir='ltr'><strong>Tobias,</strong></span> <span class='ocrx_word' id='word_1_631' title='bbox 1735 4933 1874 4989; x_wconf 85' lang='lat' dir='ltr'><strong>dixit</strong></span> <span class='ocrx_word' id='word_1_632' title='bbox 1915 4935 2058 5005; x_wconf 89' lang='lat' dir='ltr'><strong>patri</strong></span> 
     </span>
    </p>
   </div>
   <div class='ocr_carea' id='block_1_77' title="bbox 443 5025 2055 5100">
    <p class='ocr_par' dir='ltr' id='par_1_77' title="bbox 443 5025 2055 5100">
     <span class='ocr_line' id='line_1_77' title="bbox 443 5025 2055 5100; baseline 0.001 -17"><span class='ocrx_word' id='word_1_633' title='bbox 443 5030 547 5083; x_wconf 71' lang='lat' dir='ltr'><strong>suo</strong></span> <span class='ocrx_word' id='word_1_634' title='bbox 577 5038 593 5080; x_wconf 89' lang='lat'><strong>:</strong></span> <span class='ocrx_word' id='word_1_635' title='bbox 622 5025 1005 5098; x_wconf 78' lang='lat' dir='ltr'><strong>Pater,‘quam</strong></span> <span class='ocrx_word' id='word_1_636' title='bbox 1048 5026 1364 5083; x_wconf 82' lang='lat' dir='ltr'><strong>mercedem</strong></span> <span class='ocrx_word' id='word_1_637' title='bbox 1410 5027 1659 5083; x_wconf 86' lang='lat' dir='ltr'><strong>dabimus</strong></span> <span class='ocrx_word' id='word_1_638' title='bbox 1686 5026 1776 5084; x_wconf 79' lang='lat' dir='ltr'><strong>ei?</strong></span> <span class='ocrx_word' id='word_1_639' title='bbox 1805 5035 1899 5083; x_wconf 86' lang='lat' dir='ltr'><strong>aut</strong></span> <span class='ocrx_word' id='word_1_640' title='bbox 1925 5026 2055 5100; x_wconf 90' lang='lat' dir='ltr'><strong>quid</strong></span> 
     </span>
    </p>
   </div>
   <div class='ocr_carea' id='block_1_78' title="bbox 446 5118 2056 5192">
    <p class='ocr_par' dir='ltr' id='par_1_78' title="bbox 446 5118 2056 5192">
     <span class='ocr_line' id='line_1_78' title="bbox 446 5118 2056 5192; baseline 0.002 -18"><span class='ocrx_word' id='word_1_641' title='bbox 446 5118 905 5192; x_wconf 75' lang='lat' dir='ltr'><strong>dignum-putem</strong></span> <span class='ocrx_word' id='word_1_642' title='bbox 932 5132 1054 5176; x_wconf 82' lang='lat' dir='ltr'><strong>esse</strong></span> <span class='ocrx_word' id='word_1_643' title='bbox 1096 5119 1564 5192; x_wconf 76' lang='lat' dir='ltr'><strong>beneﬂciisejus?</strong></span> <span class='ocrx_word' id='word_1_644' title='bbox 1590 5119 1674 5176; x_wconf 85' lang='lat' dir='ltr'><strong>Me</strong></span> <span class='ocrx_word' id='word_1_645' title='bbox 1704 5120 1859 5176; x_wconf 88' lang='lat' dir='ltr'><strong>duxit</strong></span> <span class='ocrx_word' id='word_1_646' title='bbox 1886 5128 1942 5177; x_wconf 91' lang='lat' dir='ltr'><strong>et</strong></span> <span class='ocrx_word' id='word_1_647' title='bbox 1967 5135 2056 5178; x_wconf 70' lang='grc' dir='ltr'><strong>τει-</strong></span> 
     </span>
    </p>
   </div>
   <div class='ocr_carea' id='block_1_79' title="bbox 445 5211 2060 5285">
    <p class='ocr_par' dir='ltr' id='par_1_79' title="bbox 445 5211 2060 5285">
     <span class='ocr_line' id='line_1_79' title="bbox 445 5211 2060 5285; baseline 0.001 -17"><span class='ocrx_word' id='word_1_648' title='bbox 445 5211 601 5268; x_wconf 89' lang='lat' dir='ltr'><strong>duxit</strong></span> <span class='ocrx_word' id='word_1_649' title='bbox 640 5226 857 5280; x_wconf 90' lang='lat' dir='ltr'><strong>sanum,</strong></span> <span class='ocrx_word' id='word_1_650' title='bbox 892 5211 1178 5283; x_wconf 86' lang='lat' dir='ltr'><strong>pecuniam</strong></span> <span class='ocrx_word' id='word_1_651' title='bbox 1209 5226 1240 5269; x_wconf 87' lang='lat' dir='ltr'><strong>a</strong></span> <span class='ocrx_word' id='word_1_652' title='bbox 1271 5212 1477 5270; x_wconf 87' lang='lat' dir='ltr'><strong>Gabeio</strong></span> <span class='ocrx_word' id='word_1_653' title='bbox 1525 5212 1641 5284; x_wconf 90' lang='lat' dir='ltr'><strong>ipse</strong></span> <span class='ocrx_word' id='word_1_654' title='bbox 1666 5215 1894 5285; x_wconf 91' lang='lat' dir='ltr'><strong>recepit,</strong></span> <span class='ocrx_word' id='word_1_655' title='bbox 1922 5229 2060 5270; x_wconf 83' lang='lat' dir='ltr'><strong>uxo-</strong></span> 
     </span>
    </p>
   </div>
   <div class='ocr_carea' id='block_1_80' title="bbox 446 5302 2057 5377">
    <p class='ocr_par' dir='ltr' id='par_1_80' title="bbox 446 5302 2057 5377">
     <span class='ocr_line' id='line_1_80' title="bbox 446 5302 2057 5377; baseline 0.003 -18"><span class='ocrx_word' id='word_1_656' title='bbox 446 5319 564 5369; x_wconf 83' lang='lat' dir='ltr'><strong>rem</strong></span> <span class='ocrx_word' id='word_1_657' title='bbox 604 5303 721 5377; x_wconf 81' lang='lat' dir='ltr'><strong>ipso</strong></span> <span class='ocrx_word' id='word_1_658' title='bbox 764 5316 853 5362; x_wconf 84' lang='lat' dir='ltr'><strong>me</strong></span> <span class='ocrx_word' id='word_1_659' title='bbox 881 5302 1084 5362; x_wconf 85' lang='lat' dir='ltr'><strong>habere</strong></span> <span class='ocrx_word' id='word_1_660' title='bbox 1127 5304 1280 5372; x_wconf 90' lang='lat' dir='ltr'><strong>fecit,</strong></span> <span class='ocrx_word' id='word_1_661' title='bbox 1310 5314 1368 5362; x_wconf 90' lang='lat' dir='ltr'><strong>et</strong></span> <span class='ocrx_word' id='word_1_662' title='bbox 1392 5304 1723 5362; x_wconf 59' lang='lat' dir='ltr'><strong>daemonium</strong></span> <span class='ocrx_word' id='word_1_663' title='bbox 1752 5305 1823 5362; x_wconf 85' lang='lat' dir='ltr'><strong>ab</strong></span> <span class='ocrx_word' id='word_1_664' title='bbox 1849 5320 1910 5363; x_wconf 85' lang='lat' dir='ltr'><strong>ea</strong></span> <span class='ocrx_word' id='word_1_665' title='bbox 1938 5306 2057 5377; x_wconf 84' lang='lat' dir='ltr'><strong>ipse</strong></span> 
     </span>
    </p>
   </div>
   <div class='ocr_carea' id='block_1_81' title="bbox 448 5396 2057 5471">
    <p class='ocr_par' dir='ltr' id='par_1_81' title="bbox 448 5396 2057 5471">
     <span class='ocr_line' id='line_1_81' title="bbox 448 5396 2057 5471; baseline 0.002 -18"><span class='ocrx_word' id='word_1_666' title='bbox 448 5396 808 5469; x_wconf 85' lang='lat' dir='ltr'><strong>compescuit,</strong></span> <span class='ocrx_word' id='word_1_667' title='bbox 862 5396 1120 5468; x_wconf 87' lang='lat' dir='ltr'><strong>gaudium</strong></span> <span class='ocrx_word' id='word_1_668' title='bbox 1165 5397 1486 5470; x_wconf 82' lang='lat' dir='ltr'><strong>parentibus</strong></span> <span class='ocrx_word' id='word_1_669' title='bbox 1526 5399 1645 5471; x_wconf 79' lang='lat' dir='ltr'><strong>ejus</strong></span> <span class='ocrx_word' id='word_1_670' title='bbox 1690 5396 1722 5439; x_wconf 66' lang='grc' dir='ltr'>δ</span> <span class='ocrx_word' id='word_1_671' title='bbox 1770 5399 1922 5467; x_wconf 87' lang='lat' dir='ltr'><strong>fecit,</strong></span> <span class='ocrx_word' id='word_1_672' title='bbox 1969 5412 2057 5457; x_wconf 89' lang='lat' dir='ltr'><strong>me</strong></span> 
     </span>
    </p>
   </div>
   <div class='ocr_carea' id='block_1_82' title="bbox 450 5486 2056 5564">
    <p class='ocr_par' dir='ltr' id='par_1_82' title="bbox 450 5486 2056 5564">
     <span class='ocr_line' id='line_1_82' title="bbox 450 5486 2056 5564; baseline 0.001 -18"><span class='ocrx_word' id='word_1_673' title='bbox 450 5490 627 5564; x_wconf 81' lang='lat' dir='ltr'><strong>ipsum</strong></span> <span class='ocrx_word' id='word_1_674' title='bbox 656 5504 687 5545; x_wconf 88' lang='lat' dir='ltr'><strong>a</strong></span> <span class='ocrx_word' id='word_1_675' title='bbox 720 5488 1075 5548; x_wconf 86' lang='lat' dir='ltr'><strong>devoratione</strong></span> <span class='ocrx_word' id='word_1_676' title='bbox 1101 5486 1268 5563; x_wconf 85' lang='lat' dir='ltr'><strong>piscis</strong></span> <span class='ocrx_word' id='word_1_677' title='bbox 1296 5490 1524 5563; x_wconf 86' lang='lat' dir='ltr'><strong>eripuit,</strong></span> <span class='ocrx_word' id='word_1_678' title='bbox 1549 5498 1602 5549; x_wconf 88' lang='lat' dir='ltr'><strong>te</strong></span> <span class='ocrx_word' id='word_1_679' title='bbox 1626 5506 1843 5563; x_wconf 85' lang='lat' dir='ltr'><strong>quoque</strong></span> <span class='ocrx_word' id='word_1_680' title='bbox 1869 5490 2056 5548; x_wconf 87' lang='lat' dir='ltr'><strong>videre</strong></span> 
     </span>
    </p>
   </div>
   <div class='ocr_carea' id='block_1_83' title="bbox 448 5570 2055 5655">
    <p class='ocr_par' dir='ltr' id='par_1_83' title="bbox 448 5570 2055 5655">
     <span class='ocr_line' id='line_1_83' title="bbox 448 5570 2055 5655; baseline 0.003 -18"><span class='ocrx_word' id='word_1_681' title='bbox 448 5570 584 5640; x_wconf 77' lang='lat' dir='ltr'><strong>fecit</strong></span> <span class='ocrx_word' id='word_1_682' title='bbox 627 5581 811 5640; x_wconf 91' lang='lat' dir='ltr'><strong>lumen</strong></span> <span class='ocrx_word' id='word_1_683' title='bbox 836 5583 985 5651; x_wconf 56' lang='lat' dir='ltr'><strong>coeli,</strong></span> <span class='ocrx_word' id='word_1_684' title='bbox 1015 5590 1073 5643; x_wconf 84' lang='lat' dir='ltr'><strong>et</strong></span> <span class='ocrx_word' id='word_1_685' title='bbox 1100 5582 1262 5640; x_wconf 83' lang='lat' dir='ltr'><strong>bonis</strong></span> <span class='ocrx_word' id='word_1_686' title='bbox 1286 5582 1543 5641; x_wconf 82' lang='lat' dir='ltr'><strong>omnibus</strong></span> <span class='ocrx_word' id='word_1_687' title='bbox 1580 5597 1679 5655; x_wconf 80' lang='lat' dir='ltr'><strong>per</strong></span> <span class='ocrx_word' id='word_1_688' title='bbox 1708 5596 1833 5640; x_wconf 87' lang='lat' dir='ltr'><strong>eum</strong></span> <span class='ocrx_word' id='word_1_689' title='bbox 1862 5583 2055 5654; x_wconf 88' lang='lat' dir='ltr'><strong>repleti</strong></span> 
     </span>
    </p>
   </div>
   <div class='ocr_carea' id='block_1_84' title="bbox 484 5774 1557 5849">
    <p class='ocr_par' dir='ltr' id='par_1_84' title="bbox 484 5774 1557 5849">
     <span class='ocr_line' id='line_1_84' title="bbox 484 5774 1557 5849; baseline -0.005 -8"><span class='ocrx_word' id='word_1_690' title='bbox 484 5774 487 5779; x_wconf 74' lang='grc'><em>’</em></span> <span class='ocrx_word' id='word_1_691' title='bbox 525 5790 551 5823; x_wconf 73' lang='grc' dir='ltr'><strong>ιι</strong></span> <span class='ocrx_word' id='word_1_692' title='bbox 584 5778 701 5840; x_wconf 88' lang='lat' dir='ltr'><strong>Duo</strong></span> <span class='ocrx_word' id='word_1_693' title='bbox 724 5794 855 5839; x_wconf 89' lang='lat' dir='ltr'><strong>mss.</strong></span> <span class='ocrx_word' id='word_1_694' title='bbox 884 5774 1049 5837; x_wconf 80' lang='lat' dir='ltr'><strong>finivit</strong></span> <span class='ocrx_word' id='word_1_695' title='bbox 1076 5774 1252 5837; x_wconf 79' lang='lat' dir='ltr'><strong>oculos</strong></span> <span class='ocrx_word' id='word_1_696' title='bbox 1284 5776 1557 5849; x_wconf 81' lang='lat' dir='ltr'><strong>patrisuo.</strong></span> 
     </span>
    </p>
   </div>
   <div class='ocr_carea' id='block_1_85' title="bbox 524 5850 2054 5929">
    <p class='ocr_par' dir='ltr' id='par_1_85' title="bbox 524 5850 2054 5929">
     <span class='ocr_line' id='line_1_85' title="bbox 524 5850 2054 5929; baseline -0.003 -15"><span class='ocrx_word' id='word_1_697' title='bbox 524 5853 554 5897; x_wconf 69' lang='grc' dir='ltr'>δ</span> <span class='ocrx_word' id='word_1_698' title='bbox 585 5853 749 5914; x_wconf 78' lang='lat' dir='ltr'><strong>Addit</strong></span> <span class='ocrx_word' id='word_1_699' title='bbox 776 5853 1010 5912; x_wconf 79' lang='lat' dir='ltr'><strong>i‘alalitt.</strong></span> <span class='ocrx_word' id='word_1_700' title='bbox 1041 5866 1146 5914; x_wconf 79' lang='lat' dir='ltr'><strong>ms.</strong></span> <span class='ocrx_word' id='word_1_701' title='bbox 1177 5852 1265 5911; x_wconf 86' lang='lat' dir='ltr'><strong>hic</strong></span> <span class='ocrx_word' id='word_1_702' title='bbox 1288 5851 1479 5922; x_wconf 80' lang='lat' dir='ltr'><strong>tribus,</strong></span> <span class='ocrx_word' id='word_1_703' title='bbox 1503 5854 1619 5911; x_wconf 77' lang='lat' dir='ltr'><strong>sive</strong></span> <span class='ocrx_word' id='word_1_704' title='bbox 1648 5850 1833 5925; x_wconf 75' lang='lat' dir='ltr'><strong>liabet,</strong></span> <span class='ocrx_word' id='word_1_705' title='bbox 1861 5868 2054 5929; x_wconf 84' lang='lat' dir='ltr'><strong>paren-</strong></span> 
     </span>
    </p>
   </div>
   <div class='ocr_carea' id='block_1_86' title="bbox 2160 3341 3763 3425">
    <p class='ocr_par' dir='ltr' id='par_1_86' title="bbox 2160 3341 3763 3425">
     <span class='ocr_line' id='line_1_86' title="bbox 2160 3341 3763 3425; baseline 0.002 -23"><span class='ocrx_word' id='word_1_706' title='bbox 2160 3346 2430 3404; x_wconf 78' lang='lat' dir='ltr'><strong>luutatem</strong></span> <span class='ocrx_word' id='word_1_707' title='bbox 2455 3346 2553 3404; x_wconf 82' lang='lat' dir='ltr'><strong>Dei</strong></span> <span class='ocrx_word' id='word_1_708' title='bbox 2579 3362 2725 3405; x_wconf 86' lang='lat' dir='ltr'><strong>eram</strong></span> <span class='ocrx_word' id='word_1_709' title='bbox 2755 3362 2768 3405; x_wconf 70' lang='grc' dir='ltr'><em>τ</em></span> <span class='ocrx_word' id='word_1_710' title='bbox 2794 3350 2970 3421; x_wconf 87' lang='lat' dir='ltr'><strong>ipsum</strong></span> <span class='ocrx_word' id='word_1_711' title='bbox 3000 3344 3330 3418; x_wconf 81' lang='lat' dir='ltr'><strong>benedicite,</strong></span> <span class='ocrx_word' id='word_1_712' title='bbox 3363 3360 3419 3407; x_wconf 92' lang='lat' dir='ltr'><strong>et</strong></span> <span class='ocrx_word' id='word_1_713' title='bbox 3448 3356 3666 3407; x_wconf 83' lang='lat' dir='ltr'><strong>cantate</strong></span> <span class='ocrx_word' id='word_1_714' title='bbox 3694 3341 3763 3425; x_wconf 69' lang='grc' dir='ltr'><strong>ἥτ’</strong></span> 
     </span>
    </p>
   </div>
   <div class='ocr_carea' id='block_1_87' title="bbox 2159 3442 3753 3515">
    <p class='ocr_par' dir='ltr' id='par_1_87' title="bbox 2159 3442 3753 3515">
     <span class='ocr_line' id='line_1_87' title="bbox 2159 3442 3753 3515; baseline 0.002 -19"><span class='ocrx_word' id='word_1_715' title='bbox 2159 3442 2219 3497; x_wconf 93' lang='lat' dir='ltr'><strong>li.</strong></span> <span class='ocrx_word' id='word_1_716' title='bbox 2256 3442 2497 3499; x_wconf 78' lang='lat' dir='ltr'><strong>Videbar</strong></span> <span class='ocrx_word' id='word_1_717' title='bbox 2522 3443 2738 3515; x_wconf 88' lang='lat' dir='ltr'><strong>quidem</strong></span> <span class='ocrx_word' id='word_1_718' title='bbox 2763 3445 3046 3503; x_wconf 86' lang='lat' dir='ltr'><strong>vobiscum</strong></span> <span class='ocrx_word' id='word_1_719' title='bbox 3072 3448 3423 3513; x_wconf 75' lang='lat' dir='ltr'><strong>manducare,</strong></span> <span class='ocrx_word' id='word_1_720' title='bbox 3450 3455 3503 3501; x_wconf 90' lang='lat' dir='ltr'><strong>et</strong></span> <span class='ocrx_word' id='word_1_721' title='bbox 3524 3442 3713 3501; x_wconf 86' lang='lat' dir='ltr'><strong>bibere</strong></span> <span class='ocrx_word' id='word_1_722' title='bbox 3739 3460 3753 3499; x_wconf 92' lang='lat'><strong>:</strong></span> 
     </span>
    </p>
   </div>
   <div class='ocr_carea' id='block_1_88' title="bbox 2166 3533 3759 3613">
    <p class='ocr_par' dir='ltr' id='par_1_88' title="bbox 2166 3533 3759 3613">
     <span class='ocr_line' id='line_1_88' title="bbox 2166 3533 3759 3613; baseline 0.002 -24"><span class='ocrx_word' id='word_1_723' title='bbox 2166 3533 2267 3589; x_wconf 85' lang='lat' dir='ltr'><strong>sed</strong></span> <span class='ocrx_word' id='word_1_724' title='bbox 2299 3540 2400 3606; x_wconf 83' lang='lat' dir='ltr'><strong>ego</strong></span> <span class='ocrx_word' id='word_1_725' title='bbox 2448 3533 2573 3592; x_wconf 87' lang='lat' dir='ltr'><strong>cibo</strong></span> <span class='ocrx_word' id='word_1_726' title='bbox 2605 3534 2888 3606; x_wconf 85' lang='lat' dir='ltr'><strong>invisibili,</strong></span> <span class='ocrx_word' id='word_1_727' title='bbox 2933 3547 2988 3595; x_wconf 92' lang='lat' dir='ltr'><strong>et</strong></span> <span class='ocrx_word' id='word_1_728' title='bbox 3014 3548 3169 3613; x_wconf 87' lang='lat' dir='ltr'><strong>potu,</strong></span> <span class='ocrx_word' id='word_1_729' title='bbox 3207 3536 3301 3609; x_wconf 89' lang='lat' dir='ltr'><strong>qui</strong></span> <span class='ocrx_word' id='word_1_730' title='bbox 3340 3535 3407 3593; x_wconf 90' lang='lat' dir='ltr'><strong>ab</strong></span> <span class='ocrx_word' id='word_1_731' title='bbox 3446 3534 3759 3594; x_wconf 84' lang='lat' dir='ltr'><strong>hominibus</strong></span> 
     </span>
    </p>
   </div>
   <div class='ocr_carea' id='block_1_89' title="bbox 2158 3626 3759 3703">
    <p class='ocr_par' dir='ltr' id='par_1_89' title="bbox 2158 3626 3759 3703">
     <span class='ocr_line' id='line_1_89' title="bbox 2158 3626 3759 3703; baseline 0.002 -24"><span class='ocrx_word' id='word_1_732' title='bbox 2158 3626 2334 3683; x_wconf 83' lang='lat' dir='ltr'><strong>videri</strong></span> <span class='ocrx_word' id='word_1_733' title='bbox 2365 3642 2473 3683; x_wconf 90' lang='lat' dir='ltr'><strong>non</strong></span> <span class='ocrx_word' id='word_1_734' title='bbox 2504 3637 2703 3700; x_wconf 86' lang='lat' dir='ltr'><strong>potest,</strong></span> <span class='ocrx_word' id='word_1_735' title='bbox 2730 3641 2876 3686; x_wconf 91' lang='lat' dir='ltr'><strong>utor.</strong></span> <span class='ocrx_word' id='word_1_736' title='bbox 2904 3629 3147 3703; x_wconf 88' lang='lat' dir='ltr'><strong>Tempus</strong></span> <span class='ocrx_word' id='word_1_737' title='bbox 3168 3640 3405 3703; x_wconf 90' lang='lat' dir='ltr'><strong>estergo</strong></span> <span class='ocrx_word' id='word_1_738' title='bbox 3427 3639 3484 3687; x_wconf 90' lang='lat' dir='ltr'><strong>ut</strong></span> <span class='ocrx_word' id='word_1_739' title='bbox 3507 3637 3759 3687; x_wconf 76' lang='lat' dir='ltr'><strong>revertar</strong></span> 
     </span>
    </p>
   </div>
   <div class='ocr_carea' id='block_1_90' title="bbox 2161 3716 3746 3793">
    <p class='ocr_par' dir='ltr' id='par_1_90' title="bbox 2161 3716 3746 3793">
     <span class='ocr_line' id='line_1_90' title="bbox 2161 3716 3746 3793; baseline 0.002 -19"><span class='ocrx_word' id='word_1_740' title='bbox 2161 3720 2227 3775; x_wconf 90' lang='lat' dir='ltr'><strong>ad</strong></span> <span class='ocrx_word' id='word_1_741' title='bbox 2251 3736 2399 3787; x_wconf 84' lang='lat' dir='ltr'><strong>eum,</strong></span> <span class='ocrx_word' id='word_1_742' title='bbox 2430 3722 2523 3793; x_wconf 89' lang='lat' dir='ltr'><strong>qui</strong></span> <span class='ocrx_word' id='word_1_743' title='bbox 2551 3738 2637 3780; x_wconf 87' lang='lat' dir='ltr'><strong>me</strong></span> <span class='ocrx_word' id='word_1_744' title='bbox 2662 3724 2849 3780; x_wconf 88' lang='lat' dir='ltr'><strong>misit:</strong></span> <span class='ocrx_word' id='word_1_745' title='bbox 2881 3738 2980 3780; x_wconf 83' lang='lat' dir='ltr'><strong>vos</strong></span> <span class='ocrx_word' id='word_1_746' title='bbox 3003 3736 3184 3781; x_wconf 89' lang='lat' dir='ltr'><strong>autem</strong></span> <span class='ocrx_word' id='word_1_747' title='bbox 3220 3716 3533 3781; x_wconf 76' lang='lat' dir='ltr'><strong>benedicitc&#39;</strong></span> <span class='ocrx_word' id='word_1_748' title='bbox 3556 3722 3746 3790; x_wconf 87' lang='lat' dir='ltr'><strong>Deum,</strong></span> 
     </span>
    </p>
   </div>
   <div class='ocr_carea' id='block_1_91' title="bbox 2158 3814 3757 3893">
    <p class='ocr_par' dir='ltr' id='par_1_91' title="bbox 2158 3814 3757 3893">
     <span class='ocr_line' id='line_1_91' title="bbox 2158 3814 3757 3893; baseline 0.003 -25"><span class='ocrx_word' id='word_1_749' title='bbox 2158 3822 2214 3869; x_wconf 81' lang='lat' dir='ltr'><strong>et</strong></span> <span class='ocrx_word' id='word_1_750' title='bbox 2236 3822 2455 3872; x_wconf 90' lang='lat' dir='ltr'><strong>narrate</strong></span> <span class='ocrx_word' id='word_1_751' title='bbox 2481 3824 2504 3855; x_wconf 72' lang='grc' dir='ltr'>ε</span> <span class='ocrx_word' id='word_1_752' title='bbox 2535 3816 2717 3873; x_wconf 88' lang='lat' dir='ltr'><strong>omnia</strong></span> <span class='ocrx_word' id='word_1_753' title='bbox 2739 3818 3012 3893; x_wconf 80' lang='lat' dir='ltr'><strong>mirabilia</strong></span> <span class='ocrx_word' id='word_1_754' title='bbox 3042 3819 3179 3890; x_wconf 91' lang='lat' dir='ltr'><strong>ejus.</strong></span> <span class='ocrx_word' id='word_1_755' title='bbox 3208 3814 3275 3873; x_wconf 85' lang='lat' dir='ltr'><strong>Et</strong></span> <span class='ocrx_word' id='word_1_756' title='bbox 3300 3832 3419 3873; x_wconf 89' lang='lat' dir='ltr'><strong>cum</strong></span> <span class='ocrx_word' id='word_1_757' title='bbox 3449 3814 3565 3873; x_wconf 56' lang='lat' dir='ltr'><strong>haec</strong></span> <span class='ocrx_word' id='word_1_758' title='bbox 3588 3816 3757 3872; x_wconf 87' lang='lat' dir='ltr'><strong>dixis-</strong></span> 
     </span>
    </p>
   </div>
   <div class='ocr_carea' id='block_1_92' title="bbox 2158 3908 3753 3979">
    <p class='ocr_par' dir='ltr' id='par_1_92' title="bbox 2158 3908 3753 3979">
     <span class='ocr_line' id='line_1_92' title="bbox 2158 3908 3753 3979; baseline 0 -18"><span class='ocrx_word' id='word_1_759' title='bbox 2158 3912 2265 3974; x_wconf 85' lang='lat' dir='ltr'><strong>set,</strong></span> <span class='ocrx_word' id='word_1_760' title='bbox 2291 3908 2361 3965; x_wconf 83' lang='lat' dir='ltr'><strong>sb</strong></span> <span class='ocrx_word' id='word_1_761' title='bbox 2387 3910 2622 3979; x_wconf 79' lang='lat' dir='ltr'><strong>aspectu</strong></span> <span class='ocrx_word' id='word_1_762' title='bbox 2651 3924 2837 3966; x_wconf 91' lang='lat' dir='ltr'><strong>eorum</strong></span> <span class='ocrx_word' id='word_1_763' title='bbox 2871 3910 3087 3967; x_wconf 89' lang='lat' dir='ltr'><strong>ablatus</strong></span> <span class='ocrx_word' id='word_1_764' title='bbox 3119 3920 3223 3976; x_wconf 89' lang='lat' dir='ltr'><strong>est,</strong></span> <span class='ocrx_word' id='word_1_765' title='bbox 3256 3918 3311 3968; x_wconf 89' lang='lat' dir='ltr'><strong>et</strong></span> <span class='ocrx_word' id='word_1_766' title='bbox 3341 3910 3482 3966; x_wconf 90' lang='lat' dir='ltr'><strong>ultra</strong></span> <span class='ocrx_word' id='word_1_767' title='bbox 3512 3923 3635 3965; x_wconf 90' lang='lat' dir='ltr'><strong>eum</strong></span> <span class='ocrx_word' id='word_1_768' title='bbox 3668 3909 3753 3962; x_wconf 86' lang='lat' dir='ltr'><strong>vi-</strong></span> 
     </span>
    </p>
   </div>
   <div class='ocr_carea' id='block_1_93' title="bbox 2160 3998 3758 4083">
    <p class='ocr_par' dir='ltr' id='par_1_93' title="bbox 2160 3998 3758 4083">
     <span class='ocr_line' id='line_1_93' title="bbox 2160 3998 3758 4083; baseline 0.002 -29"><span class='ocrx_word' id='word_1_769' title='bbox 2160 3998 2295 4055; x_wconf 85' lang='lat' dir='ltr'><strong>‘dere</strong></span> <span class='ocrx_word' id='word_1_770' title='bbox 2339 4015 2446 4057; x_wconf 91' lang='lat' dir='ltr'><strong>non</strong></span> <span class='ocrx_word' id='word_1_771' title='bbox 2479 4013 2793 4073; x_wconf 89' lang='lat' dir='ltr'><strong>petueruut.</strong></span> <span class='ocrx_word' id='word_1_772' title='bbox 2830 4003 2985 4062; x_wconf 88' lang='lat' dir='ltr'><strong>Tunc</strong></span> <span class='ocrx_word' id='word_1_773' title='bbox 3024 4005 3283 4077; x_wconf 90' lang='lat' dir='ltr'><strong>prostrati</strong></span> <span class='ocrx_word' id='word_1_774' title='bbox 3318 4017 3413 4075; x_wconf 89' lang='lat' dir='ltr'><strong>per</strong></span> <span class='ocrx_word' id='word_1_775' title='bbox 3442 3998 3605 4083; x_wconf 79' lang='lat' dir='ltr'><strong>horas</strong></span> <span class='ocrx_word' id='word_1_776' title='bbox 3642 4010 3758 4083; x_wconf 86' lang='lat' dir='ltr'><strong>tres</strong></span> 
     </span>
    </p>
   </div>
   <div class='ocr_carea' id='block_1_94' title="bbox 2158 4080 3760 4169">
    <p class='ocr_par' dir='ltr' id='par_1_94' title="bbox 2158 4080 3760 4169">
     <span class='ocr_line' id='line_1_94' title="bbox 2158 4080 3760 4169; baseline 0.004 -26"><span class='ocrx_word' id='word_1_777' title='bbox 2158 4088 2213 4144; x_wconf 92' lang='lat' dir='ltr'><strong>in</strong></span> <span class='ocrx_word' id='word_1_778' title='bbox 2247 4082 2473 4161; x_wconf 68' lang='lat' dir='ltr'><strong>faciem,</strong></span> <span class='ocrx_word' id='word_1_779' title='bbox 2508 4094 2908 4153; x_wconf 82' lang='lat' dir='ltr'><strong>benedixeruut</strong></span> <span class='ocrx_word' id='word_1_780' title='bbox 2938 4098 3134 4166; x_wconf 91' lang='lat' dir='ltr'><strong>Deum,</strong></span> <span class='ocrx_word' id='word_1_781' title='bbox 3163 4105 3217 4154; x_wconf 91' lang='lat' dir='ltr'><strong>et</strong></span> <span class='ocrx_word' id='word_1_782' title='bbox 3238 4080 3604 4169; x_wconf 74' lang='lat' dir='ltr'><strong>exsurgentes</strong></span> <span class='ocrx_word' id='word_1_783' title='bbox 3633 4080 3760 4151; x_wconf 79' lang='lat' dir='ltr'><strong>nar-</strong></span> 
     </span>
    </p>
   </div>
   <div class='ocr_carea' id='block_1_95' title="bbox 2159 4176 3431 4265">
    <p class='ocr_par' dir='ltr' id='par_1_95' title="bbox 2159 4176 3431 4265">
     <span class='ocr_line' id='line_1_95' title="bbox 2159 4176 3431 4265; baseline 0.003 -20"><span class='ocrx_word' id='word_1_784' title='bbox 2159 4184 2420 4245; x_wconf 83' lang='lat' dir='ltr'><strong>raverunt</strong></span> <span class='ocrx_word' id='word_1_785' title='bbox 2450 4186 2632 4244; x_wconf 84' lang='lat' dir='ltr'><strong>omnia</strong></span> <span class='ocrx_word' id='word_1_786' title='bbox 2661 4178 2939 4247; x_wconf 84' lang='lat' dir='ltr'><strong>mirabilia</strong></span> <span class='ocrx_word' id='word_1_787' title='bbox 2952 4191 3091 4265; x_wconf 92' lang='lat' dir='ltr'><strong>ejus.</strong></span> <span class='ocrx_word' id='word_1_788' title='bbox 3184 4186 3187 4199; x_wconf 87' lang='lat'>&#39;</span> <span class='ocrx_word' id='word_1_789' title='bbox 3428 4176 3431 4183; x_wconf 69' lang='grc'><em>’</em></span> 
     </span>
    </p>
   </div>
   <div class='ocr_carea' id='block_1_96' title="bbox 2233 4278 3759 4356">
    <p class='ocr_par' dir='ltr' id='par_1_96' title="bbox 2233 4278 3759 4356">
     <span class='ocr_line' id='line_1_96' title="bbox 2233 4278 3759 4356; baseline 0.001 -19"><span class='ocrx_word' id='word_1_790' title='bbox 2233 4279 2409 4356; x_wconf 78' lang='grc' dir='ltr'><strong>[ϐαρ.</strong></span> <span class='ocrx_word' id='word_1_791' title='bbox 2446 4278 2629 4356; x_wconf 82' lang='grc' dir='ltr'><strong>Χ111.]</strong></span> <span class='ocrx_word' id='word_1_792' title='bbox 2668 4281 2935 4354; x_wconf 75' lang='lat' dir='ltr'><strong>Aperit-us</strong></span> <span class='ocrx_word' id='word_1_793' title='bbox 2984 4295 3165 4341; x_wconf 89' lang='lat' dir='ltr'><strong>autem</strong></span> <span class='ocrx_word' id='word_1_794' title='bbox 3207 4278 3409 4341; x_wconf 83' lang='lat' dir='ltr'><strong>Tobias</strong></span> <span class='ocrx_word' id='word_1_795' title='bbox 3458 4281 3647 4340; x_wconf 87' lang='lat' dir='ltr'><strong>senior</strong></span> <span class='ocrx_word' id='word_1_796' title='bbox 3695 4297 3759 4339; x_wconf 91' lang='lat' dir='ltr'><strong>os</strong></span> 
     </span>
    </p>
   </div>
   <div class='ocr_carea' id='block_1_97' title="bbox 2163 4374 3761 4449">
    <p class='ocr_par' dir='ltr' id='par_1_97' title="bbox 2163 4374 3761 4449">
     <span class='ocr_line' id='line_1_97' title="bbox 2163 4374 3761 4449; baseline 0 -17"><span class='ocrx_word' id='word_1_797' title='bbox 2163 4389 2319 4432; x_wconf 87' lang='lat' dir='ltr'><strong>suum</strong></span> <span class='ocrx_word' id='word_1_798' title='bbox 2354 4375 2633 4433; x_wconf 87' lang='lat' dir='ltr'><strong>benedixit</strong></span> <span class='ocrx_word' id='word_1_799' title='bbox 2664 4377 2980 4447; x_wconf 90' lang='lat' dir='ltr'><strong>Dominum,</strong></span> <span class='ocrx_word' id='word_1_800' title='bbox 3004 4387 3062 4435; x_wconf 90' lang='lat' dir='ltr'><strong>et</strong></span> <span class='ocrx_word' id='word_1_801' title='bbox 3085 4377 3223 4434; x_wconf 86' lang='lat' dir='ltr'><strong>dixit</strong></span> <span class='ocrx_word' id='word_1_802' title='bbox 3249 4396 3261 4431; x_wconf 93' lang='lat'><strong>:</strong></span> <span class='ocrx_word' id='word_1_803' title='bbox 3294 4376 3521 4449; x_wconf 77' lang='lat' dir='ltr'><strong>Magnus</strong></span> <span class='ocrx_word' id='word_1_804' title='bbox 3550 4390 3632 4441; x_wconf 88' lang='lat' dir='ltr'><strong>es,</strong></span> <span class='ocrx_word' id='word_1_805' title='bbox 3661 4374 3761 4432; x_wconf 78' lang='lat' dir='ltr'><strong>Do-</strong></span> 
     </span>
    </p>
   </div>
   <div class='ocr_carea' id='block_1_98' title="bbox 2160 4468 3761 4543">
    <p class='ocr_par' dir='ltr' id='par_1_98' title="bbox 2160 4468 3761 4543">
     <span class='ocr_line' id='line_1_98' title="bbox 2160 4468 3761 4543; baseline -0.001 -19"><span class='ocrx_word' id='word_1_806' title='bbox 2160 4468 2328 4537; x_wconf 88' lang='lat' dir='ltr'><strong>mine,</strong></span> <span class='ocrx_word' id='word_1_807' title='bbox 2357 4469 2411 4526; x_wconf 90' lang='lat' dir='ltr'><strong>in</strong></span> <span class='ocrx_word' id='word_1_808' title='bbox 2436 4478 2721 4537; x_wconf 64' lang='lat' dir='ltr'><strong>aeternum,</strong></span> <span class='ocrx_word' id='word_1_809' title='bbox 2754 4480 2809 4527; x_wconf 90' lang='lat' dir='ltr'><strong>et</strong></span> <span class='ocrx_word' id='word_1_810' title='bbox 2832 4468 2884 4527; x_wconf 88' lang='lat' dir='ltr'><strong>in</strong></span> <span class='ocrx_word' id='word_1_811' title='bbox 2906 4471 3090 4528; x_wconf 88' lang='lat' dir='ltr'><strong>omnia</strong></span> <span class='ocrx_word' id='word_1_812' title='bbox 3117 4471 3311 4527; x_wconf 74' lang='lat' dir='ltr'><strong>szccula</strong></span> <span class='ocrx_word' id='word_1_813' title='bbox 3334 4485 3556 4543; x_wconf 89' lang='lat' dir='ltr'><strong>regnum</strong></span> <span class='ocrx_word' id='word_1_814' title='bbox 3583 4478 3761 4539; x_wconf 83' lang='lat' dir='ltr'><strong>tuum,</strong></span> 
     </span>
    </p>
   </div>
   <div class='ocr_carea' id='block_1_99' title="bbox 2159 4546 3759 4635">
    <p class='ocr_par' dir='ltr' id='par_1_99' title="bbox 2159 4546 3759 4635">
     <span class='ocr_line' id='line_1_99' title="bbox 2159 4546 3759 4635; baseline 0.002 -20"><span class='ocrx_word' id='word_1_815' title='bbox 2159 4563 2418 4635; x_wconf 90' lang='lat' dir='ltr'><strong>quoniam</strong></span> <span class='ocrx_word' id='word_1_816' title='bbox 2449 4571 2504 4619; x_wconf 92' lang='lat' dir='ltr'><strong>tu</strong></span> <span class='ocrx_word' id='word_1_817' title='bbox 2534 4563 2779 4635; x_wconf 81' lang='lat' dir='ltr'><strong>ﬂagellas</strong></span> <span class='ocrx_word' id='word_1_818' title='bbox 2810 4573 2866 4621; x_wconf 92' lang='lat' dir='ltr'><strong>et</strong></span> <span class='ocrx_word' id='word_1_819' title='bbox 2911 4566 3090 4621; x_wconf 90' lang='lat' dir='ltr'><strong>salvas</strong></span> <span class='ocrx_word' id='word_1_820' title='bbox 3118 4583 3131 4620; x_wconf 91' lang='lat'><strong>:</strong></span> <span class='ocrx_word' id='word_1_821' title='bbox 3158 4563 3383 4621; x_wconf 82' lang='lat' dir='ltr'><strong>deducis</strong></span> <span class='ocrx_word' id='word_1_822' title='bbox 3412 4546 3478 4618; x_wconf 80' lang='lat' dir='ltr'><strong>ad</strong></span> <span class='ocrx_word' id='word_1_823' title='bbox 3517 4560 3718 4619; x_wconf 87' lang='lat' dir='ltr'><strong>inferos</strong></span> <span class='ocrx_word' id='word_1_824' title='bbox 3739 4602 3759 4631; x_wconf 90' lang='lat'><strong>,</strong></span> 
     </span>
    </p>
   </div>
   <div class='ocr_carea' id='block_1_100' title="bbox 2162 4654 3759 4730">
    <p class='ocr_par' dir='ltr' id='par_1_100' title="bbox 2162 4654 3759 4730">
     <span class='ocr_line' id='line_1_100' title="bbox 2162 4654 3759 4730; baseline -0.002 -17"><span class='ocrx_word' id='word_1_825' title='bbox 2162 4664 2219 4713; x_wconf 89' lang='lat' dir='ltr'><strong>et</strong></span> <span class='ocrx_word' id='word_1_826' title='bbox 2263 4656 2523 4712; x_wconf 85' lang='lat' dir='ltr'><strong>reducis:</strong></span> <span class='ocrx_word' id='word_1_827' title='bbox 2557 4666 2613 4713; x_wconf 90' lang='lat' dir='ltr'><strong>et</strong></span> <span class='ocrx_word' id='word_1_828' title='bbox 2660 4672 2765 4713; x_wconf 89' lang='lat' dir='ltr'><strong>non</strong></span> <span class='ocrx_word' id='word_1_829' title='bbox 2799 4656 3003 4730; x_wconf 82' lang='lat' dir='ltr'><strong>estqui</strong></span> <span class='ocrx_word' id='word_1_830' title='bbox 3052 4654 3275 4729; x_wconf 78' lang='lat' dir='ltr'><strong>eﬂ&#39;ugiat</strong></span> <span class='ocrx_word' id='word_1_831' title='bbox 3322 4671 3540 4713; x_wconf 90' lang='lat' dir='ltr'><strong>manum</strong></span> <span class='ocrx_word' id='word_1_832' title='bbox 3586 4664 3759 4715; x_wconf 89' lang='lat' dir='ltr'><strong>tuam.</strong></span> 
     </span>
    </p>
   </div>
   <div class='ocr_carea' id='block_1_101' title="bbox 2162 4738 3761 4818">
    <p class='ocr_par' dir='ltr' id='par_1_101' title="bbox 2162 4738 3761 4818">
     <span class='ocr_line' id='line_1_101' title="bbox 2162 4738 3761 4818; baseline 0 -14"><span class='ocrx_word' id='word_1_833' title='bbox 2162 4742 2514 4804; x_wconf 87' lang='lat' dir='ltr'><strong>Contitemini</strong></span> <span class='ocrx_word' id='word_1_834' title='bbox 2573 4738 2829 4815; x_wconf 85' lang='lat' dir='ltr'><strong>Domino,</strong></span> <span class='ocrx_word' id='word_1_835' title='bbox 2876 4748 2971 4805; x_wconf 85' lang='lat' dir='ltr'><strong>illii</strong></span> <span class='ocrx_word' id='word_1_836' title='bbox 3020 4749 3207 4816; x_wconf 85' lang='lat' dir='ltr'><strong>Israel,</strong></span> <span class='ocrx_word' id='word_1_837' title='bbox 3262 4754 3317 4806; x_wconf 87' lang='lat' dir='ltr'><strong>et</strong></span> <span class='ocrx_word' id='word_1_838' title='bbox 3366 4749 3418 4805; x_wconf 89' lang='lat' dir='ltr'><strong>in</strong></span> <span class='ocrx_word' id='word_1_839' title='bbox 3461 4756 3761 4818; x_wconf 86' lang='lat' dir='ltr'><strong>conspectu</strong></span> 
     </span>
    </p>
   </div>
   <div class='ocr_carea' id='block_1_102' title="bbox 2161 4839 3763 4919">
    <p class='ocr_par' dir='ltr' id='par_1_102' title="bbox 2161 4839 3763 4919">
     <span class='ocr_line' id='line_1_102' title="bbox 2161 4839 3763 4919; baseline 0.001 -23"><span class='ocrx_word' id='word_1_840' title='bbox 2161 4842 2405 4913; x_wconf 89' lang='lat' dir='ltr'><strong>gentium</strong></span> <span class='ocrx_word' id='word_1_841' title='bbox 2455 4840 2672 4898; x_wconf 86' lang='lat' dir='ltr'><strong>laudate</strong></span> <span class='ocrx_word' id='word_1_842' title='bbox 2713 4858 2837 4899; x_wconf 91' lang='lat' dir='ltr'><strong>eum</strong></span> <span class='ocrx_word' id='word_1_843' title='bbox 2864 4861 2877 4897; x_wconf 91' lang='lat'><strong>:</strong></span> <span class='ocrx_word' id='word_1_844' title='bbox 2907 4845 3163 4914; x_wconf 87' lang='lat' dir='ltr'><strong>quoniam</strong></span> <span class='ocrx_word' id='word_1_845' title='bbox 3211 4841 3331 4898; x_wconf 90' lang='lat' dir='ltr'><strong>ideo</strong></span> <span class='ocrx_word' id='word_1_846' title='bbox 3375 4839 3633 4919; x_wconf 86' lang='lat' dir='ltr'><strong>dispersit</strong></span> <span class='ocrx_word' id='word_1_847' title='bbox 3662 4853 3763 4897; x_wconf 89' lang='lat' dir='ltr'><strong>vos</strong></span> 
     </span>
    </p>
   </div>
   <div class='ocr_carea' id='block_1_103' title="bbox 2163 4926 3762 5007">
    <p class='ocr_par' dir='ltr' id='par_1_103' title="bbox 2163 4926 3762 5007">
     <span class='ocr_line' id='line_1_103' title="bbox 2163 4926 3762 5007; baseline -0.001 -20"><span class='ocrx_word' id='word_1_848' title='bbox 2163 4934 2309 4990; x_wconf 89' lang='lat' dir='ltr'><strong>inter</strong></span> <span class='ocrx_word' id='word_1_849' title='bbox 2338 4942 2553 5007; x_wconf 87' lang='lat' dir='ltr'><strong>gentes,</strong></span> <span class='ocrx_word' id='word_1_850' title='bbox 2600 4949 2721 5006; x_wconf 85' lang='lat' dir='ltr'><strong>quae</strong></span> <span class='ocrx_word' id='word_1_851' title='bbox 2767 4926 3019 5007; x_wconf 83' lang='lat' dir='ltr'><strong>ignorant</strong></span> <span class='ocrx_word' id='word_1_852' title='bbox 3063 4949 3208 4999; x_wconf 90' lang='lat' dir='ltr'><strong>eum,</strong></span> <span class='ocrx_word' id='word_1_853' title='bbox 3260 4942 3319 4990; x_wconf 87' lang='lat' dir='ltr'><strong>ut</strong></span> <span class='ocrx_word' id='word_1_854' title='bbox 3359 4947 3459 4990; x_wconf 82' lang='lat' dir='ltr'><strong>vos</strong></span> <span class='ocrx_word' id='word_1_855' title='bbox 3490 4930 3762 4989; x_wconf 85' lang='lat' dir='ltr'><strong>enarretis</strong></span> 
     </span>
    </p>
   </div>
   <div class='ocr_carea' id='block_1_104' title="bbox 2161 5020 3766 5100">
    <p class='ocr_par' dir='ltr' id='par_1_104' title="bbox 2161 5020 3766 5100">
     <span class='ocr_line' id='line_1_104' title="bbox 2161 5020 3766 5100; baseline -0.002 -16"><span class='ocrx_word' id='word_1_856' title='bbox 2161 5027 2443 5085; x_wconf 87' lang='lat' dir='ltr'><strong>mirabilia</strong></span> <span class='ocrx_word' id='word_1_857' title='bbox 2477 5027 2618 5100; x_wconf 79' lang='lat' dir='ltr'><strong>ejus,</strong></span> <span class='ocrx_word' id='word_1_858' title='bbox 2671 5035 2727 5086; x_wconf 93' lang='lat' dir='ltr'><strong>et</strong></span> <span class='ocrx_word' id='word_1_859' title='bbox 2773 5028 2983 5085; x_wconf 88' lang='lat' dir='ltr'><strong>faciatis</strong></span> <span class='ocrx_word' id='word_1_860' title='bbox 3014 5027 3158 5086; x_wconf 78' lang='lat' dir='ltr'><strong>scire</strong></span> <span class='ocrx_word' id='word_1_861' title='bbox 3191 5042 3308 5099; x_wconf 90' lang='lat' dir='ltr'><strong>eos,</strong></span> <span class='ocrx_word' id='word_1_862' title='bbox 3363 5026 3489 5099; x_wconf 90' lang='lat' dir='ltr'><strong>quia</strong></span> <span class='ocrx_word' id='word_1_863' title='bbox 3538 5041 3645 5081; x_wconf 86' lang='lat' dir='ltr'><strong>non</strong></span> <span class='ocrx_word' id='word_1_864' title='bbox 3678 5020 3766 5081; x_wconf 81' lang='lat' dir='ltr'><strong>est</strong></span> 
     </span>
    </p>
   </div>
   <div class='ocr_carea' id='block_1_105' title="bbox 2164 5110 3768 5193">
    <p class='ocr_par' dir='ltr' id='par_1_105' title="bbox 2164 5110 3768 5193">
     <span class='ocr_line' id='line_1_105' title="bbox 2164 5110 3768 5193; baseline -0.002 -16"><span class='ocrx_word' id='word_1_865' title='bbox 2164 5120 2304 5177; x_wconf 89' lang='lat' dir='ltr'><strong>alius</strong></span> <span class='ocrx_word' id='word_1_866' title='bbox 2332 5116 2476 5177; x_wconf 89' lang='lat' dir='ltr'><strong>Deus</strong></span> <span class='ocrx_word' id='word_1_867' title='bbox 2511 5120 2861 5193; x_wconf 86' lang='lat' dir='ltr'><strong>omnipotens</strong></span> <span class='ocrx_word' id='word_1_868' title='bbox 2890 5110 3094 5193; x_wconf 65' lang='lat' dir='ltr'><strong>praeter</strong></span> <span class='ocrx_word' id='word_1_869' title='bbox 3132 5135 3275 5178; x_wconf 90' lang='lat' dir='ltr'><strong>eum.</strong></span> <span class='ocrx_word' id='word_1_870' title='bbox 3328 5119 3449 5192; x_wconf 68' lang='lat' dir='ltr'><strong>Ipse</strong></span> <span class='ocrx_word' id='word_1_871' title='bbox 3477 5117 3768 5190; x_wconf 81' lang='lat' dir='ltr'><strong>ca5tigavit</strong></span> 
     </span>
    </p>
   </div>
   <div class='ocr_carea' id='block_1_106' title="bbox 2166 5212 3766 5288">
    <p class='ocr_par' dir='ltr' id='par_1_106' title="bbox 2166 5212 3766 5288">
     <span class='ocr_line' id='line_1_106' title="bbox 2166 5212 3766 5288; baseline -0.003 -15"><span class='ocrx_word' id='word_1_872' title='bbox 2166 5231 2269 5273; x_wconf 86' lang='lat' dir='ltr'><strong>nos</strong></span> <span class='ocrx_word' id='word_1_873' title='bbox 2299 5223 2527 5287; x_wconf 88' lang='lat' dir='ltr'><strong>propter</strong></span> <span class='ocrx_word' id='word_1_874' title='bbox 2555 5216 2868 5288; x_wconf 88' lang='lat' dir='ltr'><strong>iniquitates</strong></span> <span class='ocrx_word' id='word_1_875' title='bbox 2894 5224 3114 5274; x_wconf 88' lang='lat' dir='ltr'><strong>nostras</strong></span> <span class='ocrx_word' id='word_1_876' title='bbox 3140 5235 3153 5271; x_wconf 88' lang='lat'><strong>:</strong></span> <span class='ocrx_word' id='word_1_877' title='bbox 3179 5225 3233 5273; x_wconf 88' lang='lat' dir='ltr'><strong>et</strong></span> <span class='ocrx_word' id='word_1_878' title='bbox 3259 5216 3377 5286; x_wconf 90' lang='lat' dir='ltr'><strong>ipse</strong></span> <span class='ocrx_word' id='word_1_879' title='bbox 3402 5212 3634 5270; x_wconf 79' lang='lat' dir='ltr'><strong>salvabit</strong></span> <span class='ocrx_word' id='word_1_880' title='bbox 3662 5225 3766 5269; x_wconf 82' lang='lat' dir='ltr'><strong>nos</strong></span> 
     </span>
    </p>
   </div>
   <div class='ocr_carea' id='block_1_107' title="bbox 2167 5296 3768 5380">
    <p class='ocr_par' dir='ltr' id='par_1_107' title="bbox 2167 5296 3768 5380">
     <span class='ocr_line' id='line_1_107' title="bbox 2167 5296 3768 5380; baseline -0.002 -16"><span class='ocrx_word' id='word_1_881' title='bbox 2167 5318 2396 5380; x_wconf 89' lang='lat' dir='ltr'><strong>propter</strong></span> <span class='ocrx_word' id='word_1_882' title='bbox 2428 5308 2857 5366; x_wconf 86' lang='lat' dir='ltr'><strong>misericordiam</strong></span> <span class='ocrx_word' id='word_1_883' title='bbox 2888 5322 3066 5367; x_wconf 86' lang='lat' dir='ltr'><strong>suam.</strong></span> <span class='ocrx_word' id='word_1_884' title='bbox 3099 5296 3344 5378; x_wconf 63' lang='lat' dir='ltr'><strong>Aspicite</strong></span> <span class='ocrx_word' id='word_1_885' title='bbox 3374 5320 3503 5377; x_wconf 88' lang='lat' dir='ltr'><strong>ergo</strong></span> <span class='ocrx_word' id='word_1_886' title='bbox 3532 5314 3655 5375; x_wconf 70' lang='lat' dir='ltr'><strong>quis</strong></span> <span class='ocrx_word' id='word_1_887' title='bbox 3684 5301 3768 5363; x_wconf 78' lang='lat' dir='ltr'><strong>fe-</strong></span> 
     </span>
    </p>
   </div>
   <div class='ocr_carea' id='block_1_108' title="bbox 2164 5388 3767 5477">
    <p class='ocr_par' dir='ltr' id='par_1_108' title="bbox 2164 5388 3767 5477">
     <span class='ocr_line' id='line_1_108' title="bbox 2164 5388 3767 5477; baseline -0.006 -17"><span class='ocrx_word' id='word_1_888' title='bbox 2164 5403 2239 5460; x_wconf 88' lang='lat' dir='ltr'><strong>cit</strong></span> <span class='ocrx_word' id='word_1_889' title='bbox 2269 5404 2578 5471; x_wconf 87' lang='lat' dir='ltr'><strong>nobiscum,</strong></span> <span class='ocrx_word' id='word_1_890' title='bbox 2613 5412 2813 5462; x_wconf 86' lang='lat' dir='ltr'><strong>etcum</strong></span> <span class='ocrx_word' id='word_1_891' title='bbox 2846 5405 3042 5477; x_wconf 75' lang='lat' dir='ltr'><strong>timore</strong></span> <span class='ocrx_word' id='word_1_892' title='bbox 3070 5411 3127 5461; x_wconf 90' lang='lat' dir='ltr'><strong>et</strong></span> <span class='ocrx_word' id='word_1_893' title='bbox 3159 5413 3395 5469; x_wconf 82' lang='lat' dir='ltr'><strong>tremore</strong></span> <span class='ocrx_word' id='word_1_894' title='bbox 3423 5388 3767 5467; x_wconf 78' lang='lat' dir='ltr'><strong>confitemini</strong></span> 
     </span>
    </p>
   </div>
   <div class='ocr_carea' id='block_1_109' title="bbox 2164 5491 3766 5568">
    <p class='ocr_par' dir='ltr' id='par_1_109' title="bbox 2164 5491 3766 5568">
     <span class='ocr_line' id='line_1_109' title="bbox 2164 5491 3766 5568; baseline -0.002 -17"><span class='ocrx_word' id='word_1_895' title='bbox 2164 5495 2245 5555; x_wconf 90' lang='lat' dir='ltr'><strong>illi</strong></span> <span class='ocrx_word' id='word_1_896' title='bbox 2269 5511 2615 5568; x_wconf 83' lang='lat' dir='ltr'><strong>:regemque</strong></span> <span class='ocrx_word' id='word_1_897' title='bbox 2641 5497 2968 5553; x_wconf 71' lang='lat' dir='ltr'><strong>smeulorum</strong></span> <span class='ocrx_word' id='word_1_898' title='bbox 3000 5492 3248 5554; x_wconf 78' lang='lat' dir='ltr'><strong>exaltate</strong></span> <span class='ocrx_word' id='word_1_899' title='bbox 3290 5494 3347 5551; x_wconf 90' lang='lat' dir='ltr'><strong>in</strong></span> <span class='ocrx_word' id='word_1_900' title='bbox 3370 5491 3633 5565; x_wconf 78' lang='lat' dir='ltr'><strong>operibus</strong></span> <span class='ocrx_word' id='word_1_901' title='bbox 3662 5504 3766 5548; x_wconf 83' lang='lat' dir='ltr'><strong>ve-</strong></span> 
     </span>
    </p>
   </div>
   <div class='ocr_carea' id='block_1_110' title="bbox 2166 5579 3768 5661">
    <p class='ocr_par' dir='ltr' id='par_1_110' title="bbox 2166 5579 3768 5661">
     <span class='ocr_line' id='line_1_110' title="bbox 2166 5579 3768 5661; baseline -0.004 -17"><span class='ocrx_word' id='word_1_902' title='bbox 2166 5588 2324 5647; x_wconf 88' lang='lat' dir='ltr'><strong>stris.</strong></span> <span class='ocrx_word' id='word_1_903' title='bbox 2350 5587 2462 5661; x_wconf 85' lang='lat' dir='ltr'><strong>Ego</strong></span> <span class='ocrx_word' id='word_1_904' title='bbox 2490 5597 2673 5645; x_wconf 89' lang='lat' dir='ltr'><strong>autem</strong></span> <span class='ocrx_word' id='word_1_905' title='bbox 2706 5590 2759 5646; x_wconf 89' lang='lat' dir='ltr'><strong>in</strong></span> <span class='ocrx_word' id='word_1_906' title='bbox 2787 5597 2935 5647; x_wconf 86' lang='lat' dir='ltr'><strong>terra</strong></span> <span class='ocrx_word' id='word_1_907' title='bbox 2955 5587 3287 5661; x_wconf 76' lang='lat' dir='ltr'><strong>captivitatis</strong></span> <span class='ocrx_word' id='word_1_908' title='bbox 3302 5579 3768 5645; x_wconf 63' lang='lat' dir='ltr'><strong>meaeontltebor</strong></span> 
     </span>
    </p>
   </div>
   <div class='ocr_carea' id='block_1_111' title="bbox 2174 5786 2802 5862">
    <p class='ocr_par' dir='ltr' id='par_1_111' title="bbox 2174 5786 2802 5862">
     <span class='ocr_line' id='line_1_111' title="bbox 2174 5786 2802 5862; baseline 0.011 -21"><span class='ocrx_word' id='word_1_909' title='bbox 2174 5786 2441 5862; x_wconf 65' lang='lat' dir='ltr'><strong>tibusejus</strong></span> <span class='ocrx_word' id='word_1_910' title='bbox 2468 5788 2633 5847; x_wconf 80' lang='lat' dir='ltr'><strong>tribus</strong></span> <span class='ocrx_word' id='word_1_911' title='bbox 2662 5791 2802 5862; x_wconf 77' lang='lat' dir='ltr'><strong>fecit.</strong></span> 
     </span>
    </p>
   </div>
   <div class='ocr_carea' id='block_1_112' title="bbox 2240 5859 3765 5939">
    <p class='ocr_par' dir='ltr' id='par_1_112' title="bbox 2240 5859 3765 5939">
     <span class='ocr_line' id='line_1_112' title="bbox 2240 5859 3765 5939; baseline 0.007 -22"><span class='ocrx_word' id='word_1_912' title='bbox 2240 5870 2267 5900; x_wconf 68' lang='grc' dir='ltr'><strong>ο</strong></span> <span class='ocrx_word' id='word_1_913' title='bbox 2301 5859 2401 5922; x_wconf 67' lang='lat' dir='ltr'><strong>ilic</strong></span> <span class='ocrx_word' id='word_1_914' title='bbox 2428 5875 2559 5922; x_wconf 80' lang='lat' dir='ltr'><strong>vero</strong></span> <span class='ocrx_word' id='word_1_915' title='bbox 2584 5859 2773 5923; x_wconf 79' lang='lat' dir='ltr'><strong>vocem</strong></span> <span class='ocrx_word' id='word_1_916' title='bbox 2796 5864 3013 5939; x_wconf 71' lang='lat' dir='ltr'><strong>omnia,</strong></span> <span class='ocrx_word' id='word_1_917' title='bbox 3056 5865 3207 5928; x_wconf 78' lang='lat' dir='ltr'><strong>idem</strong></span> <span class='ocrx_word' id='word_1_918' title='bbox 3239 5878 3343 5923; x_wconf 61' lang='lat' dir='ltr'><strong>me.</strong></span> <span class='ocrx_word' id='word_1_919' title='bbox 3372 5860 3765 5936; x_wconf 68' lang='lat' dir='ltr'><strong>pmterniittit.</strong></span> 
     </span>
    </p>
   </div>
  </div>
