4062 6356
166 320 241 380 87

1087 310 1454 371 ΡΒἈΕΕΛΤΙΟ
1494 308 1873 372 HIERONYMI
1910 310 1977 371 IN
2019 310 2278 371 LlBllUM
2317 310 2579 371 JUDlTll.

3408 312 3479 375 58

170 429 253 488 illi
290 445 304 487 :
337 428 601 500 quoniam
630 426 869 484 ostendit
913 425 1255 497 majestatem
1283 441 1437 483 suam
1478 426 1530 483 in
1561 434 1777 498 gentem
1809 424 1857 489 Α
1887 439 1980 482 sex
2012 440 2278 484 annorum
2311 428 2494 485 lumen
2525 427 2811 485 oculorum
2842 426 3055 499 amisit,
3085 432 3480 501 sexagenarius

170 524 564 594 peccatricem.
612 522 1008 581 Convertitniui
1059 524 1279 594 itaque,
1328 533 1673 593 peccatores,
1725 533 1782 581 et

170 616 340 671 tacite
360 615 638 686 justitiam
682 630 867 672 coram
911 616 1055 686 Deo,
1090 613 1381 673 credentes
1431 616 1576 688 quod
1622 617 1783 673 faciat

171 710 463 765 vobiscum
490 710 926 765 misericordiam
950 725 1128 767 suam.
1153 710 1264 783 Ego
1288 721 1490 779 autem,
1520 720 1575 768 et
1602 711 1783 769 anima

170 816 291 858 mea
321 802 378 858 in
414 810 440 838 δ
472 817 541 858 eo
572 803 899 859 lmtabimur.

243 894 572 951 Benedicite
619 894 914 953 Dominum
960 910 1153 957 omnes
1200 897 1360 956 electi
1410 899 1528 971 ejus
1578 917 1592 955 :
1642 900 1785 971 agite

176 985 289 1040 dies
338 984 577 1053 lmtitim,
624 997 681 1042 et
710 988 1046 1045 conﬁtemini
1096 989 1195 1045 illi.
1246 989 1551 1049 Jerusalem
1596 992 1785 1050 civitas

175 1078 268 1133 Dei
296 1077 348 1145 ι),
406 1079 696 1150 castigavit
747 1091 799 1139 te
844 1082 1104 1140 Dominus
1146 1084 1198 1140 in
1229 1086 1487 1155 operibus
1526 1103 1785 1145 manuum

176 1181 417 1225 tuarum.
450 1171 731 1228 Confitere
776 1173 1005 1231 Domino
1045 1175 1099 1230 in
1127 1176 1285 1232 bonis
1311 1179 1440 1247 tuis,
1474 1188 1529 1235 et
1558 1180 1787 1237 benedic

180 1262 345 1318 Deum
379 1264 735 1331 saeculorum,
770 1274 829 1320 ut
860 1267 1157 1323 retediﬁcet
1202 1268 1255 1324 in
1291 1276 1343 1325 te
1377 1271 1786 1328 tabernaculum

181 1371 359 1423 suum,
394 1368 453 1414 et
482 1368 710 1416 revocet
741 1360 809 1416 ad
839 1369 895 1418 te
925 1376 1118 1419 omnes
1158 1365 1425 1435 captivos,
1468 1375 1521 1423 et
1551 1367 1788 1438 gaudeas

189 1451 242 1505 in
271 1451 461 1506 omnia
506 1453 709 1509 saecula
740 1455 1086 1512 smculorum.
1120 1457 1268 1515 Luce
1295 1459 1579 1529 splendida
1615 1461 1789 1533 fulge-

184 1543 265 1597 bis
292 1560 308 1598 :
335 1552 393 1598 et
422 1558 618 1601 omnes
650 1546 784 1602 ﬁnes
814 1553 978 1603 terrae
1001 1547 1309 1607 adorabunt
1338 1563 1409 1609 te.
1440 1552 1701 1609 Nationes
1721 1570 1791 1610 ex

188 1636 488 1709 longinquo
513 1639 580 1695 ad
608 1648 661 1696 te
690 1643 937 1700 venient:
961 1651 1015 1698 et
1044 1658 1271 1701 munera
1296 1644 1628 1713 deterentes,
1661 1648 1791 1703 ado-

185 1730 384 1785 rabunt
426 1732 483 1788 in
520 1741 573 1789 te
613 1734 925 1801 Dominum,
961 1745 1016 1793 et
1048 1746 1247 1793 terram
1293 1747 1437 1795 tuam
1470 1741 1522 1795 in
1550 1742 1791 1797 sanctiﬁ-

1886 538 2019 578 vero
2046 524 2271 593 recepit.
2301 524 2589 595 Reliquum
2612 538 2745 580 vero
2774 523 2901 578 vitae
2926 538 3037 578 sum
3062 522 3113 577 in
3138 522 3335 591 gaudio
3357 523 3479 590 fuit,

1888 628 1940 673 et
1971 631 2095 672 cum
2128 617 2271 672 bono
2305 617 2557 687 profectu
2597 617 2808 672 timoris
2837 614 2933 671 Dei
2965 602 3207 686 perrexit
3235 616 3287 669 in
3320 628 3478 686 pace.

1962 712 2019 766 In
2054 710 2186 767 liora
2217 722 2395 767 autem
2428 712 2621 767 mortis
2661 726 2775 767 suae
2805 711 3016 768 vocavit
3053 709 3121 765 ad
3151 723 3211 765 se
3248 708 3479 764 Tobiam

1887 805 2065 860 ﬁlium
2092 819 2248 860 suum
2268 846 2283 871 ,
2329 814 2385 860 et
2411 815 2619 875 septem
2645 803 2874 875 juvenes
2917 804 3060 860 ﬁlios
3107 802 3227 873 ejus
3256 810 3485 874 nepotes

1886 911 2036 963 suos,
2063 896 2305 967 dixitque
2330 898 2409 953 eis
2447 915 2457 951 :
2491 896 2667 967 Prope
2688 896 2793 952 erit
2824 898 3076 951 interitus
3108 894 3343 952 Ninive‘:
3376 910 3484 952 non

1890 995 2032 1050 enim
2063 992 2268 1049 excidit
2293 994 2521 1049 verbum
2554 992 2767 1053 Domini
2799 1009 2813 1046 :
2846 1000 2900 1047 et
2926 992 3123 1048 fratres
3156 991 3348 1057 nostri,
3391 989 3486 1063 qui

1889 1085 2122 1157 dispersi
2172 1094 2361 1141 sunta
2415 1084 2789 1151 terralsrael,
2841 1092 3185 1140 revertentur
3222 1083 3289 1139 ad
3338 1096 3483 1140 eam.

1890 1181 2079 1236 Omnis
2108 1190 2290 1235 autem
2320 1179 2534 1235 deserta
2555 1192 2698 1235 terra
2725 1178 2844 1249 ejus
2868 1177 3186 1248 replebitur,
3214 1183 3269 1233 et
3289 1176 3487 1233 domus

1890 1272 2009 1342 Dei,
2040 1289 2159 1344 qua:
2191 1272 2245 1327 in
2278 1287 2340 1327 ca
2374 1270 2593 1327 incensa
2624 1281 2736 1335 est,
2784 1272 2978 1326 iterum
3012 1268 3437 1325 reazdiﬁcabitur
3468 1284 3484 1325 :

1891 1367 2072 1439 ibique
2098 1374 2443 1423 revertentur
2469 1377 2659 1420 omnes
2696 1364 2949 1419 timentes
2994 1362 3197 1430 Deum,
3236 1369 3291 1417 et
3320 1358 3487 1417 relin-

1891 1470 2062 1541 quent
2088 1470 2279 1530 gentes
2309 1458 2448 1514 idola
2479 1474 2576 1514 sua
2599 1500 2614 1525 ,
2649 1468 2702 1514 et
2732 1457 2949 1512 venient
2981 1457 3033 1511 in
3061 1454 3363 1512 JerUSalcm
3387 1494 3403 1521 ,
3435 1462 3492 1513 ει

1894 1554 2277 1609 inbabitabunt
2300 1554 2352 1608 in
2386 1568 2473 1622 ea,
2506 1561 2561 1609 et
2590 1551 2903 1623 gaudebunt
2932 1551 2983 1604 in
3013 1564 3073 1604 ea
3106 1563 3303 1603 omnes
3331 1560 3490 1618 reges

1896 1656 2075 1717 terrm,
2134 1647 2423 1702 adorantes
2475 1660 2656 1717 regem
2706 1643 2899 1700 Israel.
2954 1640 3154 1697 Audite
3200 1654 3351 1713 ergo,
3397 1638 3496 1694 ﬁlii

1897 1743 2026 1811 tnei,
2059 1750 2269 1815 patrem
2319 1750 2558 1797 vestrum
2594 1756 2607 1794 :
2638 1739 2847 1796 Servite
2890 1737 3118 1793 Domino
3150 1734 3205 1790 in
3234 1734 3488 1800 veritate,

189 1824 464 1881 cationem
495 1826 796 1883 habebunt.
844 1829 1053 1888 Nomen
1096 1834 1243 1891 enim
1276 1850 1528 1906 magnum
1569 1834 1793 1893 invoca-
1822 1820 1868 1885 Β
1899 1844 1955 1892 et
1982 1836 2238 1905 inquirite
2270 1844 2325 1888 ut
2350 1833 2561 1889 faciatis
2591 1848 2710 1901 quae
2744 1830 2936 1900 placita
2969 1839 3094 1883 sunt
3126 1827 3202 1883 illi
3236 1843 3250 1881 :
3285 1834 3341 1881 et
3368 1825 3497 1881 ﬁliis

194 1914 336 1972 bunt
362 1918 420 1973 in
446 1931 519 1974 te.
545 1919 823 1978 Maledicti
848 1934 1010 1979 erunt
1037 1926 1129 1995 qui
1153 1928 1586 1997 contempserint
1617 1938 1669 1985 te
1696 1945 1709 1983 :
1740 1937 1796 1986 et

194 2011 539 2066 condemnati
578 2024 743 2068 erunt
788 2030 981 2073 omnes
1022 2019 1113 2085 qui
1154 2018 1657 2087 blasphemaveriut
1698 2030 1793 2078 te:

190 2102 578 2176 benedictique
610 2117 771 2163 erunt
800 2108 891 2179 qui
938 2108 1326 2169 mdiﬁcavcrint
1378 2122 1452 2171 te.
1486 2114 1567 2171 Tu
1610 2127 1795 2175 autem

194 2195 463 2253 laetaberis
500 2199 553 2253 in
588 2200 718 2257 ﬁliis
758 2201 901 2272 tuis,
949 2205 1205 2275 quoniam
1237 2221 1426 2265 omnes
1470 2210 1797 2266 benedicen-

196 2297 299 2354 tur,
337 2299 394 2345 et
421 2294 908 2363 congregabuntur
946 2296 1014 2352 ad
1056 2297 1370 2356 Dominum.
1415 2301 1564 2358 Beati
1606 2318 1796 2360 omnes

197 2382 283 2451 qui
309 2382 549 2453 diligunt
571 2394 647 2451 te,
676 2397 730 2442 et
754 2386 846 2458 qui
870 2389 1107 2460 gaudent
1130 2406 1293 2462 super
1316 2408 1447 2463 pace
1469 2403 1579 2452 ttta.
1602 2396 1797 2453 Anima

198 2491 331 2541 mea,
368 2476 607 2533 benedic
651 2479 960 2550 Dominum,
994 2486 1250 2554 quoniam
1296 2486 1550 2544 liberavit
1578 2488 1801 2544 Jerusa-

192 2571 292 2626 lem
312 2573 591 2629 civitatem
624 2590 776 2631 suam
804 2588 828 2616 ο
849 2592 880 2632 a
907 2581 1117 2635 cunctis
1157 2580 1605 2637 tribulationibus
1636 2583 1796 2653 ejus,

192 2663 458 2721 Dominus
483 2667 623 2723 Deus
648 2678 859 2727 noster.
889 2670 1085 2727 Beatus
1109 2687 1230 2743 ero,
1260 2675 1305 2729 si
1333 2673 1532 2730 fuerint
1554 2675 1798 2748 reliquiae

198 2759 433 2814 seminis
485 2763 591 2817 mei
645 2760 714 2818 ad
761 2763 1049 2819 videndam
1111 2766 1417 2824 claritatem
1473 2768 1798 2825 Jerusalem.

194 2852 369 2908 Porus
396 2852 712 2912 Jerusalem
753 2872 821 2913 ex
853 2858 1114 2928 sapphiro
1140 2868 1198 2915 et
1240 2860 1531 2933 smaragdo
1560 2861 1800 2916 aediﬁca-

195 2944 433 3001 buntur:
469 2956 526 3002 et
558 2963 623 3004 ex
657 2948 840 3019 lapide
878 2952 1123 3021 pretioso
1166 2954 1344 3009 omnis
1384 2954 1646 3012 circuitus
1674 2972 1803 3021 mu-

200 3054 382 3094 rorum
432 3038 581 3110 ejus.
635 3042 711 3098 Ex
760 3043 941 3115 lapide
991 3046 1227 3103 candido
1264 3058 1321 3105 et
1362 3051 1568 3107 mundo
1611 3067 1805 3108 omnes

196 3134 389 3204 platea:
432 3137 553 3205 ejus
600 3147 959 3195 sternentur:
991 3150 1048 3197 et
1089 3158 1191 3212 per
1229 3145 1379 3200 vicos
1424 3144 1544 3215 ejus
1584 3147 1799 3203 alleluia

1899 1927 2096 1984 vestris
2127 1927 2383 1983 mandate
2412 1934 2469 1981 ut
2505 1924 2701 1980 faciant
2730 1921 2968 1994 justitias
2997 1929 3052 1976 et
3082 1920 3455 1989 eleemosynas
3477 1960 3493 1987 ,

1897 2030 1955 2081 ut
1986 2020 2098 2077 sint
2144 2034 2420 2076 memores
2470 2017 2568 2074 Dei
2615 2027 2669 2074 et
2720 2016 3048 2073 benedicant
3088 2030 3211 2071 eum
3247 2014 3300 2069 in
3347 2013 3495 2070 omni

1898 2127 2146 2186 tempore
2176 2117 2229 2170 in
2258 2113 2509 2181 veritate,
2546 2112 2678 2169 etin
2703 2122 2815 2167 tota
2856 2114 3059 2167 virtute
3081 2125 3199 2165 sua.
3228 2108 3386 2165 Nunc
3411 2123 3500 2165 er-

1896 2225 1984 2281 go,
2018 2210 2135 2273 ﬁlii,
2170 2208 2353 2263 audite
2393 2222 2500 2271 me,
2536 2216 2591 2261 et
2619 2206 2787 2261 nolite
2816 2220 3038 2259 manere
3070 2203 3186 2269 hic;
3221 2203 3317 2258 sed
3361 2217 3499 2274 qua-

1898 2317 2129 2374 cumque
2157 2302 2245 2358 die
2272 2283 2603 2373 sciit-lieritis
2634 2308 2862 2354 matrem
2893 2308 3127 2351 vestram
3158 2296 3303 2353 circa
3329 2310 3414 2349 me
3445 2294 3498 2349 in

1901 2414 2010 2457 uno
2068 2398 2348 2468 sepulcro,
2397 2410 2463 2452 ex
2516 2410 2583 2449 eo
2636 2393 2855 2464 dirigite
2903 2407 3129 2463 gressus
3180 2398 3390 2446 vestros
3446 2396 3504 2445 ut

1899 2494 2107 2549 exeatis
2138 2492 2267 2546 hinc
2298 2508 2310 2545 ε
2347 2489 2506 2545 video
2550 2488 2695 2544 enim
2736 2487 2857 2558 quia
2890 2484 3145 2556 iniquitas
3185 2482 3306 2555 ejus
3335 2481 3501 2537 ﬁnem

1905 2586 2057 2643 dabit
2078 2587 2148 2641 ei.

1974 2680 2202 2737 Factum
2234 2686 2318 2734 est
2338 2685 2517 2733 autem
2546 2684 2669 2747 post
2690 2674 2897 2731 obitum
2928 2671 3115 2729 matris
3135 2685 3272 2737 sua),
3302 2668 3503 2725 Tobias

1902 2773 2170 2829 abscessit
2200 2787 2265 2827 ex
2294 2770 2485 2826 Ninive
2513 2785 2635 2826 cum
2667 2781 2840 2823 uxore
2863 2781 2983 2829 sua,
3018 2774 3071 2820 et
3103 2764 3248 2829 ﬁliis,
3278 2772 3334 2819 et
3365 2763 3505 2817 lilio-

1904 2880 2022 2921 rutn
2052 2865 2196 2929 ﬁliis,
2221 2872 2277 2918 et
2299 2878 2551 2918 reversus
2575 2868 2661 2915 est
2682 2860 2745 2913 ad
2766 2872 2988 2915 soceros
3012 2870 3162 2912 suos.
3188 2852 3504 2925 Invenitque

1905 2976 2001 3017 eos
2032 2960 2333 3017 incolumes
2374 2959 2426 3013 in
2465 2964 2747 3013 senectute
2776 2955 2961 3011 bona:
2995 2964 3049 3009 et
3076 2967 3261 3009 curam
3302 2966 3496 3008 eorum

1905 3053 2093 3125 gessit,
2123 3063 2178 3108 et
2208 3053 2323 3122 ipse
2353 3050 2545 3106 clausit
2574 3049 2760 3106 oculos
2787 3062 2975 3102 eorum
3003 3063 3015 3100 :
3048 3055 3102 3101 et
3132 3059 3349 3100 ornnem
3379 3043 3492 3098 ba:-

1908 3147 2199 3203 reditatem
2234 3145 2428 3200 domus
2464 3142 2721 3214 Raguelis
2763 3142 2878 3212 ipse
2915 3138 3164 3211 percepit
3204 3154 3217 3191 :
3256 3135 3498 3206 viditque

196 3228 531 3285 cantabitur.
567 3230 899 3289 Benedictus
931 3209 1214 3305 Dominus,
1246 3237 1336 3309 qui
1376 3209 1800 3311 exaltaviteam,
1830 3209 1874 3274 Ο
1909 3240 2153 3313 quintam
2194 3209 2625 3310 generationem,
2669 3209 2809 3289 ﬁlios
2859 3209 3100 3288 ﬁliorum
3142 3245 3385 3287 suorum.
3432 3227 3501 3284 Et

194 3319 219 3355 ει
247 3328 303 3375 et
352 3321 431 3375 sit
483 3324 873 3398 regnum‘ejus
922 3326 976 3383 in
1024 3327 1224 3386 sazcula
1270 3330 1593 3389 saeculorum
1636 3348 1800 3406 super

194 3427 335 3468 eam.
380 3413 581 3472 Amen.

260 3506 423 3578 μέσῃ.
458 3508 628 3580 XlV.]
652 3510 717 3567 Et
740 3516 1103 3570 consummati
1132 3524 1259 3572 sunt
1284 3530 1566 3577 sermones
1590 3518 1799 3579 Tobiie.

194 3597 257 3652 Et
282 3610 577 3672 postquam
606 3603 941 3689 illuminatus
962 3616 1045 3662 est
1066 3607 1288 3680 Tobias,
1321 3611 1455 3668 vixit
1482 3614 1641 3672 annis
1671 3633 1805 3688 qua-

196 3693 451 3764 draginta
497 3694 729 3765 duobus,
784 3708 839 3755 et
885 3698 1022 3755 vidit
1079 3702 1218 3758 ﬁlius
1269 3713 1529 3774 nepotum
1558 3722 1804 3766 suorum.

195 3783 512 3857 Completis
539 3789 728 3861 itaque
758 3793 919 3848 annis
945 3803 1167 3850 centum
1199 3803 1223 3833 θ
1264 3796 1511 3869 duobus,
1562 3803 1810 3875 sepultus
1850 3850 1870 3869 ,

200 3889 289 3936 est
332 3879 635 3941 honoriﬁce
690 3883 745 3941 in
792 3884 1017 3944 N‘mive.‘
1043 3886 1444 3963 Quinquaginta
1491 3907 1725 3967 namque
1755 3908 1812 3957 et

1910 3332 2195 3403 completis
2218 3331 2376 3386 annis
2408 3327 2701 3399 nonaginta
2731 3342 2930 3383 novem
2956 3326 3010 3383 in
3041 3324 3237 3381 timore
3262 3320 3501 3388 Domini,

1911 3438 2033 3482 cum
2060 3420 2260 3495 gaudio
2282 3422 2616 3492 sepelierunt
2641 3434 2787 3477 eum.

1982 3517 2172 3575 Omnis
2201 3527 2381 3571 autem
2430 3512 2684 3585 cognatio
2728 3512 2877 3582 ejus,
2927 3518 2982 3566 et
3024 3507 3201 3565 omnis
3231 3502 3510 3581 generatio

1913 3611 2032 3682 ejus
2056 3612 2109 3667 in
2138 3610 2279 3666 bona
2302 3608 2434 3675 vita,
2465 3616 2520 3663 et
2542 3606 2594 3662 in
2618 3614 2802 3662 sancta
2825 3603 3243 3660 conversatione
3266 3616 3511 3672 perman-

1915 3708 2007 3771 sit,
2038 3705 2112 3759 ita
2141 3712 2199 3759 ut
2227 3700 2439 3772 accepti
2464 3706 2650 3755 essent
2682 3708 2789 3753 tam
2825 3698 2959 3765 Deo,
2990 3710 3151 3769 quam
3177 3693 3513 3762 hominibus,

1916 3807 1970 3856 et
1999 3794 2213 3854 eunetis
2242 3792 2611 3850 habitantibus
2643 3790 2698 3847 in
2732 3800 2898 3846 terra.

1546 4028 1772 4109 Explicit
1802 4037 1932 4095 liber
1961 4036 2159 4094 Tobiw.

263 4160 297 4190 ⁸
334 4158 487 4213 Idem
518 4174 623 4214 ms.
654 4160 711 4215 in
731 4160 842 4217 Deo
872 4162 1185 4219 lwtabimur.

204 4229 304 4358 et:
335 4230 469 4287 Plus
500 4230 842 4290 habetidem
863 4250 968 4292 ms.
1000 4237 1179 4294 civitas
1202 4237 1300 4295 Dei
1321 4239 1498 4313 magni
1519 4244 1813 4318 castigavit,

283 4385 305 4413 ε
327 4373 556 4462 ξοιίἀεὶ
576 4374 694 4433 lucc
724 4377 916 4462 verba,
947 4395 978 4432 α
1022 4381 1219 4462 cunctis
1249 4384 1668 4462 tribulationibus
1703 4390 1815 4462 ejus

213 4443 479 4519 Dominus
510 4446 650 4502 Deus
693 4443 1039 4519 noster,'quae
1083 4454 1246 4509 etiam
1293 4456 1485 4514 abesse
1517 4459 1637 4515 sine
1678 4443 1815 4515 rc'cti

212 4532 413 4600 sensus
445 4517 733 4600 dispendio
773 4517 1019 4600 possunt,
1079 4522 1256 4600 Palat:
1302 4543 1403 4583 ms.
1438 4530 1815 4600 praetermisit;

210 4591 387 4661 multo
412 4600 601 4645 autem
633 4592 785 4661 plura
823 4592 877 4648 itt
909 4590 1076 4650 Hebr.
1126 4606 1181 4653 et
1216 4596 1410 4658 Graeco
1440 4590 1687 4659 "testibus
1729 4590 1819 4659 hic

205 4659 308 4715 loci
343 4659 751 4719 desiderantur.
1000 4676 1001 4679 ‘

2047 4173 2202 4231 Idem
2233 4188 2333 4228 ms.
2370 4181 2428 4226 ut
2458 4171 2522 4227 sit
2553 4185 2768 4243 regnum
2788 4169 2935 4243 pejus,
2969 4175 3082 4225 tum
3113 4164 3305 4235 verba,
3330 4164 3389 4222 in
3417 4179 3515 4223 ιωε

1923 4247 2039 4304 culo
2071 4246 2407 4312 saeculorum,
2441 4260 2548 4301 non
2580 4242 2844 4313 agnoscit.

1999 4329 2021 4357 ε
2057 4320 2111 4374 ln
2161 4316 2352 4373 eodem
2398 4332 2502 4371 ms.
2552 4311 2754 4368 rentum
2804 4311 3116 4380 duodecim,
3169 4325 3271 4377 pro
3316 4318 3521 4365 centum

1923 4386 2126 4446 duobus
2176 4385 2668 4459 legitur;_etenim
2714 4382 2959 4459 nihil_de
3004 4381 3284 4454 sepultura
3332 4382 3521 4459 Tobias

1924 4464 2147 4519 tradunt
2177 4453 2293 4516 sive
2344 4457 2631 4524 Hebraeus,
2687 4453 2805 4514 sive
2854 4453 3080 4513 Graccus
3122 4453 3521 4524 textustquin

1926 4535 2104 4604 potius
2131 4532 2475 4604 istetantum
2522 4522 2807 4603 nonaginta
2845 4543 2941 4584 sca:
2968 4541 3141 4585 annos
3177 4526 3305 4585 vita:
3333 4522 3525 4583 Tobiae

1925 4603 2141 4664 videtur
2172 4603 2435 4661 tribuere.
3088 4626 3089 4631 η

1842 4665 1898 4726 D

482 4918 1103 5010 PR/EFATIO
1178 4927 1860 5033 HIERONYMI
1932 4928 2061 5014 IN
2130 4924 2590 5013 LIBRUM
2660 4927 2700 4978 α
2751 4920 3225 5010 JUDITH.

203 5220 231 5287 ε
275 5218 447 5291 Apud
473 5219 731 5280 Hebraeos
761 5221 899 5281 liber
920 5222 1107 5283 Juditlt
1154 5227 1299 5285 inter
1327 5226 1355 5268 δ
1387 5229 1693 5303 apocrypha
1724 5229 1804 5288 le-

284 5390 316 5421 ι
351 5383 510 5461 Hune
538 5398 768 5461 quoque
806 5386 1007 5443 librum
1055 5401 1175 5445 cum
1218 5388 1449 5461 prologo
1492 5391 1557 5445 ad
1604 5392 1826 5449 eosdem

214 5458 644 5531 recognovimus
670 5458 893 5515 codices
936 5476 1069 5515 mss.
1124 5458 1403 5517 Vat'icanze“
1432 5462 1785 5520 bibliothecae
1810 5505 1827 5531 ,

218 5528 453 5582 alterum
488 5529 803 5605 Palatinum
852 5548 1000 5586 num.
1034 5533 1105 5587 2i
1132 5576 1145 5596 ,
1186 5534 1414 5605 alterum
1451 5537 1649 5605 regium
1692 5528 1830 5592 Sne;

219 5612 443 5674 corum,
480 5616 650 5674 num.
690 5604 745 5665 7,
790 5618 924 5671 quos
957 5604 1009 5656 in
1040 5607 1339 5674 superioris
1369 5604 1553 5661 Tubize
1585 5607 1705 5661 libri
1742 5624 1829 5661 re-

220 5671 890 5743 censionelaudavimus.
940 5671 1285 5732 Martiana‘us
1324 5678 1517 5743 nullis,
1566 5686 1708 5734 utet
1736 5679 1833 5734 illo

229 5741 557 5797 excudendo
584 5744 791 5799 fecerat
813 5784 828 5807 ,
860 5761 993 5799 mss.
1026 5756 1111 5800 est
1141 5763 1289 5803 usus.

303 5811 330 5850 ιι
366 5812 511 5868 Idem
538 5829 641 5868 ms.
674 5814 973 5871 Bibliorum
1001 5816 1170 5873 codex
1201 5818 1464 5873 Cartusize
1496 5818 1833 5875 Villia-Nova:

238 5893 406 5942 secus
436 5885 803 5956 Aveniouem,
837 5899 999 5961 supra
1020 5888 1131 5961 jam
1164 5888 1410 5947 laudatus
1433 5891 1752 5963 prmlatione
1781 5894 1832 5950 in

1913 5226 2060 5303 gitur
2102 5247 2114 5285 :
2157 5228 2314 5303 cujus
2356 5224 2650 5284 auctoritas
2689 5224 2756 5281 ad
2818 5217 3121 5280 roboranda
3169 5220 3262 5279 illa
3301 5236 3421 5296 quae
3470 5212 3525 5278 in
3602 5240 3609 5253 ι

1938 5391 2138 5447 librum
2170 5390 2379 5451 Tollite,
2414 5395 2728 5444 constanter
2753 5384 2879 5457 legit
2913 5386 3242 5457 apocrypha,
3281 5400 3388 5443 non
3432 5381 3535 5441 liae.

1938 5461 2251 5536 giograplm,
2284 5470 2342 5515 ut
2370 5460 2568 5515 habent
2594 5457 2724 5513 editi
2760 5455 2903 5523 libri,
2932 5455 3152 5536 ἐξίῃ-ξε.
3181 5456 3292 5513 fere
3313 5472 3526 5536 omnes.

1939 5525 2247 5600 Exeinplar'
2284 5548 2413 5586 vero
2465 5547 2573 5584 ms.
2629 5543 2909 5600 sacrorum
2960 5527 3256 5583 Bibliorum
3312 5527 3529 5599 collegii

1939 5599 2340 5660 Avenionensis
2370 5620 2400 5657 e
2431 5601 2687 5656 societate
2712 5599 2867 5667 Jesu,
2901 5601 2991 5670 qui
3022 5600 3072 5654 in
3107 5600 3333 5669 prologo
3363 5614 3529 5669 supe-

1939 5678 2071 5732 riori
2116 5677 2464 5745 depravatam
2506 5673 2792 5727 lectionem
2824 5670 3180 5743 hagiographa
3225 5672 3527 5745 retinebat,

1943 5765 2133 5814 puram
2167 5740 2268 5801 lioc
2298 5746 2419 5800 loco
2446 5758 2508 5799 ac
2538 5745 2827 5815 genuinam
2861 5740 3234 5815 rgepra’sentat,
3268 5740 3529 5815 eantsci-

1942 5813 2087 5887 liret,
2120 5834 2285 5888 qttant
2333 5831 2431 5871 nos
2457 5813 2793 5888 restituintus
2827 5813 2892 5868 ad
2932 5813 3089 5888 ﬁdem
3120 5813 3349 5888 dllt'l‘uiﬂ
3396 5813 3531 5888 istg-

1945 5880 2085 5949 rum'
2111 5880 2246 5947 mss.
2280 5887 2529 5947 codicum
2562 5905 2574 5943 :
2609 5886 2726 5943 lultl
2765 5884 3068 5957 praesertim
3110 5884 3430 5943 auctoritate
3465 5880 3525 5941 8.
