4062 6356
169 356 232 419 tt
1602 355 1803 415 LIBER
1843 352 2105 415 manu.
3412 356 3481 418 2,2

172 492 3461 522 om

1621 636 2060 724 INCIPIT

1084 819 1679 968 LIBER
1773 820 2555 967 JUDITH.

239 1160 395 1234 [Cap.
430 1159 499 1234 1.]
531 1160 829 1233 Arpbaxad
861 1160 1046 1235 itaque
1074 1175 1175 1220 rex
1204 1162 1484 1221 Medorum
1517 1164 1778 1237 subjuga-
1804 1166 1858 1229 Α
1883 1162 1980 1221 ulli
2010 1179 2178 1237 regno
2202 1209 2217 1236 ,
2251 1179 2579 1237 omnemque
2617 1166 2809 1224 urbem
2856 1168 3119 1227 munitam
3159 1173 3473 1247 subjugabis

174 1263 321 1310 verat
349 1253 563 1311 multas
589 1264 782 1326 gentes
817 1254 1048 1325 imperio
1076 1270 1179 1313 suo
1204 1297 1220 1320 ,
1257 1264 1314 1312 et
1340 1258 1458 1327 ipse
1494 1256 1780 1313 aediﬁcavit

176 1348 447 1404 civitatem
469 1349 935 1420 potentissimam,
954 1362 1122 1421 quam
1145 1350 1446 1420 appellavit
1465 1349 1773 1417 Ecbatanis,

176 1455 238 1497 ex
265 1440 546 1511 lapidibus
572 1440 851 1513 quadratis
881 1449 939 1498 et
967 1442 1135 1498 sectis
1160 1458 1174 1495 :
1197 1441 1330 1497 fecit
1358 1457 1545 1497 muros
1575 1441 1693 1511 ejus
1721 1441 1779 1497 in

178 1542 203 1569 ι
233 1533 582 1590 latitudinem
614 1534 925 1589 cubitorum
953 1533 1300 1605 septuaginta
1327 1574 1342 1601 ,
1372 1543 1428 1590 et
1456 1534 1513 1589 in
1539 1533 1782 1590 altitudi-

178 1642 298 1682 nem
337 1627 648 1683 cubitorum
695 1626 956 1698 triginta,
994 1636 1174 1683 turres
1203 1642 1338 1683 vero
1366 1626 1484 1697 ejus
1515 1627 1697 1698 posuit
1724 1626 1779 1682 in

179 1719 520 1775 altitudinem
561 1718 875 1774 cubitorum
926 1729 1168 1776 centum.
1216 1718 1327 1775 Per
1358 1718 1624 1790 quadrum
1650 1732 1780 1775 vero

176 1826 363 1869 carum
392 1852 410 1877 ,
454 1812 593 1867 latus
640 1820 942 1882 utrumque
985 1813 1305 1868 vicenorum
1355 1812 1554 1883 pedum
1602 1814 1780 1882 Spatio

178 1902 510 1959 tendebatur
536 1902 640 1974 [AL
677 1900 1017 1974 tenebatur],
1047 1905 1333 1974 posuitque
1362 1915 1551 1974 portas
1579 1905 1697 1974 ejus
1726 1906 1778 1959 in

184 1994 526 2050 altitudinem
557 1995 790 2050 turrium
827 2013 839 2049 :
872 2004 928 2051 et
955 1996 1291 2066 gloriabatur
1317 1996 1472 2067 quasi
1502 2006 1697 2067 potens
1724 1996 1779 2053 in

179 2089 418 2159 potentia
467 2089 744 2146 exercitus
789 2091 918 2159 sui,
967 2098 1023 2147 et
1066 2090 1121 2146 in
1171 2091 1342 2162 gloria
1392 2091 1777 2163 quadrigarum

180 2196 422 2237 suarum.
1075 2198 1099 2235 2?

245 2277 405 2331 Anno
428 2274 597 2346 igitur
613 2275 939 2333 duodecimo
963 2276 1114 2348 regni
1135 2277 1241 2345 sui,
1280 2274 1780 2335 Nabuchodonosor

183 2381 266 2423 rex
292 2368 679 2439 Assyriorum,
704 2370 796 2440 qui
825 2370 1090 2440 regnabat
1117 2370 1169 2425 in
1195 2369 1392 2426 Ninive
1418 2371 1639 2427 civitate
1664 2385 1782 2426 ma-

185 2474 306 2529 gna,
336 2462 605 2530 pugnavit
635 2471 828 2516 contra
857 2460 1184 2532 Arphaxad,
1214 2470 1274 2517 et
1299 2461 1536 2518 obtinuit
1563 2477 1687 2518 eum
1720 2462 1776 2518 in

1883 1258 2038 1315 mihi.

1954 1350 2107 1407 Tunc
2152 1351 2473 1411 Holofernes
2513 1356 2729 1411 vocavit
2771 1355 2977 1426 duces,
3026 1366 3081 1413 ct
3129 1360 3477 1431 magistratus

1882 1444 2100 1499 virtutis
2117 1445 2463 1515 Assyriorum
2509 1463 2524 1503 :
2566 1456 2620 1503 ct
2649 1450 3019 1505 dinumeravit
3048 1452 3196 1507 viros
3226 1453 3281 1507 in
3312 1471 3481 1526 expe-

1881 1536 2169 1601 ditionem,
2196 1537 2338 1592 sicut
2361 1541 2617 1610 praecepit
2637 1543 2684 1595 ei
2714 1557 2831 1606 rex,
2858 1552 3075 1597 centum
3098 1545 3288 1615 viginti
3310 1547 3479 1602 millia

1882 1629 2126 1700 peditum
2145 1638 2524 1702 pugnatorum,
2552 1641 2605 1688 et
2625 1643 2648 1670 θ
2667 1633 2908 1705 equitum
2927 1638 3333 1706 sagittariorum
3352 1640 3483 1697 duo-

1882 1722 2058 1780 decim
2102 1722 2291 1779 millia.
2341 1723 2679 1795 Omnemque
2720 1728 3116 1796 expeditionem
3162 1743 3315 1785 suam
3349 1733 3481 1787 fecit

1882 1816 2079 1887 prmire
2110 1816 2163 1872 in
2194 1817 2546 1873 multitudine
2581 1818 3057 1875 innumerabilium
3095 1824 3432 1880 camelorum
3460 1867 3476 1892 ,

1881 1921 2006 1964 cum
2030 1908 2112 1963 his
2134 1910 2223 1978 qui
2251 1908 2357 1980 [AL
2377 1908 2518 1981 quae]
2543 1910 2876 1967 exercitibus
2899 1912 3213 1969 sufﬁcerent
3237 1916 3478 1984 cupiose,

1880 1998 2044 2055 boum
2088 2013 2303 2070 quoque
2356 2009 2599 2056 armenta
2644 2016 2947 2074 gregesque
2980 2006 3197 2074 ovium,
3252 2023 3483 2076 quorum

1882 2105 1991 2147 non
2023 2098 2142 2146 erat
2171 2106 2455 2148 numerus.
2490 2092 2849 2149 Frumentum
2909 2110 2977 2151 ex
3011 2098 3161 2151 omni
3210 2098 3366 2170 Syria
3424 2102 3482 2158 in

1880 2184 2114 2238 transitu
2142 2198 2241 2239 suo
2262 2184 2442 2254 parari
2470 2185 2772 2240 constituit.
2804 2190 3009 2241 Aurum
3037 2203 3166 2245 vero
3199 2196 3257 2245 et
3286 2206 3481 2263 argen-

1881 2283 2021 2342 tum,
2055 2275 2125 2332 de
2163 2275 2330 2332 domo
2355 2277 2500 2347 regis
2544 2279 2845 2349 assumpsit
2894 2282 3124 2337 multum
3174 2284 3358 2341 nimis.
3414 2287 3487 2343 Et

1881 2368 2158 2441 profectus
2184 2380 2268 2426 est
2299 2373 2438 2441 ipse,
2462 2380 2516 2426 et
2543 2372 2725 2428 omnis
2748 2374 3030 2430 exercitus
3052 2415 3068 2443 ,
3103 2390 3227 2432 cum
3261 2379 3484 2449 quadri—

1881 2464 1983 2534 gis,
2018 2473 2074 2520 et
2101 2465 2377 2536 equitibus
2407 2506 2425 2533 ,
2477 2475 2532 2521 et
2582 2467 2881 2538 sagittariis
2929 2468 3023 2539 qui
3076 2484 3480 2541 cooperuerunt

182 2570 367 2626 campo
394 2570 622 2626 magno,
650 2556 744 2625 qui
774 2554 1084 2626 appellatur
1109 2554 1295 2627 Ragau
1316 2598 1330 2623 ,
1359 2557 1507 2613 circa
1532 2557 1777 2629 Euphra-
1806 2549 1855 2611 B
1881 2553 2079 2612 faciem
2109 2565 2269 2612 terra}
2293 2598 2307 2623 ,
2350 2558 2489 2612 sicut
2517 2556 2764 2613 locustae.
2794 2561 3037 2631 Cumque
3083 2564 3481 2632 pertransisset

183 2655 289 2714 ten,
320 2656 381 2702 et
399 2646 609 2717 Tigrin,
636 2655 694 2703 et
718 2644 748 2685 ι’
778 2646 1014 2703 Jadason
1035 2687 1051 2715 ,
1083 2646 1138 2702 in
1170 2662 1363 2719 campo
1400 2648 1604 2704 Erioch
1630 2651 1775 2719 regis

180 2739 481 2796 Elicorum.
511 2740 661 2795 Tunc
694 2739 991 2795 exaltatum
1036 2747 1119 2796 est
1162 2754 1389 2812 regnum
1416 2738 1775 2796 Nabuchodo-

187 2846 365 2899 nosor,
395 2840 453 2887 et
480 2846 579 2887 cor
608 2832 730 2902 ejus
776 2831 1047 2887 elevatum
1079 2832 1194 2899 est,
1226 2840 1282 2887 et
1312 2831 1460 2887 misit
1488 2831 1555 2886 ad
1587 2846 1775 2888 omnes

180 2927 266 2995 qui
297 2924 615 2980 habitabant
643 2925 697 2980 in
724 2923 934 2995 Cilicia,
966 2933 1024 2981 et
1051 2924 1340 2994 Damasco,
1371 2933 1429 2981 et
1459 2924 1688 2994 Libano,
1720 2934 1777 2982 et

183 3016 243 3071 ad
262 3026 473 3087 gentes,
506 3032 634 3087 qua:
662 3026 788 3072 sunt
818 3017 873 3073 in
897 3016 1191 3085 Carmelio,
1225 3028 1282 3072 et
1307 3014 1506 3084 Cedar,
1535 3025 1590 3073 et
1620 3017 1775 3073 inha-

183 3108 406 3164 bitantes
437 3108 724 3165 Galilaeam
755 3108 813 3163 in
846 3122 1039 3177 campo
1066 3122 1266 3179 magno
1294 3106 1590 3174 Esdrelon,
1623 3118 1679 3165 et
1707 3109 1774 3164 ad

182 3214 360 3256 omnes
388 3200 487 3271 qui
517 3208 679 3256 erant
711 3200 764 3255 in
791 3199 1057 3267 Samaria,
1089 3208 1141 3255 et
1174 3208 1325 3255 trans
1351 3199 1555 3255 ﬂumen
1583 3198 1776 3255 Jorda-

182 3308 296 3348 nem
321 3309 505 3363 usque
536 3292 602 3348 ad
633 3291 939 3349 Jerusalem
967 3332 984 3356 ,
1015 3301 1073 3349 et
1098 3307 1317 3348 omnem
1356 3302 1556 3348 terram
1584 3292 1736 3349 Jesse
1757 3334 1773 3359 ,

179 3400 456 3456 quousque
500 3385 858 3455 perveniatur
888 3383 955 3440 ad
984 3394 1007 3424 ο
1040 3385 1309 3440 terminos
1336 3382 1656 3454 Ethiopian.
1690 3384 1776 3440 Ad

180 3476 271 3532 hos
297 3490 493 3532 omnes
522 3475 673 3531 misit
697 3474 920 3531 nuntios
948 3474 1455 3530 Nabuchodonosor
1482 3489 1580 3531 rex
1606 3476 1776 3545 Assy-

180 3568 375 3624 riorum
412 3586 429 3625 ;
462 3568 561 3640 qui
593 3582 787 3624 omnes
824 3581 933 3623 uno
964 3567 1147 3623 animo
1190 3567 1680 3635 contradixerunt,
1721 3576 1779 3624 et

179 3665 504 3719 remiserunt
533 3676 630 3719 eos
654 3677 856 3718 vacuos
879 3703 896 3730 ,
940 3670 996 3717 et
1035 3662 1155 3718 sine
1186 3661 1395 3719 honore
1436 3662 1771 3734 abjecerunt.

178 3755 329 3811 Tunc
389 3755 701 3837 indignatus
769 3754 1279 3811 Nabuchodonosor
1346 3770 1443 3812 rex
1513 3756 1776 3812 adversus

174 3864 399 3906 omnem
448 3860 650 3905 terram
679 3849 826 3905 illam
853 3890 870 3918 ,
911 3849 1117 3920 juravit
1158 3865 1256 3921 per
1300 3849 1553 3906 thronum
1591 3860 1646 3905 et
1682 3864 1775 3905 re-

1880 2647 2019 2703 tines
2042 2648 2421 2723 Assyriorum,
2453 2650 2603 2704 venit
2631 2650 2699 2705 ad
2754 2666 2986 2721 magnos
3038 2663 3256 2710 montes
3304 2656 3481 2726 Auge,

1878 2739 1973 2809 qui
2001 2740 2428 2795 suntasinistro
2457 2731 2679 2809 Ciliciae,
2732 2742 3085 2814 ascenditque
3139 2747 3327 2801 omnia
3379 2762 3480 2802 ca-

1880 2832 2035 2888 stella
2059 2846 2273 2899 eorum,
2306 2842 2360 2887 et
2398 2832 2631 2888 obtinuit
2675 2848 2891 2889 omnem
2938 2836 3324 2892 munitionem.
3383 2838 3481 2893 Ef-

1878 2922 2043 2997 fregit
2077 2932 2257 2981 autem
2287 2924 2558 2980 civitatem
2592 2926 3027 2995 opinatissimam
3063 2926 3311 2996 Melothi,
3345 2944 3484 2999 prac-

1879 3014 2145 3087 davitque
2166 3030 2359 3073 omnes
2388 3015 2530 3072 filios
2559 3015 2811 3085 Tharsis,
2847 3026 2902 3073 et
2930 3017 3076 3073 ﬁlios
3112 3019 3312 3075 lsmael
3370 3020 3481 3092 [ΑΙ.

1880 3105 2121 3182 Israel],
2168 3108 2259 3179 qui
2296 3117 2451 3164 erant
2500 3117 2690 3164 contra
2744 3107 2937 3164 faciem
2978 3096 3232 3177 deserti,
3281 3119 3339 3167 et
3368 3109 3389 3150 ί
3416 3112 3488 3167 ad

1880 3206 2128 3255 austrum
2162 3209 2324 3254 terrae
2352 3198 2566 3255 Cellon.
2598 3199 2667 3258 Et
2707 3198 2960 3254 transivit
3001 3200 3331 3270 Euphratem
3358 3242 3375 3267 ,
3429 3209 3486 3258 et

1878 3289 2033 3347 venit
2058 3290 2113 3347 in
2163 3289 2652 3363 Mesopotamiam:
2687 3299 2745 3347 et
2788 3290 2952 3362 fregit
3006 3305 3197 3348 omnes
3236 3293 3485 3348 civitates
3560 3340 3573 3355 ,

1879 3383 2154 3452 excelsas,
2175 3398 2297 3455 quae
2322 3390 2477 3439 erant
2527 3381 2623 3450 ibi,
2655 3397 2685 3437 a
2710 3390 2955 3439 torrente
2986 3382 3227 3440 Mambre
3282 3399 3484 3455 usque-

1880 3491 1991 3548 quo
2041 3477 2399 3547 perveniatur
2444 3475 2511 3531 ad
2555 3490 2709 3532 mare
2742 3493 2755 3530 :
2788 3484 2843 3533 et
2872 3476 3161 3546 occupavit
3217 3479 3481 3534 terminos

1881 3570 2023 3641 ejus,
2058 3586 2088 3625 a
2112 3568 2299 3627 Cilicia
2325 3586 2498 3641 usque
2521 3569 2590 3625 ad
2632 3569 2769 3626 ﬁnes
2809 3568 3074 3640 Japheth,
3101 3571 3191 3642 qui
3239 3580 3366 3628 sunt
3412 3572 3485 3628 ad

1878 3673 2143 3717 austrum.
2187 3662 2541 3732 Abduxitque
2574 3677 2765 3717 omnes
2795 3659 2943 3717 filios
2976 3662 3210 3732 Madian,
3240 3674 3295 3719 et
3338 3678 3480 3734 prm-

1879 3752 2029 3808 davit
2068 3767 2287 3809 omnem
2346 3754 2830 3823 locupletationem
2887 3768 3125 3821 eorum,
3182 3769 3486 3825 omnesque

1880 3843 2200 3899 resistentes
2226 3842 2332 3898 sibi
2351 3842 2552 3897 occidit
2572 3842 2625 3896 in
2648 3855 2742 3897 ore
2774 3841 2959 3912 gladii.
2994 3841 3063 3896 Et
3090 3851 3215 3913 post
3246 3844 3362 3901 haec
3388 3844 3484 3903 de-

175 3960 333 4015 gnum
390 3960 550 4000 suum
574 3986 587 4011 ,
638 3943 785 4017 quod
811 3942 1134 4000 defenderet
1165 3958 1225 4000 se
1255 3943 1323 4001 de
1349 3943 1602 4001 omnibus
1628 3943 1773 4015 dore-
1802 3926 1849 3991 C
1881 3934 2099 3992 scendit
2126 3934 2180 3991 in
2203 3948 2424 4007 campos
2452 3934 2699 3989 Damasci
2729 3934 2785 3989 in
2808 3934 3000 3989 diebus
3024 3935 3244 4001 messis,
3277 3944 3331 3991 et
3353 3950 3478 3992 suc-

178 4038 428 4108 gionibus
460 4038 575 4093 his.

243 4129 402 4201 [Cap.
451 4129 546 4201 ιι]
594 4129 756 4188 Anno
801 4131 963 4188 tertio
1009 4130 1221 4187 decimo
1270 4129 1776 4188 Nabuchodonosor

174 4222 339 4292 regis,
372 4221 642 4277 vicesima
667 4232 722 4277 et
750 4222 994 4279 secunda
1017 4222 1108 4278 die
1132 4223 1337 4279 mensis
1366 4224 1548 4294 primi,
1574 4223 1775 4280 factum

174 4324 257 4370 est
284 4315 523 4371 verbum
552 4315 609 4370 in
635 4314 799 4372 domo
829 4315 1335 4372 Nabuchodonosor
1355 4318 1500 4387 regis
1523 4315 1777 4388 Assyrio-

174 4425 290 4464 rum
321 4418 386 4465 ut
412 4408 742 4465 defenderet
784 4424 867 4465 se.
914 4409 1247 4481 Vocavitque
1298 4424 1491 4466 omnes
1537 4411 1779 4480 majores

176 4513 297 4558 natu
321 4545 339 4570 ,
376 4517 682 4573 omnesque
708 4502 876 4559 duces
903 4511 959 4558 et
986 4502 1285 4558 bellatores
1323 4516 1474 4569 suos,
1504 4510 1560 4557 et
1591 4502 1780 4557 habuit

174 4609 293 4651 eum
319 4596 407 4651 eis
440 4595 766 4665 mysterium
796 4594 1013 4652 consilii
1055 4595 1163 4651 sui.
1206 4596 1460 4667 Dixitque
1489 4596 1778 4667 cogitatio-

174 4703 298 4744 nem
324 4702 487 4744 suam
522 4688 578 4744 in
598 4702 665 4744 eo
691 4702 847 4758 esse,
880 4697 939 4743 ut
969 4703 1186 4744 omnem
1228 4696 1427 4744 terram
1460 4702 1562 4745 suo
1591 4690 1781 4759 subju-

173 4791 325 4852 garet
347 4780 610 4851 imperio.
634 4779 788 4847 Quod
809 4781 1018 4837 dictum
1035 4796 1158 4837 cum
1180 4780 1478 4852 placuisset
1496 4781 1776 4849 omnibus,

172 4874 393 4929 vocavit
417 4870 927 4927 Nabuchodonosor
945 4887 1040 4929 rex
1072 4871 1425 4929 Holofernem
1470 4871 1775 4943 principem

172 4964 388 5019 militia:
416 4979 570 5031 sure,
610 4972 667 5019 et
694 4962 832 5018 dixit
861 4964 954 5019 ei:
988 4963 1266 5035 Egredere
1308 4964 1573 5020 adversus
1619 4979 1781 5021 omne

170 5072 406 5128 regnum
426 5055 763 5127 Occidentis,
792 5065 847 5114 et
872 5065 1063 5113 contra
1085 5073 1178 5114 eos
1208 5058 1506 5129 praecipue,
1534 5057 1626 5129 qui
1649 5072 1780 5114 con-

172 5158 528 5224 tempserunt
554 5152 844 5223 imperium
870 5150 1072 5209 meum.
1095 5151 1215 5209 Non
1239 5159 1423 5223 parcet
1443 5152 1633 5209 oculus
1657 5161 1779 5209 tuus

1880 4028 2066 4087 cendit
2087 4028 2272 4085 omnia
2300 4037 2438 4094 sata,
2463 4041 2765 4099 omnesque
2791 4026 3021 4083 arbores
3047 4034 3104 4082 et
3134 4025 3322 4082 vineas
3350 4027 3482 4084 fecit

1882 4132 1913 4171 8
1943 4121 2145 4178 incidi:
2169 4130 2229 4177 et
2250 4120 2452 4178 cecidit
2478 4120 2645 4176 timor
2667 4119 2811 4175 illius
2837 4133 3002 4191 super
3030 4133 3223 4175 omnes
3263 4117 3479 4176 inhabi-

1880 4226 2065 4274 tantes
2105 4225 2329 4273 terram.

1957 4309 2112 4383 [Cap.
2142 4307 2258 4380 lll.]
2280 4308 2434 4364 Tunc
2464 4306 2736 4363 miserunt
2763 4306 2971 4379 legatos
3008 4320 3167 4374 suos,
3203 4306 3488 4364 universa-

1885 4419 2007 4460 rum
2031 4402 2246 4458 urbium
2280 4417 2345 4456 ac
2378 4400 2783 4469 provinciarum
2838 4414 2995 4471 reges
3039 4414 3104 4454 ac
3155 4400 3434 4471 principes
3468 4442 3485 4468 ,

1888 4498 2065 4570 Syria:
2123 4496 2337 4552 scilicet
2364 4493 2768 4564 Mesopotamia:
2794 4531 2811 4560 ,
2844 4501 2899 4549 et
2931 4491 3107 4563 Syria:
3158 4491 3325 4548 Sobal
3375 4492 3485 4564 [Αι.

1887 4591 2063 4663 Syriis
2102 4588 2316 4659 Sobal],
2345 4596 2400 4643 et
2432 4586 2621 4657 Libya;
2652 4593 2816 4655 atque
2862 4584 3104 4651 Ciliciae,
3141 4584 3233 4655 qui
3261 4584 3491 4641 venien-

1891 4691 1976 4739 tes
2017 4680 2086 4737 ad
2117 4679 2545 4750 Holophernem,
2580 4677 2838 4732 dixerunt
2868 4694 2883 4728 ς
2915 4675 3141 4732 Desinat
3176 4675 3483 4748 indignatio

1892 4781 1984 4828 tua
2014 4771 2159 4828 circa
2182 4783 2283 4826 nos
2309 4784 2325 4827 :
2354 4769 2551 4824 melius
2582 4774 2673 4824 est
2699 4769 2846 4824 enim
2880 4776 2939 4823 ut
2981 4767 3228 4825 viventes
3282 4769 3487 4825 servia~

1887 4881 2012 4923 mus
2033 4864 2539 4923 Nabuchodonosor
2570 4865 2683 4935 regi
2718 4879 2949 4936 magno,
2981 4872 3037 4921 et
3067 4864 3270 4922 subditi
3318 4866 3489 4921 simus

1888 4959 2008 5028 tibi,
2035 4971 2200 5030 quam
2230 4957 2528 5013 morientes
2552 4970 2674 5011 cum
2705 4955 2933 5013 interitu
2962 4964 3153 5012 nostro
3184 4957 3289 5027 ipsi
3318 4958 3492 5013 servi-

1887 5052 2023 5109 tutis
2042 5061 2245 5109 nostrtc
2270 5050 2469 5107 damna
2497 5049 2787 5122 patiamur.
2821 5049 3011 5106 Omnis
3041 5049 3241 5106 civitas
3277 5058 3491 5122 nostra,

1891 5146 2180 5219 omnisque
2216 5146 2518 5219 possessio,
2561 5158 2755 5203 omnes
2780 5152 3035 5212 montes,
3086 5151 3143 5201 et
3189 5143 3392 5215 colles,
3436 5156 3493 5205 et

182 5360 189 5363 “
250 5367 278 5396 ι
307 5357 417 5414 Hic
441 5355 771 5412 altitudinem
798 5368 905 5427 pro
934 5353 1254 5423 latitudine,
1293 5359 1349 5411 et
1380 5367 1510 5427 mox
1542 5351 1783 5427 vicissim
1811 5349 1865 5412 D
1894 5357 2108 5427 terram.

181 5430 519 5484 latitudinem
539 5444 638 5498 pro
663 5424 948 5483 altitudine
972 5427 1195 5497 Regina
1220 5439 1323 5481 ms.
1346 5424 1590 5498 praefert.
1616 5426 1786 5481 Paulo

181 5509 303 5570 post
329 5497 840 5570 vitiose’legebatur
865 5498 1174 5570 vicinorum,
1206 5510 1320 5570 prg
1337 5497 1659 5570 uicenorum.

248 5568 279 5609 δ
310 5570 423 5626 Pro
451 5565 692 5623 Jadas'on
722 5569 851 5641 legit
881 5568 1107 5641 Regina:
1139 5565 1245 5624 ms.
1277 5565 1520 5641 Ydasan.

254 5652 278 5680 ε
311 5640 598 5695 Palatinus
626 5654 754 5709 ms.,
785 5638 851 5693 ὰά
881 5638 1104 5705 montes,
1143 5653 1245 5709 pro
1273 5639 1341 5692 ad
1374 5638 1644 5709 terminos.

250 5709 277 5748 ἀ
306 5711 499 5767 Nostri
527 5726 658 5766 mss.
690 5708 805 5780 pari
836 5726 1107 5766 consensu
1138 5708 1158 5779 ,ί
1184 5710 1248 5764 de
1280 5708 1515 5764 omnibus
1548 5718 1753 5780 tantum
1772 5752 1789 5778 ,

184 5796 287 5854 nec
309 5783 522 5838 addunt
539 5778 704 5854 voces
731 5782 1030 5854 regionibus
1052 5778 1161 5835 his.
1190 5780 1358 5854 Paulo
1382 5778 1633 5854 superius
1655 5794 1797 5834 unus

179 5852 403 5927 Regina:
438 5868 541 5926 pro
569 5852 817 5907 adversus
848 5869 1051 5907 omnem
1085 5862 1311 5923 terram,
1344 5852 1475 5924 legit
1500 5852 1570 5907 ad
1595 5866 1797 5909 omnem

468 5948 749 6011 Parnoc.
800 5944 1044 6006 XXIX.

1970 5431 1995 5459 ε
2026 5418 2166 5476 Cod.
2196 5415 2455 5489 Palatin.,
2488 5425 2537 5473 et
2563 5415 2755 5486 equites
2784 5412 3107 5489 sagittarios,
3138 5413 3230 5484 qui
3250 5423 3304 5489 et
3338 5418 3497 5489 paulo

1893 5501 2023 5563 post
2040 5505 2176 5547 voce
2196 5486 2650 5563 innumerabilium
2673 5486 3068 5559 praetermissa,
3088 5487 3143 5540 in
3164 5486 3498 5545 multitudine

1897 5561 2213 5618 camelorum
2237 5561 2392 5632 legit.

1988 5632 2009 5671 τ
2041 5634 2143 5688 Ms.
2173 5629 2419 5702 Reginae,
2449 5633 2517 5686 ad
2548 5631 2798 5688 Austrum
2825 5641 3016 5687 terram
3038 5638 3087 5686 et
3113 5629 3316 5687 Cceleon
3345 5645 3363 5685 :
3390 5629 3497 5689 Pa-

1901 5706 2126 5771 latinus,
2152 5714 2199 5757 et
2220 5703 2472 5757 Austrum
2502 5712 2652 5759 terrae
2675 5714 2724 5759 et
2750 5702 2959 5759 Celeon.

1968 5786 1993 5826 δ
2021 5769 2082 5832 In
2112 5769 2364 5834 Palatino
2390 5790 2524 5850 ms.,
2551 5778 2672 5849 fecit
2694 5774 2922 5847 incendi,
2958 5786 3058 5847 pro
3082 5770 3261 5829 incidi.

2877 5940 2958 6028 ι2

2226 6000 2255 6011 εν.
