4062 6356
573 330 648 390 45

1557 325 1617 384 S.
1661 322 2045 383 lllERONYMl
2081 321 2319 383 DlV'lNA
2355 322 2831 384 BlBLlOTllECA.

3787 321 3879 383 44

567 447 769 518 campi,
799 453 854 503 et
876 450 1128 502 armenta
1158 442 1350 510 boum,
1381 454 1684 514 gregesque
1713 441 1930 506 ovium,
1962 445 2018 494 et
2075 449 2165 494 ca-
2193 442 2246 499 Α
2345 436 2496 494 Tunc
2543 437 2769 492 Eliacim
2794 480 2808 504 ,
2868 433 3130 493 sacerdos
3184 432 3403 493 Domini
3447 449 3708 510 magnus,
3757 415 3874 495 cir-

572 555 820 612 prarum,
846 551 1223 608 equorumque
1253 544 1306 591 et
1330 530 1666 590 camelorum
1694 540 1750 588 et
1790 530 2062 587 universa:
2085 525 2164 584 fa-

572 636 807 692 cultates
838 641 1076 700 nostrae,
1103 639 1267 700 atque
1299 627 1518 684 familiae
1542 668 1559 694 ,
1607 626 1662 681 in
1720 632 2016 696 conspectu
2072 632 2166 679 tuo

573 735 740 784 sunt:
770 725 880 780 sint
908 724 1088 779 omnia
1119 730 1146 759 ε
1171 729 1359 776 nostra
1402 720 1506 774 sub
1534 717 1652 788 lege
1679 726 1790 772 tua.
1832 715 1940 773 Nos
1985 723 2042 770 et
2070 712 2165 768 lilii

573 819 768 886 nostri,
799 816 946 874 servi
975 815 1050 871 tui
1074 826 1284 870 sumus.
1316 810 1452 866 Veni
1476 809 1636 865 nobis
1687 806 1945 879 pacificus
1985 804 2165 862 domi-

575 926 702 977 nus,
733 919 788 966 et
814 918 969 964 utere
1000 906 1224 962 servitio
1260 909 1474 969 nostro,
1501 901 1645 958 sicut
1674 898 1942 971 placuerit
1969 895 2091 952 tibi.

644 1003 797 1058 Tunc
819 997 1105 1056 descendit
1127 996 1194 1052 de
1225 994 1497 1051 montibus
1531 1005 1656 1048 cum
1689 989 1962 1061 equitibus
1980 987 2034 1044 in
2057 987 2168 1043 vir-

574 1104 690 1150 tute
716 1105 934 1164 magna,
957 1099 1011 1146 et
1031 1087 1268 1145 obtinuit
1293 1099 1513 1142 omnem
1540 1083 1839 1152 civitatem,
1865 1089 1918 1137 et
1947 1093 2165 1136 omnem

573 1188 968 1245 inhabitantem
999 1191 1226 1240 terram.
1255 1181 1331 1237 De
1382 1177 1653 1236 universis
1697 1183 1881 1233 autem
1942 1171 2167 1231 urbibus

571 1275 867 1348 assumpsit
893 1274 996 1330 sibi
1029 1272 1349 1329 auxiliarios
1375 1269 1522 1326 viros
1550 1267 1718 1324 fortes
1739 1307 1755 1334 ,
1783 1274 1838 1322 ct
1867 1264 2074 1322 electos
2096 1263 2165 1322 ad

573 1371 798 1430 bellum.
831 1368 1148 1436 Tantusque
1198 1372 1378 1420 metus
1405 1358 1698 1432 provinciis
1744 1357 1856 1414 illis
1898 1355 2164 1425 incubuit,

574 1472 634 1518 ut
655 1459 1034 1517 universarum
1053 1455 1270 1512 urbium
1296 1453 1634 1509 habitatores
1659 1450 1964 1520 principes,
1990 1455 2045 1503 et
2069 1447 2169 1503 bo-

574 1553 750 1610 norati
768 1551 930 1608 simul
962 1565 1086 1606 cum
1128 1546 1342 1618 populis
1373 1545 1591 1602 exirent
1618 1541 1834 1598 obviam
1882 1539 2165 1606 venienti,

573 1646 911 1716 excipientes
933 1656 1058 1698 eum
1082 1654 1205 1696 cum
1234 1637 1458 1694 coronis
1487 1644 1543 1691 et
1571 1633 1939 1706 lampadibus,
1963 1631 2168 1690 ducen-

575 1749 660 1794 tcs
688 1739 890 1792 choros
929 1737 983 1790 in
1015 1730 1286 1805 tympanis
1316 1737 1371 1784 et
1395 1726 1424 1768 ι)
1453 1727 1621 1784 tibiis.
1661 1724 1779 1782 Nec
1825 1723 1930 1780 ista
1983 1733 2165 1780 tamen

2269 527 2506 605 cumivit_
2525 544 2743 586 omnem
2767 528 2958 597 Israel,
2985 529 3366 602 allocutusque
3394 541 3478 588 est
3505 546 3626 601 eos,
3651 534 3874 590 dicens:

2267 618 2482 679 Scitote
2510 620 2771 692 quoniam
2802 620 3063 678 exaudiet
3091 621 3360 678 Dominus
3399 637 3592 693 preces
3631 635 3871 694 vestras,

2271 713 2318 770 si
2349 723 2636 771 manentes
2661 715 3074 784 permanseritis
3106 715 3160 769 in
3185 714 3410 786 ieiuniis
3438 725 3492 771 et
3522 717 3877 774 orationibus

2271 809 2324 865 in
2355 817 2651 880 conspectu
2675 807 2914 868 Domini.
2965 807 3238 864 Memores
3273 814 3452 864 estote
3505 808 3678 881 Moysi
3722 810 3875 866 servi

2270 901 2512 970 Domini,
2547 903 2638 974 qui
2668 901 2895 962 Amalec
2915 900 3287 958 conﬁdentem
3314 901 3368 958 in
3399 903 3602 959 virtute
3627 917 3725 959 sua
3749 943 3766 970 ,
3814 911 3880 958 et

2269 997 2323 1054 in
2355 995 2596 1066 potentia
2654 1009 2775 1062 sua,
2801 1001 2858 1050 et
2885 994 2937 1048 in
2977 992 2996 1031 ί
3029 995 3278 1051 exercitu
3318 1010 3420 1052 suo
3444 1037 3460 1062 ,
3492 1005 3546 1052 et
3577 995 3685 1067 [Αι.
3737 997 3872 1051 add.

2271 1089 2347 1161 in]
2379 1089 2584 1161 clypeis
2605 1080 2743 1156 suis,
2777 1097 2831 1143 ct
2859 1088 2912 1142 in
2939 1086 3196 1144 curribus
3225 1087 3362 1155 suis,
3395 1097 3452 1144 et
3481 1089 3538 1145 in
3592 1090 3876 1160 equitibus

2267 1185 2430 1250 suis,
2489 1196 2597 1238 non
2638 1180 2788 1236 ferro
2821 1180 3149 1251 pugnando,
3206 1180 3300 1236 sed
3353 1181 3610 1251 precibus
3663 1186 3873 1239 sanctis

2263 1275 2501 1344 orando,
2525 1274 2773 1345 deiecit:
2813 1273 2895 1329 sic
2946 1282 3111 1329 erunt
3158 1273 3400 1330 universi
3444 1274 3632 1330 hostes
3655 1274 3820 1332 Israel
3853 1293 3868 1330 :

2267 1369 2314 1423 si
2346 1364 2829 1438 perseveraveritis
2851 1367 2904 1421 in
2928 1366 3032 1421 hoc
3061 1381 3254 1437 opere,
3281 1367 3427 1437 quod
3453 1369 3721 1439 coepistis.

2341 1461 2426 1516 Ad
2458 1459 2598 1516 hanc
2646 1459 2811 1530 igitur
2831 1458 3286 1515 exhortationem
3341 1459 3464 1529 ejus
3507 1460 3873 1531 deprecantes

2271 1552 2588 1620 Dominam,
2623 1553 3024 1623 permanebant
3065 1554 3118 1608 in
3149 1563 3448 1625 conspectu
3503 1554 3750 1623 Domini,
3797 1559 3870 1613 ita

2269 1655 2332 1702 ut
2385 1645 2552 1702 etiam
2605 1644 2684 1711 bi,
2737 1645 2830 1717 qui
2884 1645 3194 1702 olierebant
3239 1646 3474 1703 Domino
3522 1649 3868 1715 holocausta,

2271 1736 2558 1810 ιιι-,ιερὶηωὶ
2581 1738 2779 1795 ciliciis
2803 1738 3071 1796 offerrent
3096 1739 3361 1796 sacrificia
3394 1741 3645 1810 Domino,
3673 1753 3729 1800 et
3753 1754 3876 1801 erat

572 1832 858 1896 facientes,
885 1827 1224 1884 ferocitatem
1256 1823 1377 1893 ejus
1408 1819 1649 1891 pectoris
1680 1818 1930 1887 mitigare
1972 1824 2162 1888 potue-
2198 1833 2245 1895 Β
2267 1831 2412 1888 cinis
2437 1845 2606 1902 super
2630 1831 2810 1901 capita
2843 1845 3055 1888 eorum,
3087 1832 3157 1887 Ει
3176 1846 3249 1889 ex
3279 1841 3398 1890 ιοίο
3432 1835 3602 1891 corde
3625 1850 3725 1891 suo
3746 1851 3869 1892 om-

573 1935 750 1981 runt:
784 1937 908 1978 nam
939 1930 994 1977 et
1021 1920 1273 1976 civitates
1313 1929 1506 1972 eorum
1547 1913 1858 1979 destruxit,
1906 1921 1960 1968 et
2013 1911 2166 1967 lucos

577 2033 770 2075 eorum
797 2015 1030 2073 excidit.
1064 2013 1412 2083 Praeceperat
1435 2008 1580 2066 enim
1609 2007 1688 2063 illi
1728 2004 2167 2062 Nabuchodono-

578 2126 668 2166 sor
698 2123 816 2176 rex,
845 2117 906 2162 ut
933 2119 1131 2162 onmes
1163 2103 1297 2160 deos
1327 2110 1491 2156 terra:
1519 2098 1936 2162 exterminaret,
1978 2096 2169 2154 videli-

580 2210 668 2257 cet
694 2210 754 2256 ut
777 2198 896 2270 ipse
921 2197 1074 2252 solus
1101 2194 1382 2250 diceretur
1408 2191 1548 2247 Deus
1579 2191 1648 2245 ab
1693 2188 1781 2244 bis
1830 2187 2165 2255 nationibus,

573 2307 694 2363 qua:
718 2289 1023 2362 potuissent
1044 2283 1356 2341 llolofernis
1393 2280 1640 2353 potentia
1687 2277 1992 2349 subjugari.
2037 2277 2170 2334 Per-

576 2383 860 2442 trausiens
890 2386 1074 2434 autem
1123 2377 1337 2447 Syriam
1379 2371 1580 2438 Sobal,
1628 2379 1682 2426 et
1734 2383 1958 2426 omnem
2021 2369 2169 2439 Apa-

573 2490 774 2544 meam,
806 2484 1137 2542 omnemque
1194 2465 1686 2538 Mesopotamiam,
1743 2461 1894 2520 venit
1933 2461 2004 2517 ad
2050 2460 2174 2516 ldu-

576 2579 745 2622 mmos
768 2563 822 2619 in
854 2571 1056 2619 terram
1087 2559 1298 2628 Gabaa,
1322 2556 1640 2627 accepitque
1671 2554 1922 2611 civitates
1957 2568 2167 2621 eorum,

575 2669 630 2714 et
657 2657 799 2714 sedit
825 2656 899 2711 ibi
929 2669 1025 2726 per
1054 2651 1280 2722 triginta
1310 2650 1451 2718 dies,
1478 2650 1531 2704 in
1566 2647 1765 2716 quibus
1791 2647 1987 2703 diebus
2039 2647 2174 2703 adu-

578 2748 693 2804 nari
720 2746 978 2818 praecepit
1007 2743 1322 2798 universum
1357 2737 1661 2795 exercitum
1683 2737 1904 2794 virtutis
1925 2752 2063 2794 suae.

651 2837 804 2911 [Cap.
837 2833 959 2907 ιν.]
985 2835 1141 2890 Tunc
1172 2830 1458 2888 audientes
1487 2828 1604 2886 haec
1633 2829 1730 2885 filii
1763 2829 2048 2901 lsrael,qui
2079 2829 2176 2887 ha-

578 2932 904 2991 bitabantin
929 2939 1072 2987 terra
1097 2927 1260 2991 Juda,
1291 2927 1593 2980 timuerunt
1625 2923 1782 2978 valde
1803 2938 1832 2977 a
1864 2921 2003 2978 facie
2031 2922 2170 2994 ejus.

578 3025 813 3083 Tremor
840 3030 897 3076 et
931 3020 1129 3074 horror
1158 3016 1364 3072 invasit
1392 3029 1590 3074 sensus
1612 3029 1825 3081 eorum,
1853 3029 1923 3070 ne
1965 3013 2070 3070 hoc
2098 3015 2175 3069 fa-

579 3124 730 3174 ceret
772 3112 1076 3171 Jerusalem
1104 3117 1160 3166 et
1208 3108 1414 3177 templo
1465 3107 1725 3176 Domini,
1773 3106 1919 3177 quod
1967 3106 2176 3164 fecerat

2271 1940 2371 1981 nes
2397 1925 2633 1981 orabant
2679 1924 2882 1993 Deum,
2912 1934 2971 1980 ut
3001 1925 3252 1984 visitaret
3279 1929 3540 1998 populum
3585 1943 3742 1985 suum
3791 1929 3870 1986 ls-

2267 2016 2404 2074 rael.
3479 2037 3484 2042 -

2341 2105 2496 2180 [ϐαρ.
2540 2103 2633 2176 νζ]
2681 2105 3109 2180 Nuntiatumque
3166 2120 3248 2166 est
3301 2109 3582 2167 Holoferni
3636 2111 3867 2183 principi

2269 2197 2483 2252 militiai
2501 2196 2874 2269 Assyriorum,
2899 2199 3044 2270 quod
3076 2197 3174 2256 filii
3208 2200 3376 2257 lsrael
3405 2213 3777 2273 praepararent
3805 2218 3869 2260 se

2269 2289 2338 2345 ad
2361 2289 2766 2359 resistendum,
2799 2305 2862 2348 ac
2889 2293 3160 2348 montium
3204 2293 3400 2350 itinera
3446 2295 3867 2364 conclusissem,

2267 2393 2328 2439 et
2357 2383 2546 2440 furore
2563 2384 2738 2440 nimio
2763 2384 3049 2442 exarsitin
3089 2387 3368 2444 iracundia
3424 2404 3647 2460 magna,
3702 2405 3870 2448 voca-

2271 2473 2459 2544 vitque
2482 2488 2681 2530 omnes
2718 2475 2996 2546 principes
3025 2474 3184 2534 Moab
3221 2485 3278 2534 et
3308 2478 3473 2535 duces
3496 2482 3728 2537 Ammon
3755 2523 3768 2546 ,
3814 2491 3871 2538 et

2269 2563 2413 2622 dixit
2436 2566 2516 2622 eis
2559 2565 2954 2635 :Dicite-mihi,
3003 2567 3128 2638 quis
3181 2569 3254 2626 sit
3291 2570 3527 2642 populus
3571 2573 3716 2638 iste,
3773 2574 3868 2645 qui

2271 2665 2533 2715 montana
2558 2656 2774 2714 obsidet
2799 2675 2814 2713 :
2845 2667 2938 2712 aut
2964 2673 3087 2730 qua;
3108 2701 3124 2728 ,
3157 2668 3214 2716 et
3251 2661 3451 2732 quales
3477 2701 3494 2728 ,
3546 2671 3603 2719 et
3645 2674 3867 2735 quantm

2273 2748 2385 2805 sint
2410 2748 2666 2806 civitates
2709 2763 2902 2806 eorum
2937 2766 3100 2822 :quae
3129 2754 3293 2808 etiam
3328 2754 3402 2808 sit
3438 2755 3610 2810 virtus
3648 2771 3866 2824 eorum,

2272 2848 2370 2898 aut
2395 2855 2517 2910 quae
2544 2840 2614 2896 sit
2644 2840 2937 2897 multitudo
2965 2857 3154 2898 eorum
3182 2861 3197 2899 :
3227 2843 3313 2900 vel
3344 2846 3464 2916 quis
3509 2861 3606 2901 rex
3656 2847 3869 2902 militiae

2271 2930 2620 2988 illorumzet
2649 2947 2818 3003 quare
2857 2947 2970 3004 pra:
3017 2934 3306 3004 omnibus,
3362 2936 3457 3008 qui
3507 2938 3758 2993 habitant
3812 2940 3867 2994 in

2274 3025 2514 3089 oriente.
2541 3025 2631 3081 isti
2664 3034 3120 3099 contempserunt
3161 3042 3302 3096 nos,
3356 3037 3415 3085 et
3460 3044 3567 3086 non
3613 3031 3872 3088 exierunt

2273 3117 2492 3174 obviam
2523 3117 2706 3183 nobis,
2739 3119 3167 3189 utsusciperent
3189 3134 3289 3176 nos
3311 3135 3434 3176 cum
3464 3135 3620 3192 pace.

582 3207 796 3265 caeteris
816 3203 1133 3264 civitatibus
1183 3212 1240 3258 et
1275 3199 1496 3271 templis
1531 3215 1739 3258 earum.
1789 3199 1861 3256 Et
1908 3199 2246 3275 miseruntc
2348 3208 2504 3264 Tunc
2537 3207 2743 3266 Λοιιίοι-
2781 3209 2894 3265 dux
2939 3211 3184 3266 omnium
3237 3211 3473 3268 ﬁliorum
3507 3215 3736 3269 Ammon
3786 3229 3874 3271 ι-ο.

582 3303 638 3358 in
668 3314 887 3358 omnem
921 3296 1226 3354 Samariam
1271 3309 1372 3365 per
1407 3292 1692 3350 circuitum
1739 3307 1911 3364 usque
1955 3294 2177 3351 Jericho

583 3402 640 3450 et
678 3395 1203 3464 praeoccupaverunt
1252 3401 1446 3442 omnes
1490 3386 1726 3444 vertices
1782 3385 2050 3442 montium
2081 3405 2091 3441 :
2125 3395 2180 3443 et

586 3483 758 3540 muris
780 3479 1256 3538 circumdederunt
1289 3477 1437 3532 vicos
1459 3490 1611 3547 suos,
1635 3485 1690 3532 et
1711 3485 2180 3548 congregaverunt

584 3575 854 3632 frumenta
880 3574 933 3629 in
967 3569 1423 3644 prmparationem
1461 3583 1674 3639 pugnae.

659 3667 930 3725 Sacerdos
958 3666 1125 3721 etiam
1151 3661 1380 3718 Eliacim
1412 3659 1632 3730 scripsit
1665 3659 1732 3714 ad
1765 3661 2050 3716 universos
2084 3661 2178 3730 qui

591 3768 756 3822 erant
774 3767 963 3816 contra
994 3756 1289 3824 Esdrelon,
1323 3770 1443 3826 quae
1465 3761 1550 3808 est
1571 3761 1760 3808 contra
1781 3750 1976 3808 faciem
2005 3755 2181 3824 campi

591 3855 783 3927 magni
837 3853 991 3923 juxta
1047 3850 1278 3908 Dotbain
1305 3891 1320 3917 ,
1365 3857 1420 3906 et
1446 3847 1756 3912 universos,
1781 3861 1882 3917 per
1902 3862 2040 3916 quos
2081 3848 2184 3904 via:

591 3945 857 4005 transitus
879 3959 1002 4000 esse
1028 3950 1263 4013 poterat,
1284 3949 1343 3997 ut
1372 3941 1687 3996 obtinerent
1725 3952 1986 3996 ascensus
2029 3955 2186 3998 mon-

596 4043 754 4108 tium,
791 4055 889 4109 per
920 4051 1060 4107 quos
1090 4037 1173 4090 via
1197 4049 1318 4092 esse
1349 4043 1563 4104 poterat
1584 4032 1653 4088 ad
1680 4031 2010 4099 Jerusalem,
2039 4042 2095 4090 et
2121 4034 2188 4090 il-

595 4135 669 4190 lic
696 4131 1036 4190 custodirent
1067 4128 1161 4184 ubi
1193 4137 1481 4198 angustum
1515 4127 1622 4184 iter
1647 4140 1772 4185 esse
1804 4136 2019 4198 poterat
2047 4127 2188 4184 inter

598 4233 836 4282 montes.

673 4319 746 4374 Et
773 4319 1021 4373 fecerunt
1060 4312 1153 4370 ﬁlii
1204 4312 1392 4380 lsrael,
1447 4311 1748 4369 secundum
1777 4313 1922 4384 quod
1983 4313 2194 4370 consti-

602 4419 781 4466 tuerat
799 4408 878 4463 eis
898 4407 1157 4464 sacerdos
1179 4405 1398 4462 Domini
1422 4403 1672 4460 Eliacim.
1705 4403 1774 4460 Et
1793 4406 2051 4462 clamavit
2077 4421 2192 4462 om—

605 4503 692 4558 nis
717 4500 949 4572 populus
969 4499 1035 4554 ad
1061 4497 1348 4556 Dominum
1376 4496 1634 4554 instantia
1657 4511 1874 4567 magna,
1906 4508 1961 4554 et
2012 4499 2194 4555 humi-

2279 3299 2579 3372 Spondcns,
2609 3299 2724 3355 ait:
2757 3299 2814 3356 Si
2842 3299 3084 3372 digneris
3113 3299 3327 3370 audire,
3357 3301 3580 3359 domine
3625 3305 3734 3371 mi,
3783 3306 3873 3360 di-

2279 3405 2402 3448 cam
2434 3391 2718 3446 veritatem
2752 3390 2806 3446 in
2836 3399 3132 3462 conspectu
3166 3400 3279 3458 tuo,
3305 3391 3374 3448 de
3404 3394 3607 3464 populo
3647 3394 3754 3450 lsto
3780 3399 3872 3466 qui

2282 3482 2336 3539 in
2361 3482 2639 3538 montanis
2670 3481 2900 3550 habitat,
2933 3491 3122 3539 etnon
3151 3482 3472 3554 egredietur
3490 3485 3716 3541 verbum
3773 3488 3876 3542 fal-

2279 3587 2400 3630 sum
2420 3589 2487 3630 ex
2515 3588 2612 3630 ore
2637 3587 2785 3630 meo.
2816 3575 3056 3644 Populus
3085 3575 3189 3631 iste
3213 3590 3280 3632 ex
3309 3576 3569 3647 progenie
3587 3576 3879 3633 Chldaoo-

2281 3682 2403 3724 rum
2449 3676 2584 3724 est:
2623 3666 2712 3723 hic
2755 3667 2993 3737 primum
3035 3667 3088 3724 in
3127 3669 3520 3739 Mesopotamia
3574 3670 3877 3737 habitavit,

2283 3760 2546 3832 quoniam
2580 3761 2880 3817 noluerunt
2907 3763 3062 3830 sequi
3081 3761 3218 3818 deos
3247 3771 3458 3832 patrum
3485 3776 3736 3832 suorum,
3786 3763 3880 3834 qui

2284 3863 2444 3910 eratut
2473 3852 2529 3908 in
2563 3862 2706 3909 terra
2732 3851 3138 3908 Chaldaeorum.
3182 3853 3513 3910 Deserentes
3567 3853 3748 3925 itaque
3773 3869 3882 3909 caa-

2286 3945 2565 4004 remonias
2595 3952 2810 4016 patrum
2833 3961 3080 4014 suorum,
3111 3959 3234 4017 quae
3261 3946 3316 4002 in
3351 3947 3697 4004 multitudine
3749 3949 3884 4006 deo-

2288 4054 2408 4094 rum
2434 4044 2615 4104 erant,
2645 4051 2816 4092 unum
2839 4038 3010 4093 Deum
3034 4039 3158 4094 coeli
3185 4037 3496 4105 coluerunt,
3525 4039 3617 4110 qui
3645 4049 3704 4094 et
3738 4057 3883 4111 pm-

2287 4127 2436 4198 cepit
2463 4126 2568 4193 eis,
2591 4134 2650 4182 ut
2677 4125 2896 4183 exirent
2915 4125 3066 4194 inde,
3097 4134 3156 4185 et
3177 4126 3490 4184 habitarent
3531 4128 3585 4183 in
3641 4128 3886 4187 Cbaran.

2291 4222 2538 4293 Cumque
2556 4223 2866 4294 aperuisset
2895 4235 3115 4277 omnem
3149 4229 3356 4278 terram
3391 4222 3566 4280 fames
3589 4265 3607 4293 ,
3657 4225 3887 4282 descen-

2295 4315 2495 4372 derunt
2541 4317 2593 4371 in
2644 4315 2940 4387 Egyptum
2967 4354 2984 4382 ,
3027 4313 3251 4386 illicque
3306 4330 3404 4387 per
3449 4319 3889 4391 quadringentos

2295 4427 2473 4471 annos
2485 4413 2564 4470 sic
2591 4412 2936 4484 multiplicati
2967 4421 3190 4480 sunt,ut
3213 4413 3547 4470 dinumerari
3569 4429 3758 4471 eorum
3777 4431 3886 4473 non

2299 4517 2486 4581 posset
2509 4507 2802 4564 exercitus.
2829 4506 3078 4577 Cumque
3107 4517 3361 4578 gravaret
3379 4521 3475 4566 eos
3511 4523 3609 4566 rex
3639 4509 3888 4585 Egypti,

607 4594 880 4648 liaverllnl
902 4590 1111 4661 animas
1136 4602 1262 4644 suas
1299 4587 1350 4642 in
1375 4585 1623 4657 ieiuniis.
1660 4596 1681 4624 θ
1733 4597 1790 4642 el
1825 4588 2189 4656 Orationibus.
2219 4601 2272 4663 D
2295 4610 2463 4670 atque
2492 4600 2545 4654 in
2576 4597 3035 4655 aediﬁcationibus
3061 4600 3280 4656 urbium
3301 4613 3528 4657 suarum
3575 4601 3630 4658 in
3674 4603 3790 4658 luto
3833 4613 3892 4660 et

604 4683 710 4756 ipsi
740 4691 798 4738 et
817 4681 1078 4737 mulieres
1105 4694 1316 4735 eorum.
1343 4679 1412 4734 Et
1438 4677 1736 4735 induerunt
1779 4693 1842 4736 se
1879 4681 2196 4740 sacerdotes

606 4774 825 4842 ciliciis,
858 4781 914 4829 et
934 4771 1168 4827 infantes
1183 4778 1813 4841 prostraveruntcontra
1837 4770 2026 4829 faciem
2062 4782 2197 4832 tem-

612 4869 685 4938 pli
714 4865 950 4932 Domini,
979 4872 1034 4921 et
1056 4863 1228 4918 altare
1266 4861 1481 4918 Domini
1525 4873 1858 4933 operuerunt
1898 4864 2114 4932 cilicio,
2142 4876 2199 4924 et

609 4961 980 5014 clamaverunt
1022 4954 1093 5011 ad
1130 4954 1419 5011 Dominum
1451 4951 1477 4990 ἀ
1503 4955 1672 5011 Deum
1729 4954 1897 5012 Israel
1928 4957 2200 5016 unanimi-

613 5060 714 5119 ter,
739 5064 808 5105 ne
835 5048 1094 5104 darentur
1125 5046 1184 5102 in
1209 5045 1447 5116 praedam
1474 5044 1709 5103 infantes
1739 5061 1953 5116 eorum,
1975 5057 2033 5105 et
2062 5065 2200 5110 uxo-

611 5157 701 5198 rcs
730 5156 919 5198 eorum
953 5141 1008 5197 in
1035 5139 1384 5206 divisionem,
1411 5149 1466 5193 et
1493 5138 1744 5195 civitates
1772 5153 1964 5196 eorum
1997 5141 2050 5198 in
2098 5158 2197 5201 ex-

613 5232 927 5299 terminium
950 5275 965 5300 ,
1015 5239 1071 5285 et
1110 5241 1296 5285 sancta
1319 5244 1511 5285 eorum
1541 5229 1594 5285 in
1626 5238 1649 5268 θ
1682 5230 2043 5301 pollutionem
2075 5279 2090 5306 ,
2147 5249 2202 5294 et

612 5325 805 5380 tierent
833 5320 1182 5394 opprobrium
1229 5320 1500 5392 gentibus.

675 5450 702 5478 ι
736 5440 881 5518 [nem
911 5445 1210 5518 inm-“tacet
1251 5448 1556 5506 pronomen
1596 5444 1778 5492 nostra
1804 5453 1825 5494 :
1859 5448 1985 5498 .tum
2025 5443 2193 5518 legit,

612 5512 742 5570 Nos
746 5515 863 5578 jam
886 5517 934 5564 et
961 5509 1082 5578 ﬁlii,
1102 5515 1211 5564 etc.

684 5582 711 5620 ¹³
745 5575 977 5637 Voculas
1005 5588 1052 5632 et
1081 5578 1215 5632 tibiis
1238 5575 1378 5632 idem
1430 5592 1534 5634 ms.
1570 5581 1797 5639 omittit.

685 5665 710 5691 ο
733 5652 966 5707 Rursum
990 5658 1131 5705 tacet
1149 5648 1290 5704 idem
1321 5663 1429 5704 ms.
1461 5663 1625 5708 voces
1649 5660 1698 5708 et
1739 5655 2081 5714 orationibus.

679 5720 851 5851 ἀοιέἐρι
868 5735 1081 5794 quoque
1107 5719 1296 5789 verba,
1320 5719 1489 5778 Deum
1516 5721 1687 5782 Israel
1704 5763 1720 5792 ,
1748 5725 1896 5784 idem
1954 5744 2056 5786 ms.
2086 5747 2194 5790 non

679 5811 711 5851 n
813 5810 828 5850 ι
858 5831 872 5847 .

607 5810 872 5869 agnoscit.

2298 4693 2473 4750 latere
2511 4692 2858 4764 subjugasset
2902 4707 3035 4762 eos,
3077 4693 3450 4750 clamaverunt
3489 4695 3561 4750 ad
3604 4697 3890 4753 Dominum

2297 4800 2481 4854 suum,
2511 4798 2569 4842 et
2589 4787 2858 4855 percussit
2885 4797 3054 4844 totam
3083 4797 3286 4845 terram
3321 4789 3545 4861 Egypti
3593 4791 3768 4864 plagis
3795 4808 3892 4849 va-

2298 4881 2419 4938 riis.
2447 4879 2700 4950 Cumque
2725 4881 3026 4951 ejecissent
3047 4897 3145 4940 eos
3167 4883 3412 4957 Egyptii
3437 4901 3466 4940 a
3494 4900 3576 4954 se,
3603 4895 3660 4943 et
3682 4901 3894 4944 cessas-

2297 4979 2383 5028 set
2405 4971 2559 5042 plaga
2583 4970 2652 5027 ab
2669 4969 2774 5041 eis,
2799 4982 2855 5028 et
2875 4973 3073 5031 iterum
3119 4990 3220 5032 eos
3259 4977 3463 5033 vellent
3487 4992 3703 5049 capere,
3726 4989 3781 5036 et
3825 4981 3895 5035 ad

2305 5078 2466 5120 suum
2499 5064 2786 5122 servitium
2819 5082 3105 5137 revocare,
3137 5068 3469 5141 fugientibus
3495 5071 3580 5126 his
3603 5071 3750 5128 Deus
3769 5074 3896 5130 coeli

2307 5171 2457 5213 mare
2486 5158 2730 5228 aperuit,
2760 5159 2834 5215 ita
2861 5169 2921 5216 ut
2949 5159 3077 5216 hinc
3133 5163 3260 5218 inde
3309 5177 3465 5234 aqua!
3506 5165 3664 5235 quasi
3707 5181 3896 5223 murus

2308 5247 2698 5317 solidarentur,
2717 5257 2774 5305 et
2804 5249 2892 5306 isti
2909 5251 3044 5322 pede
3069 5252 3216 5309 sicco
3244 5252 3469 5308 fundum
3501 5255 3666 5312 maris
3688 5272 3899 5326 peram-

2308 5337 2545 5396 bulando
2567 5341 2888 5400 transirent.
2917 5341 2976 5400 ln
3018 5358 3127 5414 quo
3163 5344 3283 5400 loco
3312 5344 3443 5402 dum
3482 5346 3899 5407 inmuerabilis

2383 5459 2414 5535 ξ
2456 5449 2603 5508 Istud
2629 5452 2899 5535 isocolon,
2923 5463 2970 5535 _et
2992 5455 3172 5535 fierent
3199 5458 3536 5535 opprobrium
3559 5464 3819 5535 gentibus,
3843 5466 3898 5523 in

2305 5521 2454 5594 nullo
2483 5539 2515 5578 e
2539 5525 2742 5579 nostris
2761 5539 2899 5581 mss.
2924 5521 3529 5587 invenitur.'l’alatinus
3553 5521 3760 5594 fautum
3801 5521 3897 5594 ita:

2304 5592 2395 5666 bet
2417 5594 2655 5666 plurium
2680 5611 2934 5662 numero,
2959 5597 3012 5650 in
3046 5597 3448 5666 pollutionibus.

2379 5663 2642 5749 flleginae
2685 5681 2788 5724 ms.
2821 5673 2965 5726 tacet
2998 5663 3100 5726 huc
3151 5671 3384 5730 alterum
3431 5689 3685 5749 comma,
3749 5688 3798 5737 et
3848 5680 3903 5737 in

2299 5743 2525 5792 exercitu
2545 5752 2663 5793 suo.
