4062 6356
184 326 254 386 ιδ
1096 321 1117 361 ’δ
1238 320 1265 326 “
1587 322 1788 382 LIBER

1895 322 2100 382 IDITH.
3411 332 3487 391 46

184 440 463 502 exercitus
490 436 878 512 Egyptiorum
909 450 1005 495 eos
1028 443 1468 509 persequeretur,
1504 436 1580 494 ita
1631 439 1785 510 aquis
1815 440 1867 503 Α
1894 439 2037 494 niam
2067 452 2174 495 non
2202 446 2286 496 est
2311 439 2474 511 Deus,
2500 440 2605 497 nisi
2628 439 3141 509 Nabuchodonosor
3170 458 3187 501 :
3215 456 3338 503 eum
3361 460 3488 519 per-

187 545 479 609 coopertus
530 544 636 602 est,
670 544 731 590 ut
754 549 860 591 non
893 542 1204 591 remaneret
1225 534 1311 591 vel
1340 548 1480 591 unus
1502 579 1518 607 ,
1568 535 1661 607 qui
1706 535 1787 590 fas

189 644 330 689 etum
363 629 613 701 posteris
647 628 948 683 nuntiaret.
984 636 1010 665 α
1044 626 1261 698 Egressi
1314 641 1449 684 vero
1501 641 1653 683 mare
1678 624 1791 683 Ru-

188 726 363 790 brum,
394 723 621 778 deserta
651 720 783 777 Sina
807 720 1009 777 montis
1035 726 1466 792 occupaverunt,
1521 720 1573 774 in
1597 716 1791 790 quibus

190 829 480 885 numquam
515 814 682 869 homo
730 812 973 867 habitare
999 812 1218 883 potuit,
1253 811 1339 868 vel
1364 811 1509 866 ﬁlius
1556 810 1789 867 hominis

188 907 475 980 requievit.
506 906 627 963 Illic
650 903 833 963 fontes
859 906 1032 961 amari
1072 890 1347 961 obdulcati
1409 914 1535 960 sunt
1590 905 1671 961 eis
1722 904 1789 960 ad

189 1001 507 1067 bibendum,
529 1008 588 1056 et
638 1014 738 1071 per
778 1013 953 1054 annos
1001 998 1358 1069 quadraginta
1400 1012 1672 1053 annonam
1722 997 1791 1054 de

188 1097 319 1152 caelo
342 1094 641 1151 consecuti
666 1098 814 1149 sunt.
843 1090 1187 1161 Ubicumque
1218 1090 1448 1162 ingressi
1499 1103 1626 1146 sunt
1669 1090 1789 1147 sine

186 1204 306 1244 arcu
334 1198 391 1243 et
425 1187 651 1258 sagitta,
680 1194 736 1241 et
758 1185 969 1256 absque
995 1193 1152 1240 scuto
1191 1192 1247 1239 et
1272 1183 1474 1255 gladio,
1506 1184 1649 1239 Deus
1696 1198 1790 1239 eo-

189 1300 293 1339 rum
328 1280 599 1351 pugnavit
630 1294 729 1347 pro
756 1279 837 1334 eis
867 1287 920 1333 et
946 1277 1098 1333 vicit.
1132 1277 1199 1331 Et
1222 1291 1330 1332 non
1357 1276 1459 1331 fuit
1483 1275 1575 1346 qui
1619 1276 1788 1331 insul-

192 1386 316 1431 ttret
347 1373 563 1444 populo
605 1372 719 1439 isti,
746 1370 849 1425 nisi
893 1368 1113 1442 quando
1142 1369 1371 1425 recessit
1394 1384 1422 1422 a
1446 1365 1474 1405 ι)
1509 1368 1655 1423 cultu
1686 1368 1790 1423 Do-

190 1470 309 1523 cuni
334 1466 438 1523 Dei
468 1465 576 1522 sui.
604 1463 1073 1533 Quotiescumque
1126 1471 1309 1517 autem
1361 1469 1559 1530 praeter
1610 1460 1786 1530 ipsum

193 1562 349 1616 Deum
377 1573 563 1623 suum,
595 1556 830 1612 alterum
873 1553 1201 1620 coluerunt,
1230 1552 1340 1608 dati
1374 1560 1501 1608 sunt
1540 1552 1594 1607 in
1643 1565 1788 1621 prm-

190 1654 330 1718 dam,
358 1661 415 1705 et
442 1649 497 1704 in
529 1646 800 1718 gladium,
834 1653 890 1702 et
920 1644 971 1699 in
995 1642 1373 1715 cpprobrium.
1399 1642 1788 1709 Quotiescum-

194 1761 293 1815 que
322 1755 511 1799 autem
545 1740 930 1812 pmnitucrunt
956 1752 1016 1793 se
1044 1736 1341 1793 recessisse
1372 1751 1401 1790 a
1453 1734 1662 1789 cultura
1693 1732 1789 1789 Dei

1893 533 2224 590 cusserimus
2256 548 2353 589 eos
2382 547 2573 590 omnes
2598 579 2613 604 ,
2646 534 2786 590 sicut
2810 533 3087 592 hominem
3113 552 3279 592 unum
3306 580 3320 605 ,
3355 548 3486 597 tunc

1892 632 1949 681 et
1995 623 2112 697 ipse
2161 640 2283 681 eum
2330 625 2441 681 illis
2490 626 2840 699 Assyriorum
2886 626 3067 696 gladio
3108 630 3393 697 interibis,
3433 640 3488 687 et

1894 718 2071 774 omnis
2096 717 2264 775 Israel
2293 725 2473 776 tecum
2496 719 2803 791 perditione
2825 719 3123 794 disperiet:
3149 732 3204 778 et
3230 723 3489 793 probabis

1891 811 2147 884 quoniam
2209 813 2713 873 Nabuchodonosor
2768 816 3019 873 dominus
3084 816 3157 872 sit
3217 817 3490 875 universae

1893 913 2054 961 terrae
2100 925 2113 959 :
2161 915 2396 979 tuncque
2444 907 2654 981 gladius
2694 908 2900 965 militia:
2940 923 3077 965 mete
3126 912 3355 965 transiet
3393 924 3490 980 per

1893 995 2061 1052 latera
2094 1008 2206 1064 tua,
2240 1005 2296 1053 et
2323 998 2570 1056 conﬁxus
2600 999 2761 1056 cades
2790 999 2935 1056 inter
2958 1000 3272 1057 vulneratos
3298 999 3485 1068 Israel,

1892 1097 1948 1147 et
1970 1106 2075 1146 non
2106 1092 2402 1163 reSpirabis
2429 1094 2590 1160 ultra,
2615 1093 2790 1151 donec
2815 1096 3191 1151 extermineris
3212 1110 3334 1152 cum
3360 1096 3490 1152 illis.

1892 1179 2063 1236 Porro
2094 1190 2273 1238 autem
2313 1182 2359 1239 si
2405 1184 2747 1254 prophetiam
2781 1194 2928 1255 tuam
2959 1201 3143 1242 veram
3172 1188 3488 1255 existimas,

1893 1289 2001 1329 non
2028 1275 2275 1331 concidat
2305 1278 2486 1332 vultus
2520 1285 2666 1346 tuus,
2684 1286 2741 1334 et
2782 1279 2981 1349 pallor,
3008 1278 3101 1350 qui
3129 1278 3321 1336 faciem
3344 1287 3492 1336 tuam

1892 1367 2101 1424 obtinet
2130 1367 2235 1441 [Αι.
2270 1369 2546 1443 obtinuit],
2576 1373 2835 1428 abscedat
2878 1389 2905 1427 a
2940 1382 2994 1429 te
3017 1418 3030 1443 ,
3076 1364 3125 1429 si
3164 1375 3327 1431 verba
3370 1390 3489 1430 mea

1892 1457 2009 1515 haec
2044 1469 2199 1529 putas
2228 1462 2439 1531 impleri
2473 1478 2580 1518 non
2612 1478 2795 1535 posse.
2822 1465 2891 1522 Ut
2913 1476 3092 1521 autem
3122 1467 3340 1521 noveris
3363 1467 3487 1536 quia

1891 1551 2055 1607 simul
2096 1567 2219 1607 cum
2266 1553 2375 1609 illis
2407 1555 2522 1609 lucc
2567 1555 2868 1625 experieris
2896 1598 2910 1623 ,
2955 1571 3082 1612 ecce
3114 1571 3182 1611 ex
3215 1556 3315 1611 hac
3360 1556 3491 1611 liora

1893 1643 2108 1700 illorum
2132 1646 2331 1716 populo
2354 1647 2671 1713 sociabcris,
2699 1656 2780 1715 ut,
2811 1649 2938 1703 dum
2968 1650 3162 1719 dignas
3196 1651 3299 1706 mei
3326 1650 3489 1720 gladii

1893 1754 2080 1810 poenas
2112 1741 2446 1810 exceperint,
2479 1741 2596 1811 ipse
2627 1741 2787 1796 simul
2819 1742 3342 1813 ultionisubjaceas.

189 1839 292 1900 sui,
326 1835 481 1891 dedit
506 1834 583 1889 cis
612 1834 761 1887 Deus
783 1830 909 1907 εοειί
948 1830 1207 1885 Virtutem
1254 1826 1571 1884 reSiSlendi-
1624 1826 1788 1882 Βεηί·
1820 1835 1864 1893 Β
1964 1834 2117 1890 Tunc
2145 1836 2474 1892 lloloferncs
2506 1839 2766 1908 praecepit
2798 1836 2971 1893 servi's
3001 1840 3114 1894 suis
3144 1848 3203 1895 ut
3234 1855 3486 1909 compre—

192 1946 303 2001 que
354 1926 712 1983 Chanantcum
768 1938 973 1995 regem,
1019 1930 1075 1978 et
1124 1920 1467 1986 Jebusaeum,
1499 1917 1788 1975 etPhere—

192 2038 387 2086 mium,
414 2030 468 2074 et
490 2018 783 2084 IIettreum,
813 2026 866 2071 et
894 2014 1171 2080 Ilevmum,
1211 2024 1268 2069 ct
1291 2010 1670 2067 Amorrbaeum
1693 2053 1708 2079 ,
1735 2019 1791 2066 et

189 2128 380 2169 omnes
401 2118 656 2182 potentes
682 2109 736 2163 in
767 2107 989 2164 Esebon
1024 2115 1479 2177 prostraverunt,
1510 2114 1565 2162 et
1616 2113 1789 2161 terras

191 2219 374 2263 eorum
406 2245 422 2269 ,
474 2211 533 2258 et
579 2201 829 2257 civitates
872 2213 1067 2254 eorum
1121 2198 1235 2272 ipsi
1282 2196 1692 2267 possederunt:
1735 2207 1790 2254 et

195 2296 488 2369 usquedum
555 2308 665 2349 non
695 2298 990 2362 peccarent
1036 2288 1090 2344 in
1144 2301 1449 2358 conspectu
1498 2288 1595 2342 Dei
1654 2288 1783 2356 sui,

194 2400 493 2448 erantcum
524 2388 631 2443 illis
656 2387 842 2440 bona:
885 2385 1027 2441 Deus
1075 2384 1220 2439 enim
1266 2384 1484 2439 illorum
1528 2382 1646 2438 odit
1692 2381 1792 2437 iui-

196 2484 472 2551 quitatem.
502 2479 639 2534 Nam
672 2487 726 2533 et
750 2487 876 2532 ante
899 2476 998 2530 hos
1027 2489 1234 2542 annos,
1259 2488 1385 2529 cum
1430 2473 1791 2528 recessissent

194 2594 222 2632 a
242 2578 348 2642 via,
377 2590 545 2645 quam
576 2572 806 2630 dederat
838 2571 948 2626 illis
977 2570 1146 2636 Deus,
1165 2578 1227 2624 ut
1252 2568 1596 2624 ambularent
1625 2568 1677 2621 in
1702 2581 1788 2635 ea,

194 2670 542 2726 exlerminali
568 2678 699 2725 sunt
728 2666 932 2736 praeliis
956 2680 985 2719 a
1009 2663 1195 2720 multis
1225 2662 1561 2729 nationibus,
1591 2670 1645 2718 et
1671 2662 1791 2733 plu-

195 2766 316 2819 rimi
368 2778 554 2820 eorum
614 2761 815 2832 captivi
886 2758 1101 2814 abducti
1142 2764 1268 2812 sunt
1312 2756 1365 2811 in
1426 2763 1629 2811 terram
1682 2768 1790 2808 non

196 2873 363 2912 suam.
416 2856 601 2927 Nuper
651 2864 834 2910 autem
885 2852 1089 2909 reversi
1151 2850 1220 2907 ad
1280 2849 1568 2906 Dominum
1618 2847 1790 2903 Deum

195 2966 367 3017 suum,
390 2965 458 3005 ex
490 2947 861 3018 diapersione,
888 2960 994 3015 qua
1017 2942 1251 3015 dispersi
1287 2941 1536 3008 fuerant,
1568 2939 1790 2995 adunati

192 3056 329 3107 sum,
360 3054 415 3098 et
444 3040 819 3097 ascenderunt
846 3046 1101 3093 montana
1123 3037 1242 3090 hmc
1273 3034 1476 3095 omnia,
1512 3041 1569 3089 et
1592 3035 1789 3089 iterum

194 3131 797 3205 possidentJerusalem
824 3170 839 3197 ,
868 3133 962 3184 ubi
990 3137 1117 3183 sunt
1156 3135 1345 3182 sancta
1386 3140 1595 3180 eorum.
1638 3123 1791 3179 Nune

1896 1926 2201 1982 henderent
2222 1927 2446 1995 Achior,
2476 1937 2529 1983 et
2551 1930 2917 1998 perducerent
2934 1945 3061 1986 eum
3083 1930 3135 1984 in
3160 1931 3484 2000 Bethuliam,

1896 2026 1951 2073 et
1981 2017 2254 2074 traderent
2292 2034 2413 2074 eum
2445 2021 2500 2074 in
2531 2035 2724 2077 manus
2766 2022 3001 2076 ﬁliorum
3034 2021 3221 2077 Israel.
3256 2025 3323 2077 Et
3349 2026 3492 2079 acci-

1896 2110 2105 2181 pientes
2130 2125 2255 2166 eum
2277 2112 2418 2167 servi
2450 2112 2786 2181 lIolofernis,
2817 2114 3044 2184 profecti
3070 2124 3198 2169 sunt
3231 2130 3326 2185 per
3345 2130 3493 2172 cam-

1897 2201 2099 2279 pestria
2138 2221 2149 2256 :
2204 2204 2298 2261 sed
2343 2220 2466 2259 cum
2513 2207 3041 2277 appropinquassent
3080 2207 3147 2262 ad
3197 2216 3491 2274 montana,

1897 2296 2145 2352 exierunt
2189 2306 2378 2352 contra
2423 2312 2519 2353 eos
2555 2298 2928 2355 fundibularii.
2970 2300 3051 2355 Illi
3092 2308 3271 2355 autem
3311 2298 3491 2356 diver-

1899 2397 2074 2444 tentes
2100 2404 2130 2442 a
2157 2389 2325 2443 latere
2354 2391 2575 2456 montis,
2599 2391 2904 2461 ligaverunt
2924 2390 3129 2447 Aehior
3150 2392 3216 2446 ad
3241 2394 3491 2447 arborem

1900 2482 2149 2535 manibus
2180 2490 2235 2537 et
2266 2482 2515 2553 pedibus,
2546 2492 2601 2538 et
2627 2486 2704 2538 sic
2734 2485 2972 2540 vinctum
3001 2495 3023 2523 θ
3054 2484 3298 2541 restibus
3328 2485 3493 2541 dimi-

1896 2582 2084 2627 serunt
2112 2587 2254 2638 eum,
2284 2580 2339 2627 et
2368 2574 2575 2628 reversi
2603 2584 2731 2629 sunt
2757 2575 2824 2629 ad
2856 2575 3135 2630 dominum
3160 2590 3343 2631 suum.

1966 2667 2138 2725 Porro
2170 2668 2263 2723 lilii
2290 2669 2454 2724 Israel
2486 2670 2879 2727 descendentes
2905 2672 2973 2727 de
2999 2672 3250 2729 Bethulia
3278 2718 3291 2743 ,
3323 2687 3488 2728 vene-

1896 2770 2025 2816 runt
2064 2762 2131 2816 ad
2168 2776 2290 2817 eum
2319 2780 2333 2817 :
2365 2778 2524 2833 quem
2559 2763 2833 2818 solventes
2866 2764 3140 2819 duxerunt
3178 2766 3247 2819 ad
3284 2765 3489 2820 Bethu-

1896 2854 2046 2921 liam,
2080 2863 2242 2926 atque
2266 2855 2321 2909 in
2352 2856 2590 2911 medium
2619 2857 2803 2928 populi
2833 2857 2982 2914 illum
3012 2866 3333 2927 statuentes,
3365 2874 3489 2931 per-

1896 2947 2133 3003 cunctati
2164 2956 2290 3003 sunt
2319 2949 2443 3017 quid
2479 2965 2656 3004 rerum
2686 2960 2854 3015 esset,
2888 2951 3032 3021 quod
3064 2950 3220 3005 illum
3247 2951 3490 3006 vinctum

1897 3037 2103 3111 Assyrii
2144 3039 2509 3111 reliquissent.
2553 3040 2609 3095 lu
2638 3041 2830 3097 diebus
2860 3042 2972 3097 illis
3003 3050 3161 3099 erant
3188 3043 3306 3113 illic
3338 3043 3489 3115 prin-

1896 3130 2066 3201 cipes,
2090 3129 2252 3185 Ozias
2275 3131 2416 3186 ﬁlius
2441 3131 2614 3186 Micha
2638 3131 2706 3188 de
2727 3132 2872 3188 tribu
2896 3132 3146 3202 Simeon,
3172 3142 3228 3189 et
3248 3133 3490 3203 Charmi,

194 3242 338 3299 ergo,
373 3227 447 3281 mi
482 3224 708 3280 domine
733 3265 748 3289 ,
800 3222 1060 3294 perquire
1088 3220 1135 3275 si
1176 3226 1261 3275 est
1310 3219 1491 3288 aliqua
1532 3217 1789 3287 iniquitas
1819 3222 1863 3285 C
1894 3225 1982 3294 qui
2018 3232 2072 3279 et
2105 3223 2414 3279 Gothoniel.
2452 3222 2510 3280 In
2544 3224 2725 3281 medio
2767 3224 2951 3297 itaque
2980 3226 3295 3292 seniorum,
3341 3236 3398 3282 et
3438 3226 3493 3283 in

193 3338 375 3379 eorum
404 3323 462 3376 in
491 3328 793 3391 conSpectu
825 3319 921 3373 Dei
954 3332 1141 3373 eorum
1176 3334 1187 3368 :
1222 3315 1580 3369 asecndamus
1628 3311 1693 3367 ad
1719 3310 1783 3366 il-

192 3416 294 3481 los,
329 3412 592 3484 quoniam
619 3410 841 3467 tradens
867 3408 1043 3464 tradet
1088 3408 1221 3463 illos
1250 3407 1394 3462 Deus
1433 3419 1621 3461 eorum
1668 3402 1786 3471 tibi,

197 3515 251 3563 et
274 3506 553 3577 subjugati
578 3513 742 3559 erunt
772 3503 875 3559 sub
899 3502 1029 3573 jugo
1060 3500 1317 3571 potentia:
1372 3506 1499 3553 tua}.
1550 3498 1606 3553 Si
1656 3510 1789 3552 vero

193 3614 298 3653 non
319 3608 403 3654 est
424 3596 663 3653 oﬂ'ensio
691 3593 1068 3666 populilmjus
1094 3607 1279 3649 coram
1330 3591 1439 3646 Deo
1497 3604 1617 3657 suo,
1680 3602 1787 3644 non

196 3693 500 3761 poterimus
529 3688 793 3745 resistere
816 3687 928 3742 illis
955 3704 967 3741 :
992 3686 1247 3757 quoniam
1281 3684 1427 3739 Deus
1458 3697 1646 3739 eorum
1696 3681 1790 3736 de-

189 3785 380 3841 fendet
421 3785 546 3839 illos
589 3801 603 3838 :
652 3791 708 3839 et
753 3781 957 3839 erimus
1016 3782 1070 3835 in
1114 3779 1467 3851 opprobrium
1522 3777 1789 3833 universae

192 3888 353 3935 terra:
363 3919 378 3933 .

259 3970 327 4025 Et
355 3967 562 4024 factum
591 3977 713 4037 est,
740 3982 864 4023 cum
896 3973 1167 4022 cessasset
1205 3962 1356 4033 loqui
1377 3960 1601 4034 .Achior
1623 3958 1789 4015 verba

192 4060 327 4126 haec,
356 4061 486 4115 irati
513 4069 643 4115 sunt
670 4074 863 4115 omnes
886 4068 1166 4129 magnates
1195 4052 1529 4122 Holofernis,
1560 4062 1615 4109 et
1642 4054 1788 4124 cogi-

191 4153 373 4209 tabant
408 4152 725 4208 interlicere
753 4167 913 4219 eum,
962 4152 1207 4207 dicentes
1244 4147 1310 4203 ad
1349 4158 1369 4185 ο
1406 4147 1737 4204 alterutrum
1770 4162 1783 4198 :

188 4246 315 4313 Quis
352 4255 436 4303 est
471 4245 615 4313 iste,
650 4243 744 4316 qui
780 4244 926 4300 ﬁlios
958 4243 1124 4298 Israel
1156 4256 1316 4313 posse
1347 4241 1491 4297 dicat
1528 4244 1789 4297 resistere

189 4342 297 4411 regi
327 4338 860 4409 Nabuchodonosor,
896 4350 950 4395 et
984 4339 1315 4396 exercitibus
1346 4338 1465 4409 ejus
1492 4383 1505 4408 ,
1537 4338 1789 4394 homines

187 4435 445 4502 inermes,
471 4444 530 4490 et
559 4435 681 4491 sine
710 4435 937 4501 virtute,
964 4442 1017 4489 et
1040 4433 1160 4490 sine
1183 4433 1375 4503 peritia
1401 4432 1538 4487 artis
1558 4430 1787 4503 pugnae?

192 4530 255 4585 Ut
280 4545 417 4601 ergo
443 4536 712 4600 agnoscat
740 4528 945 4585 Achior
975 4528 1228 4599 quoniam
1260 4527 1401 4582 fallit
1428 4541 1559 4595 nos,
1592 4540 1787 4582 ascen-

1896 3327 2194 3388 cunspectu
2222 3318 2483 3387 omnium,
2518 3319 2722 3374 Achior
2751 3319 2889 3375 dixit
2919 3319 3100 3376 omnia
3130 3336 3251 3391 qua:
3281 3319 3493 3377 locutus

1896 3408 2011 3478 ipse
2045 3408 2218 3464 fuerat
2249 3410 2316 3464 ab
2344 3408 2639 3465 lloloferne
2684 3411 3096 3482 interrogatus:
3129 3411 3360 3483 qualiter
3392 3426 3491 3482 po-

1893 3503 2050 3574 pulus
2074 3503 2382 3560 llolofernis
2404 3504 2663 3561 voluisset
2684 3514 2911 3576 propter
2938 3506 3041 3562 hoc
3062 3505 3297 3561 verbum
3321 3506 3491 3561 inter-

1895 3597 2056 3653 ﬁcere
2087 3612 2232 3665 eum,
2265 3609 2319 3653 et
2341 3598 2799 3667 quemadmodum
2822 3599 2939 3670 ipse
2966 3599 3292 3656 Holofernes
3322 3600 3492 3655 iratus

1888 3685 2115 3759 jusserit
2146 3704 2269 3744 eum
2313 3689 2574 3745 Israclitis
2605 3690 2706 3747 hac
2738 3691 2806 3746 de
2831 3704 2992 3747 causa
3026 3691 3162 3747 tradi
3196 3710 3207 3744 :
3238 3700 3328 3758 ut,
3363 3692 3491 3748 dum

1894 3781 2081 3843 vicerit
2121 3781 2265 3837 ﬁlios
2306 3782 2514 3847 Israel,
2561 3794 2685 3839 tunc
2716 3792 2770 3840 ct
2814 3786 2989 3855 ipsum
3029 3785 3231 3842 Achior
3260 3785 3493 3842 diversis

1887 3872 2074 3944 jubeat
2095 3873 2321 3929 interire
2340 3875 2649 3945 suppliciis,
2674 3885 2901 3947 propter
2926 3877 3027 3932 hoc
3057 3878 3199 3947 quod
3224 3877 3492 3933 dixisset:

1894 3966 2033 4020 Deus
2061 3966 2183 4021 coeli
2217 3966 2476 4022 defensor
2503 3982 2693 4023 eorum
2724 3979 2828 4024 est.
2862 3966 3105 4039 Cumque
3136 3969 3341 4024 Achior
3367 3970 3489 4023 uni-

1891 4072 2051 4113 versa
2080 4056 2198 4123 haec
2227 4058 2592 4129 exposuisset,
2622 4060 2800 4117 omnis
2825 4060 3060 4132 populus
3090 4059 3288 4116 cecidit
3316 4060 3372 4116 in
3403 4059 3488 4117 fa-
3572 4064 3587 4077 '

1892 4152 2055 4219 ciem,
2079 4151 2369 4209 adorantes
2388 4152 2704 4222 Dominum,
2729 4162 2785 4212 et
2802 4154 3079 4212 communi
3097 4153 3490 4212 lamentatione

1892 4257 1945 4304 et
1990 4246 2120 4305 ﬁetu
2159 4248 2446 4305 unanimes
2484 4263 2677 4320 preces
2708 4264 2837 4307 suas
2878 4249 3109 4306 Domino
3142 4248 3489 4316 effuderunt,

1893 4342 2135 4399 dicentes
2182 4360 2193 4395 :
2238 4341 2472 4399 Domine
2509 4342 2648 4399 Deus
2688 4342 2812 4399 cceli
2848 4350 2904 4398 et
2938 4348 3100 4398 terrae
3124 4386 3137 4412 ,
3181 4349 3238 4397 et
3280 4342 3495 4399 intuere

1892 4434 2201 4504 superbiam
2232 4448 2422 4490 eorum
2442 4475 2457 4501 ,
2504 4442 2559 4489 et
2591 4434 2804 4504 respice
2834 4433 2900 4488 ad
2931 4442 3174 4490 nostram
3211 4431 3491 4489 humilita-

1892 4534 2024 4594 tem,
2050 4526 2318 4582 etfaciem
2343 4534 2658 4582 sanctorum
2687 4535 2899 4581 tuorum
2923 4525 3164 4593 attende,
3186 4533 3242 4582 et
3261 4527 3493 4583 ostende

186 4624 379 4679 damus
424 4625 481 4679 in
518 4634 772 4679 montana
808 4643 821 4679 :
869 4630 926 4680 et
968 4638 1090 4680 cum
1121 4622 1263 4694 capti
1294 4621 1500 4679 fuerint
1543 4631 1791 4693 potentes
1819 4619 1872 4680 D
1895 4621 2151 4692 quoniam
2174 4634 2283 4676 non
2308 4620 2641 4691 derelinquis
2662 4629 3055 4692 praesumentes
3078 4620 3147 4677 de
3170 4629 3252 4677 te:
3276 4630 3328 4676 et
3351 4636 3493 4691 prte-

185 4732 400 4783 eorum,
450 4731 578 4772 cum
627 4716 834 4772 eisdem
875 4715 1058 4787 gladio
1104 4714 1635 4774 transverberabitur
1672 4732 1685 4767 :
1734 4722 1791 4768 ut

185 4814 321 4868 sciat
343 4814 532 4867 omnis
556 4826 690 4884 gens
721 4812 827 4883 [AL
851 4812 1033 4867 sciant
1052 4802 1245 4868 Omnes
1266 4807 1503 4883 gentes],
1534 4807 1791 4879 quoniam

186 4904 693 4959 Nabuchodonosor
735 4904 869 4961 deus
914 4913 1075 4962 teme
1120 4916 1239 4973 est,
1284 4913 1338 4960 et
1372 4913 1573 4973 prteter
1613 4900 1791 4974 ipsum

183 4996 325 5052 alius
359 5013 471 5051 non
497 5005 606 5052 est.

254 5088 413 5161 [ϐαρ.
434 5086 794 5159 VLJFactum
815 5097 896 5145 est
921 5098 1101 5146 autem
1133 5104 1256 5145 cum
1287 5096 1597 5145 cessassent
1618 5086 1790 5158 loqui,

183 5183 506 5253 indignatus
539 5183 862 5240 Holofernes
877 5184 1251 5251 vehementer,
1285 5183 1427 5239 dixit
1449 5183 1514 5237 ad
1538 5182 1743 5238 Aehior
1776 5200 1789 5237 :

187 5276 459 5341 Quoniam
508 5274 849 5345 prophetasti
892 5275 919 5315 ἀ
965 5277 1122 5333 nobis
1165 5277 1377 5341 dicens,
1430 5275 1578 5346 quod
1623 5289 1792 5345 genus

191 5363 356 5421 Israel
404 5364 735 5422 defendatur
774 5382 804 5423 a
830 5368 944 5425 Deo
966 5383 1089 5435 suo,
1130 5366 1501 5423 utostendam
1531 5366 1631 5423 tibi
1656 5381 1792 5437 quo-

261 5513 287 5541 ι
313 5504 371 5560 In
401 5505 653 5560 Palatino
674 5519 802 5572 ms.,
838 5504 1090 5577 Egressus
1118 5506 1273 5561 etiam
1299 5519 1441 5559 mare
1476 5520 1494 5558 :
1533 5511 1588 5559 et
1631 5517 1784 5569 mox,

195 5588 551 5641 occurrerunt,
585 5592 685 5647 pro
709 5586 1113 5646 occupaverunt.

261 5647 287 5685 δ
322 5648 425 5702 Pro
447 5648 617 5714 cultu,
645 5647 938 5717 praeferunt
972 5648 1079 5703 duo
1131 5648 1303 5703 nostri
1340 5662 1472 5703 mss.
1526 5648 1733 5701 cultura
1772 5660 1790 5700 :

198 5716 428 5773 Palatin.
453 5727 718 5786 praetcrea
747 5720 1083 5789 subsequens
1106 5717 1322 5774 Domini
1346 5733 1553 5774 nomen
1585 5727 1747 5772 tacet.

267 5800 292 5871 ξ
346 5789 535 5871 Codex
586 5790 809 5862 Reginae
836 5832 850 5859 ,
919 5788 1139 5847 dicentes
1201 5789 1335 5846 alter
1389 5790 1457 5845 ad
1522 5788 1802 5856 alterum,

198 5870 317 5931 qua
342 5902 361 5929 ,
409 5870 519 5918 etc.

1896 4720 2176 4769 sumentes
2205 4709 2273 4766 de
2301 4724 2385 4777 se,
2416 4719 2469 4766 et
2502 4711 2571 4767 de
2603 4726 2700 4767 sua
2734 4712 2933 4767 virtute
2962 4711 3280 4784 gloriantes,
3312 4712 3491 4768 humi-

1895 4806 2014 4862 lias.
2048 4804 2230 4861 Finito
2257 4804 2439 4875 itaque
2468 4803 2624 4871 ﬂetu,
2655 4813 2709 4860 et
2738 4820 2836 4875 per
2863 4813 3034 4861 totam
3066 4805 3209 4862 diem
3239 4805 3487 4866 oratione

1896 4900 2220 4972 populorum
2252 4896 2520 4969 completa
2543 4940 2559 4967 ,
2592 4897 2857 4955 consolati
2883 4908 3013 4955 sunt
3038 4898 3265 4967 Aebior,
3292 4897 3482 4953 dicen-

1898 5002 1978 5048 tes
2024 5009 2038 5045 :
2080 4992 2226 5047 Deus
2275 5000 2490 5062 patrum
2534 4999 2847 5046 nos1rorum
2872 5032 2888 5059 ,
2930 4991 3086 5061 cujus
3128 5000 3181 5045 tu
3230 4989 3486 5044 virtutem

1895 5082 2234 5160 praedicaSti,
2278 5082 2399 5155 ipse
2433 5080 2533 5139 tibi
2564 5080 2705 5138 hanc
2746 5081 2898 5138 dabit
2928 5078 3356 5137 vicissitudinem
3378 5123 3394 5149 ,
3430 5086 3491 5134 ut

1895 5191 2082 5234 eorum
2105 5174 2273 5246 magis
2296 5182 2353 5231 tu
2380 5175 2659 5231 interitum
2680 5174 2891 5231 videas.
2915 5172 3050 5229 Cum
3070 5186 3202 5231 vero
3228 5173 3491 5229 Dominus

1897 5270 2041 5327 Deus
2068 5276 2252 5325 noster
2279 5267 2492 5325 dederit
2523 5267 2668 5325 hanc
2696 5268 3009 5322 libertatem
3037 5266 3213 5323 servis
3244 5269 3390 5337 suis,
3421 5269 3492 5323 sit

1900 5376 1951 5423 et
1984 5374 2160 5422 tecum
2192 5365 2335 5421 Deus
2372 5363 2426 5419 in
2456 5363 2637 5421 medio
2672 5362 2840 5417 nostri
2871 5381 2881 5414 :
2921 5359 2938 5397 ί
2973 5369 3032 5417 ut
3060 5361 3199 5418 sicut
3230 5361 3494 5431 placuerit

1967 5496 2317 5583 {Interserit
2358 5498 2589 5554 Palatio.
2638 5499 2693 5551 in
2736 5496 2987 5553 voculam
3014 5539 3029 5566 ,
3080 5500 3399 5571 prophetasti
3436 5501 3491 5555 in

1899 5572 2283 5711 "ogullterque
2316 5649 2499 5695 uoster
2527 5654 2653 5706 ms.,
2678 5640 2907 5697 uinctum
2937 5642 3000 5697 de
3029 5642 3247 5698 restibus
3276 5640 3490 5696 dimise-

1902 5722 2045 5778 runt,
2080 5713 2167 5767 vel
2198 5711 2530 5766 demiserunt.

1987 5783 2005 5823 τ
2050 5784 2147 5838 llic
2169 5783 2412 5864 .Palatin.
2446 5797 2547 5840 ms.
2580 5794 2636 5839 ut
2666 5784 2945 5852 voculam,
2978 5798 3103 5841 mox
3132 5793 3185 5841 et
3224 5782 3491 5839 uobiscum

1912 5862 2298 5928 praetermittit.
