4062 6356
595 382 666 442 l7
1613 369 1671 428 S.
1713 361 2095 426 IIIERONYMI
2134 359 2366 421 DIVINA
2404 353 2883 420 BIBLIOTIIECA.

3821 346 3917 410 48

594 499 722 566 tibi,
771 497 846 554 ita
883 506 1007 554 cum
1045 491 1152 551 tuis
1191 491 1447 550 omnibus
1486 489 1841 546 convcrscris
1883 485 2186 541 nobiscum.
2218 485 2274 544 Α
2297 495 2407 537 non
2437 487 2521 535 cst
2547 477 2639 550 qui
2670 475 2924 547 adjuvet,
2955 483 3080 529 cum
3107 470 3523 543 prosternamur
3547 470 3680 524 ante
3704 465 3915 523 oculos

595 591 752 648 Tunc
779 588 964 656 Ozias,
997 587 1152 644 ﬁnito
1183 585 1438 652 consilio,
1471 582 1714 652 suscepit
1745 595 1868 636 eum
1895 580 1947 633 in
1975 577 2194 632 domum

593 689 772 752 suam,
796 693 850 741 et
870 683 998 739 fecit
1020 682 1071 738 ei
1096 696 1308 739 cmnam
1333 694 1604 750 magnam.
1627 677 1701 732 Et
1721 674 1930 731 vocatis
1945 671 2198 729 omnibus

593 777 952 853 presbyteris,
981 777 1140 832 simul
1162 776 1384 847 expleto
1402 772 1617 844 jejunio
1639 769 1974 827 refecerunt.
1998 766 2195 822 Postea

591 886 727 928 vero
757 877 1094 926 convocatus
1136 877 1219 924 est
1259 866 1438 922 omnis
1480 863 1742 935 populus,
1796 868 1853 916 et
1889 874 1988 930 per
2024 865 2195 914 totam

594 972 816 1021 noctem
840 963 981 1018 intra
1003 958 1294 1018 ecclesiam
1315 963 1634 1027 oraverunt,
1659 961 1912 1027 petentes
1932 950 2194 1007 auxilium

595 1072 630 1112 a
658 1057 772 1113 Deo
797 1055 987 1113 Israel.
1567 1099 1571 1103 .

669 1151 823 1226 [Cap.
861 1147 1001 1222 Vll.]
1043 1146 1367 1204 Ilolofernes
1396 1151 1577 1201 autem
1605 1141 1780 1199 altera
1809 1139 1897 1220 die
1938 1133 2198 1208 praecepit

593 1242 930 1301 exercitibus
961 1241 1109 1308 suis,
1149 1248 1210 1296 ut
1247 1237 1609 1296 ascenderent
1649 1241 1839 1291 contra
1867 1229 2193 1288 Bethuliam.

593 1337 771 1392 Erant
830 1342 1013 1391 autem
1065 1332 1278 1404 pedites
1337 1331 1666 1387 bellatorum
1725 1334 1947 1382 centum
2005 1322 2198 1394 viginti

593 1426 802 1493 millia,
834 1433 890 1482 et
920 1423 1132 1496 equites
1164 1422 1356 1494 viginti
1385 1421 1494 1476 duo
1525 1417 1693 1474 millia
1717 1455 1734 1483 ,
1762 1424 1960 1486 praeter
1985 1427 2195 1485 praepa-

593 1518 842 1574 rationes
866 1518 1110 1573 virorum
1142 1515 1398 1579 illorum,
1443 1525 1582 1582 quos
1612 1516 1985 1580 occupaverat
2023 1505 2196 1576 capti—

592 1609 762 1674 vitas,
807 1616 865 1664 et
905 1605 1124 1662 abducti
1167 1605 1382 1660 fuerant
1421 1603 1491 1658 de
1534 1601 1834 1674 provinciis
1873 1608 1929 1655 et
1963 1597 2196 1653 urbibus

592 1704 866 1759 universae
883 1700 1208 1771 iuventutis.
1237 1699 1439 1755 Omnes
1460 1705 1790 1769 paraverunt
1815 1709 1875 1750 se
1899 1693 2105 1765 pariter
2125 1690 2195 1746 ad

590 1807 826 1866 pugnam
853 1801 1049 1848 contra
1081 1792 1222 1847 ﬁlios
1251 1791 1462 1859 Israel”,
1504 1797 1560 1845 et
1586 1795 1854 1844 venerunt
1890 1802 1986 1856 per
2019 1783 2195 1855 crepi-

2298 588 2488 631 corum
2517 572 2572 626 in
2603 571 2690 625 siti
2717 577 2774 625 et
2802 566 3108 640 perditione
3136 578 3348 635 magna.
3379 563 3449 619 Et
3492 575 3637 618 nunc
3661 575 3913 632 congre-

2296 677 2422 740 gatc
2450 667 2738 722 universos
2763 663 2854 736 qui
2885 663 2940 718 in
2969 662 3193 719 civitate
3223 669 3372 727 sunt,
3400 667 3462 715 ut
3487 669 3683 729 sponte
3715 657 3915 713 trada-

2299 777 2420 818 mus
2449 775 2548 817 nos
2583 774 2772 815 omnes
2812 757 3010 828 p0pulo
3041 753 3379 812 Holofernis.
3411 753 3602 809 Melius
3632 761 3717 808 est
3745 751 3910 808 enim

2298 872 2358 920 ut
2385 861 2585 934 captivi
2623 857 3011 916 benedicamus
3042 855 3336 912 Dominum
3357 894 3372 920 ,
3404 852 3685 916 viventes,
3728 864 3912 922 quam

2297 954 2616 1024 moriamur,
2651 960 2709 1009 et
2734 950 2909 1008 simus
2947 947 3304 1020 opprobrium
3351 945 3500 1001 omni
3547 942 3734 1012 carni,
3768 957 3910 1000 cum

2295 1048 2597 1106 viderimus
2628 1059 2831 1102 uxores
2860 1051 3102 1110 nostras,
3134 1051 3190 1097 et
3215 1039 3450 1096 infantes
3480 1045 3722 1106 nostros,
3756 1036 3911 1093 mori

2298 1150 2423 1198 ante
2463 1141 2651 1197 oculos
2692 1147 2930 1195 nostros.
2977 1135 3366 1192 Contestamur
3413 1131 3576 1189 hodie
3608 1130 3808 1188 caelum
3846 1137 3918 1186 et

2299 1243 2498 1291 terram
2518 1274 2534 1299 ,
2567 1242 2621 1287 et
2650 1231 2824 1286 Deum
2857 1236 3078 1300 patrum
3107 1237 3450 1293 nostrorum,
3483 1226 3575 1296 qui
3615 1223 3916 1281 ulciscitur

2297 1341 2398 1382 nos
2428 1323 2726 1382 secundum
2766 1329 2989 1392 peccata
3019 1328 3239 1386 nostra,
3277 1326 3336 1374 ut
3358 1318 3471 1389 jam
3506 1315 3734 1373 tradatis
3760 1315 3910 1372 civi-

2297 1429 2462 1476 tatem
2491 1420 2544 1475 in
2577 1433 2738 1473 manu
2767 1415 2978 1471 militia:
3002 1412 3348 1478 Holofernis,
3382 1419 3439 1468 et
3467 1410 3537 1466 sit
3567 1410 3686 1466 ﬁnis
3711 1418 3913 1466 noster

2299 1511 2482 1567 brevis
2510 1511 2563 1565 in
2592 1523 2688 1564 ore
2718 1506 2903 1579 gladii,
2933 1505 3026 1577 qui
3055 1505 3270 1576 longior
3297 1503 3534 1560 efﬁcitur
3561 1503 3613 1558 in
3645 1501 3913 1557 ariditate

2300 1601 2438 1658 sitis.
2474 1602 2691 1657 Etcum
2717 1600 2833 1656 haec
2859 1597 3156 1666 dixissent,
3188 1597 3366 1652 factus
3389 1605 3476 1653 est
3505 1594 3666 1652 fletus
3694 1603 3749 1650 et
3776 1593 3912 1649 ulu-

2298 1695 2442 1752 latus
2463 1708 2689 1766 magnus
2715 1694 2768 1748 in
2800 1692 3030 1749 ecclesia
3061 1691 3130 1747 ab
3158 1690 3436 1756 omnibus,
3475 1696 3530 1745 et
3560 1702 3658 1758 per
3686 1686 3905 1742 multas

2298 1789 2461 1846 horas
2506 1806 2611 1845 una
2655 1802 2791 1844 voce
2827 1787 3206 1843 clamaverunt
3245 1783 3311 1839 ad
3353 1783 3559 1847 Deum,
3605 1779 3853 1836 dicentes
3880 1794 3902 1832 :

593 1885 780 1940 dinem
811 1883 1012 1940 montis
1043 1898 1216 1955 usque
1251 1883 1320 1938 ad
1351 1883 1561 1954 apicem
1592 1924 1608 1949 ,
1643 1877 1740 1953 qui
1772 1879 1994 1950 respicit
2031 1892 2197 1948 super
2224 1867 2274 1930 Β
2300 1880 2650 1940 Peccavimus
2679 1896 2804 1938 cum
2839 1879 3082 1950 patribus
3115 1877 3319 1934 nostris
3345 1918 3360 1942 ,
3411 1875 3611 1946 injuste
3645 1873 3855 1946 egimus
3877 1910 3901 1937 ,

591 1976 868 2042 Dothain,
917 1990 949 2029 a
991 1974 1114 2030 loco
1163 1973 1256 2044 qui
1304 1972 1506 2029 dicitur
1553 1981 1580 2010 ιι
1620 1971 1852 2038 Bolma,
1902 1983 2074 2041 usque
2125 1967 2196 2024 ad

593 2069 863 2126 Chelmon
891 2071 984 2140 qui
1015 2077 1099 2125 est
1121 2079 1314 2124 contra
1340 2067 1636 2123 Esdrelon.

663 2159 791 2216 Filii
830 2168 1014 2217 autem
1053 2159 1227 2216 Israel
1259 2168 1318 2215 ut
1356 2159 1611 2215 viderunt
1641 2156 2044 2214 multitudinem
2076 2155 2197 2212 illo-

593 2267 740 2321 rum,
768 2260 1186 2322 prostraverunt
1215 2267 1277 2309 se
1301 2265 1467 2318 super
1491 2251 1720 2316 terram,
1745 2247 2021 2305 mittentes
2049 2249 2198 2303 cinc-

591 2359 712 2399 rem
760 2357 928 2414 super
959 2343 1137 2414 capita
1169 2358 1263 2399 sua
1286 2382 1304 2411 ,
1345 2341 1632 2397 unanimes
1663 2349 1924 2406 orantes,
1963 2348 2026 2394 ut
2055 2339 2198 2394 Deus

589 2434 762 2492 Israel
784 2434 1216 2492 misericordiam
1236 2449 1388 2490 suam
1412 2433 1731 2490 ostenderet
1750 2447 1915 2504 super
1936 2430 2195 2503 populum

593 2545 775 2585 suum.
799 2529 868 2585 Et
891 2537 1236 2585 assumentes
1263 2543 1413 2584 arma
1439 2542 1538 2583 sua
1563 2527 1784 2592 bellica,
1817 2526 2079 2582 sederunt
2101 2539 2199 2595 per

599 2620 746 2690 loca,
771 2637 892 2692 qua:
923 2621 990 2676 ad
1017 2621 1230 2692 angusti
1260 2621 1473 2676 itineris
1497 2620 1768 2675 tramitem
1791 2619 2035 2690 dirigunt
2055 2618 2199 2672 inter

594 2725 846 2769 montosa
879 2713 988 2786 [ΑΙ.
1038 2711 1388 2784 montuosa],
1423 2722 1479 2769 et
1519 2721 1675 2769 erant
1723 2710 2106 2768 custodientes
2133 2723 2197 2765 ea

595 2814 708 2861 tota
741 2805 830 2861 die
861 2819 926 2861 ac
959 2813 1143 2860 nocte.

665 2898 842 2953 Porro
870 2897 1224 2963 Holofernes,
1249 2896 1379 2953 dum
1403 2897 1597 2952 circuit
1626 2910 1725 2968 per
1749 2910 1967 2969 gyrum,
1995 2892 2201 2964 reperit

591 2989 739 3060 quod
783 2987 944 3052 fons,
988 2989 1082 3059 qui
1114 2987 1382 3044 inﬂuebat
1406 3031 1423 3057 ,
1471 3003 1625 3059 aqua:
1662 2988 1886 3043 ductum
1920 2986 2136 3042 illorum
2169 2998 2198 3038 a

594 3089 754 3152 parte
785 3079 1027 3156 australi
1072 3089 1226 3134 extra
1267 3082 1548 3136 civitatem
1590 3079 1850 3150 dirigeret
1883 3094 1898 3134 :
1941 3087 1998 3135 et
2036 3076 2199 3133 incidi

595 3174 857 3244 prmcepit
895 3187 1048 3244 aqua:
1100 3173 1319 3229 ductum
1367 3173 1614 3228 illorum.
1659 3173 1832 3228 Erant
1875 3181 2056 3227 tamen
2089 3184 2197 3225 non

2300 1976 2641 2046 iniquitatem
2691 1973 2947 2028 fecimus.
2989 1970 3106 2037 Tu,
3155 1969 3280 2041 quia
3323 1967 3445 2040 pius
3489 1983 3584 2033 es,
3630 1966 3908 2021 miserere

2299 2069 2496 2135 nostri,
2519 2077 2613 2124 aut
2635 2069 2689 2124 in
2712 2076 2805 2123 tuo
2828 2065 3048 2137 ﬁagello
3073 2064 3285 2120 vindica
3312 2063 3627 2133 iniquitates
3649 2069 3904 2127 nostras,

2299 2171 2356 2220 et
2385 2163 2497 2219 noli
2529 2161 2744 2217 tradere
2778 2157 2805 2197 ἀ
2838 2158 3164 2215 conﬁtcntes
3211 2165 3297 2220 te,
3331 2153 3532 2225 populo
3561 2151 3653 2223 qui
3679 2149 3916 2222 ignorat

2299 2266 2376 2326 te,
2406 2267 2468 2313 ut
2495 2271 2601 2314 non
2623 2256 2808 2312 dicant
2831 2254 2976 2310 inter
2997 2260 3191 2325 gentes
3215 2267 3229 2307 :
3263 2247 3366 2305 Ubi
3395 2257 3480 2305 est
3502 2247 3646 2302 Deus
3667 2259 3858 2301 eorum
3873 2243 3910 2298 ἲ

2299 2353 2371 2408 Et
2396 2367 2522 2407 cum
2544 2349 2754 2422 fatigati
2784 2348 2868 2403 his
2896 2346 3250 2408 clamoribus,
3275 2352 3331 2399 et
3352 2341 3437 2396 his
3461 2339 3686 2398 ﬁetibus
3707 2336 3910 2393 lassati

2299 2444 2603 2508 siluissent,
2635 2454 2938 2511 exsurgens
2966 2438 3128 2495 Ozias
3159 2436 3368 2491 infusus
3397 2432 3676 2506 lacrymis,
3710 2429 3852 2485 dixit
3886 2445 3908 2484 :

2301 2533 2484 2605 JEquo
2523 2533 2706 2588 animo
2733 2540 2942 2597 estote,
2990 2531 3223 2597 fratres,
3267 2535 3324 2582 et
3364 2526 3463 2581 hos
3509 2523 3750 2594 quinque
3776 2521 3910 2576 dies

2301 2636 2682 2696 exspectemus
2703 2640 2734 2679 a
2752 2624 2982 2678 Domino
3005 2619 3466 2677 misericordiam.
3485 2616 3736 2673 Forsitan
3757 2614 3918 2669 enim

2302 2719 2731 2790 indignationem
2779 2730 2930 2771 suam
2978 2713 3308 2781 abscindet,
3362 2721 3418 2766 et
3467 2709 3619 2765 dabit
3675 2706 3920 2778 gloriam

2303 2811 2507 2868 nomini
2521 2825 2640 2866 suo.
2661 2809 2718 2864 Si
2737 2819 2914 2864 autem
2933 2807 3218 2862 transactis
3231 2806 3466 2875 quinque
3483 2801 3676 2857 diebus
3691 2813 3796 2854 non
3812 2813 3923 2852 ve—

2302 2904 2444 2958 nerit
2460 2901 2808 2972 adjutorium,
2830 2898 3213 2954 faciemushzec
3227 2897 3546 2965 verba,qu:e
3567 2890 3918 2948 locutiestis.

2375 2994 2528 3068 [Cap.
2574 2991 2737 3064 Vlll.]
2792 2993 2855 3048 Et
2906 2991 3106 3047 factum
3153 2999 3269 3057 est,
3316 3003 3439 3044 cum
3490 2986 3736 3042 audisset
3785 2985 3921 3040 hmo

2304 3089 2469 3144 verba
2492 3085 2685 3143 Judith
2715 3084 2900 3148 vidua,
2931 3076 3059 3154 quae
3075 3093 3194 3139 erat
3227 3082 3332 3136 ﬁlia
3364 3079 3585 3143 Merari,
3619 3077 3714 3132 ﬁlii
3749 3075 3916 3143 ldox,

2304 3179 2402 3234 ﬁlii
2431 3177 2668 3248 Joseph,
2715 3176 2813 3230 ﬁlii
2859 3175 3038 3242 Ozias,
3074 3173 3170 3228 ﬁlii
3209 3171 3365 3241 Elai,
3406 3170 3503 3225 filii
3532 3171 3777 3236 Jamnor,
3806 3165 3920 3221 ﬁlii

593 3265 762 3336 longe
798 3280 825 3319 ει
859 3265 1032 3321 muris
1071 3263 1283 3330 fontes.
1329 3280 1397 3319 ex
1428 3265 1623 3336 quibus
1654 3262 1836 3319 furtim
1879 3262 2202 3317 videbamur
2228 3252 2275 3316 C
2308 3271 2573 3337 chcou,
2608 3270 2704 3324 ﬁlii
2736 3269 3034 3339 Rapltaim,
3068 3266 3162 3322 ﬁlii
3197 3264 3466 3329 Achitob,
3496 3262 3588 3318 ﬁlii
3620 3260 3865 3317 Melchim
3896 3300 3920 3325 ,

596 3355 821 3414 haurire
867 3371 1102 3429 aquam,
1150 3356 1219 3412 ad
1265 3355 1682 3413 refocillandum
1726 3355 1907 3428 potius
1937 3369 2100 3427 quam
2130 3353 2200 3410 ad

597 3448 926 3522 potandum.

669 3542 780 3600 Sed
811 3543 908 3598 filii
937 3543 1178 3600 Ammon
1205 3551 1262 3600 et
1291 3541 1452 3599 Moab
1479 3549 1834 3600 accesserunt
1859 3539 1924 3595 ad
1949 3538 2202 3596 Holofer-

597 3652 724 3693 nem
746 3677 761 3703 ,
793 3636 1040 3692 dicentes
1075 3654 1088 3690 :
1126 3635 1258 3692 Filii
1295 3636 1494 3704 Israel,
1544 3650 1653 3690 non
1696 3635 1751 3690 in
1784 3634 1970 3689 lancea
2002 3647 2103 3688 nec
2143 3632 2200 3688 in

597 3731 800 3800 sagitta
836 3729 1149 3797 conﬁdunt,
1199 3728 1296 3786 sed
1346 3737 1565 3784 montes
1613 3726 1916 3784 defendunt
1947 3726 2204 3794 illos,'et

598 3818 630 3861 ιδ
672 3823 921 3876 muniunt
963 3821 1088 3876 illos
1131 3821 1303 3877 colles
1345 3821 1400 3874 in
1441 3820 1754 3891 prmcipitio
1794 3818 2093 3874 constituti.
2133 3816 2202 3874 Ut

597 3927 730 3983 ergo
759 3911 876 3967 sine
906 3913 1299 3983 congressione
1327 3927 1524 3982 pugna:
1569 3911 1749 3982 possis
1787 3925 2052 3982 superare
2079 3924 2198 3975 eos,

598 4021 744 4077 pone
771 4005 1027 4062 custodes
1055 4005 1304 4070 fontium,
1332 4014 1392 4059 ut
1422 4020 1530 4058 non
1565 4005 1818 4059 hauriant
1849 4015 1870 4042 ο
1904 4018 2099 4074 aquam
2129 4017 2199 4058 ex

598 4100 714 4162 eis,
757 4106 814 4152 et
852 4098 970 4152 sine
999 4095 1179 4166 gladio
1205 4095 1502 4150 interﬁcies
1530 4109 1658 4161 eos,
1689 4095 1777 4151 vel
1806 4103 1956 4151 certe
1988 4094 2198 4164 fatigati

596 4188 817 4243 tradent
855 4186 1131 4242 civitatem
1175 4201 1329 4242 suam
1352 4227 1367 4252 ,
1399 4203 1562 4257 quam
1606 4195 1798 4258 putant
1828 4187 1882 4244 in
1910 4185 2197 4244 montibus

599 4279 832 4349 positam
863 4278 1111 4348 superari
1155 4293 1264 4334 non
1321 4293 1503 4348 posse.
1550 4278 1620 4334 Et
1661 4281 1994 4350 placuerunt
2032 4280 2199 4336 verba

603 4371 721 4424 hmc
745 4382 929 4422 coram
958 4367 1252 4424 Iloloferne
1275 4409 1288 4434 ,
1317 4379 1373 4424 et
1399 4385 1586 4426 coram
1613 4372 1942 4427 satellitibus
1968 4373 2118 4441 ejus,
2148 4379 2204 4426 et

601 4459 888 4515 cozistituit
910 4475 1005 4530 per
1027 4475 1215 4531 gyrum
1239 4463 1590 4518 centenarias
1610 4479 1709 4532 per
1730 4464 1976 4534 singulos
1996 4463 2199 4519 fontes.

600 4550 845 4622 Cumque
867 4551 967 4606 ista
995 4551 1244 4608 custodia
1269 4567 1366 4622 per
1388 4551 1506 4608 dies
1527 4555 1717 4625 viginti
1748 4555 1940 4630 fuisset
1963 4556 2202 4626 expleta,

2305 3367 2402 3422 ﬁlii
2431 3367 2606 3431 Euan,
2635 3363 2734 3419 ﬁlii
2762 3362 3064 3431 Nathanize,
3101 3361 3194 3415 ﬁlii
3224 3357 3516 3423 Salathiel,
3540 3356 3634 3411 ﬁlii
3659 3355 3917 3421 Simeon,

2304 3459 2402 3514 ﬁlii
2436 3457 2627 3513 Ruben
2667 3472 2682 3509 :
2722 3465 2777 3510 et
2803 3453 2885 3509 vir
2914 3455 3035 3522 ejus
3061 3451 3338 3507 Manasses
3362 3492 3377 3518 ,
3424 3449 3514 3519 qui
3546 3455 3797 3503 mortuus
3824 3455 3922 3501 est

2305 3552 2359 3607 in
2401 3550 2595 3606 diebus
2625 3547 2824 3603 messis
2860 3545 3225 3601 hordeaceae:
3275 3541 3515 3597 instabat
3557 3539 3701 3596 enim
3744 3551 3923 3607 super

2305 3645 2590 3715 alligantes
2617 3641 2927 3712 manipulos
2957 3640 3011 3694 in
3044 3653 3265 3708 campo,
3296 3645 3352 3690 et
3379 3633 3529 3690 venit
3551 3640 3716 3688 aestus
3738 3644 3921 3700 super

2305 3744 2469 3805 caput
2499 3734 2619 3804 ejus
2643 3775 2657 3800 ,
2688 3741 2743 3788 et
2772 3741 3022 3787 mortuus
3053 3737 3137 3786 est
3164 3729 3219 3783 in
3252 3726 3502 3783 Bethulia
3525 3725 3746 3781 civitate
3772 3735 3910 3787 sua,

2305 3838 2361 3884 et
2397 3827 2646 3898 sepultus
2688 3834 2772 3880 est
2809 3825 2922 3879 illic
2965 3839 3088 3878 cum
3120 3820 3366 3892 patribus
3395 3819 3530 3875 suis.
3560 3818 3690 3873 Erat
3719 3823 3914 3870 autem

2304 3919 2492 3976 Judith
2527 3919 2715 3974 relicta
2746 3917 2864 3986 ejus
2893 3915 3054 3970 vidua
3090 3914 3201 3984 jam
3229 3913 3387 3967 annis
3420 3909 3595 3965 tribus
3617 3953 3632 3977 ,
3668 3919 3722 3963 et
3751 3922 3917 3962 men-

2305 4012 2458 4066 sibus
2499 4025 2616 4066 sex.
2654 4009 2725 4063 Et
2765 4007 2820 4062 in
2851 4005 3227 4076 superioribus
3256 4003 3456 4058 domus
3495 4015 3608 4054 suae
3641 3999 3769 4054 fecit
3798 3999 3912 4053 sibi

2305 4111 2582 4159 secretum
2615 4099 2956 4168 cubiculum,
2987 4099 3041 4153 in
3071 4113 3176 4169 quo
3203 4111 3326 4154 cum
3354 4085 3546 4165 puellis
3577 4093 3691 4148 suis
3721 4092 3914 4148 clausa

2307 4197 2644 4264 morabatur,
2683 4203 2738 4250 et
2771 4194 2978 4248 habens
3007 4206 3173 4262 super
3213 4189 3433 4245 lumbos
3463 4201 3594 4243 suos
3625 4184 3870 4241 cilicium
3891 4226 3912 4252 ,

2301 4289 2590 4362 jejuuabat
2617 4286 2871 4343 omnibus
2894 4285 3087 4340 diebus
3111 4283 3239 4338 vitae
3266 4297 3400 4348 sum,
3427 4287 3626 4350 prteter
3654 4277 3905 4341 sabbata,

2307 4389 2362 4438 et
2392 4379 2714 4436 neomenias
2739 4386 2793 4432 et
2817 4377 2958 4432 festa
2985 4376 3183 4431 domus
3205 4373 3388 4429 Israel.
3423 4372 3556 4427 Erat
3578 4379 3760 4425 autem
3789 4370 3912 4425 ele—

2307 4471 2456 4542 ganti
2486 4480 2710 4542 aspectu
2740 4467 2902 4523 nimis
2923 4509 2938 4532 ,
2977 4467 3065 4522 cui
3096 4466 3180 4520 vir
3206 4480 3336 4520 suus
3369 4465 3666 4534 reliquerat
3689 4459 3908 4516 divitias

2309 4561 2551 4628 multas,
2606 4569 2662 4615 et
2714 4558 2974 4616 familiam
3031 4559 3353 4628 copiosam,
3407 4571 3471 4611 ac
3522 4555 3902 4626 possessiones

599 4646 920 4702 defecerunt
941 4645 1214 4712 cisternte,
1239 4655 1295 4700 et
1319 4646 1675 4706 collectiones
1697 4663 1982 4718 aquarum,
2011 4649 2194 4705 omni-

2303 4653 2538 4712 armenti
2559 4653 2725 4708 boum
2752 4661 2804 4707 et
2833 4651 3092 4722 gregibus
3113 4649 3295 4704 ovium
3320 4649 3538 4720 plenas.
3565 4648 3632 4702 Et
3649 4654 3766 4702 erat
3788 4645 3908 4700 hzec

593 4741 698 4798 bus
741 4737 1109 4794 habitantibus
1147 4737 1452 4793 Bethuliam
1489 4737 1612 4810 [ΑΙ.
1657 4739 2091 4797 inhabitantibus
2134 4741 2190 4797 in

591 4829 890 4903 Bethulia],
919 4831 993 4885 ita
1020 4838 1079 4885 ut
1108 4845 1217 4886 non
1243 4840 1431 4887 essent
1457 4831 1598 4885 intra
1628 4831 1909 4888 civitatem
1934 4834 2078 4890 unde
2102 4850 2193 4891 sa-

593 4924 861 4981 tiarentur
881 4925 969 4980 vel
993 4939 1096 4980 una
1120 4926 1228 4991 die,
1253 4928 1508 4996 quoniam
1531 4923 1600 4980 ad
1622 4940 1935 4983 mensuram
1958 4927 2192 4986 dabatur

590 5015 812 5085 populis
840 5029 978 5086 aqua
1008 5015 1272 5086 quotidie.

665 5105 815 5160 Tunc
836 5106 901 5161 ad
924 5107 1109 5162 Oziam
1131 5108 1447 5178 congregati
1472 5123 1662 5168 onmes
1683 5110 1812 5178 viri,
1835 5111 2185 5185 feminaeque,

586 5197 818 5267 juvenes
847 5208 904 5254 et
927 5200 1156 5269 parvuli,
1185 5215 1376 5257 omnes
1407 5202 1568 5258 simul
1599 5220 1701 5258 una
1732 5220 1868 5261 voce
1889 5207 2145 5263 dixerunt
2170 5226 2184 5263 :

590 5289 806 5347 Judicet
833 5292 976 5347 Deus
1002 5293 1146 5349 inter
1175 5307 1276 5349 nos
1305 5305 1361 5350 et
1389 5303 1442 5350 te
1463 5335 1478 5360 ,
1511 5297 1766 5364 quoniam
1798 5296 1974 5356 fecisti
2002 5299 2054 5354 in
2089 5314 2186 5356 nos

586 5380 754 5448 mala,
787 5381 981 5439 nolens
1008 5383 1157 5455 loqui
1188 5385 1411 5456 paciﬁce
1439 5401 1560 5440 cum
1591 5389 1856 5459 Assyriis,
1883 5402 1936 5446 et
1959 5403 2187 5462 propter

587 5473 694 5532 hoc
723 5475 970 5533 vendidit
1011 5492 1110 5535 nos
1137 5477 1283 5537 Deus
1319 5481 1372 5536 in
1411 5479 1662 5538 manibus
1691 5497 1907 5539 eorum.
1951 5486 2020 5541 Et
2059 5486 2186 5544 ideo

584 5649 597 5714 ξ
657 5648 685 5714 ξι
725 5637 783 5714 In
815 5643 1016 5714 nostris
1043 5656 1178 5708 mss,
1203 5651 1259 5699 et
1284 5644 1514 5714 vulgatis
1547 5644 1728 5711 libris,
1754 5643 1939 5700 Belma
1957 5645 2179 5704 dicitur.

657 5709 687 5749 ι’
729 5710 948 5796 Reperit
988 5713 1221 5796 Palatio.
1260 5709 1852 5786 msfdefendunt'illos
1899 5728 1948 5772 et
1993 5721 2178 5788 colles,

585 5797 686 5854 pro
705 5793 967 5854 ptumum,
1001 5793 1113 5840 etc.

658 5865 682 5894 ο
702 5852 848 5940 Idem
861 5870 992 5925 ms.,
1033 5854 1278 5914 hauriant
1299 5874 1364 5916 ex
1389 5858 1479 5929 eis,
1506 5858 1624 5918 sine
1655 5860 1974 5920 intermedia
2004 5877 2138 5923 voce
2157 5906 2173 5937 ,

2302 4751 2360 4807 in
2396 4760 2418 4788 ε’
2451 4747 2711 4806 omnibus
2744 4746 3104 4802 famosissima
3129 4787 3144 4813 ,
3177 4745 3432 4816 quoniam
3465 4743 3689 4797 timebat
3722 4740 3911 4796 Domi-

2297 4858 2431 4900 num
2465 4840 2626 4897 valde
2647 4882 2662 4909 ,
2696 4854 2797 4896 uec
2822 4848 2942 4896 erat
2971 4839 3062 4909 qui
3093 4839 3408 4908 loqueretur
3435 4835 3504 4891 de
3545 4835 3638 4890 illa
3668 4833 3895 4890 verbum

2299 4937 2523 4993 malum.

2372 5031 2499 5085 Ilaec
2530 5029 2710 5098 itaque
2747 5041 2869 5082 cum
2903 5024 3173 5096 audisset,
3211 5023 3463 5095 quoniam
3490 5021 3650 5078 Ozias
3694 5021 3909 5092 promi.

2295 5123 2460 5177 sisset
2485 5121 2624 5191 quod
2659 5127 2936 5175 transacto
2963 5119 3154 5189 quinto
3195 5117 3282 5171 die
3320 5116 3554 5170 traderet
3591 5115 3901 5170 civitatem:

2295 5215 2448 5271 misit
2480 5213 2546 5269 ad
2568 5213 2917 5285 presbyteros
2939 5211 3139 5267 Chabri
3171 5218 3226 5265 et
3255 5209 3501 5265 Charmi.
3546 5208 3612 5263 Et
3636 5215 3903 5263 venerunt

2293 5308 2361 5364 ad
2393 5309 2563 5373 illam,
2597 5315 2652 5363 et
2673 5306 2812 5361 dixit
2837 5305 2985 5361 illis:
3018 5303 3160 5375 quod
3188 5303 3393 5357 esthoc
3427 5302 3676 5370 verbum,
3718 5303 3770 5357 in
3793 5316 3902 5370 quo

2293 5401 2560 5457 censentit
2581 5399 2761 5463 Ozias,
2803 5407 2863 5452 ut
2886 5397 3058 5452 tradat
3091 5397 3372 5452 civitatem
3396 5395 3654 5466 Assyriis,
3684 5393 3728 5449 si
3752 5393 3896 5448 intra

2293 5495 2534 5564 quinque
2564 5492 2682 5547 dies
2723 5505 2828 5546 non
2859 5489 3071 5546 venerit
3099 5488 3260 5544 vobis
3299 5487 3666 5559 adiutorium?
3712 5486 3778 5542 Et
3807 5486 3896 5556 qui

2297 5664 2507 5704 amcam.

2329 5665 2507 5704 ‘uanu

2329 5665 2393 5758 qd
2434 5720 2674 5775 Rursum
2703 5718 2846 5776 idem
2879 5733 3009 5784 ms.,
3039 5719 3357 5790 conﬁdentes
3384 5719 3439 5772 in
3470 5727 3537 5773 te.

2370 5800 2394 5829 ε
2435 5791 2553 5846 Duo
2583 5807 2712 5859 ms.,
2734 5794 2790 5846 in
2821 5809 2879 5846 eo
2909 5792 3147 5864 onznibus
3175 5791 3582 5864 [at'ntosissimq,
3614 5790 3889 5862 quoniam,

2293 5871 2428 5934 etc.,
2453 5878 2573 5934 quae
2602 5864 3002 5922 contemnenda
3035 5863 3152 5934 ipsa
3177 5860 3394 5935 quoque
3424 5860 3585 5918 lectio
3611 5875 3716 5919 non
3741 5871 3841 5921 est.
3875 5860 3895 5938 ',
