  <div class='ocr_page' id='page_1' title='image "/cluster/home/n/w/nwhite01/storage/ocr_20150623/29/hvd.32044015471428/030.png"; bbox 0 0 4062 6356; ppageno 0'>
   <div class='ocr_carea' id='block_1_1' title="bbox 179 334 246 393">
    <p class='ocr_par' dir='ltr' id='par_1_1' title="bbox 179 334 246 393">
     <span class='ocr_line' id='line_1_1' title="bbox 179 334 246 393; baseline 0 0"><span class='ocrx_word' id='word_1_1' title='bbox 179 334 246 393; x_wconf 74' lang='grc' dir='ltr'><strong>ιθ</strong></span> 
     </span>
    </p>
   </div>
   <div class='ocr_carea' id='block_1_2' title="bbox 1593 331 2096 392">
    <p class='ocr_par' dir='ltr' id='par_1_2' title="bbox 1593 331 2096 392">
     <span class='ocr_line' id='line_1_2' title="bbox 1593 331 2096 392; baseline 0.004 -4"><span class='ocrx_word' id='word_1_2' title='bbox 1593 331 1795 389; x_wconf 80' lang='lat' dir='ltr'><strong>LIBER</strong></span> <span class='ocrx_word' id='word_1_3' title='bbox 1831 331 2096 392; x_wconf 75' lang='lat' dir='ltr'><strong>JUDITH.</strong></span> 
     </span>
    </p>
   </div>
   <div class='ocr_carea' id='block_1_3' title="bbox 3425 348 3497 407">
    <p class='ocr_par' dir='ltr' id='par_1_3' title="bbox 3425 348 3497 407">
     <span class='ocr_line' id='line_1_3' title="bbox 3425 348 3497 407; baseline 0.014 -1"><span class='ocrx_word' id='word_1_4' title='bbox 3425 348 3497 407; x_wconf 77' lang='grc' dir='ltr'><strong>εο</strong></span> 
     </span>
    </p>
   </div>
   <div class='ocr_carea' id='block_1_4' title="bbox 181 449 3494 521">
    <p class='ocr_par' dir='ltr' id='par_1_4' title="bbox 181 449 3494 521">
     <span class='ocr_line' id='line_1_4' title="bbox 181 449 3494 521; baseline 0.004 -14"><span class='ocrx_word' id='word_1_5' title='bbox 181 452 312 510; x_wconf 85' lang='lat' dir='ltr'><strong>estis</strong></span> <span class='ocrx_word' id='word_1_6' title='bbox 332 464 455 519; x_wconf 78' lang='lat' dir='ltr'><strong>vos,</strong></span> <span class='ocrx_word' id='word_1_7' title='bbox 483 449 579 521; x_wconf 87' lang='lat' dir='ltr'><strong>qui</strong></span> <span class='ocrx_word' id='word_1_8' title='bbox 611 450 833 508; x_wconf 91' lang='lat' dir='ltr'><strong>tentatis</strong></span> <span class='ocrx_word' id='word_1_9' title='bbox 862 449 1188 506; x_wconf 84' lang='lat' dir='ltr'><strong>Dominum?</strong></span> <span class='ocrx_word' id='word_1_10' title='bbox 1217 449 1332 508; x_wconf 82' lang='lat' dir='ltr'><strong>Non</strong></span> <span class='ocrx_word' id='word_1_11' title='bbox 1363 458 1447 508; x_wconf 93' lang='lat' dir='ltr'><strong>est</strong></span> <span class='ocrx_word' id='word_1_12' title='bbox 1472 450 1573 507; x_wconf 91' lang='lat' dir='ltr'><strong>iste</strong></span> <span class='ocrx_word' id='word_1_13' title='bbox 1595 464 1795 518; x_wconf 87' lang='lat' dir='ltr'><strong>sermo,</strong></span> <span class='ocrx_word' id='word_1_14' title='bbox 1823 451 1876 512; x_wconf 80' lang='grc' dir='ltr'>Α</span> <span class='ocrx_word' id='word_1_15' title='bbox 1903 457 1958 506; x_wconf 91' lang='lat' dir='ltr'><strong>et</strong></span> <span class='ocrx_word' id='word_1_16' title='bbox 1989 449 2255 508; x_wconf 88' lang='lat' dir='ltr'><strong>Dominus</strong></span> <span class='ocrx_word' id='word_1_17' title='bbox 2278 451 2349 508; x_wconf 90' lang='lat' dir='ltr'><strong>sit</strong></span> <span class='ocrx_word' id='word_1_18' title='bbox 2374 460 2548 508; x_wconf 89' lang='lat' dir='ltr'><strong>tecum</strong></span> <span class='ocrx_word' id='word_1_19' title='bbox 2580 451 2633 509; x_wconf 94' lang='lat' dir='ltr'><strong>in</strong></span> <span class='ocrx_word' id='word_1_20' title='bbox 2663 454 2932 513; x_wconf 75' lang='lat' dir='ltr'><strong>ultionem</strong></span> <span class='ocrx_word' id='word_1_21' title='bbox 2980 457 3328 516; x_wconf 82' lang='lat' dir='ltr'><strong>inimicorum</strong></span> <span class='ocrx_word' id='word_1_22' title='bbox 3367 476 3494 519; x_wconf 85' lang='lat' dir='ltr'><strong>nos-</strong></span> 
     </span>
    </p>
   </div>
   <div class='ocr_carea' id='block_1_5' title="bbox 180 541 1792 615">
    <p class='ocr_par' dir='ltr' id='par_1_5' title="bbox 180 541 1792 615">
     <span class='ocr_line' id='line_1_5' title="bbox 180 541 1792 615; baseline 0.001 -18"><span class='ocrx_word' id='word_1_23' title='bbox 180 543 266 615; x_wconf 85' lang='lat' dir='ltr'><strong>qui</strong></span> <span class='ocrx_word' id='word_1_24' title='bbox 297 541 745 599; x_wconf 90' lang='lat' dir='ltr'><strong>misericordiam</strong></span> <span class='ocrx_word' id='word_1_25' title='bbox 774 552 801 581; x_wconf 75' lang='grc' dir='ltr'>α</span> <span class='ocrx_word' id='word_1_26' title='bbox 840 550 1128 612; x_wconf 83' lang='lat' dir='ltr'><strong>provocet,</strong></span> <span class='ocrx_word' id='word_1_27' title='bbox 1167 543 1264 598; x_wconf 91' lang='lat' dir='ltr'><strong>sed</strong></span> <span class='ocrx_word' id='word_1_28' title='bbox 1315 542 1495 612; x_wconf 89' lang='lat' dir='ltr'><strong>potius</strong></span> <span class='ocrx_word' id='word_1_29' title='bbox 1535 542 1623 613; x_wconf 91' lang='lat' dir='ltr'><strong>qui</strong></span> <span class='ocrx_word' id='word_1_30' title='bbox 1656 542 1792 598; x_wconf 89' lang='lat' dir='ltr'><strong>iram</strong></span> 
     </span>
    </p>
   </div>
   <div class='ocr_carea' id='block_1_6' title="bbox 179 634 1792 703">
    <p class='ocr_par' dir='ltr' id='par_1_6' title="bbox 179 634 1792 703">
     <span class='ocr_line' id='line_1_6' title="bbox 179 634 1792 703; baseline -0.001 -11"><span class='ocrx_word' id='word_1_31' title='bbox 179 636 402 700; x_wconf 88' lang='lat' dir='ltr'><strong>excitet,</strong></span> <span class='ocrx_word' id='word_1_32' title='bbox 432 645 492 691; x_wconf 88' lang='lat' dir='ltr'><strong>et</strong></span> <span class='ocrx_word' id='word_1_33' title='bbox 521 636 766 690; x_wconf 89' lang='lat' dir='ltr'><strong>furorem</strong></span> <span class='ocrx_word' id='word_1_34' title='bbox 815 635 1100 690; x_wconf 84' lang='lat' dir='ltr'><strong>accendat.</strong></span> <span class='ocrx_word' id='word_1_35' title='bbox 1133 634 1401 691; x_wconf 86' lang='lat' dir='ltr'><strong>Posuistis</strong></span> <span class='ocrx_word' id='word_1_36' title='bbox 1435 649 1533 690; x_wconf 92' lang='lat' dir='ltr'><strong>vos</strong></span> <span class='ocrx_word' id='word_1_37' title='bbox 1579 644 1792 703; x_wconf 82' lang='lat' dir='ltr'><strong>tempus</strong></span> 
     </span>
    </p>
   </div>
   <div class='ocr_carea' id='block_1_7' title="bbox 179 727 1789 797">
    <p class='ocr_par' dir='ltr' id='par_1_7' title="bbox 179 727 1789 797">
     <span class='ocr_line' id='line_1_7' title="bbox 179 727 1789 797; baseline 0 -13"><span class='ocrx_word' id='word_1_38' title='bbox 179 727 559 784; x_wconf 81' lang='lat' dir='ltr'><strong>miserationis</strong></span> <span class='ocrx_word' id='word_1_39' title='bbox 595 729 836 797; x_wconf 87' lang='lat' dir='ltr'><strong>Domini,</strong></span> <span class='ocrx_word' id='word_1_40' title='bbox 859 729 984 784; x_wconf 86' lang='lat' dir='ltr'><strong>etin</strong></span> <span class='ocrx_word' id='word_1_41' title='bbox 1015 728 1302 784; x_wconf 83' lang='lat' dir='ltr'><strong>arbitrium</strong></span> <span class='ocrx_word' id='word_1_42' title='bbox 1333 738 1608 796; x_wconf 90' lang='lat' dir='ltr'><strong>vestrum,</strong></span> <span class='ocrx_word' id='word_1_43' title='bbox 1645 729 1789 785; x_wconf 91' lang='lat' dir='ltr'><strong>diem</strong></span> 
     </span>
    </p>
   </div>
   <div class='ocr_carea' id='block_1_8' title="bbox 175 820 1788 892">
    <p class='ocr_par' dir='ltr' id='par_1_8' title="bbox 175 820 1788 892">
     <span class='ocr_line' id='line_1_8' title="bbox 175 820 1788 892; baseline 0 -15"><span class='ocrx_word' id='word_1_44' title='bbox 175 820 544 878; x_wconf 85' lang='lat' dir='ltr'><strong>constituistis</strong></span> <span class='ocrx_word' id='word_1_45' title='bbox 591 822 663 877; x_wconf 94' lang='lat' dir='ltr'><strong>ei.</strong></span> <span class='ocrx_word' id='word_1_46' title='bbox 707 821 816 876; x_wconf 86' lang='lat' dir='ltr'><strong>Sed</strong></span> <span class='ocrx_word' id='word_1_47' title='bbox 854 823 978 892; x_wconf 89' lang='lat' dir='ltr'><strong>quia</strong></span> <span class='ocrx_word' id='word_1_48' title='bbox 1029 822 1240 892; x_wconf 89' lang='lat' dir='ltr'><strong>patiens</strong></span> <span class='ocrx_word' id='word_1_49' title='bbox 1291 823 1551 878; x_wconf 91' lang='lat' dir='ltr'><strong>Dominus</strong></span> <span class='ocrx_word' id='word_1_50' title='bbox 1587 832 1702 889; x_wconf 90' lang='lat' dir='ltr'><strong>est,</strong></span> <span class='ocrx_word' id='word_1_51' title='bbox 1735 822 1788 877; x_wconf 94' lang='lat' dir='ltr'><strong>in</strong></span> 
     </span>
    </p>
   </div>
   <div class='ocr_carea' id='block_1_9' title="bbox 175 913 1790 986">
    <p class='ocr_par' dir='ltr' id='par_1_9' title="bbox 175 913 1790 986">
     <span class='ocr_line' id='line_1_9' title="bbox 175 913 1790 986; baseline 0.002 -18"><span class='ocrx_word' id='word_1_52' title='bbox 175 915 278 968; x_wconf 90' lang='lat' dir='ltr'><strong>hoc</strong></span> <span class='ocrx_word' id='word_1_53' title='bbox 302 915 422 983; x_wconf 91' lang='lat' dir='ltr'><strong>ipso</strong></span> <span class='ocrx_word' id='word_1_54' title='bbox 448 915 843 985; x_wconf 77' lang='lat' dir='ltr'><strong>pmniteamus,</strong></span> <span class='ocrx_word' id='word_1_55' title='bbox 880 923 932 970; x_wconf 91' lang='lat' dir='ltr'><strong>et</strong></span> <span class='ocrx_word' id='word_1_56' title='bbox 975 913 1368 986; x_wconf 90' lang='lat' dir='ltr'><strong>indulgentiam</strong></span> <span class='ocrx_word' id='word_1_57' title='bbox 1406 915 1523 985; x_wconf 92' lang='lat' dir='ltr'><strong>ejus</strong></span> <span class='ocrx_word' id='word_1_58' title='bbox 1553 916 1686 971; x_wconf 90' lang='lat' dir='ltr'><strong>fusis</strong></span> <span class='ocrx_word' id='word_1_59' title='bbox 1711 916 1790 971; x_wconf 85' lang='lat' dir='ltr'><strong>la-</strong></span> 
     </span>
    </p>
   </div>
   <div class='ocr_carea' id='block_1_10' title="bbox 175 1006 1788 1076">
    <p class='ocr_par' dir='ltr' id='par_1_10' title="bbox 175 1006 1788 1076">
     <span class='ocr_line' id='line_1_10' title="bbox 175 1006 1788 1076; baseline 0.002 -16"><span class='ocrx_word' id='word_1_60' title='bbox 175 1006 376 1075; x_wconf 78' lang='lat' dir='ltr'><strong>crymis</strong></span> <span class='ocrx_word' id='word_1_61' title='bbox 399 1007 786 1073; x_wconf 80' lang='lat' dir='ltr'><strong>postulemus:</strong></span> <span class='ocrx_word' id='word_1_62' title='bbox 813 1021 922 1060; x_wconf 92' lang='lat' dir='ltr'><strong>non</strong></span> <span class='ocrx_word' id='word_1_63' title='bbox 955 1006 1103 1061; x_wconf 93' lang='lat' dir='ltr'><strong>enim</strong></span> <span class='ocrx_word' id='word_1_64' title='bbox 1136 1008 1290 1076; x_wconf 89' lang='lat' dir='ltr'><strong>quasi</strong></span> <span class='ocrx_word' id='word_1_65' title='bbox 1322 1007 1510 1075; x_wconf 92' lang='lat' dir='ltr'><strong>homo,</strong></span> <span class='ocrx_word' id='word_1_66' title='bbox 1536 1009 1615 1064; x_wconf 91' lang='lat' dir='ltr'><strong>sic</strong></span> <span class='ocrx_word' id='word_1_67' title='bbox 1643 1009 1788 1064; x_wconf 90' lang='lat' dir='ltr'><strong>Deus</strong></span> 
     </span>
    </p>
   </div>
   <div class='ocr_carea' id='block_1_11' title="bbox 175 1095 1789 1168">
    <p class='ocr_par' dir='ltr' id='par_1_11' title="bbox 175 1095 1789 1168">
     <span class='ocr_line' id='line_1_11' title="bbox 175 1095 1789 1168; baseline 0.002 -16"><span class='ocrx_word' id='word_1_68' title='bbox 175 1095 634 1162; x_wconf 86' lang='lat' dir='ltr'><strong>comminabitur,</strong></span> <span class='ocrx_word' id='word_1_69' title='bbox 672 1112 850 1168; x_wconf 90' lang='lat' dir='ltr'><strong>neque</strong></span> <span class='ocrx_word' id='word_1_70' title='bbox 883 1097 1025 1152; x_wconf 86' lang='lat' dir='ltr'><strong>sicut</strong></span> <span class='ocrx_word' id='word_1_71' title='bbox 1052 1099 1199 1153; x_wconf 84' lang='lat' dir='ltr'><strong>filius</strong></span> <span class='ocrx_word' id='word_1_72' title='bbox 1229 1099 1469 1154; x_wconf 84' lang='lat' dir='ltr'><strong>hominis</strong></span> <span class='ocrx_word' id='word_1_73' title='bbox 1487 1100 1789 1156; x_wconf 85' lang='lat' dir='ltr'><strong>adiracun-</strong></span> 
     </span>
    </p>
   </div>
   <div class='ocr_carea' id='block_1_12' title="bbox 176 1188 1786 1248">
    <p class='ocr_par' dir='ltr' id='par_1_12' title="bbox 176 1188 1786 1248">
     <span class='ocr_line' id='line_1_12' title="bbox 176 1188 1786 1248; baseline 0.002 -4"><span class='ocrx_word' id='word_1_74' title='bbox 176 1189 315 1244; x_wconf 87' lang='lat' dir='ltr'><strong>diam</strong></span> <span class='ocrx_word' id='word_1_75' title='bbox 342 1188 806 1245; x_wconf 83' lang='lat' dir='ltr'><strong>inﬂammabitur.</strong></span> <span class='ocrx_word' id='word_1_76' title='bbox 843 1190 909 1245; x_wconf 86' lang='lat' dir='ltr'><strong>Et</strong></span> <span class='ocrx_word' id='word_1_77' title='bbox 945 1189 1069 1246; x_wconf 90' lang='lat' dir='ltr'><strong>ideo</strong></span> <span class='ocrx_word' id='word_1_78' title='bbox 1105 1191 1546 1247; x_wconf 89' lang='lat' dir='ltr'><strong>humiliemusilli</strong></span> <span class='ocrx_word' id='word_1_79' title='bbox 1577 1193 1786 1248; x_wconf 90' lang='lat' dir='ltr'><strong>animas</strong></span> 
     </span>
    </p>
   </div>
   <div class='ocr_carea' id='block_1_13' title="bbox 178 1282 1784 1352">
    <p class='ocr_par' dir='ltr' id='par_1_13' title="bbox 178 1282 1784 1352">
     <span class='ocr_line' id='line_1_13' title="bbox 178 1282 1784 1352; baseline 0.004 -16"><span class='ocrx_word' id='word_1_80' title='bbox 178 1292 412 1348; x_wconf 87' lang='lat' dir='ltr'><strong>nostras,</strong></span> <span class='ocrx_word' id='word_1_81' title='bbox 451 1293 508 1338; x_wconf 88' lang='lat' dir='ltr'><strong>et</strong></span> <span class='ocrx_word' id='word_1_82' title='bbox 527 1284 584 1338; x_wconf 93' lang='lat' dir='ltr'><strong>in</strong></span> <span class='ocrx_word' id='word_1_83' title='bbox 607 1282 801 1352; x_wconf 90' lang='lat' dir='ltr'><strong>spiritu</strong></span> <span class='ocrx_word' id='word_1_84' title='bbox 830 1285 1113 1340; x_wconf 85' lang='lat' dir='ltr'><strong>constituti</strong></span> <span class='ocrx_word' id='word_1_85' title='bbox 1144 1284 1454 1352; x_wconf 91' lang='lat' dir='ltr'><strong>humiliato,</strong></span> <span class='ocrx_word' id='word_1_86' title='bbox 1481 1287 1784 1343; x_wconf 82' lang='lat' dir='ltr'><strong>servientes</strong></span> 
     </span>
    </p>
   </div>
   <div class='ocr_carea' id='block_1_14' title="bbox 178 1375 1785 1444">
    <p class='ocr_par' dir='ltr' id='par_1_14' title="bbox 178 1375 1785 1444">
     <span class='ocr_line' id='line_1_14' title="bbox 178 1375 1785 1444; baseline 0.003 -14"><span class='ocrx_word' id='word_1_87' title='bbox 178 1375 273 1441; x_wconf 90' lang='lat' dir='ltr'><strong>illi,</strong></span> <span class='ocrx_word' id='word_1_88' title='bbox 302 1375 564 1433; x_wconf 86' lang='lat' dir='ltr'><strong>dicamus</strong></span> <span class='ocrx_word' id='word_1_89' title='bbox 590 1377 785 1433; x_wconf 82' lang='lat' dir='ltr'><strong>flentes</strong></span> <span class='ocrx_word' id='word_1_90' title='bbox 815 1377 1064 1444; x_wconf 90' lang='lat' dir='ltr'><strong>Domino,</strong></span> <span class='ocrx_word' id='word_1_91' title='bbox 1101 1387 1160 1432; x_wconf 93' lang='lat' dir='ltr'><strong>ut</strong></span> <span class='ocrx_word' id='word_1_92' title='bbox 1195 1378 1494 1434; x_wconf 91' lang='lat' dir='ltr'><strong>secundum</strong></span> <span class='ocrx_word' id='word_1_93' title='bbox 1533 1380 1785 1436; x_wconf 83' lang='lat' dir='ltr'><strong>volunta-</strong></span> 
     </span>
    </p>
   </div>
   <div class='ocr_carea' id='block_1_15' title="bbox 177 1468 1777 1527">
    <p class='ocr_par' dir='ltr' id='par_1_15' title="bbox 177 1468 1777 1527">
     <span class='ocr_line' id='line_1_15' title="bbox 177 1468 1777 1527; baseline 0.003 -5"><span class='ocrx_word' id='word_1_94' title='bbox 177 1479 281 1524; x_wconf 88' lang='lat' dir='ltr'><strong>tem</strong></span> <span class='ocrx_word' id='word_1_95' title='bbox 305 1481 466 1523; x_wconf 88' lang='lat' dir='ltr'><strong>suam</strong></span> <span class='ocrx_word' id='word_1_96' title='bbox 496 1469 582 1524; x_wconf 86' lang='lat' dir='ltr'><strong>sic</strong></span> <span class='ocrx_word' id='word_1_97' title='bbox 617 1469 782 1524; x_wconf 86' lang='lat' dir='ltr'><strong>faciat</strong></span> <span class='ocrx_word' id='word_1_98' title='bbox 808 1468 1090 1524; x_wconf 89' lang='lat' dir='ltr'><strong>nobiscum</strong></span> <span class='ocrx_word' id='word_1_99' title='bbox 1132 1469 1568 1525; x_wconf 91' lang='lat' dir='ltr'><strong>misericordiam</strong></span> <span class='ocrx_word' id='word_1_100' title='bbox 1597 1487 1777 1527; x_wconf 87' lang='lat' dir='ltr'><strong>suam:</strong></span> 
     </span>
    </p>
   </div>
   <div class='ocr_carea' id='block_1_16' title="bbox 175 1561 1781 1635">
    <p class='ocr_par' dir='ltr' id='par_1_16' title="bbox 175 1561 1781 1635">
     <span class='ocr_line' id='line_1_16' title="bbox 175 1561 1781 1635; baseline 0.003 -19"><span class='ocrx_word' id='word_1_101' title='bbox 175 1571 229 1616; x_wconf 80' lang='lat' dir='ltr'><strong>ut</strong></span> <span class='ocrx_word' id='word_1_102' title='bbox 271 1561 419 1617; x_wconf 85' lang='lat' dir='ltr'><strong>sicut</strong></span> <span class='ocrx_word' id='word_1_103' title='bbox 468 1563 860 1618; x_wconf 85' lang='lat' dir='ltr'><strong>conturbatum</strong></span> <span class='ocrx_word' id='word_1_104' title='bbox 894 1571 977 1619; x_wconf 89' lang='lat' dir='ltr'><strong>est</strong></span> <span class='ocrx_word' id='word_1_105' title='bbox 1027 1579 1123 1618; x_wconf 89' lang='lat' dir='ltr'><strong>cor</strong></span> <span class='ocrx_word' id='word_1_106' title='bbox 1160 1574 1405 1619; x_wconf 88' lang='lat' dir='ltr'><strong>nostrum</strong></span> <span class='ocrx_word' id='word_1_107' title='bbox 1439 1565 1494 1618; x_wconf 94' lang='lat' dir='ltr'><strong>in</strong></span> <span class='ocrx_word' id='word_1_108' title='bbox 1527 1566 1781 1635; x_wconf 87' lang='lat' dir='ltr'><strong>superbia</strong></span> 
     </span>
    </p>
   </div>
   <div class='ocr_carea' id='block_1_17' title="bbox 174 1653 1775 1726">
    <p class='ocr_par' dir='ltr' id='par_1_17' title="bbox 174 1653 1775 1726">
     <span class='ocr_line' id='line_1_17' title="bbox 174 1653 1775 1726; baseline 0.005 -19"><span class='ocrx_word' id='word_1_109' title='bbox 174 1667 392 1719; x_wconf 87' lang='lat' dir='ltr'><strong>eorum,</strong></span> <span class='ocrx_word' id='word_1_110' title='bbox 443 1653 520 1708; x_wconf 90' lang='lat' dir='ltr'><strong>ita</strong></span> <span class='ocrx_word' id='word_1_111' title='bbox 573 1656 737 1709; x_wconf 91' lang='lat' dir='ltr'><strong>etiam</strong></span> <span class='ocrx_word' id='word_1_112' title='bbox 779 1654 847 1710; x_wconf 90' lang='lat' dir='ltr'><strong>de</strong></span> <span class='ocrx_word' id='word_1_113' title='bbox 891 1665 1078 1710; x_wconf 87' lang='lat' dir='ltr'><strong>nostra</strong></span> <span class='ocrx_word' id='word_1_114' title='bbox 1115 1655 1421 1711; x_wconf 84' lang='lat' dir='ltr'><strong>humilitate</strong></span> <span class='ocrx_word' id='word_1_115' title='bbox 1450 1657 1775 1726; x_wconf 84' lang='lat' dir='ltr'><strong>gloriemur:</strong></span> 
     </span>
    </p>
   </div>
   <div class='ocr_carea' id='block_1_18' title="bbox 175 1746 1774 1818">
    <p class='ocr_par' dir='ltr' id='par_1_18' title="bbox 175 1746 1774 1818">
     <span class='ocr_line' id='line_1_18' title="bbox 175 1746 1774 1818; baseline 0.005 -20"><span class='ocrx_word' id='word_1_116' title='bbox 175 1746 434 1815; x_wconf 87' lang='lat' dir='ltr'><strong>quoniam</strong></span> <span class='ocrx_word' id='word_1_117' title='bbox 452 1761 563 1800; x_wconf 91' lang='lat' dir='ltr'><strong>non</strong></span> <span class='ocrx_word' id='word_1_118' title='bbox 577 1759 768 1800; x_wconf 89' lang='lat' dir='ltr'><strong>sumus</strong></span> <span class='ocrx_word' id='word_1_119' title='bbox 783 1747 954 1801; x_wconf 87' lang='lat' dir='ltr'><strong>secuti</strong></span> <span class='ocrx_word' id='word_1_120' title='bbox 975 1756 1196 1816; x_wconf 81' lang='lat' dir='ltr'><strong>peccata</strong></span> <span class='ocrx_word' id='word_1_121' title='bbox 1213 1757 1424 1816; x_wconf 89' lang='lat' dir='ltr'><strong>patrum</strong></span> <span class='ocrx_word' id='word_1_122' title='bbox 1443 1758 1774 1818; x_wconf 91' lang='lat' dir='ltr'><strong>nostrorum,</strong></span> 
     </span>
    </p>
   </div>
   <div class='ocr_carea' id='block_1_19' title="bbox 1901 544 2892 604">
    <p class='ocr_par' dir='ltr' id='par_1_19' title="bbox 1901 544 2892 604">
     <span class='ocr_line' id='line_1_19' title="bbox 1901 544 2892 604; baseline 0.004 -4"><span class='ocrx_word' id='word_1_123' title='bbox 1901 553 2128 600; x_wconf 87' lang='lat' dir='ltr'><strong>trorum.</strong></span> <span class='ocrx_word' id='word_1_124' title='bbox 2160 544 2229 599; x_wconf 88' lang='lat' dir='ltr'><strong>Et</strong></span> <span class='ocrx_word' id='word_1_125' title='bbox 2255 556 2594 602; x_wconf 88' lang='lat' dir='ltr'><strong>revertentes</strong></span> <span class='ocrx_word' id='word_1_126' title='bbox 2619 547 2892 604; x_wconf 79' lang='lat' dir='ltr'><strong>abierunt.</strong></span> 
     </span>
    </p>
   </div>
   <div class='ocr_carea' id='block_1_20' title="bbox 1971 634 3490 714">
    <p class='ocr_par' dir='ltr' id='par_1_20' title="bbox 1971 634 3490 714">
     <span class='ocr_line' id='line_1_20' title="bbox 1971 634 3490 714; baseline 0.008 -26"><span class='ocrx_word' id='word_1_127' title='bbox 1971 634 2121 706; x_wconf 78' lang='lat' dir='ltr'><strong>[Cap.</strong></span> <span class='ocrx_word' id='word_1_128' title='bbox 2148 634 2264 707; x_wconf 80' lang='lat' dir='ltr'><strong>1X.]</strong></span> <span class='ocrx_word' id='word_1_129' title='bbox 2291 635 2499 702; x_wconf 84' lang='lat' dir='ltr'><strong>Quibus</strong></span> <span class='ocrx_word' id='word_1_130' title='bbox 2520 647 2541 675; x_wconf 81' lang='grc' dir='ltr'><strong>ο</strong></span> <span class='ocrx_word' id='word_1_131' title='bbox 2574 637 3014 708; x_wconf 90' lang='lat' dir='ltr'><strong>abscedentibus,</strong></span> <span class='ocrx_word' id='word_1_132' title='bbox 3040 640 3223 698; x_wconf 78' lang='lat' dir='ltr'><strong>Iudith</strong></span> <span class='ocrx_word' id='word_1_133' title='bbox 3247 643 3490 714; x_wconf 88' lang='lat' dir='ltr'><strong>ingressa</strong></span> 
     </span>
    </p>
   </div>
   <div class='ocr_carea' id='block_1_21' title="bbox 1896 729 3492 805">
    <p class='ocr_par' dir='ltr' id='par_1_21' title="bbox 1896 729 3492 805">
     <span class='ocr_line' id='line_1_21' title="bbox 1896 729 3492 805; baseline 0.006 -24"><span class='ocrx_word' id='word_1_134' title='bbox 1896 732 1979 781; x_wconf 89' lang='lat' dir='ltr'><strong>est</strong></span> <span class='ocrx_word' id='word_1_135' title='bbox 2001 729 2304 783; x_wconf 87' lang='lat' dir='ltr'><strong>oratorium</strong></span> <span class='ocrx_word' id='word_1_136' title='bbox 2336 742 2528 785; x_wconf 87' lang='lat' dir='ltr'><strong>suum:</strong></span> <span class='ocrx_word' id='word_1_137' title='bbox 2558 739 2612 785; x_wconf 91' lang='lat' dir='ltr'><strong>et</strong></span> <span class='ocrx_word' id='word_1_138' title='bbox 2656 729 2886 786; x_wconf 92' lang='lat' dir='ltr'><strong>induens</strong></span> <span class='ocrx_word' id='word_1_139' title='bbox 2940 745 3000 786; x_wconf 92' lang='lat' dir='ltr'><strong>se</strong></span> <span class='ocrx_word' id='word_1_140' title='bbox 3045 733 3260 804; x_wconf 91' lang='lat' dir='ltr'><strong>cilicio,</strong></span> <span class='ocrx_word' id='word_1_141' title='bbox 3309 736 3492 805; x_wconf 89' lang='lat' dir='ltr'><strong>posuit</strong></span> 
     </span>
    </p>
   </div>
   <div class='ocr_carea' id='block_1_22' title="bbox 1893 819 3482 896">
    <p class='ocr_par' dir='ltr' id='par_1_22' title="bbox 1893 819 3482 896">
     <span class='ocr_line' id='line_1_22' title="bbox 1893 819 3482 896; baseline 0.004 -21"><span class='ocrx_word' id='word_1_142' title='bbox 1893 819 2133 875; x_wconf 92' lang='lat' dir='ltr'><strong>cinerem</strong></span> <span class='ocrx_word' id='word_1_143' title='bbox 2149 834 2312 890; x_wconf 83' lang='lat' dir='ltr'><strong>super</strong></span> <span class='ocrx_word' id='word_1_144' title='bbox 2330 829 2489 890; x_wconf 88' lang='lat' dir='ltr'><strong>caput</strong></span> <span class='ocrx_word' id='word_1_145' title='bbox 2505 837 2662 877; x_wconf 90' lang='lat' dir='ltr'><strong>suum</strong></span> <span class='ocrx_word' id='word_1_146' title='bbox 2681 839 2694 876; x_wconf 91' lang='lat'><strong>:</strong></span> <span class='ocrx_word' id='word_1_147' title='bbox 2711 831 2765 878; x_wconf 90' lang='lat' dir='ltr'><strong>et</strong></span> <span class='ocrx_word' id='word_1_148' title='bbox 2776 831 3131 893; x_wconf 89' lang='lat' dir='ltr'><strong>prosternens</strong></span> <span class='ocrx_word' id='word_1_149' title='bbox 3148 840 3207 881; x_wconf 88' lang='lat' dir='ltr'><strong>se</strong></span> <span class='ocrx_word' id='word_1_150' title='bbox 3229 826 3482 896; x_wconf 91' lang='lat' dir='ltr'><strong>Domino,</strong></span> 
     </span>
    </p>
   </div>
   <div class='ocr_carea' id='block_1_23' title="bbox 1893 911 3486 992">
    <p class='ocr_par' dir='ltr' id='par_1_23' title="bbox 1893 911 3486 992">
     <span class='ocr_line' id='line_1_23' title="bbox 1893 911 3486 992; baseline 0.007 -26"><span class='ocrx_word' id='word_1_151' title='bbox 1893 911 2166 967; x_wconf 88' lang='lat' dir='ltr'><strong>clamabat</strong></span> <span class='ocrx_word' id='word_1_152' title='bbox 2191 914 2257 968; x_wconf 87' lang='lat' dir='ltr'><strong>ad</strong></span> <span class='ocrx_word' id='word_1_153' title='bbox 2283 914 2596 982; x_wconf 92' lang='lat' dir='ltr'><strong>Dominum,</strong></span> <span class='ocrx_word' id='word_1_154' title='bbox 2632 915 2848 972; x_wconf 90' lang='lat' dir='ltr'><strong>dicens:</strong></span> <span class='ocrx_word' id='word_1_155' title='bbox 2881 917 3111 974; x_wconf 89' lang='lat' dir='ltr'><strong>Domine</strong></span> <span class='ocrx_word' id='word_1_156' title='bbox 3143 919 3285 976; x_wconf 92' lang='lat' dir='ltr'><strong>Deus</strong></span> <span class='ocrx_word' id='word_1_157' title='bbox 3314 923 3486 992; x_wconf 87' lang='lat' dir='ltr'><strong>patris</strong></span> 
     </span>
    </p>
   </div>
   <div class='ocr_carea' id='block_1_24' title="bbox 1891 1005 3483 1080">
    <p class='ocr_par' dir='ltr' id='par_1_24' title="bbox 1891 1005 3483 1080">
     <span class='ocr_line' id='line_1_24' title="bbox 1891 1005 3483 1080; baseline 0.005 -20"><span class='ocrx_word' id='word_1_158' title='bbox 1891 1007 1996 1061; x_wconf 91' lang='lat' dir='ltr'><strong>mei</strong></span> <span class='ocrx_word' id='word_1_159' title='bbox 2030 1005 2276 1075; x_wconf 92' lang='lat' dir='ltr'><strong>Simeon,</strong></span> <span class='ocrx_word' id='word_1_160' title='bbox 2309 1007 2400 1078; x_wconf 93' lang='lat' dir='ltr'><strong>qui</strong></span> <span class='ocrx_word' id='word_1_161' title='bbox 2426 1007 2623 1063; x_wconf 90' lang='lat' dir='ltr'><strong>dedisti</strong></span> <span class='ocrx_word' id='word_1_162' title='bbox 2656 1008 2733 1064; x_wconf 91' lang='lat' dir='ltr'><strong>illi</strong></span> <span class='ocrx_word' id='word_1_163' title='bbox 2759 1009 2995 1080; x_wconf 86' lang='lat' dir='ltr'><strong>gladium</strong></span> <span class='ocrx_word' id='word_1_164' title='bbox 3023 1011 3079 1066; x_wconf 93' lang='lat' dir='ltr'><strong>in</strong></span> <span class='ocrx_word' id='word_1_165' title='bbox 3107 1012 3483 1070; x_wconf 81' lang='lat' dir='ltr'><strong>defensionem</strong></span> 
     </span>
    </p>
   </div>
   <div class='ocr_carea' id='block_1_25' title="bbox 1889 1097 3486 1171">
    <p class='ocr_par' dir='ltr' id='par_1_25' title="bbox 1889 1097 3486 1171">
     <span class='ocr_line' id='line_1_25' title="bbox 1889 1097 3486 1171; baseline 0.006 -19"><span class='ocrx_word' id='word_1_166' title='bbox 1889 1097 2347 1169; x_wconf 86' lang='lat' dir='ltr'><strong>alienigenarum,</strong></span> <span class='ocrx_word' id='word_1_167' title='bbox 2376 1101 2471 1171; x_wconf 91' lang='lat' dir='ltr'><strong>qui</strong></span> <span class='ocrx_word' id='word_1_168' title='bbox 2512 1102 2812 1157; x_wconf 84' lang='lat' dir='ltr'><strong>violatores</strong></span> <span class='ocrx_word' id='word_1_169' title='bbox 2857 1105 3191 1160; x_wconf 83' lang='lat' dir='ltr'><strong>exstiterunt</strong></span> <span class='ocrx_word' id='word_1_170' title='bbox 3238 1106 3292 1160; x_wconf 92' lang='lat' dir='ltr'><strong>in</strong></span> <span class='ocrx_word' id='word_1_171' title='bbox 3333 1107 3486 1161; x_wconf 90' lang='lat' dir='ltr'><strong>coin-</strong></span> 
     </span>
    </p>
   </div>
   <div class='ocr_carea' id='block_1_26' title="bbox 1887 1192 3482 1268">
    <p class='ocr_par' dir='ltr' id='par_1_26' title="bbox 1887 1192 3482 1268">
     <span class='ocr_line' id='line_1_26' title="bbox 1887 1192 3482 1268; baseline 0.006 -23"><span class='ocrx_word' id='word_1_172' title='bbox 1887 1192 2203 1262; x_wconf 89' lang='lat' dir='ltr'><strong>quinatione</strong></span> <span class='ocrx_word' id='word_1_173' title='bbox 2227 1208 2345 1262; x_wconf 88' lang='lat' dir='ltr'><strong>sua,</strong></span> <span class='ocrx_word' id='word_1_174' title='bbox 2375 1203 2430 1250; x_wconf 90' lang='lat' dir='ltr'><strong>et</strong></span> <span class='ocrx_word' id='word_1_175' title='bbox 2457 1194 2866 1250; x_wconf 90' lang='lat' dir='ltr'><strong>denudaverunt</strong></span> <span class='ocrx_word' id='word_1_176' title='bbox 2939 1195 3116 1252; x_wconf 88' lang='lat' dir='ltr'><strong>femur</strong></span> <span class='ocrx_word' id='word_1_177' title='bbox 3157 1197 3385 1268; x_wconf 89' lang='lat' dir='ltr'><strong>virginis</strong></span> <span class='ocrx_word' id='word_1_178' title='bbox 3426 1199 3482 1254; x_wconf 92' lang='lat' dir='ltr'><strong>in</strong></span> 
     </span>
    </p>
   </div>
   <div class='ocr_carea' id='block_1_27' title="bbox 1886 1284 3482 1359">
    <p class='ocr_par' dir='ltr' id='par_1_27' title="bbox 1886 1284 3482 1359">
     <span class='ocr_line' id='line_1_27' title="bbox 1886 1284 3482 1359; baseline 0.003 -19"><span class='ocrx_word' id='word_1_179' title='bbox 1886 1284 2296 1340; x_wconf 83' lang='lat' dir='ltr'><strong>confusionem:</strong></span> <span class='ocrx_word' id='word_1_180' title='bbox 2329 1294 2383 1340; x_wconf 92' lang='lat' dir='ltr'><strong>et</strong></span> <span class='ocrx_word' id='word_1_181' title='bbox 2399 1286 2602 1342; x_wconf 89' lang='lat' dir='ltr'><strong>dedisti</strong></span> <span class='ocrx_word' id='word_1_182' title='bbox 2623 1287 2884 1343; x_wconf 89' lang='lat' dir='ltr'><strong>mulieres</strong></span> <span class='ocrx_word' id='word_1_183' title='bbox 2909 1287 3126 1343; x_wconf 91' lang='lat' dir='ltr'><strong>illorum</strong></span> <span class='ocrx_word' id='word_1_184' title='bbox 3146 1289 3198 1343; x_wconf 91' lang='lat' dir='ltr'><strong>in</strong></span> <span class='ocrx_word' id='word_1_185' title='bbox 3219 1289 3482 1359; x_wconf 61' lang='lat' dir='ltr'><strong>praedam,</strong></span> 
     </span>
    </p>
   </div>
   <div class='ocr_carea' id='block_1_28' title="bbox 1885 1376 3480 1452">
    <p class='ocr_par' dir='ltr' id='par_1_28' title="bbox 1885 1376 3480 1452">
     <span class='ocr_line' id='line_1_28' title="bbox 1885 1376 3480 1452; baseline 0.003 -20"><span class='ocrx_word' id='word_1_186' title='bbox 1885 1384 1941 1432; x_wconf 89' lang='lat' dir='ltr'><strong>et</strong></span> <span class='ocrx_word' id='word_1_187' title='bbox 1963 1376 2102 1432; x_wconf 88' lang='lat' dir='ltr'><strong>filias</strong></span> <span class='ocrx_word' id='word_1_188' title='bbox 2129 1377 2347 1433; x_wconf 90' lang='lat' dir='ltr'><strong>illorum</strong></span> <span class='ocrx_word' id='word_1_189' title='bbox 2375 1378 2430 1432; x_wconf 92' lang='lat' dir='ltr'><strong>in</strong></span> <span class='ocrx_word' id='word_1_190' title='bbox 2475 1379 2879 1448; x_wconf 87' lang='lat' dir='ltr'><strong>captivitatem;</strong></span> <span class='ocrx_word' id='word_1_191' title='bbox 2913 1389 2968 1435; x_wconf 92' lang='lat' dir='ltr'><strong>et</strong></span> <span class='ocrx_word' id='word_1_192' title='bbox 2994 1394 3210 1436; x_wconf 90' lang='lat' dir='ltr'><strong>omnem</strong></span> <span class='ocrx_word' id='word_1_193' title='bbox 3239 1381 3480 1452; x_wconf 68' lang='lat' dir='ltr'><strong>praedam</strong></span> 
     </span>
    </p>
   </div>
   <div class='ocr_carea' id='block_1_29' title="bbox 1885 1466 3474 1540">
    <p class='ocr_par' dir='ltr' id='par_1_29' title="bbox 1885 1466 3474 1540">
     <span class='ocr_line' id='line_1_29' title="bbox 1885 1466 3474 1540; baseline 0.004 -19"><span class='ocrx_word' id='word_1_194' title='bbox 1885 1466 1938 1522; x_wconf 92' lang='lat' dir='ltr'><strong>in</strong></span> <span class='ocrx_word' id='word_1_195' title='bbox 1970 1466 2293 1524; x_wconf 90' lang='lat' dir='ltr'><strong>divisionem</strong></span> <span class='ocrx_word' id='word_1_196' title='bbox 2311 1468 2485 1525; x_wconf 88' lang='lat' dir='ltr'><strong>servis</strong></span> <span class='ocrx_word' id='word_1_197' title='bbox 2502 1470 2626 1537; x_wconf 90' lang='lat' dir='ltr'><strong>tuis,</strong></span> <span class='ocrx_word' id='word_1_198' title='bbox 2646 1471 2735 1540; x_wconf 92' lang='lat' dir='ltr'><strong>qui</strong></span> <span class='ocrx_word' id='word_1_199' title='bbox 2752 1471 3075 1527; x_wconf 88' lang='lat' dir='ltr'><strong>zelaverunt</strong></span> <span class='ocrx_word' id='word_1_200' title='bbox 3096 1471 3274 1526; x_wconf 82' lang='lat' dir='ltr'><strong>zelum</strong></span> <span class='ocrx_word' id='word_1_201' title='bbox 3291 1482 3474 1528; x_wconf 90' lang='lat' dir='ltr'><strong>tuum:</strong></span> 
     </span>
    </p>
   </div>
   <div class='ocr_carea' id='block_1_30' title="bbox 1883 1559 3474 1631">
    <p class='ocr_par' dir='ltr' id='par_1_30' title="bbox 1883 1559 3474 1631">
     <span class='ocr_line' id='line_1_30' title="bbox 1883 1559 3474 1631; baseline 0.006 -18"><span class='ocrx_word' id='word_1_202' title='bbox 1883 1559 2132 1625; x_wconf 90' lang='lat' dir='ltr'><strong>subveni,</strong></span> <span class='ocrx_word' id='word_1_203' title='bbox 2165 1577 2348 1630; x_wconf 82' lang='lat' dir='ltr'><strong>quaeso</strong></span> <span class='ocrx_word' id='word_1_204' title='bbox 2376 1569 2448 1628; x_wconf 94' lang='lat' dir='ltr'><strong>te,</strong></span> <span class='ocrx_word' id='word_1_205' title='bbox 2473 1561 2704 1618; x_wconf 93' lang='lat' dir='ltr'><strong>Domine</strong></span> <span class='ocrx_word' id='word_1_206' title='bbox 2731 1564 2872 1619; x_wconf 91' lang='lat' dir='ltr'><strong>Deus</strong></span> <span class='ocrx_word' id='word_1_207' title='bbox 2901 1579 3078 1631; x_wconf 89' lang='lat' dir='ltr'><strong>meus,</strong></span> <span class='ocrx_word' id='word_1_208' title='bbox 3107 1564 3242 1620; x_wconf 89' lang='lat' dir='ltr'><strong>mihi</strong></span> <span class='ocrx_word' id='word_1_209' title='bbox 3273 1565 3474 1622; x_wconf 88' lang='lat' dir='ltr'><strong>viduae.</strong></span> 
     </span>
    </p>
   </div>
   <div class='ocr_carea' id='block_1_31' title="bbox 1883 1649 3482 1726">
    <p class='ocr_par' dir='ltr' id='par_1_31' title="bbox 1883 1649 3482 1726">
     <span class='ocr_line' id='line_1_31' title="bbox 1883 1649 3482 1726; baseline 0.004 -20"><span class='ocrx_word' id='word_1_210' title='bbox 1883 1649 1965 1706; x_wconf 89' lang='lat' dir='ltr'><strong>Tu</strong></span> <span class='ocrx_word' id='word_1_211' title='bbox 1999 1652 2144 1707; x_wconf 91' lang='lat' dir='ltr'><strong>enim</strong></span> <span class='ocrx_word' id='word_1_212' title='bbox 2165 1652 2338 1708; x_wconf 88' lang='lat' dir='ltr'><strong>fecisti</strong></span> <span class='ocrx_word' id='word_1_213' title='bbox 2368 1656 2570 1722; x_wconf 86' lang='lat' dir='ltr'><strong>priora,</strong></span> <span class='ocrx_word' id='word_1_214' title='bbox 2605 1663 2660 1710; x_wconf 92' lang='lat' dir='ltr'><strong>et</strong></span> <span class='ocrx_word' id='word_1_215' title='bbox 2690 1655 2786 1710; x_wconf 92' lang='lat' dir='ltr'><strong>illa</strong></span> <span class='ocrx_word' id='word_1_216' title='bbox 2826 1664 2951 1726; x_wconf 93' lang='lat' dir='ltr'><strong>post</strong></span> <span class='ocrx_word' id='word_1_217' title='bbox 2993 1656 3087 1710; x_wconf 91' lang='lat' dir='ltr'><strong>illa</strong></span> <span class='ocrx_word' id='word_1_218' title='bbox 3114 1657 3390 1726; x_wconf 83' lang='lat' dir='ltr'><strong>cogitasti:</strong></span> <span class='ocrx_word' id='word_1_219' title='bbox 3423 1666 3482 1714; x_wconf 88' lang='lat' dir='ltr'><strong>et</strong></span> 
     </span>
    </p>
   </div>
   <div class='ocr_carea' id='block_1_32' title="bbox 1883 1744 3479 1818">
    <p class='ocr_par' dir='ltr' id='par_1_32' title="bbox 1883 1744 3479 1818">
     <span class='ocr_line' id='line_1_32' title="bbox 1883 1744 3479 1818; baseline 0.005 -19"><span class='ocrx_word' id='word_1_220' title='bbox 1883 1744 1988 1802; x_wconf 92' lang='lat' dir='ltr'><strong>hoc</strong></span> <span class='ocrx_word' id='word_1_221' title='bbox 2016 1748 2214 1801; x_wconf 89' lang='lat' dir='ltr'><strong>factum</strong></span> <span class='ocrx_word' id='word_1_222' title='bbox 2240 1757 2322 1802; x_wconf 90' lang='lat' dir='ltr'><strong>est</strong></span> <span class='ocrx_word' id='word_1_223' title='bbox 2355 1748 2500 1818; x_wconf 90' lang='lat' dir='ltr'><strong>quod</strong></span> <span class='ocrx_word' id='word_1_224' title='bbox 2530 1748 2646 1817; x_wconf 83' lang='lat' dir='ltr'><strong>ipse</strong></span> <span class='ocrx_word' id='word_1_225' title='bbox 2677 1749 2922 1803; x_wconf 88' lang='lat' dir='ltr'><strong>voluisti.</strong></span> <span class='ocrx_word' id='word_1_226' title='bbox 2949 1748 3153 1806; x_wconf 88' lang='lat' dir='ltr'><strong>Omnes</strong></span> <span class='ocrx_word' id='word_1_227' title='bbox 3192 1750 3336 1805; x_wconf 92' lang='lat' dir='ltr'><strong>enim</strong></span> <span class='ocrx_word' id='word_1_228' title='bbox 3374 1751 3479 1806; x_wconf 69' lang='lat' dir='ltr'><strong>viae</strong></span> 
     </span>
    </p>
   </div>
   <div class='ocr_carea' id='block_1_33' title="bbox 172 1834 3474 1909">
    <p class='ocr_par' dir='ltr' id='par_1_33' title="bbox 172 1834 3474 1909">
     <span class='ocr_line' id='line_1_33' title="bbox 172 1834 3474 1909; baseline 0.002 -20"><span class='ocrx_word' id='word_1_229' title='bbox 172 1839 265 1905; x_wconf 89' lang='lat' dir='ltr'><strong>qui</strong></span> <span class='ocrx_word' id='word_1_230' title='bbox 297 1834 720 1906; x_wconf 84' lang='lat' dir='ltr'><strong>dereliquerunt</strong></span> <span class='ocrx_word' id='word_1_231' title='bbox 749 1837 918 1892; x_wconf 90' lang='lat' dir='ltr'><strong>Deum</strong></span> <span class='ocrx_word' id='word_1_232' title='bbox 943 1851 1124 1904; x_wconf 92' lang='lat' dir='ltr'><strong>suum,</strong></span> <span class='ocrx_word' id='word_1_233' title='bbox 1157 1846 1213 1892; x_wconf 93' lang='lat' dir='ltr'><strong>et</strong></span> <span class='ocrx_word' id='word_1_234' title='bbox 1243 1837 1607 1894; x_wconf 91' lang='lat' dir='ltr'><strong>adoraverunt</strong></span> <span class='ocrx_word' id='word_1_235' title='bbox 1643 1841 1776 1898; x_wconf 91' lang='lat' dir='ltr'><strong>deos</strong></span> <span class='ocrx_word' id='word_1_236' title='bbox 1807 1843 1855 1903; x_wconf 90' lang='lat' dir='ltr'><strong>B</strong></span> <span class='ocrx_word' id='word_1_237' title='bbox 1883 1845 1988 1892; x_wconf 74' lang='lat' dir='ltr'><strong>tua:</strong></span> <span class='ocrx_word' id='word_1_238' title='bbox 2020 1846 2222 1907; x_wconf 66' lang='lat' dir='ltr'><strong>paratae</strong></span> <span class='ocrx_word' id='word_1_239' title='bbox 2257 1847 2406 1906; x_wconf 91' lang='lat' dir='ltr'><strong>sunt,</strong></span> <span class='ocrx_word' id='word_1_240' title='bbox 2452 1848 2505 1893; x_wconf 92' lang='lat' dir='ltr'><strong>et</strong></span> <span class='ocrx_word' id='word_1_241' title='bbox 2535 1847 2624 1893; x_wconf 89' lang='lat' dir='ltr'><strong>tua</strong></span> <span class='ocrx_word' id='word_1_242' title='bbox 2652 1839 2858 1908; x_wconf 90' lang='lat' dir='ltr'><strong>judicia</strong></span> <span class='ocrx_word' id='word_1_243' title='bbox 2892 1840 2944 1893; x_wconf 91' lang='lat' dir='ltr'><strong>in</strong></span> <span class='ocrx_word' id='word_1_244' title='bbox 2993 1848 3084 1894; x_wconf 90' lang='lat' dir='ltr'><strong>tua</strong></span> <span class='ocrx_word' id='word_1_245' title='bbox 3131 1839 3474 1909; x_wconf 85' lang='lat' dir='ltr'><strong>providentia</strong></span> 
     </span>
    </p>
   </div>
   <div class='ocr_carea' id='block_1_34' title="bbox 173 1928 1774 2000">
    <p class='ocr_par' dir='ltr' id='par_1_34' title="bbox 173 1928 1774 2000">
     <span class='ocr_line' id='line_1_34' title="bbox 173 1928 1774 2000; baseline 0.004 -18"><span class='ocrx_word' id='word_1_246' title='bbox 173 1928 425 1994; x_wconf 90' lang='lat' dir='ltr'><strong>alienos,</strong></span> <span class='ocrx_word' id='word_1_247' title='bbox 454 1944 548 1999; x_wconf 91' lang='lat' dir='ltr'><strong>pro</strong></span> <span class='ocrx_word' id='word_1_248' title='bbox 572 1944 673 1998; x_wconf 92' lang='lat' dir='ltr'><strong>quo</strong></span> <span class='ocrx_word' id='word_1_249' title='bbox 701 1929 914 1984; x_wconf 92' lang='lat' dir='ltr'><strong>scelere</strong></span> <span class='ocrx_word' id='word_1_250' title='bbox 945 1929 1052 1982; x_wconf 88' lang='lat' dir='ltr'><strong>dati</strong></span> <span class='ocrx_word' id='word_1_251' title='bbox 1085 1939 1212 1983; x_wconf 90' lang='lat' dir='ltr'><strong>sunt</strong></span> <span class='ocrx_word' id='word_1_252' title='bbox 1251 1930 1305 1983; x_wconf 91' lang='lat' dir='ltr'><strong>in</strong></span> <span class='ocrx_word' id='word_1_253' title='bbox 1349 1930 1610 2000; x_wconf 86' lang='lat' dir='ltr'><strong>gladium,</strong></span> <span class='ocrx_word' id='word_1_254' title='bbox 1635 1940 1691 1986; x_wconf 92' lang='lat' dir='ltr'><strong>et</strong></span> <span class='ocrx_word' id='word_1_255' title='bbox 1721 1933 1774 1991; x_wconf 93' lang='lat' dir='ltr'><strong>in</strong></span> 
     </span>
    </p>
   </div>
   <div class='ocr_carea' id='block_1_35' title="bbox 171 2021 1772 2091">
    <p class='ocr_par' dir='ltr' id='par_1_35' title="bbox 171 2021 1772 2091">
     <span class='ocr_line' id='line_1_35' title="bbox 171 2021 1772 2091; baseline 0.003 -15"><span class='ocrx_word' id='word_1_256' title='bbox 171 2023 449 2091; x_wconf 84' lang='lat' dir='ltr'><strong>rapinam,</strong></span> <span class='ocrx_word' id='word_1_257' title='bbox 478 2032 530 2077; x_wconf 90' lang='lat' dir='ltr'><strong>et</strong></span> <span class='ocrx_word' id='word_1_258' title='bbox 552 2022 604 2077; x_wconf 92' lang='lat' dir='ltr'><strong>in</strong></span> <span class='ocrx_word' id='word_1_259' title='bbox 627 2021 1004 2078; x_wconf 82' lang='lat' dir='ltr'><strong>confusionem</strong></span> <span class='ocrx_word' id='word_1_260' title='bbox 1033 2022 1269 2076; x_wconf 89' lang='lat' dir='ltr'><strong>inimicis</strong></span> <span class='ocrx_word' id='word_1_261' title='bbox 1295 2023 1436 2082; x_wconf 89' lang='lat' dir='ltr'><strong>suis:</strong></span> <span class='ocrx_word' id='word_1_262' title='bbox 1466 2038 1566 2078; x_wconf 94' lang='lat' dir='ltr'><strong>nos</strong></span> <span class='ocrx_word' id='word_1_263' title='bbox 1591 2034 1772 2081; x_wconf 90' lang='lat' dir='ltr'><strong>autem</strong></span> 
     </span>
    </p>
   </div>
   <div class='ocr_carea' id='block_1_36' title="bbox 172 2113 1772 2185">
    <p class='ocr_par' dir='ltr' id='par_1_36' title="bbox 172 2113 1772 2185">
     <span class='ocr_line' id='line_1_36' title="bbox 172 2113 1772 2185; baseline 0.005 -19"><span class='ocrx_word' id='word_1_264' title='bbox 172 2113 404 2169; x_wconf 84' lang='lat' dir='ltr'><strong>alterum</strong></span> <span class='ocrx_word' id='word_1_265' title='bbox 438 2115 611 2170; x_wconf 89' lang='lat' dir='ltr'><strong>Deum</strong></span> <span class='ocrx_word' id='word_1_266' title='bbox 637 2115 916 2170; x_wconf 88' lang='lat' dir='ltr'><strong>nescimus</strong></span> <span class='ocrx_word' id='word_1_267' title='bbox 938 2124 1132 2185; x_wconf 69' lang='lat' dir='ltr'><strong>prmter</strong></span> <span class='ocrx_word' id='word_1_268' title='bbox 1155 2115 1355 2184; x_wconf 89' lang='lat' dir='ltr'><strong>ipsum:</strong></span> <span class='ocrx_word' id='word_1_269' title='bbox 1391 2127 1772 2185; x_wconf 86' lang='lat' dir='ltr'><strong>exspectemus</strong></span> 
     </span>
    </p>
   </div>
   <div class='ocr_carea' id='block_1_37' title="bbox 173 2205 1768 2279">
    <p class='ocr_par' dir='ltr' id='par_1_37' title="bbox 173 2205 1768 2279">
     <span class='ocr_line' id='line_1_37' title="bbox 173 2205 1768 2279; baseline 0.005 -20"><span class='ocrx_word' id='word_1_270' title='bbox 173 2205 402 2262; x_wconf 86' lang='lat' dir='ltr'><strong>humiles</strong></span> <span class='ocrx_word' id='word_1_271' title='bbox 445 2208 885 2263; x_wconf 90' lang='lat' dir='ltr'><strong>consolationem</strong></span> <span class='ocrx_word' id='word_1_272' title='bbox 919 2208 1057 2277; x_wconf 83' lang='lat' dir='ltr'><strong>ejus,</strong></span> <span class='ocrx_word' id='word_1_273' title='bbox 1099 2215 1155 2262; x_wconf 91' lang='lat' dir='ltr'><strong>et</strong></span> <span class='ocrx_word' id='word_1_274' title='bbox 1176 2209 1421 2278; x_wconf 88' lang='lat' dir='ltr'><strong>exquiret</strong></span> <span class='ocrx_word' id='word_1_275' title='bbox 1450 2211 1768 2279; x_wconf 85' lang='lat' dir='ltr'><strong>sanguinem</strong></span> 
     </span>
    </p>
   </div>
   <div class='ocr_carea' id='block_1_38' title="bbox 171 2298 1770 2368">
    <p class='ocr_par' dir='ltr' id='par_1_38' title="bbox 171 2298 1770 2368">
     <span class='ocr_line' id='line_1_38' title="bbox 171 2298 1770 2368; baseline 0.003 -16"><span class='ocrx_word' id='word_1_276' title='bbox 171 2309 410 2354; x_wconf 79' lang='lat' dir='ltr'><strong>nostrum</strong></span> <span class='ocrx_word' id='word_1_277' title='bbox 435 2300 506 2355; x_wconf 90' lang='lat' dir='ltr'><strong>de</strong></span> <span class='ocrx_word' id='word_1_278' title='bbox 529 2300 921 2356; x_wconf 89' lang='lat' dir='ltr'><strong>afflictionibus</strong></span> <span class='ocrx_word' id='word_1_279' title='bbox 961 2298 1313 2354; x_wconf 90' lang='lat' dir='ltr'><strong>inimicorum</strong></span> <span class='ocrx_word' id='word_1_280' title='bbox 1340 2310 1680 2368; x_wconf 88' lang='lat' dir='ltr'><strong>nostrorum,</strong></span> <span class='ocrx_word' id='word_1_281' title='bbox 1715 2311 1770 2357; x_wconf 92' lang='lat' dir='ltr'><strong>et</strong></span> 
     </span>
    </p>
   </div>
   <div class='ocr_carea' id='block_1_39' title="bbox 173 2392 1766 2465">
    <p class='ocr_par' dir='ltr' id='par_1_39' title="bbox 173 2392 1766 2465">
     <span class='ocr_line' id='line_1_39' title="bbox 173 2392 1766 2465; baseline 0.003 -19"><span class='ocrx_word' id='word_1_282' title='bbox 173 2392 472 2449; x_wconf 87' lang='lat' dir='ltr'><strong>humiliabit</strong></span> <span class='ocrx_word' id='word_1_283' title='bbox 500 2409 697 2449; x_wconf 91' lang='lat' dir='ltr'><strong>omnes</strong></span> <span class='ocrx_word' id='word_1_284' title='bbox 711 2403 927 2465; x_wconf 89' lang='lat' dir='ltr'><strong>gentes,</strong></span> <span class='ocrx_word' id='word_1_285' title='bbox 954 2407 1311 2463; x_wconf 63' lang='lat' dir='ltr'><strong>quaecumque</strong></span> <span class='ocrx_word' id='word_1_286' title='bbox 1329 2393 1613 2464; x_wconf 85' lang='lat' dir='ltr'><strong>insurgunt</strong></span> <span class='ocrx_word' id='word_1_287' title='bbox 1643 2409 1766 2450; x_wconf 86' lang='lat' dir='ltr'><strong>con-</strong></span> 
     </span>
    </p>
   </div>
   <div class='ocr_carea' id='block_1_40' title="bbox 172 2483 1763 2553">
    <p class='ocr_par' dir='ltr' id='par_1_40' title="bbox 172 2483 1763 2553">
     <span class='ocr_line' id='line_1_40' title="bbox 172 2483 1763 2553; baseline 0.002 -14"><span class='ocrx_word' id='word_1_288' title='bbox 172 2493 241 2540; x_wconf 81' lang='lat' dir='ltr'><strong>tn</strong></span> <span class='ocrx_word' id='word_1_289' title='bbox 275 2500 399 2553; x_wconf 92' lang='lat' dir='ltr'><strong>nos,</strong></span> <span class='ocrx_word' id='word_1_290' title='bbox 434 2494 490 2541; x_wconf 90' lang='lat' dir='ltr'><strong>et</strong></span> <span class='ocrx_word' id='word_1_291' title='bbox 544 2485 707 2540; x_wconf 86' lang='lat' dir='ltr'><strong>faciet</strong></span> <span class='ocrx_word' id='word_1_292' title='bbox 755 2485 875 2540; x_wconf 87' lang='lat' dir='ltr'><strong>illas</strong></span> <span class='ocrx_word' id='word_1_293' title='bbox 901 2483 1019 2541; x_wconf 93' lang='lat' dir='ltr'><strong>sine</strong></span> <span class='ocrx_word' id='word_1_294' title='bbox 1055 2483 1266 2540; x_wconf 85' lang='lat' dir='ltr'><strong>honore</strong></span> <span class='ocrx_word' id='word_1_295' title='bbox 1309 2484 1572 2540; x_wconf 91' lang='lat' dir='ltr'><strong>Dominus</strong></span> <span class='ocrx_word' id='word_1_296' title='bbox 1615 2486 1763 2542; x_wconf 92' lang='lat' dir='ltr'><strong>Deus</strong></span> 
     </span>
    </p>
   </div>
   <div class='ocr_carea' id='block_1_41' title="bbox 169 2576 1761 2650">
    <p class='ocr_par' dir='ltr' id='par_1_41' title="bbox 169 2576 1761 2650">
     <span class='ocr_line' id='line_1_41' title="bbox 169 2576 1761 2650; baseline -0.001 -18"><span class='ocrx_word' id='word_1_297' title='bbox 169 2588 361 2633; x_wconf 85' lang='lat' dir='ltr'><strong>noster.</strong></span> <span class='ocrx_word' id='word_1_298' title='bbox 391 2577 465 2632; x_wconf 81' lang='lat' dir='ltr'><strong>Et</strong></span> <span class='ocrx_word' id='word_1_299' title='bbox 497 2591 665 2644; x_wconf 91' lang='lat' dir='ltr'><strong>nunc,</strong></span> <span class='ocrx_word' id='word_1_300' title='bbox 693 2577 912 2642; x_wconf 81' lang='lat' dir='ltr'><strong>fratres,</strong></span> <span class='ocrx_word' id='word_1_301' title='bbox 941 2576 1198 2647; x_wconf 89' lang='lat' dir='ltr'><strong>quoniam</strong></span> <span class='ocrx_word' id='word_1_302' title='bbox 1239 2591 1340 2631; x_wconf 92' lang='lat' dir='ltr'><strong>vos</strong></span> <span class='ocrx_word' id='word_1_303' title='bbox 1374 2576 1509 2633; x_wconf 84' lang='lat' dir='ltr'><strong>estis</strong></span> <span class='ocrx_word' id='word_1_304' title='bbox 1534 2578 1761 2650; x_wconf 86' lang='lat' dir='ltr'><strong>presby-</strong></span> 
     </span>
    </p>
   </div>
   <div class='ocr_carea' id='block_1_42' title="bbox 167 2669 1756 2743">
    <p class='ocr_par' dir='ltr' id='par_1_42' title="bbox 167 2669 1756 2743">
     <span class='ocr_line' id='line_1_42' title="bbox 167 2669 1756 2743; baseline -0.001 -18"><span class='ocrx_word' id='word_1_305' title='bbox 167 2673 254 2726; x_wconf 87' lang='lat' dir='ltr'><strong>teri</strong></span> <span class='ocrx_word' id='word_1_306' title='bbox 284 2672 341 2726; x_wconf 93' lang='lat' dir='ltr'><strong>in</strong></span> <span class='ocrx_word' id='word_1_307' title='bbox 375 2671 573 2743; x_wconf 90' lang='lat' dir='ltr'><strong>populo</strong></span> <span class='ocrx_word' id='word_1_308' title='bbox 601 2670 727 2737; x_wconf 91' lang='lat' dir='ltr'><strong>Dei,</strong></span> <span class='ocrx_word' id='word_1_309' title='bbox 757 2679 812 2726; x_wconf 91' lang='lat' dir='ltr'><strong>et</strong></span> <span class='ocrx_word' id='word_1_310' title='bbox 835 2685 904 2724; x_wconf 90' lang='lat' dir='ltr'><strong>ex</strong></span> <span class='ocrx_word' id='word_1_311' title='bbox 920 2669 1077 2724; x_wconf 80' lang='lat' dir='ltr'><strong>vobis</strong></span> <span class='ocrx_word' id='word_1_312' title='bbox 1094 2669 1295 2739; x_wconf 88' lang='lat' dir='ltr'><strong>pendet</strong></span> <span class='ocrx_word' id='word_1_313' title='bbox 1314 2669 1490 2724; x_wconf 90' lang='lat' dir='ltr'><strong>anima</strong></span> <span class='ocrx_word' id='word_1_314' title='bbox 1517 2670 1756 2739; x_wconf 90' lang='lat' dir='ltr'><strong>illorum,</strong></span> 
     </span>
    </p>
   </div>
   <div class='ocr_carea' id='block_1_43' title="bbox 162 2762 1756 2834">
    <p class='ocr_par' dir='ltr' id='par_1_43' title="bbox 162 2762 1756 2834">
     <span class='ocr_line' id='line_1_43' title="bbox 162 2762 1756 2834; baseline 0 -15"><span class='ocrx_word' id='word_1_315' title='bbox 162 2765 219 2819; x_wconf 84' lang='lat' dir='ltr'><strong>ad</strong></span> <span class='ocrx_word' id='word_1_316' title='bbox 243 2765 523 2833; x_wconf 87' lang='lat' dir='ltr'><strong>eloquium</strong></span> <span class='ocrx_word' id='word_1_317' title='bbox 545 2774 788 2819; x_wconf 90' lang='lat' dir='ltr'><strong>vestrum</strong></span> <span class='ocrx_word' id='word_1_318' title='bbox 813 2762 975 2819; x_wconf 91' lang='lat' dir='ltr'><strong>corda</strong></span> <span class='ocrx_word' id='word_1_319' title='bbox 999 2778 1188 2820; x_wconf 89' lang='lat' dir='ltr'><strong>eorum</strong></span> <span class='ocrx_word' id='word_1_320' title='bbox 1213 2763 1427 2834; x_wconf 84' lang='lat' dir='ltr'><strong>erigite,</strong></span> <span class='ocrx_word' id='word_1_321' title='bbox 1463 2773 1519 2819; x_wconf 92' lang='lat' dir='ltr'><strong>ut</strong></span> <span class='ocrx_word' id='word_1_322' title='bbox 1545 2779 1756 2820; x_wconf 84' lang='lat' dir='ltr'><strong>memo-</strong></span> 
     </span>
    </p>
   </div>
   <div class='ocr_carea' id='block_1_44' title="bbox 163 2854 1755 2927">
    <p class='ocr_par' dir='ltr' id='par_1_44' title="bbox 163 2854 1755 2927">
     <span class='ocr_line' id='line_1_44' title="bbox 163 2854 1755 2927; baseline -0.001 -15"><span class='ocrx_word' id='word_1_323' title='bbox 163 2871 241 2912; x_wconf 86' lang='lat' dir='ltr'><strong>res</strong></span> <span class='ocrx_word' id='word_1_324' title='bbox 265 2857 395 2921; x_wconf 86' lang='lat' dir='ltr'><strong>sint,</strong></span> <span class='ocrx_word' id='word_1_325' title='bbox 428 2858 559 2927; x_wconf 89' lang='lat' dir='ltr'><strong>quia</strong></span> <span class='ocrx_word' id='word_1_326' title='bbox 592 2854 790 2912; x_wconf 89' lang='lat' dir='ltr'><strong>tentati</strong></span> <span class='ocrx_word' id='word_1_327' title='bbox 834 2863 960 2910; x_wconf 89' lang='lat' dir='ltr'><strong>sunt</strong></span> <span class='ocrx_word' id='word_1_328' title='bbox 991 2865 1176 2924; x_wconf 90' lang='lat' dir='ltr'><strong>patres</strong></span> <span class='ocrx_word' id='word_1_329' title='bbox 1207 2855 1404 2920; x_wconf 89' lang='lat' dir='ltr'><strong>nostri,</strong></span> <span class='ocrx_word' id='word_1_330' title='bbox 1452 2865 1510 2910; x_wconf 90' lang='lat' dir='ltr'><strong>ut</strong></span> <span class='ocrx_word' id='word_1_331' title='bbox 1554 2856 1755 2926; x_wconf 89' lang='lat' dir='ltr'><strong>proba-</strong></span> 
     </span>
    </p>
   </div>
   <div class='ocr_carea' id='block_1_45' title="bbox 163 2945 1752 3014">
    <p class='ocr_par' dir='ltr' id='par_1_45' title="bbox 163 2945 1752 3014">
     <span class='ocr_line' id='line_1_45' title="bbox 163 2945 1752 3014; baseline 0.001 -12"><span class='ocrx_word' id='word_1_332' title='bbox 163 2955 358 3014; x_wconf 83' lang='lat' dir='ltr'><strong>rentur,</strong></span> <span class='ocrx_word' id='word_1_333' title='bbox 387 2948 434 3003; x_wconf 88' lang='lat' dir='ltr'><strong>si</strong></span> <span class='ocrx_word' id='word_1_334' title='bbox 470 2962 608 3004; x_wconf 83' lang='lat' dir='ltr'><strong>vere</strong></span> <span class='ocrx_word' id='word_1_335' title='bbox 637 2947 885 3003; x_wconf 91' lang='lat' dir='ltr'><strong>colerent</strong></span> <span class='ocrx_word' id='word_1_336' title='bbox 910 2946 1078 3001; x_wconf 93' lang='lat' dir='ltr'><strong>Deum</strong></span> <span class='ocrx_word' id='word_1_337' title='bbox 1121 2961 1301 3000; x_wconf 91' lang='lat' dir='ltr'><strong>suum.</strong></span> <span class='ocrx_word' id='word_1_338' title='bbox 1334 2945 1602 3002; x_wconf 85' lang='lat' dir='ltr'><strong>Memores</strong></span> <span class='ocrx_word' id='word_1_339' title='bbox 1627 2962 1752 3003; x_wconf 90' lang='lat' dir='ltr'><strong>esse</strong></span> 
     </span>
    </p>
   </div>
   <div class='ocr_carea' id='block_1_46' title="bbox 159 3039 1747 3112">
    <p class='ocr_par' dir='ltr' id='par_1_46' title="bbox 159 3039 1747 3112">
     <span class='ocr_line' id='line_1_46' title="bbox 159 3039 1747 3112; baseline 0 -16"><span class='ocrx_word' id='word_1_340' title='bbox 159 3040 361 3107; x_wconf 78' lang='lat' dir='ltr'><strong>debent,</strong></span> <span class='ocrx_word' id='word_1_341' title='bbox 385 3042 676 3111; x_wconf 91' lang='lat' dir='ltr'><strong>quomodo</strong></span> <span class='ocrx_word' id='word_1_342' title='bbox 706 3050 862 3112; x_wconf 88' lang='lat' dir='ltr'><strong>pater</strong></span> <span class='ocrx_word' id='word_1_343' title='bbox 885 3048 1070 3096; x_wconf 90' lang='lat' dir='ltr'><strong>noster</strong></span> <span class='ocrx_word' id='word_1_344' title='bbox 1086 3039 1360 3096; x_wconf 84' lang='lat' dir='ltr'><strong>Abraham</strong></span> <span class='ocrx_word' id='word_1_345' title='bbox 1384 3049 1622 3096; x_wconf 88' lang='lat' dir='ltr'><strong>tentatus</strong></span> <span class='ocrx_word' id='word_1_346' title='bbox 1641 3051 1747 3109; x_wconf 90' lang='lat' dir='ltr'><strong>est,</strong></span> 
     </span>
    </p>
   </div>
   <div class='ocr_carea' id='block_1_47' title="bbox 156 3132 1745 3204">
    <p class='ocr_par' dir='ltr' id='par_1_47' title="bbox 156 3132 1745 3204">
     <span class='ocr_line' id='line_1_47' title="bbox 156 3132 1745 3204; baseline 0.003 -18"><span class='ocrx_word' id='word_1_347' title='bbox 156 3142 204 3186; x_wconf 89' lang='lat' dir='ltr'><strong>et</strong></span> <span class='ocrx_word' id='word_1_348' title='bbox 243 3145 336 3200; x_wconf 89' lang='lat' dir='ltr'><strong>per</strong></span> <span class='ocrx_word' id='word_1_349' title='bbox 382 3132 591 3187; x_wconf 88' lang='lat' dir='ltr'><strong>multas</strong></span> <span class='ocrx_word' id='word_1_350' title='bbox 633 3132 1014 3188; x_wconf 90' lang='lat' dir='ltr'><strong>tribulationes</strong></span> <span class='ocrx_word' id='word_1_351' title='bbox 1058 3132 1350 3204; x_wconf 92' lang='lat' dir='ltr'><strong>probatus,</strong></span> <span class='ocrx_word' id='word_1_352' title='bbox 1402 3133 1498 3188; x_wconf 91' lang='lat' dir='ltr'><strong>Dei</strong></span> <span class='ocrx_word' id='word_1_353' title='bbox 1538 3135 1745 3190; x_wconf 85' lang='lat' dir='ltr'><strong>anticus</strong></span> 
     </span>
    </p>
   </div>
   <div class='ocr_carea' id='block_1_48' title="bbox 1879 1929 3475 2002">
    <p class='ocr_par' dir='ltr' id='par_1_48' title="bbox 1879 1929 3475 2002">
     <span class='ocr_line' id='line_1_48' title="bbox 1879 1929 3475 2002; baseline 0.004 -19"><span class='ocrx_word' id='word_1_354' title='bbox 1879 1929 2130 1999; x_wconf 89' lang='lat' dir='ltr'><strong>posuisti.</strong></span> <span class='ocrx_word' id='word_1_355' title='bbox 2153 1930 2383 1998; x_wconf 80' lang='lat' dir='ltr'><strong>Re5pice</strong></span> <span class='ocrx_word' id='word_1_356' title='bbox 2412 1942 2593 1986; x_wconf 90' lang='lat' dir='ltr'><strong>castra</strong></span> <span class='ocrx_word' id='word_1_357' title='bbox 2617 1931 2967 2002; x_wconf 87' lang='lat' dir='ltr'><strong>Assyriorum</strong></span> <span class='ocrx_word' id='word_1_358' title='bbox 2987 1945 3152 2000; x_wconf 91' lang='lat' dir='ltr'><strong>nunc,</strong></span> <span class='ocrx_word' id='word_1_359' title='bbox 3178 1932 3320 1986; x_wconf 89' lang='lat' dir='ltr'><strong>sicut</strong></span> <span class='ocrx_word' id='word_1_360' title='bbox 3345 1942 3475 1990; x_wconf 92' lang='lat' dir='ltr'><strong>tunc</strong></span> 
     </span>
    </p>
   </div>
   <div class='ocr_carea' id='block_1_49' title="bbox 1877 2020 3479 2092">
    <p class='ocr_par' dir='ltr' id='par_1_49' title="bbox 1877 2020 3479 2092">
     <span class='ocr_line' id='line_1_49' title="bbox 1877 2020 3479 2092; baseline 0.001 -16"><span class='ocrx_word' id='word_1_361' title='bbox 1877 2030 2055 2076; x_wconf 89' lang='lat' dir='ltr'><strong>castra</strong></span> <span class='ocrx_word' id='word_1_362' title='bbox 2083 2020 2465 2092; x_wconf 58' lang='lat' dir='ltr'><strong>[Egypliorum</strong></span> <span class='ocrx_word' id='word_1_363' title='bbox 2493 2021 2689 2077; x_wconf 78' lang='lat' dir='ltr'><strong>videre</strong></span> <span class='ocrx_word' id='word_1_364' title='bbox 2717 2020 2972 2090; x_wconf 76' lang='lat' dir='ltr'><strong>dignatus</strong></span> <span class='ocrx_word' id='word_1_365' title='bbox 3002 2035 3084 2088; x_wconf 90' lang='lat' dir='ltr'><strong>es,</strong></span> <span class='ocrx_word' id='word_1_366' title='bbox 3116 2022 3334 2091; x_wconf 90' lang='lat' dir='ltr'><strong>quando</strong></span> <span class='ocrx_word' id='word_1_367' title='bbox 3355 2032 3479 2092; x_wconf 89' lang='lat' dir='ltr'><strong>post</strong></span> 
     </span>
    </p>
   </div>
   <div class='ocr_carea' id='block_1_50' title="bbox 1872 2113 3472 2184">
    <p class='ocr_par' dir='ltr' id='par_1_50' title="bbox 1872 2113 3472 2184">
     <span class='ocr_line' id='line_1_50' title="bbox 1872 2113 3472 2184; baseline 0.001 -15"><span class='ocrx_word' id='word_1_368' title='bbox 1872 2129 2063 2169; x_wconf 89' lang='lat' dir='ltr'><strong>servos</strong></span> <span class='ocrx_word' id='word_1_369' title='bbox 2095 2122 2214 2166; x_wconf 91' lang='lat' dir='ltr'><strong>tuos</strong></span> <span class='ocrx_word' id='word_1_370' title='bbox 2243 2113 2435 2167; x_wconf 87' lang='lat' dir='ltr'><strong>armati</strong></span> <span class='ocrx_word' id='word_1_371' title='bbox 2463 2113 2776 2180; x_wconf 91' lang='lat' dir='ltr'><strong>currebant,</strong></span> <span class='ocrx_word' id='word_1_372' title='bbox 2798 2113 3136 2168; x_wconf 76' lang='lat' dir='ltr'><strong>confidentes</strong></span> <span class='ocrx_word' id='word_1_373' title='bbox 3158 2114 3212 2167; x_wconf 89' lang='lat' dir='ltr'><strong>in</strong></span> <span class='ocrx_word' id='word_1_374' title='bbox 3244 2115 3472 2184; x_wconf 85' lang='lat' dir='ltr'><strong>quadri-</strong></span> 
     </span>
    </p>
   </div>
   <div class='ocr_carea' id='block_1_51' title="bbox 1872 2204 3468 2276">
    <p class='ocr_par' dir='ltr' id='par_1_51' title="bbox 1872 2204 3468 2276">
     <span class='ocr_line' id='line_1_51' title="bbox 1872 2204 3468 2276; baseline 0.003 -17"><span class='ocrx_word' id='word_1_375' title='bbox 1872 2205 1974 2276; x_wconf 89' lang='lat' dir='ltr'><strong>gis,</strong></span> <span class='ocrx_word' id='word_1_376' title='bbox 2000 2213 2055 2260; x_wconf 91' lang='lat' dir='ltr'><strong>et</strong></span> <span class='ocrx_word' id='word_1_377' title='bbox 2084 2205 2136 2259; x_wconf 93' lang='lat' dir='ltr'><strong>in</strong></span> <span class='ocrx_word' id='word_1_378' title='bbox 2156 2204 2400 2274; x_wconf 89' lang='lat' dir='ltr'><strong>equitatu</strong></span> <span class='ocrx_word' id='word_1_379' title='bbox 2420 2220 2542 2273; x_wconf 91' lang='lat' dir='ltr'><strong>suo,</strong></span> <span class='ocrx_word' id='word_1_380' title='bbox 2576 2214 2630 2259; x_wconf 92' lang='lat' dir='ltr'><strong>et</strong></span> <span class='ocrx_word' id='word_1_381' title='bbox 2653 2205 2708 2260; x_wconf 94' lang='lat' dir='ltr'><strong>in</strong></span> <span class='ocrx_word' id='word_1_382' title='bbox 2733 2204 3090 2261; x_wconf 89' lang='lat' dir='ltr'><strong>multitudine</strong></span> <span class='ocrx_word' id='word_1_383' title='bbox 3115 2204 3468 2264; x_wconf 88' lang='lat' dir='ltr'><strong>bellatorum.</strong></span> 
     </span>
    </p>
   </div>
   <div class='ocr_carea' id='block_1_52' title="bbox 1869 2298 3469 2373">
    <p class='ocr_par' dir='ltr' id='par_1_52' title="bbox 1869 2298 3469 2373">
     <span class='ocr_line' id='line_1_52' title="bbox 1869 2298 3469 2373; baseline 0.001 -18"><span class='ocrx_word' id='word_1_384' title='bbox 1869 2298 1983 2355; x_wconf 90' lang='lat' dir='ltr'><strong>Sed</strong></span> <span class='ocrx_word' id='word_1_385' title='bbox 2012 2298 2268 2369; x_wconf 81' lang='lat' dir='ltr'><strong>aspexisti</strong></span> <span class='ocrx_word' id='word_1_386' title='bbox 2292 2316 2458 2371; x_wconf 91' lang='lat' dir='ltr'><strong>super</strong></span> <span class='ocrx_word' id='word_1_387' title='bbox 2479 2311 2656 2356; x_wconf 85' lang='lat' dir='ltr'><strong>castra</strong></span> <span class='ocrx_word' id='word_1_388' title='bbox 2686 2315 2899 2368; x_wconf 89' lang='lat' dir='ltr'><strong>eorum,</strong></span> <span class='ocrx_word' id='word_1_389' title='bbox 2928 2311 2983 2356; x_wconf 90' lang='lat' dir='ltr'><strong>et</strong></span> <span class='ocrx_word' id='word_1_390' title='bbox 3010 2301 3252 2357; x_wconf 74' lang='lat' dir='ltr'><strong>tenebra:</strong></span> <span class='ocrx_word' id='word_1_391' title='bbox 3277 2301 3469 2373; x_wconf 85' lang='lat' dir='ltr'><strong>fatiga-</strong></span> 
     </span>
    </p>
   </div>
   <div class='ocr_carea' id='block_1_53' title="bbox 1869 2391 3466 2464">
    <p class='ocr_par' dir='ltr' id='par_1_53' title="bbox 1869 2391 3466 2464">
     <span class='ocr_line' id='line_1_53' title="bbox 1869 2391 3466 2464; baseline 0.001 -18"><span class='ocrx_word' id='word_1_392' title='bbox 1869 2399 2067 2447; x_wconf 92' lang='lat' dir='ltr'><strong>verunt</strong></span> <span class='ocrx_word' id='word_1_393' title='bbox 2093 2405 2210 2446; x_wconf 92' lang='lat' dir='ltr'><strong>eos.</strong></span> <span class='ocrx_word' id='word_1_394' title='bbox 2250 2391 2449 2446; x_wconf 91' lang='lat' dir='ltr'><strong>Tenuit</strong></span> <span class='ocrx_word' id='word_1_395' title='bbox 2481 2391 2647 2462; x_wconf 90' lang='lat' dir='ltr'><strong>pedes</strong></span> <span class='ocrx_word' id='word_1_396' title='bbox 2687 2407 2879 2447; x_wconf 91' lang='lat' dir='ltr'><strong>eorum</strong></span> <span class='ocrx_word' id='word_1_397' title='bbox 2923 2393 3179 2463; x_wconf 89' lang='lat' dir='ltr'><strong>abyssus,</strong></span> <span class='ocrx_word' id='word_1_398' title='bbox 3227 2402 3283 2450; x_wconf 93' lang='lat' dir='ltr'><strong>et</strong></span> <span class='ocrx_word' id='word_1_399' title='bbox 3310 2408 3466 2464; x_wconf 87' lang='lat' dir='ltr'><strong>aquae</strong></span> 
     </span>
    </p>
   </div>
   <div class='ocr_carea' id='block_1_54' title="bbox 1868 2482 3466 2555">
    <p class='ocr_par' dir='ltr' id='par_1_54' title="bbox 1868 2482 3466 2555">
     <span class='ocr_line' id='line_1_54' title="bbox 1868 2482 3466 2555; baseline 0.002 -18"><span class='ocrx_word' id='word_1_400' title='bbox 1868 2492 2210 2551; x_wconf 91' lang='lat' dir='ltr'><strong>operuerunt</strong></span> <span class='ocrx_word' id='word_1_401' title='bbox 2246 2497 2361 2538; x_wconf 90' lang='lat' dir='ltr'><strong>eos.</strong></span> <span class='ocrx_word' id='word_1_402' title='bbox 2391 2482 2483 2538; x_wconf 92' lang='lat' dir='ltr'><strong>Sic</strong></span> <span class='ocrx_word' id='word_1_403' title='bbox 2507 2483 2640 2538; x_wconf 84' lang='lat' dir='ltr'><strong>fiant</strong></span> <span class='ocrx_word' id='word_1_404' title='bbox 2677 2491 2733 2538; x_wconf 90' lang='lat' dir='ltr'><strong>et</strong></span> <span class='ocrx_word' id='word_1_405' title='bbox 2763 2484 2878 2550; x_wconf 91' lang='lat' dir='ltr'><strong>isti,</strong></span> <span class='ocrx_word' id='word_1_406' title='bbox 2911 2484 3166 2551; x_wconf 89' lang='lat' dir='ltr'><strong>Domine,</strong></span> <span class='ocrx_word' id='word_1_407' title='bbox 3211 2485 3304 2555; x_wconf 90' lang='lat' dir='ltr'><strong>qui</strong></span> <span class='ocrx_word' id='word_1_408' title='bbox 3333 2499 3466 2540; x_wconf 90' lang='lat' dir='ltr'><strong>con-</strong></span> 
     </span>
    </p>
   </div>
   <div class='ocr_carea' id='block_1_55' title="bbox 1866 2574 3462 2647">
    <p class='ocr_par' dir='ltr' id='par_1_55' title="bbox 1866 2574 3462 2647">
     <span class='ocr_line' id='line_1_55' title="bbox 1866 2574 3462 2647; baseline 0.004 -18"><span class='ocrx_word' id='word_1_409' title='bbox 1866 2574 2040 2630; x_wconf 80' lang='lat' dir='ltr'><strong>ﬁdunt</strong></span> <span class='ocrx_word' id='word_1_410' title='bbox 2061 2574 2117 2629; x_wconf 93' lang='lat' dir='ltr'><strong>in</strong></span> <span class='ocrx_word' id='word_1_411' title='bbox 2150 2575 2497 2632; x_wconf 87' lang='lat' dir='ltr'><strong>multitudine</strong></span> <span class='ocrx_word' id='word_1_412' title='bbox 2526 2591 2659 2647; x_wconf 85' lang='lat' dir='ltr'><strong>sua,</strong></span> <span class='ocrx_word' id='word_1_413' title='bbox 2690 2585 2745 2633; x_wconf 92' lang='lat' dir='ltr'><strong>et</strong></span> <span class='ocrx_word' id='word_1_414' title='bbox 2783 2577 2838 2632; x_wconf 93' lang='lat' dir='ltr'><strong>in</strong></span> <span class='ocrx_word' id='word_1_415' title='bbox 2877 2578 3132 2634; x_wconf 90' lang='lat' dir='ltr'><strong>curribus</strong></span> <span class='ocrx_word' id='word_1_416' title='bbox 3161 2580 3296 2645; x_wconf 91' lang='lat' dir='ltr'><strong>suis,</strong></span> <span class='ocrx_word' id='word_1_417' title='bbox 3322 2588 3377 2635; x_wconf 92' lang='lat' dir='ltr'><strong>et</strong></span> <span class='ocrx_word' id='word_1_418' title='bbox 3406 2581 3462 2635; x_wconf 94' lang='lat' dir='ltr'><strong>in</strong></span> 
     </span>
    </p>
   </div>
   <div class='ocr_carea' id='block_1_56' title="bbox 1862 2666 3461 2740">
    <p class='ocr_par' dir='ltr' id='par_1_56' title="bbox 1862 2666 3461 2740">
     <span class='ocr_line' id='line_1_56' title="bbox 1862 2666 3461 2740; baseline 0.004 -18"><span class='ocrx_word' id='word_1_419' title='bbox 1862 2667 2061 2732; x_wconf 90' lang='lat' dir='ltr'><strong>contis,</strong></span> <span class='ocrx_word' id='word_1_420' title='bbox 2089 2666 2116 2704; x_wconf 75' lang='grc' dir='ltr'><strong>ά</strong></span> <span class='ocrx_word' id='word_1_421' title='bbox 2141 2676 2196 2724; x_wconf 89' lang='lat' dir='ltr'><strong>et</strong></span> <span class='ocrx_word' id='word_1_422' title='bbox 2228 2669 2281 2723; x_wconf 90' lang='lat' dir='ltr'><strong>in</strong></span> <span class='ocrx_word' id='word_1_423' title='bbox 2305 2670 2496 2734; x_wconf 89' lang='lat' dir='ltr'><strong>scutis,</strong></span> <span class='ocrx_word' id='word_1_424' title='bbox 2523 2679 2578 2724; x_wconf 91' lang='lat' dir='ltr'><strong>et</strong></span> <span class='ocrx_word' id='word_1_425' title='bbox 2605 2670 2658 2723; x_wconf 91' lang='lat' dir='ltr'><strong>in</strong></span> <span class='ocrx_word' id='word_1_426' title='bbox 2685 2670 2896 2738; x_wconf 83' lang='lat' dir='ltr'><strong>sagittis</strong></span> <span class='ocrx_word' id='word_1_427' title='bbox 2929 2670 3068 2740; x_wconf 90' lang='lat' dir='ltr'><strong>suis,</strong></span> <span class='ocrx_word' id='word_1_428' title='bbox 3092 2679 3150 2726; x_wconf 91' lang='lat' dir='ltr'><strong>et</strong></span> <span class='ocrx_word' id='word_1_429' title='bbox 3178 2671 3230 2725; x_wconf 93' lang='lat' dir='ltr'><strong>in</strong></span> <span class='ocrx_word' id='word_1_430' title='bbox 3255 2670 3461 2728; x_wconf 81' lang='lat' dir='ltr'><strong>lanceis</strong></span> 
     </span>
    </p>
   </div>
   <div class='ocr_carea' id='block_1_57' title="bbox 1858 2759 3444 2830">
    <p class='ocr_par' dir='ltr' id='par_1_57' title="bbox 1858 2759 3444 2830">
     <span class='ocr_line' id='line_1_57' title="bbox 1858 2759 3444 2830; baseline 0 -15"><span class='ocrx_word' id='word_1_431' title='bbox 1858 2760 2187 2830; x_wconf 87' lang='lat' dir='ltr'><strong>gloriantur,</strong></span> <span class='ocrx_word' id='word_1_432' title='bbox 2215 2769 2269 2814; x_wconf 90' lang='lat' dir='ltr'><strong>et</strong></span> <span class='ocrx_word' id='word_1_433' title='bbox 2296 2760 2566 2825; x_wconf 89' lang='lat' dir='ltr'><strong>nesciunt,</strong></span> <span class='ocrx_word' id='word_1_434' title='bbox 2597 2759 2719 2829; x_wconf 91' lang='lat' dir='ltr'><strong>quia</strong></span> <span class='ocrx_word' id='word_1_435' title='bbox 2751 2769 2806 2813; x_wconf 92' lang='lat' dir='ltr'><strong>tu</strong></span> <span class='ocrx_word' id='word_1_436' title='bbox 2838 2761 2955 2828; x_wconf 91' lang='lat' dir='ltr'><strong>ipse</strong></span> <span class='ocrx_word' id='word_1_437' title='bbox 2977 2774 3035 2814; x_wconf 91' lang='lat' dir='ltr'><strong>es</strong></span> <span class='ocrx_word' id='word_1_438' title='bbox 3061 2759 3204 2816; x_wconf 90' lang='lat' dir='ltr'><strong>Deus</strong></span> <span class='ocrx_word' id='word_1_439' title='bbox 3233 2769 3444 2827; x_wconf 89' lang='lat' dir='ltr'><strong>noster,</strong></span> 
     </span>
    </p>
   </div>
   <div class='ocr_carea' id='block_1_58' title="bbox 1857 2850 3442 2922">
    <p class='ocr_par' dir='ltr' id='par_1_58' title="bbox 1857 2850 3442 2922">
     <span class='ocr_line' id='line_1_58' title="bbox 1857 2850 3442 2922; baseline 0.001 -16"><span class='ocrx_word' id='word_1_440' title='bbox 1857 2852 1950 2922; x_wconf 91' lang='lat' dir='ltr'><strong>qui</strong></span> <span class='ocrx_word' id='word_1_441' title='bbox 1981 2851 2222 2907; x_wconf 91' lang='lat' dir='ltr'><strong>conteris</strong></span> <span class='ocrx_word' id='word_1_442' title='bbox 2248 2851 2392 2907; x_wconf 89' lang='lat' dir='ltr'><strong>bella</strong></span> <span class='ocrx_word' id='word_1_443' title='bbox 2419 2851 2486 2907; x_wconf 91' lang='lat' dir='ltr'><strong>ab</strong></span> <span class='ocrx_word' id='word_1_444' title='bbox 2517 2851 2696 2917; x_wconf 91' lang='lat' dir='ltr'><strong>initio,</strong></span> <span class='ocrx_word' id='word_1_445' title='bbox 2727 2858 2782 2906; x_wconf 90' lang='lat' dir='ltr'><strong>et</strong></span> <span class='ocrx_word' id='word_1_446' title='bbox 2818 2850 3080 2906; x_wconf 89' lang='lat' dir='ltr'><strong>Dominus</strong></span> <span class='ocrx_word' id='word_1_447' title='bbox 3132 2865 3329 2907; x_wconf 90' lang='lat' dir='ltr'><strong>nomen</strong></span> <span class='ocrx_word' id='word_1_448' title='bbox 3359 2861 3442 2908; x_wconf 90' lang='lat' dir='ltr'><strong>est</strong></span> 
     </span>
    </p>
   </div>
   <div class='ocr_carea' id='block_1_59' title="bbox 1857 2943 3452 3015">
    <p class='ocr_par' dir='ltr' id='par_1_59' title="bbox 1857 2943 3452 3015">
     <span class='ocr_line' id='line_1_59' title="bbox 1857 2943 3452 3015; baseline 0.001 -15"><span class='ocrx_word' id='word_1_449' title='bbox 1857 2943 1974 3000; x_wconf 90' lang='lat' dir='ltr'><strong>tibi.</strong></span> <span class='ocrx_word' id='word_1_450' title='bbox 2007 2945 2169 3015; x_wconf 88' lang='lat' dir='ltr'><strong>Erige</strong></span> <span class='ocrx_word' id='word_1_451' title='bbox 2196 2944 2482 3000; x_wconf 85' lang='lat' dir='ltr'><strong>brachium</strong></span> <span class='ocrx_word' id='word_1_452' title='bbox 2513 2954 2664 2998; x_wconf 90' lang='lat' dir='ltr'><strong>tuum</strong></span> <span class='ocrx_word' id='word_1_453' title='bbox 2699 2943 2844 2999; x_wconf 90' lang='lat' dir='ltr'><strong>sicut</strong></span> <span class='ocrx_word' id='word_1_454' title='bbox 2889 2944 2958 2999; x_wconf 93' lang='lat' dir='ltr'><strong>ab</strong></span> <span class='ocrx_word' id='word_1_455' title='bbox 2997 2944 3173 3010; x_wconf 91' lang='lat' dir='ltr'><strong>initio,</strong></span> <span class='ocrx_word' id='word_1_456' title='bbox 3203 2952 3256 2999; x_wconf 87' lang='lat' dir='ltr'><strong>et</strong></span> <span class='ocrx_word' id='word_1_457' title='bbox 3286 2945 3452 3002; x_wconf 84' lang='lat' dir='ltr'><strong>aliide</strong></span> 
     </span>
    </p>
   </div>
   <div class='ocr_carea' id='block_1_60' title="bbox 1853 3034 3451 3092">
    <p class='ocr_par' dir='ltr' id='par_1_60' title="bbox 1853 3034 3451 3092">
     <span class='ocr_line' id='line_1_60' title="bbox 1853 3034 3451 3092; baseline 0 0"><span class='ocrx_word' id='word_1_458' title='bbox 1853 3037 2113 3092; x_wconf 85' lang='lat' dir='ltr'><strong>virtutem</strong></span> <span class='ocrx_word' id='word_1_459' title='bbox 2139 3037 2359 3092; x_wconf 90' lang='lat' dir='ltr'><strong>illorum</strong></span> <span class='ocrx_word' id='word_1_460' title='bbox 2396 3037 2450 3091; x_wconf 95' lang='lat' dir='ltr'><strong>in</strong></span> <span class='ocrx_word' id='word_1_461' title='bbox 2479 3036 2679 3091; x_wconf 91' lang='lat' dir='ltr'><strong>virtute</strong></span> <span class='ocrx_word' id='word_1_462' title='bbox 2712 3045 2832 3091; x_wconf 93' lang='lat' dir='ltr'><strong>tua:</strong></span> <span class='ocrx_word' id='word_1_463' title='bbox 2862 3034 3022 3090; x_wconf 88' lang='lat' dir='ltr'><strong>cadat</strong></span> <span class='ocrx_word' id='word_1_464' title='bbox 3049 3036 3222 3091; x_wconf 90' lang='lat' dir='ltr'><strong>virtus</strong></span> <span class='ocrx_word' id='word_1_465' title='bbox 3258 3051 3451 3092; x_wconf 90' lang='lat' dir='ltr'><strong>eorum</strong></span> 
     </span>
    </p>
   </div>
   <div class='ocr_carea' id='block_1_61' title="bbox 1851 3127 3449 3200">
    <p class='ocr_par' dir='ltr' id='par_1_61' title="bbox 1851 3127 3449 3200">
     <span class='ocr_line' id='line_1_61' title="bbox 1851 3127 3449 3200; baseline -0.001 -14"><span class='ocrx_word' id='word_1_466' title='bbox 1851 3131 1907 3186; x_wconf 92' lang='lat' dir='ltr'><strong>in</strong></span> <span class='ocrx_word' id='word_1_467' title='bbox 1937 3129 2219 3186; x_wconf 84' lang='lat' dir='ltr'><strong>iracundia</strong></span> <span class='ocrx_word' id='word_1_468' title='bbox 2248 3139 2364 3196; x_wconf 93' lang='lat' dir='ltr'><strong>tua,</strong></span> <span class='ocrx_word' id='word_1_469' title='bbox 2409 3129 2500 3199; x_wconf 93' lang='lat' dir='ltr'><strong>qui</strong></span> <span class='ocrx_word' id='word_1_470' title='bbox 2533 3128 2860 3200; x_wconf 89' lang='lat' dir='ltr'><strong>promittunt</strong></span> <span class='ocrx_word' id='word_1_471' title='bbox 2897 3142 2958 3183; x_wconf 91' lang='lat' dir='ltr'><strong>se</strong></span> <span class='ocrx_word' id='word_1_472' title='bbox 3003 3127 3213 3184; x_wconf 88' lang='lat' dir='ltr'><strong>violare</strong></span> <span class='ocrx_word' id='word_1_473' title='bbox 3259 3137 3449 3185; x_wconf 89' lang='lat' dir='ltr'><strong>sancta</strong></span> 
     </span>
    </p>
   </div>
   <div class='ocr_carea' id='block_1_62' title="bbox 155 3218 1753 3294">
    <p class='ocr_par' dir='ltr' id='par_1_62' title="bbox 155 3223 1744 3294">
     <span class='ocr_line' id='line_1_62' title="bbox 155 3223 1744 3294; baseline 0.003 -14"><span class='ocrx_word' id='word_1_474' title='bbox 155 3223 370 3280; x_wconf 82' lang='lat' dir='ltr'><strong>effectus</strong></span> <span class='ocrx_word' id='word_1_475' title='bbox 393 3234 502 3280; x_wconf 90' lang='lat' dir='ltr'><strong>est.</strong></span> <span class='ocrx_word' id='word_1_476' title='bbox 528 3225 623 3281; x_wconf 91' lang='lat' dir='ltr'><strong>Sic</strong></span> <span class='ocrx_word' id='word_1_477' title='bbox 643 3226 816 3294; x_wconf 88' lang='lat' dir='ltr'><strong>Isaac,</strong></span> <span class='ocrx_word' id='word_1_478' title='bbox 845 3226 924 3281; x_wconf 91' lang='lat' dir='ltr'><strong>sic</strong></span> <span class='ocrx_word' id='word_1_479' title='bbox 945 3225 1136 3292; x_wconf 87' lang='lat' dir='ltr'><strong>Jacob,</strong></span> <span class='ocrx_word' id='word_1_480' title='bbox 1156 3226 1234 3281; x_wconf 92' lang='lat' dir='ltr'><strong>sic</strong></span> <span class='ocrx_word' id='word_1_481' title='bbox 1255 3225 1454 3293; x_wconf 87' lang='lat' dir='ltr'><strong>Moses,</strong></span> <span class='ocrx_word' id='word_1_482' title='bbox 1483 3236 1536 3282; x_wconf 93' lang='lat' dir='ltr'><strong>et</strong></span> <span class='ocrx_word' id='word_1_483' title='bbox 1555 3243 1744 3284; x_wconf 91' lang='lat' dir='ltr'><strong>omnes</strong></span> 
     </span>
    </p>
   </div>
   <div class='ocr_carea' id='block_1_63' title="bbox 1855 3218 3453 3294">
    <p class='ocr_par' dir='ltr' id='par_1_63' title="bbox 1855 3218 3453 3291">
     <span class='ocr_line' id='line_1_63' title="bbox 1855 3218 3453 3291; baseline -0.001 -14"><span class='ocrx_word' id='word_1_484' title='bbox 1855 3231 1966 3289; x_wconf 90' lang='lat' dir='ltr'><strong>tua,</strong></span> <span class='ocrx_word' id='word_1_485' title='bbox 1999 3229 2056 3278; x_wconf 92' lang='lat' dir='ltr'><strong>et</strong></span> <span class='ocrx_word' id='word_1_486' title='bbox 2085 3222 2335 3291; x_wconf 90' lang='lat' dir='ltr'><strong>polluere</strong></span> <span class='ocrx_word' id='word_1_487' title='bbox 2364 3219 2780 3276; x_wconf 89' lang='lat' dir='ltr'><strong>tabernaculum</strong></span> <span class='ocrx_word' id='word_1_488' title='bbox 2807 3229 2830 3256; x_wconf 74' lang='grc' dir='ltr'><strong>ι’</strong></span> <span class='ocrx_word' id='word_1_489' title='bbox 2857 3218 3098 3274; x_wconf 90' lang='lat' dir='ltr'><strong>nominis</strong></span> <span class='ocrx_word' id='word_1_490' title='bbox 3124 3221 3223 3287; x_wconf 92' lang='lat' dir='ltr'><strong>tui,</strong></span> <span class='ocrx_word' id='word_1_491' title='bbox 3254 3231 3310 3275; x_wconf 93' lang='lat' dir='ltr'><strong>et</strong></span> <span class='ocrx_word' id='word_1_492' title='bbox 3357 3221 3453 3276; x_wconf 89' lang='lat' dir='ltr'><strong>de-</strong></span> 
     </span>
    </p>
   </div>
   <div class='ocr_carea' id='block_1_64' title="bbox 152 3317 1744 3388">
    <p class='ocr_par' dir='ltr' id='par_1_64' title="bbox 152 3317 1744 3388">
     <span class='ocr_line' id='line_1_64' title="bbox 152 3317 1744 3388; baseline 0.003 -18"><span class='ocrx_word' id='word_1_493' title='bbox 152 3318 231 3388; x_wconf 87' lang='lat' dir='ltr'><strong>qui</strong></span> <span class='ocrx_word' id='word_1_494' title='bbox 262 3318 596 3386; x_wconf 86' lang='lat' dir='ltr'><strong>placuerunt</strong></span> <span class='ocrx_word' id='word_1_495' title='bbox 621 3317 756 3384; x_wconf 92' lang='lat' dir='ltr'><strong>Deo,</strong></span> <span class='ocrx_word' id='word_1_496' title='bbox 792 3333 888 3386; x_wconf 86' lang='lat' dir='ltr'><strong>per</strong></span> <span class='ocrx_word' id='word_1_497' title='bbox 914 3318 1114 3373; x_wconf 90' lang='lat' dir='ltr'><strong>multas</strong></span> <span class='ocrx_word' id='word_1_498' title='bbox 1153 3317 1538 3374; x_wconf 88' lang='lat' dir='ltr'><strong>tribulationes</strong></span> <span class='ocrx_word' id='word_1_499' title='bbox 1567 3327 1744 3376; x_wconf 86' lang='lat' dir='ltr'><strong>trans-</strong></span> 
     </span>
    </p>
   </div>
   <div class='ocr_carea' id='block_1_65' title="bbox 153 3411 1743 3482">
    <p class='ocr_par' dir='ltr' id='par_1_65' title="bbox 153 3411 1743 3482">
     <span class='ocr_line' id='line_1_65' title="bbox 153 3411 1743 3482; baseline 0.003 -17"><span class='ocrx_word' id='word_1_500' title='bbox 153 3411 326 3466; x_wconf 89' lang='lat' dir='ltr'><strong>ierunt</strong></span> <span class='ocrx_word' id='word_1_501' title='bbox 371 3411 588 3466; x_wconf 80' lang='lat' dir='ltr'><strong>fideles.</strong></span> <span class='ocrx_word' id='word_1_502' title='bbox 634 3411 718 3465; x_wconf 93' lang='lat' dir='ltr'><strong>llli</strong></span> <span class='ocrx_word' id='word_1_503' title='bbox 743 3420 948 3477; x_wconf 91' lang='lat' dir='ltr'><strong>autem,</strong></span> <span class='ocrx_word' id='word_1_504' title='bbox 987 3412 1079 3482; x_wconf 89' lang='lat' dir='ltr'><strong>qui</strong></span> <span class='ocrx_word' id='word_1_505' title='bbox 1129 3412 1459 3468; x_wconf 88' lang='lat' dir='ltr'><strong>tentationes</strong></span> <span class='ocrx_word' id='word_1_506' title='bbox 1488 3428 1596 3468; x_wconf 93' lang='lat' dir='ltr'><strong>non</strong></span> <span class='ocrx_word' id='word_1_507' title='bbox 1624 3428 1743 3470; x_wconf 91' lang='lat' dir='ltr'><strong>sus-</strong></span> 
     </span>
    </p>
   </div>
   <div class='ocr_carea' id='block_1_66' title="bbox 69 3502 1740 3578">
    <p class='ocr_par' dir='ltr' id='par_1_66' title="bbox 69 3502 1740 3578">
     <span class='ocr_line' id='line_1_66' title="bbox 69 3502 1740 3578; baseline 0.002 -20"><span class='ocrx_word' id='word_1_508' title='bbox 69 3576 72 3578; x_wconf 0' lang='lat'><strong>,</strong></span> <span class='ocrx_word' id='word_1_509' title='bbox 154 3512 402 3573; x_wconf 87' lang='lat' dir='ltr'><strong>ceperunt</strong></span> <span class='ocrx_word' id='word_1_510' title='bbox 433 3519 560 3558; x_wconf 91' lang='lat' dir='ltr'><strong>cum</strong></span> <span class='ocrx_word' id='word_1_511' title='bbox 592 3504 788 3560; x_wconf 90' lang='lat' dir='ltr'><strong>timore</strong></span> <span class='ocrx_word' id='word_1_512' title='bbox 815 3502 1054 3571; x_wconf 86' lang='lat' dir='ltr'><strong>Domini,</strong></span> <span class='ocrx_word' id='word_1_513' title='bbox 1080 3512 1136 3561; x_wconf 89' lang='lat' dir='ltr'><strong>et</strong></span> <span class='ocrx_word' id='word_1_514' title='bbox 1165 3505 1560 3576; x_wconf 87' lang='lat' dir='ltr'><strong>impatientiam</strong></span> <span class='ocrx_word' id='word_1_515' title='bbox 1589 3522 1740 3563; x_wconf 89' lang='lat' dir='ltr'><strong>suam</strong></span> 
     </span>
    </p>
   </div>
   <div class='ocr_carea' id='block_1_67' title="bbox 151 3596 1741 3666">
    <p class='ocr_par' dir='ltr' id='par_1_67' title="bbox 151 3596 1741 3666">
     <span class='ocr_line' id='line_1_67' title="bbox 151 3596 1741 3666; baseline 0.003 -14"><span class='ocrx_word' id='word_1_516' title='bbox 151 3608 200 3652; x_wconf 92' lang='lat' dir='ltr'><strong>et</strong></span> <span class='ocrx_word' id='word_1_517' title='bbox 238 3596 637 3666; x_wconf 84' lang='lat' dir='ltr'><strong>improperium</strong></span> <span class='ocrx_word' id='word_1_518' title='bbox 685 3596 1131 3651; x_wconf 89' lang='lat' dir='ltr'><strong>murmurationis</strong></span> <span class='ocrx_word' id='word_1_519' title='bbox 1177 3611 1290 3651; x_wconf 69' lang='lat' dir='ltr'><strong>suae</strong></span> <span class='ocrx_word' id='word_1_520' title='bbox 1338 3606 1529 3652; x_wconf 89' lang='lat' dir='ltr'><strong>contra</strong></span> <span class='ocrx_word' id='word_1_521' title='bbox 1559 3600 1741 3656; x_wconf 85' lang='lat' dir='ltr'><strong>Domi-</strong></span> 
     </span>
    </p>
   </div>
   <div class='ocr_carea' id='block_1_68' title="bbox 149 3688 1735 3767">
    <p class='ocr_par' dir='ltr' id='par_1_68' title="bbox 149 3688 1735 3767">
     <span class='ocr_line' id='line_1_68' title="bbox 149 3688 1735 3767; baseline 0.003 -19"><span class='ocrx_word' id='word_1_522' title='bbox 149 3708 266 3749; x_wconf 84' lang='lat' dir='ltr'><strong>num</strong></span> <span class='ocrx_word' id='word_1_523' title='bbox 286 3689 662 3762; x_wconf 89' lang='lat' dir='ltr'><strong>protulerunt,</strong></span> <span class='ocrx_word' id='word_1_524' title='bbox 683 3689 1028 3746; x_wconf 89' lang='lat' dir='ltr'><strong>exterminati</strong></span> <span class='ocrx_word' id='word_1_525' title='bbox 1048 3698 1173 3744; x_wconf 89' lang='lat' dir='ltr'><strong>sunt</strong></span> <span class='ocrx_word' id='word_1_526' title='bbox 1194 3688 1260 3744; x_wconf 90' lang='lat' dir='ltr'><strong>ab</strong></span> <span class='ocrx_word' id='word_1_527' title='bbox 1285 3692 1735 3767; x_wconf 83' lang='lat' dir='ltr'><strong>exterminatore,</strong></span> 
     </span>
    </p>
   </div>
   <div class='ocr_carea' id='block_1_69' title="bbox 147 3780 1736 3854">
    <p class='ocr_par' dir='ltr' id='par_1_69' title="bbox 147 3780 1736 3854">
     <span class='ocr_line' id='line_1_69' title="bbox 147 3780 1736 3854; baseline 0.001 -14"><span class='ocrx_word' id='word_1_528' title='bbox 147 3795 246 3843; x_wconf 85' lang='lat' dir='ltr'><strong>eta</strong></span> <span class='ocrx_word' id='word_1_529' title='bbox 278 3781 635 3854; x_wconf 86' lang='lat' dir='ltr'><strong>serpentibus</strong></span> <span class='ocrx_word' id='word_1_530' title='bbox 677 3781 984 3853; x_wconf 89' lang='lat' dir='ltr'><strong>perierunt.</strong></span> <span class='ocrx_word' id='word_1_531' title='bbox 1016 3780 1084 3835; x_wconf 88' lang='lat' dir='ltr'><strong>Et</strong></span> <span class='ocrx_word' id='word_1_532' title='bbox 1129 3794 1231 3836; x_wconf 92' lang='lat' dir='ltr'><strong>nos</strong></span> <span class='ocrx_word' id='word_1_533' title='bbox 1257 3795 1386 3852; x_wconf 89' lang='lat' dir='ltr'><strong>ergo</strong></span> <span class='ocrx_word' id='word_1_534' title='bbox 1415 3799 1524 3839; x_wconf 90' lang='lat' dir='ltr'><strong>non</strong></span> <span class='ocrx_word' id='word_1_535' title='bbox 1570 3787 1736 3846; x_wconf 91' lang='lat' dir='ltr'><strong>ulcis-</strong></span> 
     </span>
    </p>
   </div>
   <div class='ocr_carea' id='block_1_70' title="bbox 144 3874 1736 3947">
    <p class='ocr_par' dir='ltr' id='par_1_70' title="bbox 144 3874 1736 3947">
     <span class='ocr_line' id='line_1_70' title="bbox 144 3874 1736 3947; baseline 0.003 -14"><span class='ocrx_word' id='word_1_536' title='bbox 144 3894 328 3935; x_wconf 87' lang='lat' dir='ltr'><strong>camur</strong></span> <span class='ocrx_word' id='word_1_537' title='bbox 381 3891 481 3931; x_wconf 91' lang='lat' dir='ltr'><strong>nos</strong></span> <span class='ocrx_word' id='word_1_538' title='bbox 527 3890 629 3945; x_wconf 91' lang='lat' dir='ltr'><strong>pro</strong></span> <span class='ocrx_word' id='word_1_539' title='bbox 675 3875 760 3929; x_wconf 88' lang='lat' dir='ltr'><strong>his</strong></span> <span class='ocrx_word' id='word_1_540' title='bbox 801 3889 919 3944; x_wconf 73' lang='lat' dir='ltr'><strong>qua:</strong></span> <span class='ocrx_word' id='word_1_541' title='bbox 975 3875 1236 3946; x_wconf 87' lang='lat' dir='ltr'><strong>patimur,</strong></span> <span class='ocrx_word' id='word_1_542' title='bbox 1287 3874 1383 3930; x_wconf 91' lang='lat' dir='ltr'><strong>sed</strong></span> <span class='ocrx_word' id='word_1_543' title='bbox 1422 3889 1736 3947; x_wconf 85' lang='lat' dir='ltr'><strong>reputantes</strong></span> 
     </span>
    </p>
   </div>
   <div class='ocr_carea' id='block_1_71' title="bbox 143 3969 1738 4049">
    <p class='ocr_par' dir='ltr' id='par_1_71' title="bbox 143 3969 1738 4049">
     <span class='ocr_line' id='line_1_71' title="bbox 143 3969 1738 4049; baseline 0.006 -21"><span class='ocrx_word' id='word_1_544' title='bbox 143 3973 378 4044; x_wconf 83' lang='lat' dir='ltr'><strong>peccatis</strong></span> <span class='ocrx_word' id='word_1_545' title='bbox 409 3970 618 4025; x_wconf 88' lang='lat' dir='ltr'><strong>nostris</strong></span> <span class='ocrx_word' id='word_1_546' title='bbox 650 3969 770 4023; x_wconf 63' lang='lat' dir='ltr'><strong>hare</strong></span> <span class='ocrx_word' id='word_1_547' title='bbox 797 3969 914 4038; x_wconf 90' lang='lat' dir='ltr'><strong>ipsa</strong></span> <span class='ocrx_word' id='word_1_548' title='bbox 937 3970 1204 4039; x_wconf 89' lang='lat' dir='ltr'><strong>supplicia</strong></span> <span class='ocrx_word' id='word_1_549' title='bbox 1228 3973 1441 4030; x_wconf 86' lang='lat' dir='ltr'><strong>minora</strong></span> <span class='ocrx_word' id='word_1_550' title='bbox 1469 3992 1615 4049; x_wconf 91' lang='lat' dir='ltr'><strong>esse,</strong></span> <span class='ocrx_word' id='word_1_551' title='bbox 1648 3982 1738 4036; x_wconf 84' lang='lat' dir='ltr'><strong>fla-</strong></span> 
     </span>
    </p>
   </div>
   <div class='ocr_carea' id='block_1_72' title="bbox 141 4060 1734 4139">
    <p class='ocr_par' dir='ltr' id='par_1_72' title="bbox 141 4060 1734 4139">
     <span class='ocr_line' id='line_1_72' title="bbox 141 4060 1734 4139; baseline 0.006 -19"><span class='ocrx_word' id='word_1_552' title='bbox 141 4065 270 4136; x_wconf 81' lang='lat' dir='ltr'><strong>gella</strong></span> <span class='ocrx_word' id='word_1_553' title='bbox 327 4063 592 4128; x_wconf 90' lang='lat' dir='ltr'><strong>Domini,</strong></span> <span class='ocrx_word' id='word_1_554' title='bbox 638 4060 839 4132; x_wconf 91' lang='lat' dir='ltr'><strong>quibus</strong></span> <span class='ocrx_word' id='word_1_555' title='bbox 881 4060 1036 4131; x_wconf 87' lang='lat' dir='ltr'><strong>quasi</strong></span> <span class='ocrx_word' id='word_1_556' title='bbox 1087 4065 1230 4118; x_wconf 84' lang='lat' dir='ltr'><strong>servi</strong></span> <span class='ocrx_word' id='word_1_557' title='bbox 1275 4068 1623 4139; x_wconf 88' lang='lat' dir='ltr'><strong>corripimur,</strong></span> <span class='ocrx_word' id='word_1_558' title='bbox 1667 4074 1734 4130; x_wconf 86' lang='lat' dir='ltr'><strong>ad</strong></span> 
     </span>
    </p>
   </div>
   <div class='ocr_carea' id='block_1_73' title="bbox 140 4151 1729 4223">
    <p class='ocr_par' dir='ltr' id='par_1_73' title="bbox 140 4151 1729 4223">
     <span class='ocr_line' id='line_1_73' title="bbox 140 4151 1729 4223; baseline 0.005 -11"><span class='ocrx_word' id='word_1_559' title='bbox 140 4154 606 4218; x_wconf 85' lang='lat' dir='ltr'><strong>emendationem,</strong></span> <span class='ocrx_word' id='word_1_560' title='bbox 647 4159 703 4208; x_wconf 92' lang='lat' dir='ltr'><strong>et</strong></span> <span class='ocrx_word' id='word_1_561' title='bbox 738 4166 848 4207; x_wconf 92' lang='lat' dir='ltr'><strong>non</strong></span> <span class='ocrx_word' id='word_1_562' title='bbox 870 4151 938 4208; x_wconf 89' lang='lat' dir='ltr'><strong>ad</strong></span> <span class='ocrx_word' id='word_1_563' title='bbox 955 4153 1321 4223; x_wconf 89' lang='lat' dir='ltr'><strong>perditionem</strong></span> <span class='ocrx_word' id='word_1_564' title='bbox 1341 4170 1581 4217; x_wconf 74' lang='lat' dir='ltr'><strong>nosuam</strong></span> <span class='ocrx_word' id='word_1_565' title='bbox 1604 4178 1729 4220; x_wconf 88' lang='lat' dir='ltr'><strong>cve-</strong></span> 
     </span>
    </p>
   </div>
   <div class='ocr_carea' id='block_1_74' title="bbox 139 4247 1117 4306">
    <p class='ocr_par' dir='ltr' id='par_1_74' title="bbox 139 4247 1117 4306">
     <span class='ocr_line' id='line_1_74' title="bbox 139 4247 1117 4306; baseline -0.024 0"><span class='ocrx_word' id='word_1_566' title='bbox 139 4251 280 4306; x_wconf 85' lang='lat' dir='ltr'><strong>nisse</strong></span> <span class='ocrx_word' id='word_1_567' title='bbox 307 4247 624 4305; x_wconf 89' lang='lat' dir='ltr'><strong>credamus.</strong></span> 
     </span>
    </p>
   </div>
   <div class='ocr_carea' id='block_1_75' title="bbox 203 4337 1730 4415">
    <p class='ocr_par' dir='ltr' id='par_1_75' title="bbox 203 4337 1730 4415">
     <span class='ocr_line' id='line_1_75' title="bbox 203 4337 1730 4415; baseline 0.007 -18"><span class='ocrx_word' id='word_1_568' title='bbox 203 4345 267 4398; x_wconf 84' lang='lat' dir='ltr'><strong>Et</strong></span> <span class='ocrx_word' id='word_1_569' title='bbox 311 4342 581 4415; x_wconf 80' lang='lat' dir='ltr'><strong>dixerunt</strong></span> <span class='ocrx_word' id='word_1_570' title='bbox 637 4337 715 4393; x_wconf 91' lang='lat' dir='ltr'><strong>illi</strong></span> <span class='ocrx_word' id='word_1_571' title='bbox 762 4338 920 4394; x_wconf 89' lang='lat' dir='ltr'><strong>Ozias</strong></span> <span class='ocrx_word' id='word_1_572' title='bbox 949 4383 964 4406; x_wconf 97' lang='lat'><strong>,</strong></span> <span class='ocrx_word' id='word_1_573' title='bbox 1018 4349 1074 4397; x_wconf 90' lang='lat' dir='ltr'><strong>et</strong></span> <span class='ocrx_word' id='word_1_574' title='bbox 1131 4342 1437 4415; x_wconf 84' lang='lat' dir='ltr'><strong>presbyteri</strong></span> <span class='ocrx_word' id='word_1_575' title='bbox 1480 4364 1493 4401; x_wconf 92' lang='lat'><strong>:</strong></span> <span class='ocrx_word' id='word_1_576' title='bbox 1541 4349 1730 4409; x_wconf 82' lang='lat' dir='ltr'><strong>Omnia</strong></span> 
     </span>
    </p>
   </div>
   <div class='ocr_carea' id='block_1_76' title="bbox 139 4414 1729 4484">
    <p class='ocr_par' dir='ltr' id='par_1_76' title="bbox 139 4414 1729 4484">
     <span class='ocr_line' id='line_1_76' title="bbox 139 4414 1729 4484; baseline 0 -15"><span class='ocrx_word' id='word_1_577' title='bbox 139 4431 247 4484; x_wconf 73' lang='lat' dir='ltr'><strong>qua:</strong></span> <span class='ocrx_word' id='word_1_578' title='bbox 307 4414 495 4467; x_wconf 87' lang='lat' dir='ltr'><strong>locuta</strong></span> <span class='ocrx_word' id='word_1_579' title='bbox 530 4425 602 4484; x_wconf 10' lang='lat' dir='ltr'><strong>ﬁes</strong></span> <span class='ocrx_word' id='word_1_580' title='bbox 632 4451 647 4477; x_wconf 94' lang='lat'><strong>,</strong></span> <span class='ocrx_word' id='word_1_581' title='bbox 685 4426 844 4484; x_wconf 29' lang='lat' dir='ltr'><strong>“vera</strong></span> <span class='ocrx_word' id='word_1_582' title='bbox 898 4422 1061 4476; x_wconf 89' lang='lat' dir='ltr'><strong>sunt,</strong></span> <span class='ocrx_word' id='word_1_583' title='bbox 1120 4423 1174 4484; x_wconf 81' lang='lat' dir='ltr'><strong>et</strong></span> <span class='ocrx_word' id='word_1_584' title='bbox 1226 4414 1330 4468; x_wconf 81' lang='lat' dir='ltr'><strong>non</strong></span> <span class='ocrx_word' id='word_1_585' title='bbox 1379 4428 1460 4472; x_wconf 91' lang='lat' dir='ltr'><strong>est</strong></span> <span class='ocrx_word' id='word_1_586' title='bbox 1513 4420 1566 4475; x_wconf 82' lang='lat' dir='ltr'><strong>in</strong></span> <span class='ocrx_word' id='word_1_587' title='bbox 1610 4435 1729 4477; x_wconf 88' lang='lat' dir='ltr'><strong>ser-</strong></span> 
     </span>
    </p>
   </div>
   <div class='ocr_carea' id='block_1_77' title="bbox 141 4482 1728 4560">
    <p class='ocr_par' dir='ltr' id='par_1_77' title="bbox 141 4482 1728 4560">
     <span class='ocr_line' id='line_1_77' title="bbox 141 4482 1728 4560; baseline 0.004 -19"><span class='ocrx_word' id='word_1_588' title='bbox 141 4482 384 4541; x_wconf 82' lang='lat' dir='ltr'><strong>monibus</strong></span> <span class='ocrx_word' id='word_1_589' title='bbox 465 4483 575 4537; x_wconf 89' lang='lat' dir='ltr'><strong>tuis</strong></span> <span class='ocrx_word' id='word_1_590' title='bbox 647 4482 752 4536; x_wconf 91' lang='lat' dir='ltr'><strong>ulla</strong></span> <span class='ocrx_word' id='word_1_591' title='bbox 820 4483 1195 4552; x_wconf 88' lang='lat' dir='ltr'><strong>reprehensio.</strong></span> <span class='ocrx_word' id='word_1_592' title='bbox 1226 4484 1378 4541; x_wconf 84' lang='lat' dir='ltr'><strong>Nunc</strong></span> <span class='ocrx_word' id='word_1_593' title='bbox 1451 4504 1579 4560; x_wconf 85' lang='lat' dir='ltr'><strong>ergo</strong></span> <span class='ocrx_word' id='word_1_594' title='bbox 1634 4507 1728 4551; x_wconf 88' lang='lat' dir='ltr'><strong>ora</strong></span> 
     </span>
    </p>
   </div>
   <div class='ocr_carea' id='block_1_78' title="bbox 140 4560 1725 4637">
    <p class='ocr_par' dir='ltr' id='par_1_78' title="bbox 140 4560 1725 4637">
     <span class='ocr_line' id='line_1_78' title="bbox 140 4560 1725 4637; baseline 0.007 -17"><span class='ocrx_word' id='word_1_595' title='bbox 140 4582 226 4637; x_wconf 91' lang='lat' dir='ltr'><strong>pro</strong></span> <span class='ocrx_word' id='word_1_596' title='bbox 270 4564 456 4627; x_wconf 86' lang='lat' dir='ltr'><strong>nobis,</strong></span> <span class='ocrx_word' id='word_1_597' title='bbox 509 4560 764 4631; x_wconf 89' lang='lat' dir='ltr'><strong>quoniam</strong></span> <span class='ocrx_word' id='word_1_598' title='bbox 817 4562 1014 4618; x_wconf 91' lang='lat' dir='ltr'><strong>mulier</strong></span> <span class='ocrx_word' id='word_1_599' title='bbox 1063 4574 1247 4620; x_wconf 87' lang='lat' dir='ltr'><strong>sancta</strong></span> <span class='ocrx_word' id='word_1_600' title='bbox 1279 4577 1398 4632; x_wconf 74' lang='lat' dir='ltr'><strong>aes,</strong></span> <span class='ocrx_word' id='word_1_601' title='bbox 1441 4578 1496 4623; x_wconf 90' lang='lat' dir='ltr'><strong>et</strong></span> <span class='ocrx_word' id='word_1_602' title='bbox 1528 4571 1725 4631; x_wconf 92' lang='lat' dir='ltr'><strong>timens</strong></span> 
     </span>
    </p>
   </div>
   <div class='ocr_carea' id='block_1_79' title="bbox 140 4639 1723 4723">
    <p class='ocr_par' dir='ltr' id='par_1_79' title="bbox 140 4639 1723 4723">
     <span class='ocr_line' id='line_1_79' title="bbox 140 4639 1723 4723; baseline -0.001 -23"><span class='ocrx_word' id='word_1_603' title='bbox 140 4647 322 4700; x_wconf 83' lang='lat' dir='ltr'><strong>Deum.</strong></span> <span class='ocrx_word' id='word_1_604' title='bbox 349 4641 423 4697; x_wconf 84' lang='grc' dir='ltr'><strong>Ει</strong></span> <span class='ocrx_word' id='word_1_605' title='bbox 453 4640 594 4695; x_wconf 82' lang='lat' dir='ltr'><strong>dixit</strong></span> <span class='ocrx_word' id='word_1_606' title='bbox 623 4640 729 4695; x_wconf 89' lang='lat' dir='ltr'><strong>illis</strong></span> <span class='ocrx_word' id='word_1_607' title='bbox 756 4639 973 4695; x_wconf 82' lang='lat' dir='ltr'><strong>Judith:</strong></span> <span class='ocrx_word' id='word_1_608' title='bbox 1001 4642 1156 4698; x_wconf 80' lang='lat' dir='ltr'><strong>Sicut</strong></span> <span class='ocrx_word' id='word_1_609' title='bbox 1199 4645 1344 4713; x_wconf 88' lang='lat' dir='ltr'><strong>quod</strong></span> <span class='ocrx_word' id='word_1_610' title='bbox 1372 4650 1523 4716; x_wconf 85' lang='lat' dir='ltr'><strong>potui</strong></span> <span class='ocrx_word' id='word_1_611' title='bbox 1553 4651 1723 4723; x_wconf 64' lang='lat' dir='ltr'><strong>loqui,</strong></span> 
     </span>
    </p>
   </div>
   <div class='ocr_carea' id='block_1_80' title="bbox 141 4725 1727 4805">
    <p class='ocr_par' dir='ltr' id='par_1_80' title="bbox 141 4725 1727 4805">
     <span class='ocr_line' id='line_1_80' title="bbox 141 4725 1727 4805; baseline 0.006 -24"><span class='ocrx_word' id='word_1_612' title='bbox 141 4729 224 4784; x_wconf 87' lang='lat' dir='ltr'><strong>Dei</strong></span> <span class='ocrx_word' id='word_1_613' title='bbox 247 4743 374 4784; x_wconf 87' lang='lat' dir='ltr'><strong>esse</strong></span> <span class='ocrx_word' id='word_1_614' title='bbox 403 4725 772 4795; x_wconf 89' lang='lat' dir='ltr'><strong>cognoscitis:</strong></span> <span class='ocrx_word' id='word_1_615' title='bbox 809 4725 883 4778; x_wconf 89' lang='lat' dir='ltr'><strong>ita</strong></span> <span class='ocrx_word' id='word_1_616' title='bbox 914 4726 1060 4795; x_wconf 92' lang='lat' dir='ltr'><strong>quod</strong></span> <span class='ocrx_word' id='word_1_617' title='bbox 1104 4726 1280 4782; x_wconf 88' lang='lat' dir='ltr'><strong>facere</strong></span> <span class='ocrx_word' id='word_1_618' title='bbox 1304 4728 1568 4803; x_wconf 87' lang='lat' dir='ltr'><strong>disposui,</strong></span> <span class='ocrx_word' id='word_1_619' title='bbox 1601 4752 1727 4805; x_wconf 86' lang='lat' dir='ltr'><strong>pro-</strong></span> 
     </span>
    </p>
   </div>
   <div class='ocr_carea' id='block_1_81' title="bbox 134 4805 1725 4872">
    <p class='ocr_par' dir='ltr' id='par_1_81' title="bbox 134 4805 1725 4872">
     <span class='ocr_line' id='line_1_81' title="bbox 134 4805 1725 4872; baseline 0.006 -9"><span class='ocrx_word' id='word_1_620' title='bbox 134 4809 253 4864; x_wconf 79' lang='lat' dir='ltr'><strong>bate</strong></span> <span class='ocrx_word' id='word_1_621' title='bbox 276 4807 327 4861; x_wconf 89' lang='lat' dir='ltr'><strong>si</strong></span> <span class='ocrx_word' id='word_1_622' title='bbox 355 4820 427 4861; x_wconf 87' lang='lat' dir='ltr'><strong>ex</strong></span> <span class='ocrx_word' id='word_1_623' title='bbox 463 4805 576 4858; x_wconf 87' lang='lat' dir='ltr'><strong>Deo</strong></span> <span class='ocrx_word' id='word_1_624' title='bbox 605 4810 692 4858; x_wconf 86' lang='lat' dir='ltr'><strong>est</strong></span> <span class='ocrx_word' id='word_1_625' title='bbox 718 4814 773 4858; x_wconf 91' lang='lat' dir='ltr'><strong>et</strong></span> <span class='ocrx_word' id='word_1_626' title='bbox 816 4812 997 4869; x_wconf 88' lang='lat' dir='ltr'><strong>orate,</strong></span> <span class='ocrx_word' id='word_1_627' title='bbox 1043 4813 1104 4858; x_wconf 92' lang='lat' dir='ltr'><strong>ut</strong></span> <span class='ocrx_word' id='word_1_628' title='bbox 1143 4805 1357 4861; x_wconf 87' lang='lat' dir='ltr'><strong>firmum</strong></span> <span class='ocrx_word' id='word_1_629' title='bbox 1387 4810 1550 4867; x_wconf 84' lang='lat' dir='ltr'><strong>faciat</strong></span> <span class='ocrx_word' id='word_1_630' title='bbox 1584 4815 1725 4872; x_wconf 88' lang='lat' dir='ltr'><strong>Deus</strong></span> 
     </span>
    </p>
   </div>
   <div class='ocr_carea' id='block_1_82' title="bbox 134 4882 1721 4964">
    <p class='ocr_par' dir='ltr' id='par_1_82' title="bbox 134 4882 1721 4964">
     <span class='ocr_line' id='line_1_82' title="bbox 134 4882 1721 4964; baseline 0.003 -19"><span class='ocrx_word' id='word_1_631' title='bbox 134 4889 424 4945; x_wconf 89' lang='lat' dir='ltr'><strong>consilium</strong></span> <span class='ocrx_word' id='word_1_632' title='bbox 458 4898 662 4939; x_wconf 89' lang='lat' dir='ltr'><strong>meum.</strong></span> <span class='ocrx_word' id='word_1_633' title='bbox 694 4882 921 4938; x_wconf 87' lang='lat' dir='ltr'><strong>Stabitis</strong></span> <span class='ocrx_word' id='word_1_634' title='bbox 943 4897 1042 4938; x_wconf 92' lang='lat' dir='ltr'><strong>vos</strong></span> <span class='ocrx_word' id='word_1_635' title='bbox 1067 4884 1133 4939; x_wconf 85' lang='lat' dir='ltr'><strong>ad</strong></span> <span class='ocrx_word' id='word_1_636' title='bbox 1165 4897 1374 4956; x_wconf 87' lang='lat' dir='ltr'><strong>portam</strong></span> <span class='ocrx_word' id='word_1_637' title='bbox 1409 4901 1571 4947; x_wconf 89' lang='lat' dir='ltr'><strong>nocte</strong></span> <span class='ocrx_word' id='word_1_638' title='bbox 1589 4894 1721 4964; x_wconf 90' lang='lat' dir='ltr'><strong>ista,</strong></span> 
     </span>
    </p>
   </div>
   <div class='ocr_carea' id='block_1_83' title="bbox 132 4965 1727 5041">
    <p class='ocr_par' dir='ltr' id='par_1_83' title="bbox 132 4965 1727 5041">
     <span class='ocr_line' id='line_1_83' title="bbox 132 4965 1727 5041; baseline 0.004 -16"><span class='ocrx_word' id='word_1_639' title='bbox 132 4980 184 5025; x_wconf 89' lang='lat' dir='ltr'><strong>et</strong></span> <span class='ocrx_word' id='word_1_640' title='bbox 207 4984 312 5041; x_wconf 87' lang='lat' dir='ltr'><strong>ego</strong></span> <span class='ocrx_word' id='word_1_641' title='bbox 337 4981 536 5024; x_wconf 89' lang='lat' dir='ltr'><strong>exeam</strong></span> <span class='ocrx_word' id='word_1_642' title='bbox 571 4981 692 5020; x_wconf 92' lang='lat' dir='ltr'><strong>cum</strong></span> <span class='ocrx_word' id='word_1_643' title='bbox 729 4965 858 5019; x_wconf 87' lang='lat' dir='ltr'><strong>abra</strong></span> <span class='ocrx_word' id='word_1_644' title='bbox 886 4979 1036 5019; x_wconf 87' lang='lat' dir='ltr'><strong>mea:</strong></span> <span class='ocrx_word' id='word_1_645' title='bbox 1065 4975 1120 5021; x_wconf 90' lang='lat' dir='ltr'><strong>et</strong></span> <span class='ocrx_word' id='word_1_646' title='bbox 1169 4976 1344 5035; x_wconf 88' lang='lat' dir='ltr'><strong>orate,</strong></span> <span class='ocrx_word' id='word_1_647' title='bbox 1391 4979 1450 5026; x_wconf 90' lang='lat' dir='ltr'><strong>ut</strong></span> <span class='ocrx_word' id='word_1_648' title='bbox 1473 4972 1618 5029; x_wconf 86' lang='lat' dir='ltr'><strong>sicut</strong></span> <span class='ocrx_word' id='word_1_649' title='bbox 1641 4975 1727 5032; x_wconf 85' lang='lat' dir='ltr'><strong>di-</strong></span> 
     </span>
    </p>
   </div>
   <div class='ocr_carea' id='block_1_84' title="bbox 132 5055 1723 5134">
    <p class='ocr_par' dir='ltr' id='par_1_84' title="bbox 132 5055 1723 5134">
     <span class='ocr_line' id='line_1_84' title="bbox 132 5055 1723 5134; baseline 0.004 -19"><span class='ocrx_word' id='word_1_650' title='bbox 132 5062 316 5125; x_wconf 86' lang='lat' dir='ltr'><strong>xistis,</strong></span> <span class='ocrx_word' id='word_1_651' title='bbox 346 5059 402 5113; x_wconf 93' lang='lat' dir='ltr'><strong>in</strong></span> <span class='ocrx_word' id='word_1_652' title='bbox 430 5055 627 5112; x_wconf 87' lang='lat' dir='ltr'><strong>diebus</strong></span> <span class='ocrx_word' id='word_1_653' title='bbox 651 5055 889 5125; x_wconf 91' lang='lat' dir='ltr'><strong>quinque</strong></span> <span class='ocrx_word' id='word_1_654' title='bbox 910 5055 1164 5126; x_wconf 90' lang='lat' dir='ltr'><strong>respiciat</strong></span> <span class='ocrx_word' id='word_1_655' title='bbox 1184 5057 1444 5116; x_wconf 83' lang='lat' dir='ltr'><strong>Dominus</strong></span> <span class='ocrx_word' id='word_1_656' title='bbox 1465 5066 1723 5134; x_wconf 90' lang='lat' dir='ltr'><strong>populum</strong></span> 
     </span>
    </p>
   </div>
   <div class='ocr_carea' id='block_1_85' title="bbox 132 5147 1724 5216">
    <p class='ocr_par' dir='ltr' id='par_1_85' title="bbox 132 5147 1724 5216">
     <span class='ocr_line' id='line_1_85' title="bbox 132 5147 1724 5216; baseline 0.003 -6"><span class='ocrx_word' id='word_1_657' title='bbox 132 5170 292 5211; x_wconf 75' lang='lat' dir='ltr'><strong>suum</strong></span> <span class='ocrx_word' id='word_1_658' title='bbox 338 5151 535 5208; x_wconf 90' lang='lat' dir='ltr'><strong>lsrael.</strong></span> <span class='ocrx_word' id='word_1_659' title='bbox 577 5147 690 5204; x_wconf 79' lang='lat' dir='ltr'><strong>Vos</strong></span> <span class='ocrx_word' id='word_1_660' title='bbox 733 5157 914 5204; x_wconf 89' lang='lat' dir='ltr'><strong>autem</strong></span> <span class='ocrx_word' id='word_1_661' title='bbox 944 5151 1073 5206; x_wconf 93' lang='lat' dir='ltr'><strong>nolo</strong></span> <span class='ocrx_word' id='word_1_662' title='bbox 1106 5160 1164 5206; x_wconf 90' lang='lat' dir='ltr'><strong>ut</strong></span> <span class='ocrx_word' id='word_1_663' title='bbox 1187 5155 1507 5212; x_wconf 89' lang='lat' dir='ltr'><strong>scrutcmini</strong></span> <span class='ocrx_word' id='word_1_664' title='bbox 1546 5168 1724 5216; x_wconf 88' lang='lat' dir='ltr'><strong>aetum</strong></span> 
     </span>
    </p>
   </div>
   <div class='ocr_carea' id='block_1_86' title="bbox 137 5242 1727 5318">
    <p class='ocr_par' dir='ltr' id='par_1_86' title="bbox 137 5242 1727 5318">
     <span class='ocr_line' id='line_1_86' title="bbox 137 5242 1727 5318; baseline 0.005 -15"><span class='ocrx_word' id='word_1_665' title='bbox 137 5263 352 5312; x_wconf 87' lang='lat' dir='ltr'><strong>meum,</strong></span> <span class='ocrx_word' id='word_1_666' title='bbox 405 5253 462 5301; x_wconf 87' lang='lat' dir='ltr'><strong>et</strong></span> <span class='ocrx_word' id='word_1_667' title='bbox 491 5242 796 5316; x_wconf 89' lang='lat' dir='ltr'><strong>usquedum</strong></span> <span class='ocrx_word' id='word_1_668' title='bbox 837 5245 1145 5300; x_wconf 86' lang='lat' dir='ltr'><strong>renuntiem</strong></span> <span class='ocrx_word' id='word_1_669' title='bbox 1191 5247 1366 5318; x_wconf 87' lang='lat' dir='ltr'><strong>vobis,</strong></span> <span class='ocrx_word' id='word_1_670' title='bbox 1402 5251 1538 5306; x_wconf 91' lang='lat' dir='ltr'><strong>nihil</strong></span> <span class='ocrx_word' id='word_1_671' title='bbox 1580 5254 1727 5311; x_wconf 88' lang='lat' dir='ltr'><strong>aliud</strong></span> 
     </span>
    </p>
   </div>
   <div class='ocr_carea' id='block_1_87' title="bbox 136 5337 1722 5408">
    <p class='ocr_par' dir='ltr' id='par_1_87' title="bbox 136 5337 1722 5408">
     <span class='ocr_line' id='line_1_87' title="bbox 136 5337 1722 5408; baseline 0.008 -16"><span class='ocrx_word' id='word_1_672' title='bbox 136 5340 244 5404; x_wconf 82' lang='lat' dir='ltr'><strong>fiat,</strong></span> <span class='ocrx_word' id='word_1_673' title='bbox 279 5337 396 5393; x_wconf 90' lang='lat' dir='ltr'><strong>nisi</strong></span> <span class='ocrx_word' id='word_1_674' title='bbox 425 5338 600 5392; x_wconf 89' lang='lat' dir='ltr'><strong>oratio</strong></span> <span class='ocrx_word' id='word_1_675' title='bbox 627 5353 725 5408; x_wconf 91' lang='lat' dir='ltr'><strong>pro</strong></span> <span class='ocrx_word' id='word_1_676' title='bbox 754 5354 842 5395; x_wconf 91' lang='lat' dir='ltr'><strong>me</strong></span> <span class='ocrx_word' id='word_1_677' title='bbox 871 5339 938 5395; x_wconf 90' lang='lat' dir='ltr'><strong>ad</strong></span> <span class='ocrx_word' id='word_1_678' title='bbox 960 5341 1241 5397; x_wconf 90' lang='lat' dir='ltr'><strong>Dominum</strong></span> <span class='ocrx_word' id='word_1_679' title='bbox 1264 5344 1434 5401; x_wconf 90' lang='lat' dir='ltr'><strong>Deum</strong></span> <span class='ocrx_word' id='word_1_680' title='bbox 1456 5357 1722 5406; x_wconf 89' lang='lat' dir='ltr'><strong>nostrum.</strong></span> 
     </span>
    </p>
   </div>
   <div class='ocr_carea' id='block_1_88' title="bbox 135 5429 1724 5513">
    <p class='ocr_par' dir='ltr' id='par_1_88' title="bbox 135 5429 1724 5513">
     <span class='ocr_line' id='line_1_88' title="bbox 135 5429 1724 5513; baseline 0.009 -28"><span class='ocrx_word' id='word_1_681' title='bbox 135 5430 196 5486; x_wconf 79' lang='lat' dir='ltr'><strong>Et</strong></span> <span class='ocrx_word' id='word_1_682' title='bbox 223 5430 365 5486; x_wconf 78' lang='lat' dir='ltr'><strong>dixit</strong></span> <span class='ocrx_word' id='word_1_683' title='bbox 395 5429 463 5485; x_wconf 90' lang='lat' dir='ltr'><strong>ad</strong></span> <span class='ocrx_word' id='word_1_684' title='bbox 483 5445 605 5486; x_wconf 86' lang='lat' dir='ltr'><strong>eam</strong></span> <span class='ocrx_word' id='word_1_685' title='bbox 627 5429 785 5488; x_wconf 85' lang='lat' dir='ltr'><strong>Ozias</strong></span> <span class='ocrx_word' id='word_1_686' title='bbox 807 5432 1063 5504; x_wconf 90' lang='lat' dir='ltr'><strong>princeps</strong></span> <span class='ocrx_word' id='word_1_687' title='bbox 1093 5433 1119 5473; x_wconf 70' lang='grc' dir='ltr'><strong>ι)</strong></span> <span class='ocrx_word' id='word_1_688' title='bbox 1138 5436 1303 5510; x_wconf 83' lang='lat' dir='ltr'><strong>Juda_:</strong></span> <span class='ocrx_word' id='word_1_689' title='bbox 1325 5435 1473 5495; x_wconf 81' lang='lat' dir='ltr'><strong>Vade</strong></span> <span class='ocrx_word' id='word_1_690' title='bbox 1499 5438 1552 5496; x_wconf 93' lang='lat' dir='ltr'><strong>in</strong></span> <span class='ocrx_word' id='word_1_691' title='bbox 1568 5457 1724 5513; x_wconf 88' lang='lat' dir='ltr'><strong>pace,</strong></span> 
     </span>
    </p>
   </div>
   <div class='ocr_carea' id='block_1_89' title="bbox 198 5593 1485 5665">
    <p class='ocr_par' dir='ltr' id='par_1_89' title="bbox 198 5593 1485 5665">
     <span class='ocr_line' id='line_1_89' title="bbox 198 5593 1485 5665; baseline 0.004 -16"><span class='ocrx_word' id='word_1_692' title='bbox 198 5605 224 5632; x_wconf 73' lang='grc' dir='ltr'><strong>ιι</strong></span> <span class='ocrx_word' id='word_1_693' title='bbox 255 5594 488 5650; x_wconf 87' lang='lat' dir='ltr'><strong>Palatin.</strong></span> <span class='ocrx_word' id='word_1_694' title='bbox 519 5607 651 5658; x_wconf 88' lang='lat' dir='ltr'><strong>ms.,</strong></span> <span class='ocrx_word' id='word_1_695' title='bbox 677 5594 764 5661; x_wconf 82' lang='lat' dir='ltr'><strong>qui</strong></span> <span class='ocrx_word' id='word_1_696' title='bbox 791 5593 1198 5665; x_wconf 62' lang='lat' dir='ltr'><strong>misericordiam</strong></span> <span class='ocrx_word' id='word_1_697' title='bbox 1219 5599 1485 5665; x_wconf 79' lang='lat' dir='ltr'><strong>producet.</strong></span> 
     </span>
    </p>
   </div>
   <div class='ocr_carea' id='block_1_90' title="bbox 200 5663 1383 5734">
    <p class='ocr_par' dir='ltr' id='par_1_90' title="bbox 200 5663 1383 5734">
     <span class='ocr_line' id='line_1_90' title="bbox 200 5663 1383 5734; baseline 0.016 -29"><span class='ocrx_word' id='word_1_698' title='bbox 200 5666 226 5705; x_wconf 65' lang='grc' dir='ltr'>δ</span> <span class='ocrx_word' id='word_1_699' title='bbox 257 5667 313 5722; x_wconf 80' lang='grc' dir='ltr'><strong>ιη</strong></span> <span class='ocrx_word' id='word_1_700' title='bbox 339 5667 558 5727; x_wconf 68' lang='lat' dir='ltr'><strong>eodem,</strong></span> <span class='ocrx_word' id='word_1_701' title='bbox 593 5665 833 5734; x_wconf 80' lang='lat' dir='ltr'><strong>princeps</strong></span> <span class='ocrx_word' id='word_1_702' title='bbox 854 5663 1028 5731; x_wconf 74' lang='lat' dir='ltr'><strong>Judce,</strong></span> <span class='ocrx_word' id='word_1_703' title='bbox 1059 5667 1144 5722; x_wconf 90' lang='lat' dir='ltr'><strong>hic</strong></span> <span class='ocrx_word' id='word_1_704' title='bbox 1169 5663 1383 5724; x_wconf 79' lang='lat' dir='ltr'><strong>dicitur.</strong></span> 
     </span>
    </p>
   </div>
   <div class='ocr_carea' id='block_1_91' title="bbox 200 5735 1310 5803">
    <p class='ocr_par' dir='ltr' id='par_1_91' title="bbox 200 5735 1310 5803">
     <span class='ocr_line' id='line_1_91' title="bbox 200 5735 1310 5803; baseline 0.013 -25"><span class='ocrx_word' id='word_1_705' title='bbox 200 5750 219 5778; x_wconf 77' lang='grc' dir='ltr'><strong>ε</strong></span> <span class='ocrx_word' id='word_1_706' title='bbox 254 5738 368 5792; x_wconf 91' lang='lat' dir='ltr'><strong>Duo</strong></span> <span class='ocrx_word' id='word_1_707' title='bbox 392 5753 521 5802; x_wconf 88' lang='lat' dir='ltr'><strong>ms.,</strong></span> <span class='ocrx_word' id='word_1_708' title='bbox 547 5735 746 5800; x_wconf 71' lang='lat' dir='ltr'><strong>Quibus</strong></span> <span class='ocrx_word' id='word_1_709' title='bbox 775 5737 1182 5803; x_wconf 73' lang='lat' dir='ltr'><strong>ascendentibus,</strong></span> <span class='ocrx_word' id='word_1_710' title='bbox 1206 5749 1310 5794; x_wconf 88' lang='lat' dir='ltr'><strong>etc.</strong></span> 
     </span>
    </p>
   </div>
   <div class='ocr_carea' id='block_1_92' title="bbox 196 5807 1678 5882">
    <p class='ocr_par' dir='ltr' id='par_1_92' title="bbox 196 5807 1678 5882">
     <span class='ocr_line' id='line_1_92' title="bbox 196 5807 1678 5882; baseline 0.006 -17"><span class='ocrx_word' id='word_1_711' title='bbox 196 5809 221 5848; x_wconf 65' lang='grc' dir='ltr'>ά</span> <span class='ocrx_word' id='word_1_712' title='bbox 254 5809 450 5882; x_wconf 75' lang='lat' dir='ltr'><strong>Verba,</strong></span> <span class='ocrx_word' id='word_1_713' title='bbox 484 5808 606 5864; x_wconf 77' lang='lat' dir='ltr'><strong>etin</strong></span> <span class='ocrx_word' id='word_1_714' title='bbox 626 5807 804 5880; x_wconf 68' lang='lat' dir='ltr'><strong>scutis,</strong></span> <span class='ocrx_word' id='word_1_715' title='bbox 831 5808 886 5864; x_wconf 90' lang='lat' dir='ltr'><strong>in</strong></span> <span class='ocrx_word' id='word_1_716' title='bbox 912 5808 1060 5867; x_wconf 89' lang='lat' dir='ltr'><strong>nullo</strong></span> <span class='ocrx_word' id='word_1_717' title='bbox 1083 5826 1114 5866; x_wconf 80' lang='grc' dir='ltr'><strong>ο</strong></span> <span class='ocrx_word' id='word_1_718' title='bbox 1145 5812 1348 5870; x_wconf 77' lang='lat' dir='ltr'><strong>nostris</strong></span> <span class='ocrx_word' id='word_1_719' title='bbox 1370 5829 1500 5877; x_wconf 83' lang='lat' dir='ltr'><strong>mss.</strong></span> <span class='ocrx_word' id='word_1_720' title='bbox 1535 5829 1678 5880; x_wconf 83' lang='lat' dir='ltr'><strong>sunt.</strong></span> 
     </span>
    </p>
   </div>
   <div class='ocr_carea' id='block_1_93' title="bbox 1845 3311 3447 3386">
    <p class='ocr_par' dir='ltr' id='par_1_93' title="bbox 1845 3311 3447 3386">
     <span class='ocr_line' id='line_1_93' title="bbox 1845 3311 3447 3386; baseline -0.001 -15"><span class='ocrx_word' id='word_1_721' title='bbox 1845 3315 2017 3386; x_wconf 90' lang='lat' dir='ltr'><strong>jicere</strong></span> <span class='ocrx_word' id='word_1_722' title='bbox 2046 3314 2229 3386; x_wconf 89' lang='lat' dir='ltr'><strong>gladio</strong></span> <span class='ocrx_word' id='word_1_723' title='bbox 2260 3329 2360 3369; x_wconf 91' lang='lat' dir='ltr'><strong>suo</strong></span> <span class='ocrx_word' id='word_1_724' title='bbox 2387 3328 2560 3368; x_wconf 90' lang='lat' dir='ltr'><strong>cornu</strong></span> <span class='ocrx_word' id='word_1_725' title='bbox 2583 3311 2773 3367; x_wconf 91' lang='lat' dir='ltr'><strong>altaris</strong></span> <span class='ocrx_word' id='word_1_726' title='bbox 2809 3313 2908 3366; x_wconf 91' lang='lat' dir='ltr'><strong>tui.</strong></span> <span class='ocrx_word' id='word_1_727' title='bbox 2941 3311 3071 3380; x_wconf 90' lang='lat' dir='ltr'><strong>Fac,</strong></span> <span class='ocrx_word' id='word_1_728' title='bbox 3103 3312 3353 3380; x_wconf 91' lang='lat' dir='ltr'><strong>Domine,</strong></span> <span class='ocrx_word' id='word_1_729' title='bbox 3385 3322 3447 3369; x_wconf 92' lang='lat' dir='ltr'><strong>ut</strong></span> 
     </span>
    </p>
   </div>
   <div class='ocr_carea' id='block_1_94' title="bbox 1846 3407 3448 3482">
    <p class='ocr_par' dir='ltr' id='par_1_94' title="bbox 1846 3407 3448 3482">
     <span class='ocr_line' id='line_1_94' title="bbox 1846 3407 3448 3482; baseline -0.002 -16"><span class='ocrx_word' id='word_1_730' title='bbox 1846 3411 2030 3482; x_wconf 88' lang='lat' dir='ltr'><strong>gladio</strong></span> <span class='ocrx_word' id='word_1_731' title='bbox 2075 3408 2294 3480; x_wconf 92' lang='lat' dir='ltr'><strong>proprio</strong></span> <span class='ocrx_word' id='word_1_732' title='bbox 2327 3408 2448 3478; x_wconf 85' lang='lat' dir='ltr'><strong>ejus</strong></span> <span class='ocrx_word' id='word_1_733' title='bbox 2483 3407 2741 3476; x_wconf 90' lang='lat' dir='ltr'><strong>superbia</strong></span> <span class='ocrx_word' id='word_1_734' title='bbox 2792 3415 3138 3477; x_wconf 91' lang='lat' dir='ltr'><strong>amputetur:</strong></span> <span class='ocrx_word' id='word_1_735' title='bbox 3197 3408 3448 3477; x_wconf 89' lang='lat' dir='ltr'><strong>capiatur</strong></span> 
     </span>
    </p>
   </div>
   <div class='ocr_carea' id='block_1_95' title="bbox 1845 3500 3446 3575">
    <p class='ocr_par' dir='ltr' id='par_1_95' title="bbox 1845 3500 3446 3575">
     <span class='ocr_line' id='line_1_95' title="bbox 1845 3500 3446 3575; baseline 0 -17"><span class='ocrx_word' id='word_1_736' title='bbox 1845 3505 2042 3575; x_wconf 90' lang='lat' dir='ltr'><strong>laqueo</strong></span> <span class='ocrx_word' id='word_1_737' title='bbox 2067 3502 2351 3558; x_wconf 86' lang='lat' dir='ltr'><strong>oculorum</strong></span> <span class='ocrx_word' id='word_1_738' title='bbox 2380 3515 2602 3556; x_wconf 90' lang='lat' dir='ltr'><strong>suorum</strong></span> <span class='ocrx_word' id='word_1_739' title='bbox 2632 3501 2687 3555; x_wconf 92' lang='lat' dir='ltr'><strong>in</strong></span> <span class='ocrx_word' id='word_1_740' title='bbox 2709 3515 2818 3566; x_wconf 93' lang='lat' dir='ltr'><strong>me,</strong></span> <span class='ocrx_word' id='word_1_741' title='bbox 2843 3507 2898 3554; x_wconf 92' lang='lat' dir='ltr'><strong>et</strong></span> <span class='ocrx_word' id='word_1_742' title='bbox 2926 3500 3200 3569; x_wconf 90' lang='lat' dir='ltr'><strong>percuties</strong></span> <span class='ocrx_word' id='word_1_743' title='bbox 3221 3515 3345 3557; x_wconf 90' lang='lat' dir='ltr'><strong>eum</strong></span> <span class='ocrx_word' id='word_1_744' title='bbox 3375 3516 3446 3558; x_wconf 86' lang='lat' dir='ltr'><strong>ex</strong></span> 
     </span>
    </p>
   </div>
   <div class='ocr_carea' id='block_1_96' title="bbox 1843 3592 3441 3664">
    <p class='ocr_par' dir='ltr' id='par_1_96' title="bbox 1843 3592 3441 3664">
     <span class='ocr_line' id='line_1_96' title="bbox 1843 3592 3441 3664; baseline -0.001 -12"><span class='ocrx_word' id='word_1_745' title='bbox 1843 3597 2003 3653; x_wconf 91' lang='lat' dir='ltr'><strong>labiis</strong></span> <span class='ocrx_word' id='word_1_746' title='bbox 2023 3595 2306 3651; x_wconf 88' lang='lat' dir='ltr'><strong>eharitatis</strong></span> <span class='ocrx_word' id='word_1_747' title='bbox 2323 3609 2478 3650; x_wconf 63' lang='lat' dir='ltr'><strong>meae.</strong></span> <span class='ocrx_word' id='word_1_748' title='bbox 2505 3595 2582 3649; x_wconf 92' lang='lat' dir='ltr'><strong>Da</strong></span> <span class='ocrx_word' id='word_1_749' title='bbox 2600 3593 2733 3648; x_wconf 92' lang='lat' dir='ltr'><strong>mihi</strong></span> <span class='ocrx_word' id='word_1_750' title='bbox 2761 3592 2816 3648; x_wconf 92' lang='lat' dir='ltr'><strong>in</strong></span> <span class='ocrx_word' id='word_1_751' title='bbox 2838 3593 3021 3649; x_wconf 88' lang='lat' dir='ltr'><strong>animo</strong></span> <span class='ocrx_word' id='word_1_752' title='bbox 3051 3595 3441 3664; x_wconf 82' lang='lat' dir='ltr'><strong>constantiam,</strong></span> 
     </span>
    </p>
   </div>
   <div class='ocr_carea' id='block_1_97' title="bbox 1849 3687 3439 3753">
    <p class='ocr_par' dir='ltr' id='par_1_97' title="bbox 1849 3687 3439 3753">
     <span class='ocr_line' id='line_1_97' title="bbox 1849 3687 3439 3753; baseline -0.001 -6"><span class='ocrx_word' id='word_1_753' title='bbox 1849 3699 1907 3748; x_wconf 91' lang='lat' dir='ltr'><strong>ut</strong></span> <span class='ocrx_word' id='word_1_754' title='bbox 1928 3699 2276 3746; x_wconf 87' lang='lat' dir='ltr'><strong>contemnant</strong></span> <span class='ocrx_word' id='word_1_755' title='bbox 2309 3687 2494 3753; x_wconf 89' lang='lat' dir='ltr'><strong>illum;</strong></span> <span class='ocrx_word' id='word_1_756' title='bbox 2523 3696 2578 3742; x_wconf 85' lang='lat' dir='ltr'><strong>et</strong></span> <span class='ocrx_word' id='word_1_757' title='bbox 2605 3687 2966 3752; x_wconf 86' lang='lat' dir='ltr'><strong>virtutem,ut</strong></span> <span class='ocrx_word' id='word_1_758' title='bbox 2994 3697 3237 3743; x_wconf 88' lang='lat' dir='ltr'><strong>evertam</strong></span> <span class='ocrx_word' id='word_1_759' title='bbox 3262 3689 3439 3746; x_wconf 90' lang='lat' dir='ltr'><strong>illum.</strong></span> 
     </span>
    </p>
   </div>
   <div class='ocr_carea' id='block_1_98' title="bbox 1842 3777 3440 3848">
    <p class='ocr_par' dir='ltr' id='par_1_98' title="bbox 1842 3777 3440 3848">
     <span class='ocr_line' id='line_1_98' title="bbox 1842 3777 3440 3848; baseline 0.001 -10"><span class='ocrx_word' id='word_1_760' title='bbox 1842 3783 1965 3838; x_wconf 90' lang='lat' dir='ltr'><strong>Erit</strong></span> <span class='ocrx_word' id='word_1_761' title='bbox 1995 3782 2142 3835; x_wconf 93' lang='lat' dir='ltr'><strong>enim</strong></span> <span class='ocrx_word' id='word_1_762' title='bbox 2175 3779 2278 3834; x_wconf 93' lang='lat' dir='ltr'><strong>hoc</strong></span> <span class='ocrx_word' id='word_1_763' title='bbox 2304 3779 2626 3833; x_wconf 88' lang='lat' dir='ltr'><strong>memoriale</strong></span> <span class='ocrx_word' id='word_1_764' title='bbox 2673 3777 2910 3835; x_wconf 92' lang='lat' dir='ltr'><strong>nominis</strong></span> <span class='ocrx_word' id='word_1_765' title='bbox 2949 3779 3048 3848; x_wconf 92' lang='lat' dir='ltr'><strong>tui,</strong></span> <span class='ocrx_word' id='word_1_766' title='bbox 3089 3795 3213 3836; x_wconf 91' lang='lat' dir='ltr'><strong>cum</strong></span> <span class='ocrx_word' id='word_1_767' title='bbox 3244 3797 3440 3840; x_wconf 88' lang='lat' dir='ltr'><strong>manus</strong></span> 
     </span>
    </p>
   </div>
   <div class='ocr_carea' id='block_1_99' title="bbox 1840 3869 3442 3942">
    <p class='ocr_par' dir='ltr' id='par_1_99' title="bbox 1840 3869 3442 3942">
     <span class='ocr_line' id='line_1_99' title="bbox 1840 3869 3442 3942; baseline -0.002 -11"><span class='ocrx_word' id='word_1_768' title='bbox 1840 3873 2058 3931; x_wconf 85' lang='lat' dir='ltr'><strong>feminae</strong></span> <span class='ocrx_word' id='word_1_769' title='bbox 2083 3871 2348 3942; x_wconf 87' lang='lat' dir='ltr'><strong>dejecerit</strong></span> <span class='ocrx_word' id='word_1_770' title='bbox 2376 3885 2522 3926; x_wconf 92' lang='lat' dir='ltr'><strong>eum.</strong></span> <span class='ocrx_word' id='word_1_771' title='bbox 2551 3869 2671 3924; x_wconf 87' lang='lat' dir='ltr'><strong>Non</strong></span> <span class='ocrx_word' id='word_1_772' title='bbox 2698 3870 2842 3924; x_wconf 90' lang='lat' dir='ltr'><strong>enim</strong></span> <span class='ocrx_word' id='word_1_773' title='bbox 2884 3871 2937 3924; x_wconf 93' lang='lat' dir='ltr'><strong>in</strong></span> <span class='ocrx_word' id='word_1_774' title='bbox 2983 3872 3333 3930; x_wconf 90' lang='lat' dir='ltr'><strong>multitudine</strong></span> <span class='ocrx_word' id='word_1_775' title='bbox 3357 3883 3442 3930; x_wconf 91' lang='lat' dir='ltr'><strong>est</strong></span> 
     </span>
    </p>
   </div>
   <div class='ocr_carea' id='block_1_100' title="bbox 1838 3963 3438 4032">
    <p class='ocr_par' dir='ltr' id='par_1_100' title="bbox 1838 3963 3438 4032">
     <span class='ocr_line' id='line_1_100' title="bbox 1838 3963 3438 4032; baseline -0.003 -8"><span class='ocrx_word' id='word_1_776' title='bbox 1838 3970 2014 4024; x_wconf 89' lang='lat' dir='ltr'><strong>virtus</strong></span> <span class='ocrx_word' id='word_1_777' title='bbox 2041 3975 2155 4032; x_wconf 90' lang='lat' dir='ltr'><strong>tua,</strong></span> <span class='ocrx_word' id='word_1_778' title='bbox 2193 3963 2447 4029; x_wconf 92' lang='lat' dir='ltr'><strong>Domine,</strong></span> <span class='ocrx_word' id='word_1_779' title='bbox 2481 3976 2659 4032; x_wconf 90' lang='lat' dir='ltr'><strong>neque</strong></span> <span class='ocrx_word' id='word_1_780' title='bbox 2701 3963 2754 4016; x_wconf 94' lang='lat' dir='ltr'><strong>in</strong></span> <span class='ocrx_word' id='word_1_781' title='bbox 2801 3977 3071 4032; x_wconf 88' lang='lat' dir='ltr'><strong>equorum</strong></span> <span class='ocrx_word' id='word_1_782' title='bbox 3100 3963 3308 4020; x_wconf 88' lang='lat' dir='ltr'><strong>viribus</strong></span> <span class='ocrx_word' id='word_1_783' title='bbox 3341 3982 3438 4020; x_wconf 92' lang='lat' dir='ltr'><strong>vo-</strong></span> 
     </span>
    </p>
   </div>
   <div class='ocr_carea' id='block_1_101' title="bbox 1837 4053 3431 4127">
    <p class='ocr_par' dir='ltr' id='par_1_101' title="bbox 1837 4053 3431 4127">
     <span class='ocr_line' id='line_1_101' title="bbox 1837 4053 3431 4127; baseline -0.003 -11"><span class='ocrx_word' id='word_1_784' title='bbox 1837 4060 2019 4116; x_wconf 87' lang='lat' dir='ltr'><strong>luntas</strong></span> <span class='ocrx_word' id='word_1_785' title='bbox 2053 4067 2143 4114; x_wconf 91' lang='lat' dir='ltr'><strong>tua</strong></span> <span class='ocrx_word' id='word_1_786' title='bbox 2165 4067 2272 4127; x_wconf 87' lang='lat' dir='ltr'><strong>est,</strong></span> <span class='ocrx_word' id='word_1_787' title='bbox 2303 4071 2406 4112; x_wconf 90' lang='lat' dir='ltr'><strong>nec</strong></span> <span class='ocrx_word' id='word_1_788' title='bbox 2437 4053 2662 4125; x_wconf 89' lang='lat' dir='ltr'><strong>superbi</strong></span> <span class='ocrx_word' id='word_1_789' title='bbox 2680 4054 2748 4109; x_wconf 89' lang='lat' dir='ltr'><strong>ab</strong></span> <span class='ocrx_word' id='word_1_790' title='bbox 2778 4053 2934 4108; x_wconf 89' lang='lat' dir='ltr'><strong>initio</strong></span> <span class='ocrx_word' id='word_1_791' title='bbox 2957 4054 3283 4123; x_wconf 91' lang='lat' dir='ltr'><strong>placuerunt</strong></span> <span class='ocrx_word' id='word_1_792' title='bbox 3309 4056 3431 4113; x_wconf 88' lang='lat' dir='ltr'><strong>tibi:</strong></span> 
     </span>
    </p>
   </div>
   <div class='ocr_carea' id='block_1_102' title="bbox 1837 4146 3429 4218">
    <p class='ocr_par' dir='ltr' id='par_1_102' title="bbox 1837 4146 3429 4218">
     <span class='ocr_line' id='line_1_102' title="bbox 1837 4146 3429 4218; baseline -0.003 -9"><span class='ocrx_word' id='word_1_793' title='bbox 1837 4155 1933 4210; x_wconf 89' lang='lat' dir='ltr'><strong>sed</strong></span> <span class='ocrx_word' id='word_1_794' title='bbox 1973 4152 2260 4207; x_wconf 91' lang='lat' dir='ltr'><strong>humilium</strong></span> <span class='ocrx_word' id='word_1_795' title='bbox 2288 4159 2344 4205; x_wconf 91' lang='lat' dir='ltr'><strong>et</strong></span> <span class='ocrx_word' id='word_1_796' title='bbox 2371 4158 2782 4204; x_wconf 89' lang='lat' dir='ltr'><strong>mansuetorum</strong></span> <span class='ocrx_word' id='word_1_797' title='bbox 2822 4161 3043 4217; x_wconf 91' lang='lat' dir='ltr'><strong>semper</strong></span> <span class='ocrx_word' id='word_1_798' title='bbox 3082 4146 3178 4202; x_wconf 90' lang='lat' dir='ltr'><strong>tibi</strong></span> <span class='ocrx_word' id='word_1_799' title='bbox 3219 4149 3429 4218; x_wconf 90' lang='lat' dir='ltr'><strong>placuit</strong></span> 
     </span>
    </p>
   </div>
   <div class='ocr_carea' id='block_1_103' title="bbox 1836 4240 3435 4315">
    <p class='ocr_par' dir='ltr' id='par_1_103' title="bbox 1836 4240 3435 4315">
     <span class='ocr_line' id='line_1_103' title="bbox 1836 4240 3435 4315; baseline -0.003 -14"><span class='ocrx_word' id='word_1_800' title='bbox 1836 4245 2179 4315; x_wconf 88' lang='lat' dir='ltr'><strong>deprecatio.</strong></span> <span class='ocrx_word' id='word_1_801' title='bbox 2233 4242 2378 4297; x_wconf 91' lang='lat' dir='ltr'><strong>Deus</strong></span> <span class='ocrx_word' id='word_1_802' title='bbox 2418 4240 2724 4307; x_wconf 70' lang='lat' dir='ltr'><strong>caelorum,</strong></span> <span class='ocrx_word' id='word_1_803' title='bbox 2764 4247 2980 4295; x_wconf 89' lang='lat' dir='ltr'><strong>creator</strong></span> <span class='ocrx_word' id='word_1_804' title='bbox 3024 4255 3287 4310; x_wconf 88' lang='lat' dir='ltr'><strong>aquarum</strong></span> <span class='ocrx_word' id='word_1_805' title='bbox 3314 4281 3330 4308; x_wconf 96' lang='lat'><strong>,</strong></span> <span class='ocrx_word' id='word_1_806' title='bbox 3377 4250 3435 4296; x_wconf 88' lang='lat' dir='ltr'><strong>et</strong></span> 
     </span>
    </p>
   </div>
   <div class='ocr_carea' id='block_1_104' title="bbox 1835 4330 3433 4396">
    <p class='ocr_par' dir='ltr' id='par_1_104' title="bbox 1835 4330 3433 4396">
     <span class='ocr_line' id='line_1_104' title="bbox 1835 4330 3433 4396; baseline -0.003 -6"><span class='ocrx_word' id='word_1_807' title='bbox 1835 4335 2100 4392; x_wconf 91' lang='lat' dir='ltr'><strong>Dominus</strong></span> <span class='ocrx_word' id='word_1_808' title='bbox 2130 4333 2295 4389; x_wconf 92' lang='lat' dir='ltr'><strong>totius</strong></span> <span class='ocrx_word' id='word_1_809' title='bbox 2340 4339 2629 4396; x_wconf 85' lang='lat' dir='ltr'><strong>creaturae,</strong></span> <span class='ocrx_word' id='word_1_810' title='bbox 2676 4330 2873 4386; x_wconf 79' lang='lat' dir='ltr'><strong>exaudi</strong></span> <span class='ocrx_word' id='word_1_811' title='bbox 2913 4344 3002 4386; x_wconf 88' lang='lat' dir='ltr'><strong>me</strong></span> <span class='ocrx_word' id='word_1_812' title='bbox 3051 4331 3309 4386; x_wconf 85' lang='lat' dir='ltr'><strong>miseram</strong></span> <span class='ocrx_word' id='word_1_813' title='bbox 3337 4331 3433 4386; x_wconf 88' lang='lat' dir='ltr'><strong>de-</strong></span> 
     </span>
    </p>
   </div>
   <div class='ocr_carea' id='block_1_105' title="bbox 1835 4422 3428 4500">
    <p class='ocr_par' dir='ltr' id='par_1_105' title="bbox 1835 4422 3428 4500">
     <span class='ocr_line' id='line_1_105' title="bbox 1835 4422 3428 4500; baseline -0.001 -17"><span class='ocrx_word' id='word_1_814' title='bbox 1835 4436 2186 4500; x_wconf 88' lang='lat' dir='ltr'><strong>precantem,</strong></span> <span class='ocrx_word' id='word_1_815' title='bbox 2230 4436 2286 4481; x_wconf 91' lang='lat' dir='ltr'><strong>et</strong></span> <span class='ocrx_word' id='word_1_816' title='bbox 2326 4426 2394 4480; x_wconf 92' lang='lat' dir='ltr'><strong>de</strong></span> <span class='ocrx_word' id='word_1_817' title='bbox 2431 4434 2521 4480; x_wconf 90' lang='lat' dir='ltr'><strong>tua</strong></span> <span class='ocrx_word' id='word_1_818' title='bbox 2566 4422 2945 4479; x_wconf 89' lang='lat' dir='ltr'><strong>misericordia</strong></span> <span class='ocrx_word' id='word_1_819' title='bbox 2987 4433 3428 4493; x_wconf 77' lang='lat' dir='ltr'><strong>praesumentem.</strong></span> 
     </span>
    </p>
   </div>
   <div class='ocr_carea' id='block_1_106' title="bbox 1834 4514 3427 4586">
    <p class='ocr_par' dir='ltr' id='par_1_106' title="bbox 1834 4514 3427 4586">
     <span class='ocr_line' id='line_1_106' title="bbox 1834 4514 3427 4586; baseline -0.003 -10"><span class='ocrx_word' id='word_1_820' title='bbox 1834 4523 2128 4586; x_wconf 89' lang='lat' dir='ltr'><strong>Memento,</strong></span> <span class='ocrx_word' id='word_1_821' title='bbox 2153 4518 2407 4583; x_wconf 90' lang='lat' dir='ltr'><strong>Domine,</strong></span> <span class='ocrx_word' id='word_1_822' title='bbox 2441 4516 2757 4572; x_wconf 85' lang='lat' dir='ltr'><strong>testamenti</strong></span> <span class='ocrx_word' id='word_1_823' title='bbox 2787 4515 2886 4580; x_wconf 89' lang='lat' dir='ltr'><strong>tui,</strong></span> <span class='ocrx_word' id='word_1_824' title='bbox 2916 4525 2969 4570; x_wconf 90' lang='lat' dir='ltr'><strong>et</strong></span> <span class='ocrx_word' id='word_1_825' title='bbox 2999 4514 3068 4570; x_wconf 91' lang='lat' dir='ltr'><strong>da</strong></span> <span class='ocrx_word' id='word_1_826' title='bbox 3112 4515 3338 4571; x_wconf 90' lang='lat' dir='ltr'><strong>verbum</strong></span> <span class='ocrx_word' id='word_1_827' title='bbox 3372 4517 3427 4573; x_wconf 91' lang='lat' dir='ltr'><strong>in</strong></span> 
     </span>
    </p>
   </div>
   <div class='ocr_carea' id='block_1_107' title="bbox 1753 4602 3431 4678">
    <p class='ocr_par' dir='ltr' id='par_1_107' title="bbox 1753 4602 3431 4678">
     <span class='ocr_line' id='line_1_107' title="bbox 1753 4602 3431 4678; baseline -0.002 -9"><span class='ocrx_word' id='word_1_828' title='bbox 1753 4602 1807 4661; x_wconf 76' lang='grc' dir='ltr'>Π</span> <span class='ocrx_word' id='word_1_829' title='bbox 1832 4629 1929 4669; x_wconf 91' lang='lat' dir='ltr'><strong>ore</strong></span> <span class='ocrx_word' id='word_1_830' title='bbox 1955 4627 2106 4678; x_wconf 93' lang='lat' dir='ltr'><strong>meo,</strong></span> <span class='ocrx_word' id='word_1_831' title='bbox 2139 4619 2195 4666; x_wconf 91' lang='lat' dir='ltr'><strong>et</strong></span> <span class='ocrx_word' id='word_1_832' title='bbox 2223 4609 2278 4664; x_wconf 89' lang='lat' dir='ltr'><strong>in</strong></span> <span class='ocrx_word' id='word_1_833' title='bbox 2309 4609 2474 4665; x_wconf 89' lang='lat' dir='ltr'><strong>corde</strong></span> <span class='ocrx_word' id='word_1_834' title='bbox 2516 4623 2641 4664; x_wconf 93' lang='lat' dir='ltr'><strong>meo</strong></span> <span class='ocrx_word' id='word_1_835' title='bbox 2684 4607 2977 4664; x_wconf 90' lang='lat' dir='ltr'><strong>consilium</strong></span> <span class='ocrx_word' id='word_1_836' title='bbox 3015 4609 3339 4676; x_wconf 89' lang='lat' dir='ltr'><strong>corrobora,</strong></span> <span class='ocrx_word' id='word_1_837' title='bbox 3366 4619 3431 4666; x_wconf 91' lang='lat' dir='ltr'><strong>ut</strong></span> 
     </span>
    </p>
   </div>
   <div class='ocr_carea' id='block_1_108' title="bbox 1830 4701 3420 4771">
    <p class='ocr_par' dir='ltr' id='par_1_108' title="bbox 1830 4701 3420 4771">
     <span class='ocr_line' id='line_1_108' title="bbox 1830 4701 3420 4771; baseline -0.002 -11"><span class='ocrx_word' id='word_1_838' title='bbox 1830 4705 2030 4760; x_wconf 91' lang='lat' dir='ltr'><strong>domus</strong></span> <span class='ocrx_word' id='word_1_839' title='bbox 2055 4712 2146 4758; x_wconf 91' lang='lat' dir='ltr'><strong>tua</strong></span> <span class='ocrx_word' id='word_1_840' title='bbox 2172 4703 2225 4757; x_wconf 94' lang='lat' dir='ltr'><strong>in</strong></span> <span class='ocrx_word' id='word_1_841' title='bbox 2255 4701 2690 4757; x_wconf 86' lang='lat' dir='ltr'><strong>sanctificatione</strong></span> <span class='ocrx_word' id='word_1_842' title='bbox 2718 4710 2809 4755; x_wconf 91' lang='lat' dir='ltr'><strong>tua</strong></span> <span class='ocrx_word' id='word_1_843' title='bbox 2836 4710 3193 4771; x_wconf 88' lang='lat' dir='ltr'><strong>permaneat:</strong></span> <span class='ocrx_word' id='word_1_844' title='bbox 3217 4710 3271 4756; x_wconf 91' lang='lat' dir='ltr'><strong>et</strong></span> <span class='ocrx_word' id='word_1_845' title='bbox 3300 4715 3420 4757; x_wconf 39' lang='lat' dir='ltr'><strong>oms</strong></span> 
     </span>
    </p>
   </div>
   <div class='ocr_carea' id='block_1_109' title="bbox 1830 4793 3399 4868">
    <p class='ocr_par' dir='ltr' id='par_1_109' title="bbox 1830 4793 3399 4868">
     <span class='ocr_line' id='line_1_109' title="bbox 1830 4793 3399 4868; baseline -0.001 -17"><span class='ocrx_word' id='word_1_846' title='bbox 1830 4811 1930 4852; x_wconf 89' lang='lat' dir='ltr'><strong>nes</strong></span> <span class='ocrx_word' id='word_1_847' title='bbox 1958 4804 2150 4868; x_wconf 90' lang='lat' dir='ltr'><strong>gentes</strong></span> <span class='ocrx_word' id='word_1_848' title='bbox 2178 4803 2496 4866; x_wconf 88' lang='lat' dir='ltr'><strong>agnoscant,</strong></span> <span class='ocrx_word' id='word_1_849' title='bbox 2520 4793 2647 4866; x_wconf 89' lang='lat' dir='ltr'><strong>quia</strong></span> <span class='ocrx_word' id='word_1_850' title='bbox 2673 4802 2729 4850; x_wconf 89' lang='lat' dir='ltr'><strong>tu</strong></span> <span class='ocrx_word' id='word_1_851' title='bbox 2770 4809 2829 4851; x_wconf 91' lang='lat' dir='ltr'><strong>es</strong></span> <span class='ocrx_word' id='word_1_852' title='bbox 2859 4793 3026 4864; x_wconf 88' lang='lat' dir='ltr'><strong>Deus,</strong></span> <span class='ocrx_word' id='word_1_853' title='bbox 3066 4803 3123 4852; x_wconf 91' lang='lat' dir='ltr'><strong>ct</strong></span> <span class='ocrx_word' id='word_1_854' title='bbox 3158 4809 3269 4852; x_wconf 93' lang='lat' dir='ltr'><strong>non</strong></span> <span class='ocrx_word' id='word_1_855' title='bbox 3314 4805 3399 4853; x_wconf 72' lang='grc' dir='ltr'><strong>εει</strong></span> 
     </span>
    </p>
   </div>
   <div class='ocr_carea' id='block_1_110' title="bbox 1827 4889 2288 4958">
    <p class='ocr_par' dir='ltr' id='par_1_110' title="bbox 1827 4889 2288 4958">
     <span class='ocr_line' id='line_1_110' title="bbox 1827 4889 2288 4958; baseline -0.002 -16"><span class='ocrx_word' id='word_1_856' title='bbox 1827 4889 1965 4945; x_wconf 87' lang='lat' dir='ltr'><strong>alius</strong></span> <span class='ocrx_word' id='word_1_857' title='bbox 1988 4896 2188 4958; x_wconf 72' lang='lat' dir='ltr'><strong>praeter</strong></span> <span class='ocrx_word' id='word_1_858' title='bbox 2215 4897 2288 4943; x_wconf 93' lang='lat' dir='ltr'><strong>te.</strong></span> 
     </span>
    </p>
   </div>
   <div class='ocr_carea' id='block_1_111' title="bbox 1867 4977 3424 5055">
    <p class='ocr_par' dir='ltr' id='par_1_111' title="bbox 1867 4977 3424 5055">
     <span class='ocr_line' id='line_1_111' title="bbox 1867 4977 3424 5055; baseline 0 -17"><span class='ocrx_word' id='word_1_859' title='bbox 1867 4977 1876 4983; x_wconf 85' lang='grc'><strong>’</strong></span> <span class='ocrx_word' id='word_1_860' title='bbox 1904 4981 2057 5055; x_wconf 89' lang='lat' dir='ltr'><strong>[Cap.</strong></span> <span class='ocrx_word' id='word_1_861' title='bbox 2095 4981 2193 5054; x_wconf 81' lang='lat' dir='ltr'><strong>X.]</strong></span> <span class='ocrx_word' id='word_1_862' title='bbox 2225 4981 2451 5038; x_wconf 85' lang='lat' dir='ltr'><strong>Factum</strong></span> <span class='ocrx_word' id='word_1_863' title='bbox 2482 4988 2568 5038; x_wconf 91' lang='lat' dir='ltr'><strong>est</strong></span> <span class='ocrx_word' id='word_1_864' title='bbox 2595 4989 2804 5049; x_wconf 90' lang='lat' dir='ltr'><strong>autem,</strong></span> <span class='ocrx_word' id='word_1_865' title='bbox 2847 4996 2971 5038; x_wconf 92' lang='lat' dir='ltr'><strong>cum</strong></span> <span class='ocrx_word' id='word_1_866' title='bbox 3003 4989 3277 5039; x_wconf 90' lang='lat' dir='ltr'><strong>cessasset</strong></span> <span class='ocrx_word' id='word_1_867' title='bbox 3319 4982 3424 5038; x_wconf 91' lang='lat' dir='ltr'><strong>cla-</strong></span> 
     </span>
    </p>
   </div>
   <div class='ocr_carea' id='block_1_112' title="bbox 1834 5072 3424 5143">
    <p class='ocr_par' dir='ltr' id='par_1_112' title="bbox 1834 5072 3424 5143">
     <span class='ocr_line' id='line_1_112' title="bbox 1834 5072 3424 5143; baseline 0.001 -15"><span class='ocrx_word' id='word_1_868' title='bbox 1834 5089 1986 5130; x_wconf 90' lang='lat' dir='ltr'><strong>mare</strong></span> <span class='ocrx_word' id='word_1_869' title='bbox 2007 5073 2075 5129; x_wconf 90' lang='lat' dir='ltr'><strong>ad</strong></span> <span class='ocrx_word' id='word_1_870' title='bbox 2100 5073 2407 5143; x_wconf 91' lang='lat' dir='ltr'><strong>Dominum,</strong></span> <span class='ocrx_word' id='word_1_871' title='bbox 2441 5073 2678 5129; x_wconf 85' lang='lat' dir='ltr'><strong>surrexit</strong></span> <span class='ocrx_word' id='word_1_872' title='bbox 2708 5073 2776 5129; x_wconf 92' lang='lat' dir='ltr'><strong>de</strong></span> <span class='ocrx_word' id='word_1_873' title='bbox 2808 5072 2932 5141; x_wconf 86' lang='lat' dir='ltr'><strong>loco</strong></span> <span class='ocrx_word' id='word_1_874' title='bbox 2961 5074 3015 5128; x_wconf 89' lang='lat' dir='ltr'><strong>in</strong></span> <span class='ocrx_word' id='word_1_875' title='bbox 3043 5088 3149 5143; x_wconf 91' lang='lat' dir='ltr'><strong>quo</strong></span> <span class='ocrx_word' id='word_1_876' title='bbox 3175 5073 3424 5143; x_wconf 87' lang='lat' dir='ltr'><strong>jacuerat</strong></span> 
     </span>
    </p>
   </div>
   <div class='ocr_carea' id='block_1_113' title="bbox 1831 5163 3428 5237">
    <p class='ocr_par' dir='ltr' id='par_1_113' title="bbox 1831 5163 3428 5237">
     <span class='ocr_line' id='line_1_113' title="bbox 1831 5163 3428 5237; baseline 0.002 -16"><span class='ocrx_word' id='word_1_877' title='bbox 1831 5174 2108 5237; x_wconf 89' lang='lat' dir='ltr'><strong>prostrata</strong></span> <span class='ocrx_word' id='word_1_878' title='bbox 2140 5166 2206 5222; x_wconf 93' lang='lat' dir='ltr'><strong>ad</strong></span> <span class='ocrx_word' id='word_1_879' title='bbox 2233 5165 2545 5221; x_wconf 91' lang='lat' dir='ltr'><strong>Dominum.</strong></span> <span class='ocrx_word' id='word_1_880' title='bbox 2576 5163 2916 5234; x_wconf 82' lang='lat' dir='ltr'><strong>Voeavitque</strong></span> <span class='ocrx_word' id='word_1_881' title='bbox 2944 5164 3132 5218; x_wconf 89' lang='lat' dir='ltr'><strong>abram</strong></span> <span class='ocrx_word' id='word_1_882' title='bbox 3161 5178 3336 5234; x_wconf 90' lang='lat' dir='ltr'><strong>suam,</strong></span> <span class='ocrx_word' id='word_1_883' title='bbox 3372 5176 3428 5224; x_wconf 91' lang='lat' dir='ltr'><strong>et</strong></span> 
     </span>
    </p>
   </div>
   <div class='ocr_carea' id='block_1_114' title="bbox 1830 5255 3424 5329">
    <p class='ocr_par' dir='ltr' id='par_1_114' title="bbox 1830 5255 3424 5329">
     <span class='ocr_line' id='line_1_114' title="bbox 1830 5255 3424 5329; baseline 0.002 -16"><span class='ocrx_word' id='word_1_884' title='bbox 1830 5257 2173 5314; x_wconf 91' lang='lat' dir='ltr'><strong>descendens</strong></span> <span class='ocrx_word' id='word_1_885' title='bbox 2200 5259 2255 5312; x_wconf 95' lang='lat' dir='ltr'><strong>in</strong></span> <span class='ocrx_word' id='word_1_886' title='bbox 2285 5257 2505 5314; x_wconf 91' lang='lat' dir='ltr'><strong>domum</strong></span> <span class='ocrx_word' id='word_1_887' title='bbox 2537 5273 2712 5324; x_wconf 88' lang='lat' dir='ltr'><strong>suam,</strong></span> <span class='ocrx_word' id='word_1_888' title='bbox 2749 5255 2970 5312; x_wconf 88' lang='lat' dir='ltr'><strong>abstulit</strong></span> <span class='ocrx_word' id='word_1_889' title='bbox 3001 5271 3032 5312; x_wconf 92' lang='lat' dir='ltr'><strong>a</strong></span> <span class='ocrx_word' id='word_1_890' title='bbox 3059 5271 3121 5314; x_wconf 88' lang='lat' dir='ltr'><strong>se</strong></span> <span class='ocrx_word' id='word_1_891' title='bbox 3149 5259 3424 5329; x_wconf 90' lang='lat' dir='ltr'><strong>cilicium,</strong></span> 
     </span>
    </p>
   </div>
   <div class='ocr_carea' id='block_1_115' title="bbox 1831 5351 3427 5420">
    <p class='ocr_par' dir='ltr' id='par_1_115' title="bbox 1831 5351 3427 5420">
     <span class='ocr_line' id='line_1_115' title="bbox 1831 5351 3427 5420; baseline -0.001 -11"><span class='ocrx_word' id='word_1_892' title='bbox 1831 5361 1889 5409; x_wconf 91' lang='lat' dir='ltr'><strong>et</strong></span> <span class='ocrx_word' id='word_1_893' title='bbox 1919 5353 2068 5409; x_wconf 86' lang='lat' dir='ltr'><strong>exuit</strong></span> <span class='ocrx_word' id='word_1_894' title='bbox 2090 5353 2523 5420; x_wconf 81' lang='lat' dir='ltr'><strong>se_vestimentis</strong></span> <span class='ocrx_word' id='word_1_895' title='bbox 2565 5351 2846 5407; x_wconf 90' lang='lat' dir='ltr'><strong>viduitatis</strong></span> <span class='ocrx_word' id='word_1_896' title='bbox 2877 5363 3015 5419; x_wconf 64' lang='lat' dir='ltr'><strong>suae,</strong></span> <span class='ocrx_word' id='word_1_897' title='bbox 3047 5360 3102 5407; x_wconf 91' lang='lat' dir='ltr'><strong>et</strong></span> <span class='ocrx_word' id='word_1_898' title='bbox 3131 5352 3263 5408; x_wconf 91' lang='lat' dir='ltr'><strong>lavit</strong></span> <span class='ocrx_word' id='word_1_899' title='bbox 3301 5369 3427 5409; x_wconf 86' lang='lat' dir='ltr'><strong>cor-</strong></span> 
     </span>
    </p>
   </div>
   <div class='ocr_carea' id='block_1_116' title="bbox 1835 5446 3423 5518">
    <p class='ocr_par' dir='ltr' id='par_1_116' title="bbox 1835 5446 3423 5518">
     <span class='ocr_line' id='line_1_116' title="bbox 1835 5446 3423 5518; baseline 0.001 -14"><span class='ocrx_word' id='word_1_900' title='bbox 1835 5463 1935 5518; x_wconf 92' lang='lat' dir='ltr'><strong>pus</strong></span> <span class='ocrx_word' id='word_1_901' title='bbox 1964 5464 2146 5518; x_wconf 90' lang='lat' dir='ltr'><strong>suum,</strong></span> <span class='ocrx_word' id='word_1_902' title='bbox 2178 5458 2233 5504; x_wconf 91' lang='lat' dir='ltr'><strong>et</strong></span> <span class='ocrx_word' id='word_1_903' title='bbox 2263 5449 2419 5504; x_wconf 86' lang='lat' dir='ltr'><strong>unxit</strong></span> <span class='ocrx_word' id='word_1_904' title='bbox 2447 5465 2505 5505; x_wconf 90' lang='lat' dir='ltr'><strong>se</strong></span> <span class='ocrx_word' id='word_1_905' title='bbox 2538 5446 2558 5485; x_wconf 73' lang='grc' dir='ltr'><em>τ</em></span> <span class='ocrx_word' id='word_1_906' title='bbox 2590 5461 2746 5518; x_wconf 87' lang='lat' dir='ltr'><strong>myro</strong></span> <span class='ocrx_word' id='word_1_907' title='bbox 2783 5446 3012 5517; x_wconf 90' lang='lat' dir='ltr'><strong>optimo,</strong></span> <span class='ocrx_word' id='word_1_908' title='bbox 3057 5457 3114 5504; x_wconf 92' lang='lat' dir='ltr'><strong>et</strong></span> <span class='ocrx_word' id='word_1_909' title='bbox 3150 5447 3423 5506; x_wconf 87' lang='lat' dir='ltr'><strong>discrimi-</strong></span> 
     </span>
    </p>
   </div>
   <div class='ocr_carea' id='block_1_117' title="bbox 1919 5607 3422 5678">
    <p class='ocr_par' dir='ltr' id='par_1_117' title="bbox 1919 5607 3422 5678">
     <span class='ocr_line' id='line_1_117' title="bbox 1919 5607 3422 5678; baseline 0.001 -16"><span class='ocrx_word' id='word_1_910' title='bbox 1919 5617 1942 5678; x_wconf 53' lang='grc' dir='ltr'>ὲ</span> <span class='ocrx_word' id='word_1_911' title='bbox 1973 5607 2146 5663; x_wconf 88' lang='lat' dir='ltr'><strong>Palat.</strong></span> <span class='ocrx_word' id='word_1_912' title='bbox 2165 5625 2293 5674; x_wconf 91' lang='lat' dir='ltr'><strong>ms.,</strong></span> <span class='ocrx_word' id='word_1_913' title='bbox 2309 5609 2691 5663; x_wconf 83' lang='lat' dir='ltr'><strong>tabernaculum</strong></span> <span class='ocrx_word' id='word_1_914' title='bbox 2711 5608 2922 5664; x_wconf 80' lang='lat' dir='ltr'><strong>honoris</strong></span> <span class='ocrx_word' id='word_1_915' title='bbox 2945 5611 3039 5675; x_wconf 81' lang='lat' dir='ltr'><strong>tui,</strong></span> <span class='ocrx_word' id='word_1_916' title='bbox 3063 5608 3422 5678; x_wconf 67' lang='lat' dir='ltr'><strong>projnomint&#39;s.</strong></span> 
     </span>
    </p>
   </div>
   <div class='ocr_carea' id='block_1_118' title="bbox 1920 5677 3420 5751">
    <p class='ocr_par' dir='ltr' id='par_1_118' title="bbox 1920 5677 3420 5751">
     <span class='ocr_line' id='line_1_118' title="bbox 1920 5677 3420 5751; baseline -0.001 -16"><span class='ocrx_word' id='word_1_917' title='bbox 1920 5677 1944 5751; x_wconf 10' lang='lat'><strong>‘7</strong></span> <span class='ocrx_word' id='word_1_918' title='bbox 1977 5679 2151 5736; x_wconf 92' lang='lat' dir='ltr'><strong>Unum</strong></span> <span class='ocrx_word' id='word_1_919' title='bbox 2183 5681 2286 5734; x_wconf 91' lang='lat' dir='ltr'><strong>hoc</strong></span> <span class='ocrx_word' id='word_1_920' title='bbox 2314 5690 2397 5734; x_wconf 90' lang='lat' dir='ltr'><strong>est</strong></span> <span class='ocrx_word' id='word_1_921' title='bbox 2427 5680 2494 5735; x_wconf 92' lang='lat' dir='ltr'><strong>iis</strong></span> <span class='ocrx_word' id='word_1_922' title='bbox 2537 5681 2738 5746; x_wconf 86' lang='lat' dir='ltr'><strong>verbis,</strong></span> <span class='ocrx_word' id='word_1_923' title='bbox 2767 5697 2886 5751; x_wconf 67' lang='lat' dir='ltr'><strong>quae</strong></span> <span class='ocrx_word' id='word_1_924' title='bbox 2915 5697 3041 5736; x_wconf 90' lang='lat' dir='ltr'><strong>cum</strong></span> <span class='ocrx_word' id='word_1_925' title='bbox 3064 5677 3269 5736; x_wconf 62' lang='lat' dir='ltr'><strong>Graecae</strong></span> <span class='ocrx_word' id='word_1_926' title='bbox 3301 5682 3420 5751; x_wconf 87' lang='lat' dir='ltr'><strong>ori-</strong></span> 
     </span>
    </p>
   </div>
   <div class='ocr_carea' id='block_1_119' title="bbox 1841 5750 3413 5821">
    <p class='ocr_par' dir='ltr' id='par_1_119' title="bbox 1841 5750 3413 5821">
     <span class='ocr_line' id='line_1_119' title="bbox 1841 5750 3413 5821; baseline 0 -17"><span class='ocrx_word' id='word_1_927' title='bbox 1841 5750 1982 5821; x_wconf 82' lang='lat' dir='ltr'><strong>ginis</strong></span> <span class='ocrx_word' id='word_1_928' title='bbox 2008 5752 2136 5816; x_wconf 89' lang='lat' dir='ltr'><strong>sint,</strong></span> <span class='ocrx_word' id='word_1_929' title='bbox 2161 5752 2349 5805; x_wconf 86' lang='lat' dir='ltr'><strong>doctos</strong></span> <span class='ocrx_word' id='word_1_930' title='bbox 2370 5751 2617 5807; x_wconf 88' lang='lat' dir='ltr'><strong>homines</strong></span> <span class='ocrx_word' id='word_1_931' title='bbox 2636 5752 2687 5806; x_wconf 91' lang='lat' dir='ltr'><strong>in</strong></span> <span class='ocrx_word' id='word_1_932' title='bbox 2714 5750 2830 5807; x_wconf 81' lang='lat' dir='ltr'><strong>eain</strong></span> <span class='ocrx_word' id='word_1_933' title='bbox 2854 5752 3220 5821; x_wconf 89' lang='lat' dir='ltr'><strong>suspicionem</strong></span> <span class='ocrx_word' id='word_1_934' title='bbox 3245 5750 3413 5804; x_wconf 78' lang='lat' dir='ltr'><strong>addu-</strong></span> 
     </span>
    </p>
   </div>
   <div class='ocr_carea' id='block_1_120' title="bbox 1839 5823 3420 5895">
    <p class='ocr_par' dir='ltr' id='par_1_120' title="bbox 1839 5823 3420 5895">
     <span class='ocr_line' id='line_1_120' title="bbox 1839 5823 3420 5895; baseline -0.002 -16"><span class='ocrx_word' id='word_1_935' title='bbox 1839 5831 2053 5890; x_wconf 87' lang='lat' dir='ltr'><strong>xerunt,</strong></span> <span class='ocrx_word' id='word_1_936' title='bbox 2087 5831 2145 5880; x_wconf 91' lang='lat' dir='ltr'><strong>ut</strong></span> <span class='ocrx_word' id='word_1_937' title='bbox 2172 5823 2412 5895; x_wconf 86' lang='lat' dir='ltr'><strong>putarint</strong></span> <span class='ocrx_word' id='word_1_938' title='bbox 2435 5823 2750 5882; x_wconf 83' lang='lat' dir='ltr'><strong>Versionetn</strong></span> <span class='ocrx_word' id='word_1_939' title='bbox 2769 5825 2926 5881; x_wconf 86' lang='lat' dir='ltr'><strong>istam</strong></span> <span class='ocrx_word' id='word_1_940' title='bbox 2951 5823 3217 5893; x_wconf 85' lang='lat' dir='ltr'><strong>Latinam,</strong></span> <span class='ocrx_word' id='word_1_941' title='bbox 3234 5836 3339 5879; x_wconf 89' lang='lat' dir='ltr'><strong>non</strong></span> <span class='ocrx_word' id='word_1_942' title='bbox 3354 5836 3420 5878; x_wconf 83' lang='lat' dir='ltr'><strong>ex</strong></span> 
     </span>
    </p>
   </div>
  </div>
