4062 6356
567 365 630 422 51
1561 359 1634 428 ⁵8.
1675 354 2057 416 HIERONYMI
2097 355 2328 418 DlVlNA
2366 355 2839 417 BIBLIOTHECA.

3805 361 3882 419 59

569 481 722 540 navit
747 483 954 538 crinem
987 478 1182 552 capitis
1207 477 1315 547 sui,
1349 484 1404 534 et
1447 475 1711 548 imposuit
1749 476 1963 532 mitram
2009 489 2173 547 super
2199 475 2253 540 A
2277 487 2362 535 est
2411 479 2465 535 in
2492 480 2606 537 suis
2639 477 2819 536 oculis
2854 475 3198 536 Holofernes.
3251 477 3626 552 Dixeruntque
3651 481 3720 537 ad
3746 497 3883 540 eum

565 587 734 651 caput
773 592 936 635 suum
989 586 1046 634 et
1086 575 1262 632 induit
1315 589 1378 630 se
1418 573 1761 631 vestimentis
1805 571 2168 646 iucunditatis

566 687 704 741 suae,
742 669 1026 740 induitque
1052 665 1296 724 sandalia
1337 664 1568 738 pedibus
1596 666 1733 734 suis;
1767 667 2169 736 assumpsitque

565 763 912 832 dextraliola,
961 771 1016 819 et
1039 771 1065 799 ἰ
1095 761 1227 830 lilia,
1256 769 1313 816 et
1334 759 1650 830 inaures,et
1677 759 1928 826 annulos,
1975 769 2029 814 et
2053 775 2171 814 om-

567 858 729 915 nibus
749 857 1084 914 ornamentis
1107 856 1221 914 suis
1251 855 1468 912 ornavit
1494 869 1574 911 se.
1594 851 1693 910 Cui
1717 855 1881 910 etiam
1907 854 2170 911 Dominus

570 951 802 1009 contulit
823 949 1196 1021 splendorem,
1223 948 1480 1020 quoniam
1507 947 1683 1004 omnis
1699 947 1801 1003 ista
1822 947 2168 1018 compositio,

568 1057 678 1099 non
706 1057 774 1099 ex
798 1041 1050 1110 libidine,
1074 1039 1171 1098 sed
1189 1057 1257 1099 ex
1279 1040 1477 1097 virtute
1503 1039 1804 1113 pendebat:
1830 1047 1886 1096 et
1916 1037 2038 1094 ideo
2066 1038 2174 1094 Do-

570 1135 753 1191 minus
781 1133 966 1190 hancb
999 1134 1052 1190 in
1091 1133 1236 1190 illam
1270 1133 1727 1206 pulchritudinem
1769 1127 2066 1201 ampliavit,
2111 1133 2172 1186 ut

572 1227 989 1301 incomparabili
1046 1227 1245 1285 decore
1270 1228 1511 1286 omnium
1527 1226 1697 1284 oculis
1715 1225 2042 1296 appareret.i
2065 1221 2171 1279 lm-

569 1319 754 1391 posuit
782 1320 966 1391 itaque
996 1319 1143 1376 abrre
1167 1334 1282 1378 suae
1319 1334 1638 1390 ascoperam
1663 1316 1799 1385 vini,
1831 1321 1886 1374 et
1911 1330 2006 1372 vas
2027 1316 2166 1384 olei,

569 1423 626 1470 et
670 1413 1064 1484 polentam,'et
1103 1413 1370 1484 palatltas,
1400 1423 1456 1470 et
1495 1424 1685 1482 panes,
1733 1418 1788 1467 et
1827 1423 2072 1478 caseum,
2116 1417 2172 1467 et

566 1511 816 1584 profecta
840 1521 948 1570 est.

639 1605 881 1676 Cumque
912 1605 1190 1660 venissent
1209 1601 1278 1659 ad
1311 1611 1525 1676 portam
1553 1601 1814 1667 civitatis,
1845 1603 2176 1658 invenerunt

567 1706 974 1768 exspectantem
995 1695 1180 1753 Oziam
1202 1703 1258 1753 et
1275 1694 1628 1767 presbyteros
1644 1693 1901 1750 civitatis.
1926 1693 2172 1761 Quicum

568 1786 833 1846 vidissent
855 1804 999 1856 eam,
1023 1796 1312 1864 stupentes
1354 1786 1534 1843 mirati
1562 1791 1690 1844 sunt
1731 1785 1894 1843 nimis
1926 1773 2170 1858 pulchri-

2273 571 2535 629 satellites
2558 570 2706 642 ejus:
2733 569 2865 639 Quis
2879 578 3192 629 contemnat
3207 572 3470 642 populum
3491 571 3882 643 Hebraeorum,

2275 660 2364 732 qui
2394 671 2501 716 tam
2531 661 2763 717 decoras
2789 659 3049 717 mulieres
3074 660 3261 728 habet,
3293 669 3352 717 ut
3379 677 3491 719 non
3522 677 3619 734 pro
3645 663 3733 721 his
3759 679 3890 723 me-

2273 752 2378 807 rito
2405 767 2648 825 pugnare
2669 762 2858 808 contra
2891 767 2990 809 eos
3011 754 3348 810 debeamus?

2346 844 2550 901 Videns
2598 843 2779 915 itaque
2837 843 3023 900 Judith
3081 845 3439 902 Holofernem
3486 847 3770 904 sedentem
3819 849 3892 905 in-

2273 951 2541 1008 conopeo,
2571 937 2712 1008 quod
2741 943 2938 994 eratex
2955 951 3214 1007 purpura,
3244 947 3466 1007 etauro,
3491 942 3877 1013 etsmaragdo,

2274 1037 2328 1084 et
2351 1029 2618 1100 lapidibus
2646 1029 2901 1100 pretiosis
2923 1031 3189 1085 intextum
3234 1048 3250 1086 :
3323 1040 3525 1086 etcum
3569 1033 3624 1088 in
3672 1034 3872 1090 faciem

2269 1119 2386 1190 ejus
2415 1119 2766 1189 intendisset,
2795 1119 3037 1176 adoravit
3067 1134 3213 1188 eum,
3241 1129 3592 1190 prosternens
3615 1137 3676 1180 se
3703 1138 3884 1195 super

2274 1217 2500 1268 terram.
2525 1209 2594 1266 Et
2613 1209 2962 1268 elevaverunt
2982 1224 3102 1267 eam
3124 1211 3269 1267 servi
3292 1211 3603 1270 liolofernis
3617 1253 3630 1281 ,
3641 1214 3882 1285 iubente

2274 1304 2498 1362 domino
2531 1319 2652 1360 suo.

2345 1393 2498 1468 [Cap.
2530 1393 2646 1467 XL]
2674 1394 2824 1450 Tunc
2848 1395 3168 1453 lioiofernes
3185 1396 3326 1454 dixit
3351 1399 3402 1456 ei
3435 1417 3449 1456 :
3480 1399 3662 1472 Equo
3682 1402 3878 1457 animo

2273 1494 2436 1556 esto,
2466 1495 2522 1543 et
2552 1487 2663 1542 noli
2715 1502 2918 1558 pavere
2965 1490 3018 1544 in
3069 1489 3238 1547 corde
3297 1502 3390 1548 tuo
3436 1477 3739 1566 :quoniam
3771 1511 3882 1567 ego

2273 1593 2570 1652 numquam
2597 1584 2756 1639 nocui
2787 1581 2814 1621 ιι
2837 1583 2977 1652 viro,
3012 1586 3102 1655 qui
3133 1587 3305 1643 voluit
3345 1589 3555 1646 servire
3585 1590 3881 1646 Nabucho-

2273 1671 2514 1731 donosor
2558 1675 2692 1745 regi.
2743 1675 2980 1747 Populus
3009 1685 3191 1733 autem
3225 1689 3371 1746 tuus,
3403 1679 3451 1735 si.
3481 1695 3591 1736 non
3621 1691 3881 1738 contem-

2273 1767 2480 1838 psissct
2500 1782 2608 1835 me,
2637 1783 2744 1823 non
2769 1768 3031 1824 Ievassem
3057 1769 3301 1826 lanceam
3323 1786 3502 1829 meam
3529 1787 3695 1843 super
3716 1785 3844 1830 eum
3859 1817 3872 1828 .

568 1879 809 1938 tudinem
837 1881 975 1950 ejus.
1000 1859 1145 1938 Nihil
1177 1889 1361 1938 tamen
1403 1880 1804 1952 interrogantes
1829 1895 1971 1949 eam,
2006 1878 2163 1937 dimi-

2278 1859 2426 1918 Nunc
2467 1871 2650 1918 autem
2699 1861 2786 1918 dic
2834 1863 2991 1930 mihi,
3035 1879 3139 1934 qua
3187 1879 3254 1920 ex
3293 1881 3463 1924 causa
3492 1869 3770 1927 recessisti
3803 1871 3879 1926 ab

567 1979 760 2030 serunt
787 1972 1047 2040 transire,
1073 1972 1352 2029 dicentes:
1397 1972 1540 2028 Deus
1588 1980 1804 2042 patrum
1849 1981 2166 2029 nostrorum

570 2065 662 2122 det
693 2065 788 2122 tibi
823 2064 1078 2136 gratiam,
1109 2073 1168 2122 et
1194 2079 1358 2122 omne
1393 2063 1681 2120 consilium
1729 2063 1805 2119 tui
1841 2062 2024 2119 cordis
2067 2077 2167 2119 sua

567 2160 773 2216 virtute
799 2158 1142 2225 corroboret,
1167 2166 1225 2214 ut
1249 2155 1513 2229 glorietur
1540 2170 1709 2226 super
1741 2164 1794 2211 te
1821 2154 2130 2212 Jerusalem
2148 2196 2164 2224 ,

568 2260 626 2308 et
645 2252 718 2308 sit
746 2267 943 2308 nomen
963 2262 1114 2310 tuum
1137 2252 1189 2308 in
1215 2265 1444 2308 numero
1469 2245 1782 2318 sanctorum
1803 2257 1857 2304 et
1873 2249 2165 2318 iustorum.

567 2344 639 2400 Et
659 2343 919 2400 dixerunt
947 2343 1000 2400 hi
1021 2343 1115 2416 qui
1145 2342 1256 2400 illic
1279 2351 1437 2400 erant
1463 2354 1653 2400 omnes
1685 2354 1793 2396 una
1815 2353 1984 2396 voce:
2019 2336 2168 2409 Fiat,

569 2436 686 2494 ﬁat.
737 2436 923 2494 Judith
970 2451 1100 2496 vero
1145 2451 1310 2492 orans
1349 2433 1636 2492 Dominum
1663 2475 1679 2503 ,
1723 2433 1972 2491 transivit
2006 2443 2029 2472 ο
2069 2447 2169 2506 per

568 2538 757 2599 portas
781 2540 836 2586 et
857 2530 972 2600 ipsa
1002 2538 1059 2586 et
1085 2529 1218 2586 abra
1245 2528 1386 2598 ejus.

642 2623 866 2680 Factum
885 2631 969 2680 est
983 2630 1188 2688 autem,
1206 2636 1332 2678 cum
1362 2619 1717 2678 descenderet
1731 2626 1996 2685 montem,
2023 2618 2171 2676 circa

570 2725 754 2774 ortum
781 2716 914 2782 diei,
933 2724 1291 2774 occurrerunt
1318 2714 1366 2770 ei
1398 2713 1772 2784 exploratores
1793 2712 2167 2784 Assyriorum,

569 2817 627 2864 et
651 2815 946 2864 tenuerunt
973 2821 1119 2880 eam,
1168 2804 1450 2862 dicentes:
1509 2804 1667 2862 linde
1705 2802 1905 2858 venis?
1943 2811 2037 2858 aut
2063 2817 2172 2873 quo

569 2898 762 2956 vadis?
789 2899 925 2967 Quae
960 2896 1428 2969 responditzFiiia
1454 2912 1576 2953 sum
1627 2895 2012 2962 liebrzeorum,
2047 2893 2172 2951 ideo

570 3004 676 3062 ego
721 2989 888 3060 fugia
933 2987 1071 3046 facie
1105 3003 1318 3056 eorum,
1360 2989 1621 3059 quoniam
1664 2986 1905 3044 futurum
1950 2974 2167 3058 agnovi,

575 3081 725 3153 quod
752 3080 952 3138 dentur
991 3081 1150 3137 vobis
1179 3081 1236 3138 in
1265 3079 1753 3150 deprtedationem,
1793 3095 1890 3149 pro
1923 3094 1989 3136 eo
2027 3078 2173 3150 quod

570 3183 997 3233 contemnentes
1025 3190 1144 3244 vos,
1173 3176 1470 3232 noluerunt
1495 3175 1639 3232 ultro
1669 3172 1888 3231 tradere
1914 3175 2130 3245 seipsos
2148 3215 2166 3246 ,

2274 1953 2407 2022 illis,
2436 1963 2492 2010 et
2523 1953 2726 2023 placuit
2760 1955 2856 2010 tibi
2889 1963 2947 2010 ut
2974 1958 3196 2013 venires
3222 1958 3290 2014 ad
3319 1960 3466 2016 nos?

2343 2044 2413 2102 Et
2441 2045 2582 2102 dixit
2608 2043 2681 2100 illi
2703 2045 2893 2102 Judith
2920 2065 2933 2100 :
2958 2047 3122 2106 Sume
3145 2051 3310 2107 verba
3337 2053 3552 2110 ancillas
3577 2064 3704 2126 tuae,
3735 2073 3882 2129 quos

2273 2137 2424 2196 niam
2446 2140 2490 2195 si
2509 2149 2730 2196 secutus
2755 2140 2923 2197 fueris
2946 2143 3110 2198 verba
3153 2143 3372 2201 ancilla:
3401 2153 3530 2212 tuas,
3565 2149 3873 2219 perfectam

2273 2243 2390 2287 rem
2412 2228 2575 2292 faciet
2606 2230 2868 2288 Dominus
2906 2242 3107 2289 tecum.
3160 2233 3308 2290 Vivit
3336 2236 3480 2293 enim
3512 2237 3876 2297 Nabuchodo-

2273 2337 2442 2380 nosor
2477 2338 2574 2379 rex
2607 2326 2789 2393 terrm,
2837 2335 2891 2382 et
2925 2326 3070 2383 Vivit
3092 2327 3267 2384 virtus
3298 2329 3439 2399 ejus,
3467 2345 3591 2403 qua:
3617 2342 3703 2391 est
3739 2335 3794 2391 in
3821 2345 3882 2391 te

2273 2416 2342 2474 ad
2381 2418 2785 2488 correptionem
2839 2422 3082 2476 omnium
3145 2421 3452 2479 animarum
3506 2428 3806 2484 errantium
3859 2447 3876 2486 :

2273 2511 2530 2583 quoniam
2580 2526 2686 2567 non
2731 2509 2908 2568 solum
2948 2513 3200 2571 homines
3245 2518 3498 2574 serviunt
3534 2518 3608 2576 illi
3648 2535 3746 2591 per
3797 2533 3876 2588 te,

2273 2599 2374 2659 sed
2399 2611 2454 2659 et
2485 2599 2678 2658 beSIia:
2711 2605 2826 2674 agri
2857 2603 3246 2676 obtemperant
3276 2605 3376 2664 illi.
3408 2607 3700 2668 Nuntiatur
3726 2615 3876 2668 enim

2274 2693 2441 2751 animi
2469 2695 2545 2751 tui
2570 2693 2840 2752 industria
2865 2699 3137 2755 universis
3179 2701 3463 2771 gentibus,
3496 2709 3552 2761 et
3579 2703 3878 2762 indicatum

2280 2793 2364 2844 est
2391 2786 2541 2843 omni
2565 2787 2797 2857 saeculo,
2828 2793 3090 2860 quoniam
3121 2801 3176 2848 tu
3207 2793 3358 2850 solus
3380 2793 3558 2852 bonus
3587 2805 3642 2854 et
3679 2808 3882 2868 potens

2275 2893 2334 2936 es
2366 2879 2420 2934 in
2461 2880 2610 2934 omni
2661 2897 2831 2952 regno
2878 2882 3018 2952 ejus,
3047 2892 3104 2939 et
3141 2883 3430 2956 disciplina
3479 2893 3568 2943 tua
3613 2890 3875 2949 omnibus

2275 2971 2574 3042 provinciis
2613 2973 2967 3043 praedicatur.
3001 2973 3111 3030 Nec
3141 2974 3246 3032 hoc
3293 2975 3448 3044 latet,
3479 2981 3627 3051 quod
3656 2982 3880 3042 locutus

2277 3072 2362 3120 est
2407 3065 2655 3133 Achior;
2707 3079 2810 3123 nec
2852 3061 2986 3124 illud
3027 3067 3339 3139 ignoratur,
3371 3072 3517 3142 quod
3565 3073 3616 3131 ei
3642 3074 3878 3146 iusseris

2276 3156 2512 3214 evenire.
2545 3155 2770 3215 Constat
2823 3159 2994 3226 enim,
3023 3159 3196 3216 Deum
3227 3169 3476 3220 nostrum
3508 3167 3591 3222 sic
3635 3170 3876 3238 peccatis

564 3275 628 3325 ut
674 3267 986 3325 invenirent
1030 3267 1468 3326 misericordiam
1511 3266 1566 3322 in
1613 3275 1916 3337 conSpectu
1956 3277 2166 3324 vestro.
2197 3254 2245 3322 C
2275 3248 2564 3318 οσθηειιιην
2593 3259 2654 3306 ut
2681 3251 3030 3309 mandaverit
3055 3268 3153 3325 Per
3181 3254 3476 3326 Prophelas
3521 3265 3654 3317 ευοε
3682 3259 3748 3317 ad
3777 3276 3874 3333 PU'

573 3361 690 3418 liae
707 3359 779 3418 de
804 3375 970 3418 causa
997 3361 1228 3432 cogitavi
1250 3375 1467 3418 mecum
1498 3359 1718 3418 dicens:
1750 3359 1954 3416 Vadam
1985 3359 2054 3416 ad
2081 3361 2167 3418 fa-

570 3453 713 3509 ciem
743 3452 1011 3524 principis
1031 3452 1369 3522 liolofernis,
1419 3460 1482 3510 ut
1504 3451 1739 3510 indicem
1763 3452 1843 3508 illi
1871 3460 2084 3509 secreta
2103 3452 2170 3509 il-

570 3543 772 3613 lorum,
815 3555 871 3602 et
907 3546 1188 3602 ostendam
1221 3543 1296 3600 illi
1326 3544 1443 3616 fquo
1483 3545 1634 3601 aditu
1697 3545 1868 3616 possit
1912 3541 2165 3603 obtinere

573 3651 690 3704 eos,
721 3637 797 3692 ita
828 3647 885 3694 ut
914 3652 1025 3693 non
1050 3636 1211 3692 cadat
1237 3635 1319 3692 vir
1345 3651 1485 3693 unus
1514 3636 1584 3693 de
1621 3634 1872 3693 exercitu
1902 3635 2044 3707 ejus.

645 3728 858 3786 Etcum
874 3729 1158 3788 audissent
1179 3730 1279 3786 viri
1303 3729 1380 3786 illi
1400 3729 1566 3786 verba
1585 3729 1724 3802 eius,
1744 3727 2171 3787 considerabant

575 3818 776 3877 faciem
801 3819 922 3891 eius
947 3865 963 3890 ,
988 3829 1043 3877 et
1062 3829 1179 3878 erat
1199 3821 1254 3877 in
1276 3820 1449 3878 oculis
1464 3835 1651 3877 eorum
1674 3829 1886 3893 stupor,
1912 3820 2174 3892 quoniam

573 3911 1037 3982 pulchritudinem
1074 3911 1193 3984 ejus
1214 3913 1555 3970 mirabantur
1596 3913 1779 3970 nimis.
1811 3909 2175 3970 Et'dixerunt

571 4001 642 4059 ad
679 4003 1216 4061 eam:Conservasti
1269 4005 1505 4060 animam
1557 4012 1726 4074 tuam,
1777 4019 1845 4061 eo
1885 4002 2034 4074 quod
2063 4003 2172 4062 tale

571 4095 824 4166 reperisti
847 4097 1158 4165 consilium,
1185 4108 1244 4152 ut
1265 4097 1630 4154 descenderes
1648 4097 1716 4152 ad
1735 4091 2019 4152 dominum
2041 4113 2173 4155 nos-

574 4195 746 4242 trum.
780 4187 897 4245 Hoc
945 4196 1128 4246 autem
1175 4188 1343 4255 scias,
1377 4188 1636 4260 quoniam
1677 4202 1800 4244 cum
1849 4189 2072 4244 steteris
2111 4187 2169 4252 in

573 4289 870 4351 conspectu
895 4278 1039 4351 eius,
1059 4280 1204 4338 bene
1230 4279 1327 4335 tibi
1350 4280 1536 4348 faciet,
1566 4290 1620 4335 ct
1645 4281 1754 4334 eris
1777 4278 2084 4350 gratissima
2111 4279 2170 4337 in

573 4371 741 4428 corde
763 4370 903 4442 eius.
927 4371 1321 4443 Duxeruntque
1352 4371 1500 4428 illam
1522 4371 1590 4429 ad
1623 4370 2034 4428 tabernaculum
2057 4369 2166 4432 IIo-

575 4465 828 4534 lofernis,
850 4468 1240 4524 annuntiantes
1262 4481 1404 4522 eam.

646 4555 894 4632 Cumque
916 4558 1180 4620 intrasset
1205 4566 1332 4618 ante
1360 4558 1557 4617 faciem
1579 4557 1717 4630 eius,
1758 4558 1943 4616 statim
1967 4567 2158 4632 captus

2277 3340 2489 3413 pulum,
2523 3342 2668 3413 quod
2699 3344 2876 3399 tradat
2903 3359 3028 3400 eum
3061 3361 3159 3416 pro
3190 3348 3426 3417 peccatis
3453 3349 3595 3406 suis.
3630 3349 3700 3408 Et
3725 3367 3866 3423 quo-

2277 3435 2423 3492 niam
2455 3436 2636 3492 sciunt
2679 3451 2737 3494 se
2765 3436 3064 3496 offendisse
3117 3439 3291 3498 Deum
3336 3455 3495 3499 suum
3539 3442 3639 3500 tilii
3682 3445 3868 3515 lsrael,

2277 3536 2485 3585 tremor
2529 3533 2652 3585 tuus
2700 3543 2868 3601 super
2922 3531 3071 3601 ipsos
3095 3537 3198 3588 est.
3245 3533 3476 3606 insuper
3503 3537 3666 3593 etiam
3695 3537 3870 3596 fames

2277 3621 2476 3678 invasit
2502 3636 2620 3690 eos,
2653 3623 2710 3678 et
2739 3619 2812 3680 ab
2838 3622 3094 3682 ariditate
3121 3639 3277 3696 aqua:
3307 3626 3418 3697 jam
3449 3628 3594 3685 inter
3628 3631 3873 3687 morluos

2278 3725 2688 3790 computantur.
2721 3717 2966 3788 Denique
2997 3718 3102 3775 hoc
3126 3717 3401 3787 ordinant,
3427 3730 3488 3777 ut
3534 3723 3871 3782 interficiant

2279 3825 2477 3882 pecora
2499 3823 2615 3880 sua,
2649 3823 2702 3868 et
2730 3811 2922 3868 bibant
2962 3815 3287 3886 sanguinem
3335 3829 3524 3873 eorum
3559 3833 3574 3874 :
3603 3821 3658 3874 et
3684 3827 3872 3873 sancta

2279 3906 2495 3963 Domini
2545 3905 2644 3963 Dei
2689 3907 2794 3972 sui,
2826 3921 2951 3980 qua:
2997 3911 3262 3981 praecepit
3290 3909 3435 3967 Deus
3466 3925 3572 3968 non
3607 3913 3868 3984 contingi,

2279 4000 2334 4054 in
2366 3999 2656 4066 frumento,
2689 3998 2840 4071 vino,
2870 4009 2926 4057 et
2952 4000 3093 4072 oleo,
3123 4001 3242 4060 hmc
3267 4003 3640 4075 cogitaverunt
3662 4003 3874 4074 impen-

2279 4089 2446 4159 dere,
2472 4101 2529 4148 et
2555 4093 2748 4148 volunt
2777 4105 3101 4152 consumere
3130 4110 3252 4166 qua:
3294 4109 3396 4150 nec
3426 4095 3677 4153 manibus
3706 4095 3876 4152 debe-

2273 4194 2396 4242 rent
2425 4187 2744 4258 contingere
2776 4206 2786 4242 :
2813 4203 2946 4260 ergo
2975 4189 3228 4258 quoniam
3256 4187 3375 4244 haec
3393 4187 3622 4256 faciunt,
3656 4199 3868 4246 certum

2273 4287 2360 4336 est
2389 4277 2532 4350 quod
2562 4279 2613 4334 in
2646 4279 3007 4351 perditionem
3035 4279 3325 4336 dabuntur.
3359 4281 3514 4348 Quod
3540 4295 3644 4353 ego
3673 4283 3868 4337 ancilla

2275 4379 2369 4427 tua
2409 4385 2773 4442 cognoscens,
2822 4371 2934 4444 fligi
2971 4372 3040 4428 ab
3069 4369 3201 4441 illis,
3233 4381 3289 4428 et
3315 4373 3467 4429 misit
3494 4389 3582 4431 me
3611 4373 3869 4434 Dominus

2274 4463 2393 4520 haec
2443 4464 2566 4534 ipsa
2591 4465 2845 4521 nuntiare
2878 4463 2996 4520 tibi.
3024 4461 3138 4533 Ego
3165 4464 3312 4520 enim
3355 4465 3551 4522 ancilla
3579 4476 3672 4522 tua
3696 4464 3866 4524 Deum

2273 4558 2419 4629 colo,
2468 4559 2635 4616 etiam
2683 4571 2827 4615 nunc
2849 4557 2996 4629 apud
3025 4565 3082 4616 te
3114 4577 3127 4614 :
3157 4566 3216 4616 et
3244 4558 3392 4616 exiet
3421 4560 3622 4620 ancilla
3666 4571 3778 4630 tua,
3814 4569 3870 4619 et

567 4739 1170 4821 Chalda:_o_archet_ypo,_
1189 4737 1286 4794 sed
1312 4752 1381 4821 ex
1409 4737 1599 4821 G_r:eca
1611 4738 1977 4821 translatione
2012 4737 2156 4794 dcri-
2178 4735 2234 4800 D
2258 4738 2465 4821 tantum
2483 4739 2743 4821 innoxii“,

567 4807 1062 4881 vatam.Ejusmodi
1079 4807 1178 4864 est
1199 4807 1343 4879 quod
1371 4809 1721 4881 subsequitur
1741 4810 1910 4865 mitra:
1931 4825 2154 4878 nomen,

569 4891 629 4938 et
652 4883 755 4936 alia
787 4880 1031 4942 inferius.
1055 4881 1250 4950 quibus
1280 4895 1387 4935 non
1417 4880 1632 4936 videtur
1651 4895 1875 4936 usurum
1898 4881 2161 4938 fuissein-

569 4961 896 5022 terpretem,
925 4952 1045 5023 nisi
1073 4949 1254 5007 (ἔτκοὶ
1278 4951 1614 5023 exemplaris
1652 4951 1917 5023 propositi
1947 4951 2159 5021 phrasis

569 5021 952 5094 suggessisset.
985 5021 1124 5078 Hinc
1159 5036 1325 5093 porro
1362 5021 1674 5095 Hieronymi
1716 5021 1856 5078 hanc
1897 5038 2004 5078 non
2038 5035 2160 5095 esse

565 5093 820 5166 arguunt,
844 5095 1058 5166 quippe,
1084 5095 1205 5166 quae
1233 5107 1341 5166 non
1369 5109 1436 5150 ex
1465 5093 1723 5149 Chaldaeo
1754 5095 2039 5166 desumpta
2065 5093 2158 5158 sit,

565 5161 662 5236 sed
688 5179 758 5219 ex
781 5161 995 5221 Graeco:
1014 5161 1213 5220 Verum
1234 5163 1356 5236 quis
1386 5171 1566 5235 neget,
1595 5167 1712 5220 haec
1734 5166 1847 5236 ipsa
1873 5161 2035 5222 verba
2061 5179 2156 5219 ve-

564 5235 701 5291 teris
723 5236 1212 5304 interpretationis,
1249 5235 1436 5306 utpote
1461 5251 1584 5304 quas
1614 5235 2063 5306 satis’perspicua
2095 5244 2154 5293 et

566 5307 728 5376 vulgo
750 5316 985 5378 recepta,
1015 5308 1258 5378 potuisse
1277 5307 1663 5378 Hieronymum
1688 5307 1922 5363 retinere
1943 5322 2006 5378 ea
2032 5308 2148 5376 ipsa

571 5378 639 5435 de
660 5375 844 5447 eausa,
871 5375 1034 5449 quam
1063 5375 1295 5449 ipsemet
1321 5377 1374 5432 in
1401 5375 1806 5449 prologissacpe
1830 5375 2148 5449 ingerit,ine

575 5395 639 5435 ue
660 5395 844 5447 causa,
871 5395 1034 5503 quam
1063 5395 1295 5449 ipsemet
1321 5395 1374 5432 in
1401 5395 1636 5449 prorogts
1661 5395 1806 5459 saepe
1830 5395 2045 5448 ingerit,
2063 5395 2148 5459 .ne

575 5449 791 5505 scilicet
822 5450 872 5505 vi
915 5455 1102 5505 eretur
1138 5463 1169 5502 a
1204 5455 1423 5518 recepta
1458 5447 1600 5504 bona
1645 5448 1880 5504 lectione
1932 5450 2148 5519 longius

563 5521 843 5601 abludere.
873 5521 956 5577 Ad
980 5521 1094 5601 haec
1120 5533 1379 5601 eumsuo
1407 5519 1522 5601 ipse
1551 5534 1737 5601 sensu,
1789 5533 1894 5574 non
1919 5535 1994 5601 ex
2031 5519 2141 5574 alio

562 5591 918 5659 transferens,
963 5590 1204 5658 scripsit,
1260 5590 1376 5661 haec
1431 5590 1549 5661 ipsa
1599 5591 1784 5658 verba,
1831 5591 2136 5660 eodemque

558 5662 719 5785 pinno
746 5662 1039 5745 intellectu.
1062 5660 1365 5744 usurpavit.
1391 5660 1485 5717 sn:
1525 5661 1589 5744 in.
1605 5661 1835 5745 Prologo
1877 5661 2102 5744 Gaieato
2120 5700 2137 5726 ,

615 5749 670 5785 os
695 5748 810 5785 ante
831 5731 1041 5785 00mm
1064 5730 1427 5785 discumbentis
1458 5743 1826 5785 nretrosrssrmo
1849 5732 1972 5785 ﬁdet
1991 5747 2137 5785 mro

615 5749 670 5785 os
695 5748 810 5802 quae
831 5731 1041 5787 Domini
1064 5730 1427 5785 discumbentis
1458 5730 1826 5798 pretiosissima
1848 5732 1972 5802 ﬁdei
1991 5747 2141 5802 mgro

561 5805 751 5870 ungitis
777 5814 951 5870 caput.
989 5806 1053 5858 Et
1078 5804 1236 5872 epist.
1261 5804 1353 5867 38,
1383 5805 1448 5857 ad
1471 5804 1807 5859 Marcellam:
1839 5805 2018 5859 Crines
2047 5820 2146 5858 an-

558 5875 751 5933 cillulae
777 5875 1138 5946 disponebant,
1168 5883 1215 5932 et
1235 5875 1442 5935 mitellis
1466 5875 1810 5947 crispantibus
1838 5884 2007 5936 vertex
2029 5890 2146 5936 arca

2341 4817 2368 4848 α
2393 4808 2579 4886 Visum
2603 4818 2690 4865 est
2718 4809 2893 4886 doctis
2920 4811 3127 4886 criticis
3150 4853 3165 4880 ,
3197 4813 3452 4886 mendum
3480 4813 3586 4886 hoc
3614 4828 3737 4871 esse
3766 4831 3867 4886 pro

2271 4893 2406 4955 voce
2434 4880 2620 4955 praelia,
2637 4883 3153 4955 quodvocabulugm,
3173 4884 3320 4952 quod
3347 4883 3524 4955 (ἔτεςὶ
3540 4893 3718 4941 textus
3744 4880 3860 4955 est,

2265 4951 2435 5029 ψέλιᾳ.
2451 4951 2504 5006 id
2518 4961 2602 5029 est
2618 4952 2874 5029 armiltas,
2893 4955 2966 5010 ita
2982 4953 3141 5029 facile
3165 4951 3504 5029 usurpariab
3523 4951 3861 5029 Hieronymo

2267 5022 2542 5094 potuitvel
2569 5023 2792 5094 retineri
2817 5038 2884 5079 ex
2912 5024 3130 5094 antiqua
3145 5022 3394 5080 versiOne
3419 5022 3854 5093 Latinislittéris.

2268 5090 2456 5164 psclia,
2486 5101 2545 5148 ut
2573 5093 2642 5147 ab
2670 5094 3021 5164 Antiquario,
3045 5090 3141 5164 qui
3169 5096 3397 5151 exoticze
3453 5097 3603 5151 vocis
3644 5090 3861 5155 sensum

2269 5177 2380 5218 non
2408 5164 2476 5218 sit
2505 5174 2808 5227 assecutus,
2844 5170 2894 5219 in
2919 5166 3064 5221 istud
3091 5165 3436 5221 notissimum
3459 5182 3521 5222 ac
3545 5166 3662 5224 fere
3689 5172 3863 5227 simile

2266 5233 2636 5322 mutariiitiq.
2679 5234 2934 5322 Ciialdzeo
2977 5248 3158 5322 autem
3179 5237 3509 5322 darchetypo
3535 5237 3820 5300 deficiente
3841 5282 3860 5310 ,

2266 5319 2446 5376 neque
2474 5305 2620 5388 istud
2647 5316 2800 5364 certo
2832 5316 3016 5378 potest
3037 5308 3316 5364 constitui.
3402 5305 3418 5310 ⁷
3438 5305 3455 5310 ⁷
3843 5305 3856 5310 ’

2266 5446 2302 5454 __
2332 5373 2360 5414 ι»
2397 5376 2631 5454 Ρᾳιξιῑιηζ
2669 5395 2797 5454 ms,
2831 5379 3101 5454 bacillum
3140 5379 3530 5454 pulchritudine
3559 5383 3856 5454 ampliavit.

2258 5446 2405 5528 Tum.
2428 5449 2568 5528 alter
2595 5446 2835 5528 Regina),
2865 5460 2920 5502 ut
2949 5452 3002 5504 in
3026 5446 3282 5521 corporali
3304 5453 3510 5521 decore,
3535 5446 3864 5523 pro'incom-

2258 5519 2497 5588 parabili.
2533 5519 2774 5594 Denique
2804 5536 2995 5577 omnes
3057 5519 3332 5594 ascopam,
3367 5539 3464 5594 pro
3496 5519 3815 5594 'a'scoperam
3839 5544 3856 5580 .·

2255 5599 2312 5644 et
2341 5605 2439 5658 pro
2459 5590 2718 5660 palatltas,
2749 5607 2872 5661 quas
2903 5602 3032 5648 sunt
3049 5590 3477 5651 carinarum-aut
3506 5590 3703 5652 iicuum
3727 5611 3858 5652 mas-

2253 5672 2350 5740 sae,
2382 5662 2494 5730 pari
2517 5675 2790 5740 consensu
2807 5664 3035 5740 tapetes
3057 5664 3268 5740 legunt,
3313 5666 3458 5739 quod
3486 5669 3854 5725 metathe‘seos

2252 5734 2308 5785 in
2340 5734 2740 5798 pronuntiando
2771 5735 2960 5789 vitium
2988 5737 3227 5792 videtur.

2327 5813 2349 5882 ξ
2375 5801 2433 5882 [nn
2460 5804 2632 5882 i’alat.
2666 5823 2795 5872 nis.,
2825 5809 3058 5861 transiuit
3089 5821 3283 5878 portas,
3311 5809 3514 5882 absque
3539 5828 3652 5882 per.

2321 5868 2348 5913 ἀ
2379 5872 2654 5939 Palatinus
2693 5868 2822 5950 uls},
2847 5868 3124 5952 numquam
3170 5868 3324 5939 nocui
3353 5868 3550 5955 eiram;
3581 5883 3700 5955 qui,
3743 5891 3849 5942 etc.
