4062 6356
158 320 253 395 as
1602 334 1808 395 LIBER
1845 334 2111 397 manu.
2300 343 2326 385 ι
3404 340 3474 399 5t

155 455 328 512 orabo
355 454 561 520 Deum,
611 461 669 511 et
698 452 845 510 dicet
888 448 1021 508 mihi
1046 450 1267 523 quando
1296 450 1379 508 eis
1422 450 1617 509 reddat
1639 462 1768 523 pee-
1796 454 1849 514 Α
1874 450 1958 507 nis
2004 463 2331 507 concussum
2364 458 2449 508 est
2476 468 2491 508 :
2524 460 2640 509 erat
2668 452 2811 509 enim
2858 451 3057 510 ardens
3092 452 3146 509 in
3177 454 3474 525 concupis-

158 558 342 605 catum
391 562 584 615 suum,
629 554 685 604 et
735 546 963 603 veniens
993 543 1254 600 nuntiabo
1291 543 1418 611 tibi,
1466 546 1542 600 ita
1585 553 1643 599 ut
1670 558 1772 615 ego

158 644 432 699 adducam
478 652 535 699 te
562 657 660 713 per
697 641 933 698 mediam
963 640 1290 704 Jerusalem,
1315 648 1369 695 et
1392 638 1616 695 habebis
1650 653 1768 694 om-

162 753 285 794 nem
316 736 590 807 populum
614 734 807 803 lsraei,
842 733 985 789 sicut
1012 746 1164 798 oves,
1193 730 1391 802 quibus
1416 745 1525 786 non
1549 741 1630 786 est
1652 745 1774 801 pas-

165 840 275 897 tor,
327 837 385 884 et
418 841 535 883 non
567 827 794 883 latrabit
816 826 901 882 vel
927 840 1070 881 ttnus
1117 825 1268 881 canis
1297 832 1489 879 contra
1519 832 1571 879 te
1597 840 1611 877 :
1637 836 1773 893 quo-

166 924 306 981 niam
333 922 461 980 haec
490 920 631 977 mihi
657 920 801 978 dicta
831 930 961 976 sunt
990 934 1089 989 per
1118 917 1514 990 providentiam
1561 916 1678 973 Dei.
1706 914 1774 973 Et

166 1016 422 1088 quoniam
459 1016 638 1071 iratus
676 1023 761 1072 est
789 1012 906 1070 illis
938 1010 1100 1080 Deus,
1138 1011 1252 1067 haec
1293 1011 1407 1082 ipsa
1460 1011 1620 1065 missa
1650 1022 1774 1067 sum

171 1111 425 1168 nuntiare
458 1108 584 1166 tibi.

232 1202 579 1263 Placuerunt
623 1210 810 1257 autem
842 1198 1031 1256 omnia
1058 1196 1223 1254 verba
1246 1195 1364 1253 lucc
1385 1208 1568 1252 coram
1609 1194 1776 1252 Ποιο-

174 1301 319 1356 teme
364 1306 424 1354 et
455 1310 649 1353 coram
680 1294 863 1365 pueris
895 1294 1040 1363 ejus,
1091 1300 1145 1347 et
1188 1291 1528 1346 mirabantur
1560 1289 1775 1359 sapien-

177 1395 299 1449 tiam
351 1390 504 1462 ejus,
555 1388 888 1446 etdiecbant
933 1387 1072 1442 alter
1098 1384 1166 1441 ad
1214 1383 1491 1441 alterum:
1528 1380 1648 1437 Non
1692 1388 1776 1438 est

175 1484 294 1540 talis
337 1482 556 1539 mulier
581 1494 750 1552 super
780 1489 981 1535 terram
1010 1478 1062 1532 in
1087 1486 1349 1546 aspectu,
1386 1476 1440 1530 in
1470 1472 1775 1543 pulchritu-

173 1578 318 1643 dine,
343 1582 402 1631 et
432 1575 486 1629 in
516 1588 687 1630 sensu
716 1570 1033 1629 verborum.
1071 1569 1138 1625 Et
1165 1567 1302 1624 dixit
1330 1566 1395 1623 ad
1433 1565 1579 1622 illam
1610 1564 1772 1622 Helo.

174 1673 357 1728 ferncs
386 1687 401 1723 :
427 1666 716 1725 Benefecit
745 1666 924 1731 Deus,
950 1662 1045 1736 qui
1073 1661 1219 1718 misit
1246 1671 1299 1718 te
1327 1667 1455 1716 ante
1486 1659 1771 1731 populum,

173 1769 229 1818 nt
253 1762 352 1816 des
373 1758 531 1815 illum
556 1765 611 1813 tu
635 1757 689 1813 in
711 1755 972 1812 manibus
1000 1754 1204 1810 neStris
1232 1769 1246 1809 :
1276 1762 1329 1809 et
1349 1751 1603 1823 quoniam
1630 1750 1770 1807 bona

1873 546 2050 602 centia
2075 546 2215 617 ejus.
2242 546 2309 602 Et
2337 545 2472 603 dixit
2502 546 2570 603 ad
2596 562 2717 603 eam
2740 546 3066 604 lloioiernes
3101 565 3112 600 :
3144 547 3275 604 Bibe
3298 564 3466 615 nunc,

1875 648 1933 696 et
1960 640 2225 697 accumbe
2257 640 2309 695 in
2339 641 2685 713 jucunditate
2707 683 2723 711 ,
2755 642 3008 714 quoniam
3044 642 3302 698 invenisti
3346 658 3471 715 gra-

1877 733 2006 789 tiam
2039 748 2226 789 coram
2262 749 2368 789 me.
2406 735 2470 790 Et
2518 733 2866 792 dixitJudilh
2898 751 2913 791 :
2960 734 3172 803 Bibam,
3220 733 3467 803 domine,

1875 826 2132 898 quoniam
2164 825 2508 899 magnificam
2537 836 2621 885 est
2646 827 2827 883 anima
2857 843 2975 884 mea
3024 827 3183 883 hodie
3212 842 3323 897 prae
3350 842 3469 883 om-

1878 918 2040 976 nibus
2084 919 2276 977 diebus
2307 921 2464 977 meis.
2518 918 2585 977 Et
2615 922 2862 993 accepit,
2912 931 2968 979 et
3014 920 3383 986 manducavit,
3416 932 3474 976 ct

1874 1016 2011 1073 bibit
2042 1031 2228 1073 coram
2258 1016 2401 1088 ipso,
2432 1032 2495 1074 ea
2526 1034 2648 1090 quae
2679 1008 2964 1088 paraverat
3004 1017 3077 1073 illi
3110 1017 3303 1072 ancilla
3328 1016 3464 1087 ejus.

1778 1134 1781 1137 ν
1876 1106 1945 1163 Et
1970 1106 2245 1178 jucundus
2277 1107 2452 1166 factus
2482 1118 2566 1165 est
2596 1107 2921 1165 Holofernes
2952 1108 3017 1163 ad
3049 1124 3190 1174 eam,
3226 1107 3475 1179 bibitque

1876 1202 2059 1257 vinum
2091 1203 2318 1257 multum
2344 1201 2530 1273 nimis,
2556 1212 2820 1275 quantum
2850 1218 3144 1273 numquam
3171 1201 3385 1258 biberat
3415 1201 3469 1257 in

1877 1294 1987 1351 vita
2017 1309 2136 1351 sua.

1948 1384 2103 1461 [ϐαρ.
2131 1384 2298 1460 ΧΙΙΙ.]
2329 1386 2398 1445 Ut
2428 1396 2612 1444 autem
2641 1402 2767 1445 sero
2808 1388 3008 1444 factum
3039 1396 3145 1454 est,
3178 1385 3472 1443 festinave-

1875 1486 2008 1535 runt
2034 1477 2177 1534 servi
2213 1478 2362 1535 illius
2397 1478 2462 1534 ad
2493 1478 2729 1551 hOSpitia
2760 1496 2882 1546 sua,
2912 1489 2965 1535 et
2996 1477 3263 1535 conclusit
3290 1477 3473 1547 Vagae

1875 1568 2013 1627 ostia
2041 1566 2301 1639 cubiculi,
2332 1579 2388 1627 et
2418 1570 2572 1627 abiit.
2602 1570 2777 1627 Erant
2805 1581 2988 1627 autem
3035 1585 3226 1626 omnes
3265 1568 3473 1639 fatigati

1874 1678 1907 1719 a
1953 1662 2081 1718 vino
2126 1678 2141 1718 :
2180 1671 2407 1734 eratque
2453 1663 2639 1719 Iudith
2688 1662 2803 1720 sola
2856 1664 2912 1720 in
2972 1663 3247 1723 cubiculo.
3300 1662 3473 1717 Porro

1876 1756 2196 1812 lloloternes
2218 1753 2439 1827 jacebat
2468 1756 2521 1809 in
2550 1756 2712 1821 lecto,
2742 1754 2909 1811 nimia
2938 1754 3204 1811 ebrietate
3231 1756 3465 1823 sopitus.

171 1862 258 1911 est
282 1850 576 1924 promissio
600 1854 717 1918 tua,
750 1848 797 1905 si
830 1846 1023 1904 iecerit
1049 1845 1184 1903 mihi
1212 1845 1316 1903 hoc
1348 1842 1510 1913 Deus,
1550 1852 1608 1901 et
1638 1853 1693 1900 tu
1718 1843 1771 1900 in
1799 1832 1848 1900 B
1878 1848 2138 1921 Dixitque
2162 1845 2350 1904 Judith
2376 1846 2572 1917 puellae
2593 1863 2706 1904 sure
2733 1856 2792 1902 ut
2820 1855 2992 1903 staret
3013 1845 3145 1905 foris
3166 1854 3293 1903 ante
3320 1842 3473 1901 cubi-

174 1946 352 2003 domo
379 1941 878 2001 Nabuchodonosor
908 1954 1100 2011 magna
1131 1938 1264 2009 eris,
1297 1944 1353 1996 et
1389 1948 1587 1994 nomen
1618 1944 1770 1993 tuum

177 2034 557 2097 nominabitur
584 2036 639 2092 in
672 2030 927 2092 universa
958 2044 1124 2089 terra.
1148 2052 1159 2055 λ
1690 2028 1695 2033 ’

246 2130 402 2205 [ϐαρ.
455 2126 601 2200 ιιι]
631 2127 789 2183 Tunc
813 2126 981 2198 jussit
1019 2140 1139 2181 eam
1173 2123 1401 2181 introire
1430 2123 1521 2181 ubi
1548 2123 1774 2195 repositi

183 2231 335 2279 erant
381 2216 631 2276 thesauri
662 2218 803 2290 ejus,
847 2228 902 2273 et
927 2215 1091 2288 jussit
1120 2215 1235 2272 Illic
1265 2228 1488 2272 manere
1528 2230 1669 2284 eam,
1719 2222 1777 2272 et

180 2312 461 2371 constituit
488 2310 620 2383 quid
654 2311 877 2367 daretur
900 2308 979 2366 illi
1004 2309 1071 2365 de
1102 2308 1353 2365 convivio
1382 2321 1501 2363 suo.
1547 2306 1646 2363 Cui
1691 2321 1775 2362 re-

185 2407 398 2479 spondit
416 2403 633 2469 Judith,
660 2413 714 2460 et
742 2402 906 2460 dixit:
932 2401 1086 2458 Nune
1109 2416 1217 2458 non
1239 2410 1432 2473 potero
1450 2401 1777 2457 manducare

185 2510 243 2554 ex
264 2498 347 2553 bis
377 2512 503 2567 quae
536 2494 668 2551 mihi
695 2492 951 2565 praecipis
980 2492 1169 2561 tribui,
1195 2506 1264 2548 ne
1288 2494 1472 2547 veniat
1500 2504 1664 2562 super
1688 2506 1776 2547 me

184 2589 406 2645 oEcnsio
436 2605 454 2646 ι
488 2603 560 2645 ex
616 2586 703 2643 his
748 2596 955 2653 autem,
990 2600 1111 2657 quze
1142 2582 1273 2639 mihi
1306 2581 1507 2651 detuli,
1552 2582 1777 2638 mandu-

182 2684 336 2740 rabo.
385 2680 482 2737 Cui
523 2679 904 2752 liolophernes
935 2678 1011 2733 ait
1041 2696 1055 2733 :
1084 2677 1143 2733 Si
1166 2674 1471 2732 defecerint
1506 2672 1601 2731 tibi
1634 2674 1735 2730 ista
1757 2717 1771 2743 ,

181 2793 300 2847 qua:
332 2786 508 2832 tecum
552 2772 836 2839 detuliSti,
869 2770 996 2842 quid
1044 2771 1303 2825 faciemus
1345 2766 1477 2824 tibi?
1527 2766 1593 2824 Et
1642 2768 1777 2823 dixit

184 2868 358 2925 Judith
381 2884 396 2921 :
422 2866 572 2922 Vivit
591 2865 774 2921 anima
798 2874 908 2930 tua,
936 2862 1157 2917 domine
1180 2874 1353 2928 meus,
1382 2858 1646 2930 quoniam
1671 2868 1777 2914 non

183 2960 447 3031 expendet
476 2958 664 3014 omnia
702 2958 818 3012 hate
846 2955 1042 3010 ancilla
1066 2965 1180 3020 tua,
1214 2951 1390 3010 donec
1439 2949 1603 3007 faciat
1634 2950 1778 3006 Dens

184 3058 235 3112 in
264 3071 421 3110 manu
451 3067 576 3109 mea
606 3052 725 3108 hac
752 3064 874 3122 qua:
904 3046 1163 3121 cogitavi.

248 3148 359 3205 Ειι
384 3146 723 3203 induxerunt
755 3140 907 3200 illam
938 3143 1084 3200 servi
1114 3142 1230 3213 ejus
1260 3141 1313 3197 in
1341 3138 1775 3208 tabernaculum,

181 3240 315 3311 quod
360 3246 729 3311 prteceperat.
760 3236 829 3293 Et
873 3235 1177 3307 petiitdum
1208 3233 1484 3299 introiret,
1530 3234 1589 3287 ut
1615 3229 1778 3286 dare-
1801 3219 1847 3282 C

183 3348 263 3391 iur
289 3334 340 3389 ei
365 3334 527 3403 copia
550 3340 712 3388 nocte
736 3340 791 3386 et
814 3339 940 3386 ante
972 3330 1147 3384 lucem
1181 3320 1496 3398 egrediendi
1533 3323 1680 3379 foras
1709 3322 1777 3379 ad

183 3425 486 3481 cntionem
516 3470 529 3492 ,
583 3432 641 3480 et
680 3418 1009 3493 deprecandi
1054 3418 1363 3476 Dominum.
1411 3416 1477 3472 Et
1521 3408 1782 3486 praecepit

184 3518 530 3575 cubiculariis
555 3517 690 3583 suis,
724 3516 945 3571 utsicut
975 3512 1217 3584 placer‘et
1261 3509 1359 3577 illi,
1406 3509 1579 3564 exiret
1623 3507 1779 3563 etin-

186 3613 375 3669 troirrt
404 3611 474 3666 ad
498 3609 837 3665 adorandum
866 3606 1035 3663 Deum
1078 3620 1259 3671 suum,
1292 3618 1388 3674 per
1416 3601 1655 3657 triduum
1684 3615 1698 3655 :
1728 3604 1783 3655 et

188 3707 369 3763 exibat
392 3705 647 3761 noctibus
678 3704 730 3759 in
754 3703 952 3757 vallem
982 3698 1271 3764 Betbuliat,
1298 3711 1355 3753 et
1386 3693 1691 3768 baptizabat
1722 3704 1782 3749 se

185 3801 235 3854 in
282 3800 436 3853 t'onte
474 3813 648 3867 aquae.
693 3797 760 3851 Et
791 3804 850 3850 ut
878 3792 1239 3860 ascendebat,
1272 3788 1461 3844 orabat
1494 3787 1781 3842 Dominum

186 3894 353 3950 Deum
388 3892 576 3960 lsrael,
603 3897 664 3945 ut
682 3889 940 3958 dirigeret
968 3887 1109 3942 viam
1140 3884 1256 3955 ejus
1302 3883 1369 3939 ad
1401 3881 1783 3938 liberationem

184 3986 368 4057 populi
395 3984 508 4040 sui.
555 3984 623 4039 Et
653 3981 953 4047 introiens,
984 3977 1187 4035 munda
1228 3976 1482 4032 manebat
1523 3976 1575 4029 in
1609 3972 1784 4029 taber-

185 4080 400 4146 naculo,
420 4091 595 4148 usque
622 4076 750 4131 dum
783 4074 1054 4145 acciperet
1071 4085 1251 4128 escam
1267 4085 1421 4127 suam
1449 4070 1505 4124 in
1533 4082 1781 4140 vespere.

250 4173 322 4228 Et
351 4172 557 4226 laetum
599 4177 708 4237 est,
740 4169 794 4223 in
816 4174 1008 4239 quarto
1051 4165 1141 4221 die
1166 4163 1490 4221 llolot‘ernes
1520 4163 1648 4219 feeit
1673 4176 1786 4218 ete-

189 4281 307 4319 nam
339 4263 522 4321 servis
547 4263 684 4330 suis,
724 4271 781 4317 et
799 4260 939 4316 dixit
960 4258 1027 4315 ad
1056 4258 1238 4329 Vagae
1257 4259 1565 4314 eunuchum
1583 4270 1741 4312 suum
1769 4273 1781 4311 :

188 4358 356 4427 Vade,
386 4366 447 4414 et
486 4356 661 4413 suade
690 4355 980 4411 Hebrzeam
1025 4352 1200 4421 illam,
1230 4362 1289 4408 ut
1326 4360 1525 4421 sponte
1553 4363 1787 4406 consen-

190 4452 279 4506 tiat
320 4451 579 4508 habitare
627 4463 861 4505 mecum.
889 4445 1117 4504 Fmdum
1160 4455 1243 4503 est
1273 4444 1418 4502 enim
1449 4443 1595 4513 apud
1620 4444 1786 4516 Assy-

190 4548 316 4613 rios,
362 4546 410 4601 si
445 4544 655 4601 femina
696 4541 923 4599 irrideat
950 4542 1151 4608 virum,
1197 4539 1408 4611 agendo
1439 4547 1496 4595 ut
1526 4534 1783 4594 immunis

188 4639 251 4693 ab
274 4654 343 4694 eo
371 4645 635 4694 transeat.

253 4732 408 4788 Tunc
441 4729 692 4787 introivit
745 4727 929 4800 Vagao
958 4722 987 4764 δ
1020 4723 1086 4782 ad
1115 4723 1336 4792 Judith,
1369 4730 1423 4779 et
1449 4722 1583 4777 dixit
1618 4741 1630 4777 :
1665 4721 1783 4777 Non

190 4836 442 4883 vereatur
485 4827 626 4881 bona
660 4823 834 4895 puella
884 4814 1117 4875 introire
1162 4816 1228 4873 ad
1258 4816 1537 4872 dominum
1580 4829 1783 4882 meum,

191 4930 245 4975 ut
276 4916 676 4975 honoriﬁcetut'
714 4926 845 4970 ante
868 4906 1065 4968 faciem
1090 4911 1229 4980 ejus,
1264 4916 1324 4965 ut
1348 4906 1641 4963 manducet
1664 4920 1786 4962 cum

190 5028 277 5082 eo,
314 5020 372 5069 et
404 5011 562 5066 bibat
599 5008 781 5064 vinum
816 5008 869 5062 in
915 5004 1273 5077 iucunditate.
1324 5002 1427 5058 Cui
1457 4999 1641 5058 Judith
1700 5008 1789 5055 re-

188 5108 407 5177 spondit
438 5124 451 5160 :
472 5104 603 5174 Quae
622 5118 724 5174 ego
746 5117 888 5167 sum,
917 5109 974 5157 ut
996 5098 1370 5156 eontradieam
1394 5098 1617 5154 domino
1634 5095 1789 5168 meo?

194 5197 368 5255 Omne
398 5197 545 5268 quod
573 5195 677 5253 erit
693 5202 826 5250 ante
844 5193 1033 5250 oculos
1054 5191 1175 5261 ejus
1195 5190 1399 5246 bonum
1423 5195 1479 5244 et
1499 5188 1789 5258 optimum,

200 5291 413 5349 iaciant.
446 5284 717 5359 Quidquid
744 5294 929 5342 autem
954 5284 1032 5340 illi
1064 5283 1350 5355 placuerit,
1396 5282 1500 5338 hoc
1527 5280 1659 5336 mihi
1686 5280 1791 5337 erit

202 5383 467 5455 optimum
496 5381 749 5438 omnibus
774 5378 964 5436 diebus
985 5378 1112 5435 vita:
1140 5390 1298 5434 meae.

269 5474 343 5529 Et
364 5472 630 5540 surrexit,
659 5480 718 5529 et
747 5471 969 5527 ornavit
1009 5486 1070 5525 se
1100 5468 1430 5523 vestimento
1460 5478 1580 5531 suo,
1613 5474 1667 5521 et
1714 5465 1795 5521 ia-

202 5580 386 5641 gressa
419 5568 576 5626 stetit
602 5572 734 5625 ante
765 5562 962 5623 faciem
993 5564 1136 5634 ejus.
1164 5561 1273 5619 Cur
1310 5568 1491 5618 autem
1539 5558 1793 5617 Holofer-

267 5720 299 5749 ι
326 5708 565 5763 Rursum
596 5708 741 5764 idem
768 5721 875 5773 ms,
902 5713 949 5759 et
968 5702 1371 5757 introduxerunt
1387 5701 1557 5766 illam,
1584 5705 1693 5773 etc.

270 5780 299 5818 δ
331 5780 554 5835 [tectius
609 5780 767 5851 idque
814 5769 1129 5835 constanter
1176 5773 1349 5832 nostri
1393 5786 1525 5828 mss.
1578 5769 1794 5841 Bagoan

203 5864 425 5910 vocant.

1877 1942 2061 2000 culum
2081 1984 2095 2008 ,
2126 1951 2182 1998 et
2207 1940 2551 1998 observaret.

1946 2032 2222 2107 Stetitque
2266 2030 2457 2091 Judith
2498 2041 2627 2090 ante
2657 2033 2887 2103 lectum,
2936 2045 3105 2088 orans
3132 2046 3254 2088 cum
3298 2032 3477 2101 lacry-

1876 2127 2005 2195 mis,
2037 2130 2092 2183 et
2120 2126 2385 2182 lahiurum
2410 2134 2563 2181 motu
2596 2126 2649 2181 in
2672 2124 2908 2192 silentio,
2939 2124 3129 2180 dicens
3159 2141 3171 2178 :
3200 2120 3475 2179 Conﬁrma

1876 2236 1989 2289 me,
2032 2218 2263 2275 Domine
2291 2216 2436 2274 Deus
2464 2216 2654 2287 Israel,
2689 2225 2745 2274 et
2776 2216 2991 2289 respice
3032 2216 3085 2270 in
3116 2213 3216 2271 hac
3244 2212 3377 2270 hora
3407 2212 3477 2267 ad

1877 2329 2041 2386 opera
2061 2328 2323 2369 manuum
2356 2326 2623 2377 mearum,
2656 2318 2737 2376 ut,
2768 2310 2911 2365 sicut
2940 2307 3267 2380 promisisti,
3312 2304 3474 2362 Jeru-

1877 2406 2051 2461 salem
2078 2402 2357 2460 civitatem
2385 2409 2531 2458 tuam
2560 2401 2739 2472 erigas
2772 2416 2786 2458 :
2812 2410 2866 2456 et
2899 2398 3024 2465 hoc,
3054 2399 3201 2471 quod
3240 2396 3477 2454 credens

1878 2512 1975 2569 per
2008 2506 2061 2552 te
2094 2509 2259 2568 posse
2288 2493 2429 2562 lieri,
2459 2504 2482 2532 α
2512 2492 2767 2565 cogitavi,
2802 2490 3099 2563 perficiam.
3124 2493 3187 2546 Et
3209 2503 3334 2546 cum
3361 2490 3478 2543 haec

1878 2590 2127 2657 dixisset,
2155 2589 2391 2645 accessit
2433 2586 2500 2645 ad
2532 2587 2865 2651 columnam,
2899 2602 3021 2658 quae
3051 2596 3169 2642 erat
3217 2582 3283 2638 ad
3311 2589 3475 2653 caput

1877 2683 2061 2739 lectuli
2082 2681 2219 2751 ejus,
2245 2689 2302 2735 et
2333 2679 2623 2750 pugionem
2653 2678 2900 2748 ejus,qui
2925 2678 2979 2732 in
3012 2693 3075 2732 ea
3101 2676 3300 2743 ligatus
3338 2689 3473 2745 pena

1879 2775 2073 2839 debat,
2122 2773 2375 2829 exsolvit.
2424 2770 2669 2841 Cumque
2726 2770 3070 2840 evaginasset
3121 2768 3319 2833 illum,
3376 2778 3475 2836 ap-

1876 2867 2164 2942 prehendit
2188 2881 2398 2922 cutnam
2423 2865 2619 2939 capitis
2645 2864 2780 2935 ejus,
2810 2870 2867 2919 et
2909 2863 3019 2917 ait:
3047 2860 3323 2917 Conﬁrma
3350 2872 3464 2924 me,

1880 2961 2114 3018 Domine
2147 2958 2289 3015 Deus
2330 2957 2383 3011 in
2417 2956 2519 3011 hac
2552 2956 2709 3011 hora.
2744 2952 2810 3009 Et
2843 2954 3116 3026 percussit
3158 2950 3244 3008 bis
3273 2952 3325 3006 in
3349 2963 3475 3007 cer-

1864 3057 2053 3111 vicem
2082 3053 2222 3123 ejus,
2253 3058 2309 3107 et
2338 3048 2573 3105 abscidit
2601 3056 2766 3119 caput
2800 3047 2943 3117 ejus,
2976 3056 3031 3103 et
3059 3040 3283 3101 abstulit
3313 3056 3480 3098 cono-
3562 3078 3565 3085 ς

1882 3162 2041 3222 peum
2074 3146 2190 3219 ejus
2214 3163 2244 3200 a
2275 3144 2565 3209 columnis,
2615 3153 2670 3199 et
2693 3142 2894 3198 evolvit
2937 3155 3141 3211 corpus
3173 3140 3293 3208 ejus
3324 3142 3477 3191 trun-

1880 3262 2026 3304 cum.
2059 3244 2126 3300 Et
2147 3252 2270 3315 post
2297 3240 2552 3312 pusillum
2577 3238 2765 3303 exivit,
2795 3245 2851 3295 et
2877 3235 3104 3293 tradidit
3126 3243 3287 3305 caput
3313 3226 3478 3286 llolo-

1882 3338 2049 3395 fernis
2100 3333 2315 3391 ancilla:
2371 3348 2505 3403 sure,
2540 3336 2595 3390 et
2634 3331 2800 3403 jussit
2844 3337 2904 3383 ut
2957 3327 3201 3384 mitteret
3249 3322 3382 3381 illud
3420 3322 3478 3377 in

1884 3446 2068 3502 peram
2099 3443 2273 3484 suam.

1956 3523 2023 3579 Et
2050 3522 2301 3579 exierunt
2331 3517 2473 3588 dure,
2500 3502 3276 3574 secundum'consu‘Etudinem
3298 3522 3477 3574 suam,

1883 3620 2035 3690 quasi
2068 3617 2134 3671 ad
2162 3613 2492 3679 orationem,
2520 3618 2577 3667 et
2609 3611 2942 3665 transierunt
2966 3614 3167 3671 castra,
3198 3610 3251 3659 et
3281 3616 3478 3673 gyran-

1885 3719 1969 3765 tes
2012 3707 2229 3774 vallem,
2264 3712 2533 3760 venerunt
2563 3702 2631 3757 ad
2662 3713 2877 3773 portam
2929 3696 3187 3755 civitatis.
3224 3693 3291 3749 Et
3341 3692 3483 3747 dixit

1884 3802 2070 3861 Judith
2101 3816 2129 3855 a
2161 3801 2321 3869 longe
2348 3796 2670 3853 custodibus
2713 3808 2995 3851 murorum
3033 3811 3044 3844 :
3076 3787 3297 3861 Aperite
3347 3801 3477 3856 por-

1888 3904 1990 3958 tas,
2023 3878 2280 3963 quoniam
2312 3888 2600 3944 nobiscum
2650 3894 2735 3942 est
2767 3885 2932 3953 Deus,
2969 3881 3061 3954 qui
3102 3877 3275 3936 fecitd
3310 3878 3481 3933 virtu-

1888 3999 1994 4043 tem
2024 3986 2079 4040 in
2104 3982 2292 4040 lsraei.

1957 4078 2023 4133 Et
2049 4076 2250 4131 factum
2278 4080 2385 4142 est,
2408 4086 2531 4127 cum
2559 4069 2839 4125 audissent
2861 4063 2965 4122 viri
2992 4076 3185 4119 vocem
3212 4059 3355 4131 ejus,
3384 4068 3479 4111 vo-

1887 4180 2149 4227 caverunt
2178 4168 2531 4239 presbyteros
2576 4164 2832 4220 civitatis.
2884 4160 2949 4217 Et
2980 4161 3380 4215 concurrerunt
3414 4149 3482 4207 ad

1889 4278 2007 4322 eam
2030 4275 2241 4325 omnes,
2275 4276 2301 4313 a
2327 4256 2553 4315 minimo
2576 4270 2748 4327 usque
2770 4253 2836 4310 ad
2864 4252 3160 4308 maximum
3187 4266 3201 4304 :
3225 4245 3483 4317 quoniam

1889 4354 2184 4427 sperabant
2211 4350 2321 4425 [Αι.
2364 4347 2675 4421 speraram]
2703 4361 2822 4403 eam
2846 4345 2957 4415 jam
2998 4358 3105 4398 non
3139 4353 3260 4397 esse
3290 4344 3479 4393 ventu-

1888 4456 2028 4503 ram.
2055 4438 2123 4500 Et
2143 4442 2504 4501 accendentes
2531 4440 2844 4503 luminaria,
2869 4437 3315 4507 eongyraverunt
3337 4428 3482 4483 circa

1889 4552 2010 4596 eam
2035 4537 2270 4595 universi
2301 4554 2313 4591 :
2339 4530 2431 4591 illa
2455 4545 2634 4590 autem
2662 4530 2966 4589 ascendens
2992 4527 3047 4584 in
3066 4524 3481 4582 eminentiorem

1810 4603 1867 4672 Ῑ)
1891 4635 2093 4699 locum,
2123 4630 2288 4704 jussit
2318 4628 2437 4687 fieri
2468 4626 2769 4684 silentium.
2796 4624 3045 4693 Cumque
3070 4632 3262 4674 omnes
3284 4613 3487 4671 tacuis-

1890 4735 2031 4793 sent,
2077 4723 2212 4781 dixit
2244 4718 2434 4780 Judith
2470 4739 2483 4774 :
2517 4714 2758 4775 Laudato
2814 4713 3098 4769 Dominum
3131 4708 3307 4764 Deum
3362 4718 3483 4760 nos-

1893 4828 2057 4885 trum,
2086 4814 2175 4886 qui
2201 4828 2308 4870 non
2339 4804 2577 4870 deseruit
2598 4815 2886 4881 sperantes
2908 4805 2962 4861 in
2988 4812 3050 4860 Sc
3074 4818 3089 4857 :
3117 4801 3250 4858 etin
3276 4812 3363 4853 me
3390 4810 3488 4850 an-

1891 4911 2015 4968 cilla
2043 4924 2137 4965 sua
2166 4906 2481 4977 adimplevit
2503 4900 2938 4959 misericordiam
2969 4912 3145 4962 suam,
3177 4905 3339 4964 quam
3363 4900 3488 4958 pro-

1893 5006 2037 5064 misit
2055 4998 2239 5060 dotnui
2257 4996 2531 5058 lsraeizet
2558 4994 2831 5055 interfecit
2850 4993 2902 5047 in
2928 5004 3092 5046 manu
3124 4998 3244 5042 mea
3273 4982 3491 5037 hostem

1899 5096 2080 5168 populi
2134 5094 2217 5150 sui
2272 5093 2371 5146 hac
2410 5096 2592 5146 nocte.
2622 5088 2689 5143 Et
2730 5084 3011 5157 proterens
3057 5079 3124 5134 de
3168 5088 3295 5146 pera
3326 5078 3492 5168 caput

1896 5167 2228 5258 lloloiernis,
2280 5188 2524 5246 ostendit
2560 5182 2696 5257 illis,
2737 5185 2923 5243 dicens
2964 5196 2979 5235 :
3014 5175 3154 5233 Ecce
3181 5179 3341 5241 caput
3384 5167 3494 5224 llo-

1898 5283 2173 5352 lofernis,
2218 5280 2479 5355 principis
2529 5280 2738 5339 militiae
2792 5272 3143 5344 Assyriorum
3172 5309 3189 5331 ,
3248 5272 3305 5321 et
3337 5275 3494 5355 ecce

1899 5390 2209 5447 con0peum
2265 5354 2439 5440 illius,
2496 5374 2551 5430 in
2583 5387 2691 5443 quo
2737 5364 3091 5426 recumbebat
3142 5361 3197 5415 in
3234 5354 3499 5447 ebrietate

1898 5484 2019 5538 sua,
2048 5444 2144 5525 ubi
2172 5484 2265 5539 per
2292 5481 2512 5523 manum
2555 5465 2769 5520 feminae
2816 5456 3092 5532 percussit
3128 5452 3281 5508 illum
3312 5444 3497 5503 Domi-
3535 5502 3546 5513 ,

1902 5570 2009 5619 nus
2038 5560 2187 5618 Deus
2219 5568 2423 5617 neSter.
2466 5556 2607 5614 Vivit
2638 5563 2817 5612 autem
2871 5553 2988 5624 ipse
3032 5546 3316 5612 Dominus,
3364 5554 3499 5612 quo-

1973 5708 1997 5738 θ
2030 5700 2159 5755 Plus
2188 5698 2352 5754 habet
2379 5695 2599 5763 Regina:
2625 5709 2755 5761 ms.,
2784 5702 2836 5748 ut
2863 5688 3103 5763 cegitavi,
3137 5690 3243 5763 etc.

1974 5710 1997 5738 ο
2032 5710 2159 5755 Plus
2188 5710 2352 5754 habet
2379 5710 2423 5751 lt
2498 5710 2599 5752 mm
2625 5710 2755 5761 ms.,
2784 5710 2836 5748 ut
2863 5710 3103 5763 cogitavi,
3137 5710 3243 5739 Clu.

1974 5768 2002 5808 ἀ
2028 5770 2256 5828 Palatia.
2289 5710 2791 5841 ms.,efgcitsalutcm
2817 5775 3054 5833 magnam
3080 5758 3135 5813 in
3166 5746 3351 5811 israel.
