4062 6356
525 308 597 369 55

1541 303 1599 362 S.
1643 300 2026 361 HIERONYMI
2064 301 2296 361 DlVlNA
2337 304 2818 366 BIBLIOTHECA.

3762 318 3837 378 56

541 420 692 476 niam
712 415 1008 476 custodivit
1037 429 1126 474 me
1154 415 1381 490 angelus
1408 413 1550 485 ejus,
1578 423 1634 472 et
1652 414 1777 472 hinc
1802 424 2043 482 euntem,
2072 423 2128 472 et
2151 420 2206 479 Α
2232 418 2398 475 Israel
2427 421 2535 496 [Αι.
2568 420 2623 478 in
2652 419 2866 494 Israel],
2901 422 3096 482 relicto
3121 426 3448 497 gentilitatis
3479 427 3582 486 ritu
3607 471 3622 499 ,
3653 433 3836 490 credi-

528 512 608 569 ibi
634 522 1087 578 commorantem,
1119 520 1176 567 et
1203 511 1330 567 inde
1356 510 1461 566 huc
1499 517 1889 576 revertentem,
1934 516 1989 564 et
2020 523 2126 565 non

532 605 783 678 permisit
825 621 912 661 me
959 603 1224 660 Dominus
1267 603 1521 658 ancillam
1568 615 1720 658 suam
1757 600 2122 672 coinquinari,

529 697 628 754 sed
659 697 777 752 sine
800 695 1103 768 pollutione
1120 695 1340 767 peccati
1371 694 1649 751 revocavit
1690 709 1780 750 me
1807 693 1963 749 vobis
1991 709 2127 764 gau-

527 788 746 844 dentem
775 788 830 843 in
863 786 1090 842 victoria
1120 801 1240 852 sua,
1267 784 1321 840 in
1347 786 1603 842 evasione
1647 799 1791 852 mea,
1820 793 1876 841 et
1906 784 1961 839 in
1983 784 2122 840 libe-

524 884 743 939 ratione
789 890 992 938 vestra.
1028 890 1056 919 α
1085 879 1436 936 Conlitemini
1482 879 1559 935 illi
1604 893 1820 946 omnes,
1868 877 2124 950 quoniam

522 974 722 1041 bonus,
756 975 1016 1046 quoniam
1048 973 1102 1028 in
1131 973 1390 1029 saeculum
1422 970 1802 1027 misericordia
1828 971 1968 1042 ejus.

597 1065 848 1124 Universi
880 1075 1062 1122 autem
1090 1065 1383 1121 adorantes
1414 1065 1704 1120 Dominum
1724 1106 1739 1131 ,
1771 1063 2033 1120 dixerunt
2055 1061 2125 1119 ad

525 1175 649 1218 eam
679 1178 689 1213 :
724 1160 1010 1216 Benedixit
1040 1169 1095 1215 te
1126 1161 1388 1216 Dominus
1415 1160 1471 1214 in
1497 1159 1700 1215 virtute
1729 1172 1848 1224 sua,
1879 1157 2002 1228 quia
2025 1171 2124 1228 per

520 1262 578 1310 te
603 1254 670 1309 ad
698 1252 924 1308 nihilum
957 1253 1167 1324 redegit
1196 1252 1448 1307 inimicos
1469 1259 1709 1307 nostros.
1735 1249 1908 1304 Porro
1937 1249 2117 1319 Ozias,

518 1348 776 1420 princeps
804 1345 990 1418 populi
1019 1345 1208 1412 Israel,
1240 1344 1378 1400 dixit
1419 1343 1488 1399 ad
1526 1356 1648 1398 eam
1679 1357 1693 1394 :
1737 1341 2030 1398 Benedicta
2060 1356 2122 1398 es

523 1447 582 1493 tu
602 1439 709 1493 lilia
737 1453 766 1492 a
809 1438 1043 1494 Domino
1083 1437 1197 1492 Deo
1223 1434 1464 1503 excelso,
1497 1448 1610 1503 pra:
1635 1431 1894 1488 omnibus
1923 1431 2120 1489 mulie-

518 1531 672 1587 ribus
701 1546 868 1602 super
892 1541 1114 1586 terram.
1141 1528 1470 1584 Benedictus
1504 1525 1810 1596 Dominus,
1841 1527 1933 1598 qui
1959 1541 2119 1583 crea-

517 1625 599 1681 vit
623 1626 822 1682 coelum
854 1633 909 1679 et
941 1633 1167 1688 terram,
1193 1621 1290 1692 qui
1321 1629 1374 1677 te
1403 1620 1608 1676 direxit
1634 1620 1688 1676 in
1715 1621 1948 1677 vulnera
1971 1622 2121 1693 capi-

521 1719 593 1775 tis
620 1718 881 1788 principis
913 1715 1259 1771 inimicorum
1290 1724 1605 1770 nostrorum
1632 1713 1794 1784 :quia
1828 1713 1991 1770 hodie
2021 1729 2117 1771 no-

2234 511 2315 566 dit
2346 512 2479 580 Deo,
2509 521 2562 570 et
2582 513 2924 572 circumcidit
2959 532 3183 575 carnem
3213 522 3467 591 prmputii
3497 523 3606 595 sui,
3639 533 3695 580 et
3726 540 3826 596 ap-

2232 603 2441 674 positus
2478 614 2562 661 cst
2593 605 2658 661 ad
2689 608 2947 679 populum
2975 620 2997 650 ο
3022 609 3211 680 Israel,
3255 621 3310 669 et
3339 615 3519 672 omnis
3549 618 3832 675 successio

2230 696 2450 766 generis
2471 697 2589 768 ejus
2613 713 2783 771 usque
2814 702 2868 756 in
2898 701 3222 761 hodiernum
3255 705 3425 763 diem.

2303 791 2424 874 Mox
2447 803 2628 849 autem
2652 802 2713 850 ut
2741 804 2894 853 ortus
2919 808 3006 853 est
3025 798 3144 856 dies
3167 841 3182 867 ,
3210 802 3622 873 suspenderunt
3659 821 3831 879 super

2229 881 2416 942 muros
2440 896 2605 958 caput
2630 888 2962 958 Holofernis,
2994 893 3313 967 accepitque
3339 901 3711 973 unusquisque
3742 905 3830 961 vir

2229 993 2379 1035 arma
2402 995 2521 1046 sua,
2554 989 2609 1037 et
2635 982 2840 1053 egressi
2859 993 2990 1039 sunt
3011 1001 3132 1041 cum
3148 989 3347 1058 grandi
3374 993 3608 1062 strepitu
3625 1002 3680 1049 et
3701 994 3828 1051 ulu-

2229 1070 2361 1126 latu.
2387 1071 2542 1140 Quod
2570 1072 2819 1130 videntes
2847 1076 3224 1147 exploratores
3245 1121 3260 1147 ,
3288 1079 3358 1136 ad
3410 1081 3826 1141 tabernaculum

2227 1162 2538 1220 Ilolofernis
2563 1177 2941 1224 cucurrerunt.
2971 1170 3142 1226 Porro
3170 1171 3224 1227 hi
3251 1173 3344 1244 qui
3375 1174 3427 1228 in
3471 1177 3828 1236 tabernaculo

2227 1265 2406 1324 erant,
2435 1259 2740 1328 venientes,
2764 1269 2819 1316 et
2846 1263 3292 1334 anteingressum
3325 1267 3562 1325 cubiculi
3585 1280 3827 1341 perstre-

2225 1358 2444 1420 pentes,
2477 1352 2756 1408 excitandi
2781 1354 2978 1424 gratia,
3013 1356 3445 1427 inquietudinem
3470 1371 3586 1419 arte
3625 1364 3826 1420 molie-

2224 1442 2444 1511 bantur,
2479 1454 2539 1499 ut
2571 1460 2678 1500 non
2723 1445 2793 1501 ab
2820 1446 3235 1516 excitantibus,
3280 1452 3378 1507 sed
3417 1469 3448 1508 a
3499 1458 3827 1514 sonantibus

2224 1533 2549 1590 Holofernes
2578 1537 2884 1606 evigilaret.
2913 1537 3114 1595 Nullus
3142 1541 3287 1597 enim
3337 1542 3572 1601 audebat
3600 1548 3828 1606 cubicu-

2223 1625 2337 1682 lum
2363 1627 2584 1683 virtutis
2610 1626 2964 1702 Assyriorum
2993 1631 3262 1702 pulsando
3284 1644 3380 1691 aut
3406 1637 3665 1694 intrando
3693 1654 3825 1711 ape-

2222 1720 2359 1777 rire.
2383 1721 2489 1779 Sed
2513 1737 2636 1779 cum
2656 1725 2934 1780 venissent
2951 1724 3071 1796 ejus
3092 1726 3258 1783 duces
3282 1742 3347 1784 ac
3375 1730 3600 1799 tribuni,
3628 1740 3683 1788 et
3703 1733 3824 1789 uni-

521 1829 647 1868 men
675 1821 824 1867 tuum
854 1811 926 1866 ita
958 1809 1345 1882 magnifieavit,
1377 1819 1439 1865 ut
1467 1823 1577 1866 non
1606 1808 1832 1864 recedat
1878 1808 1996 1865 laus
2028 1817 2116 1864 tua
2147 1814 2196 1876 B
2225 1813 2373 1870 versi
2404 1814 2642 1884 majores
2663 1817 2937 1873 exercitus
2961 1813 2988 1855 ά
3010 1817 3154 1890 regis
3170 1819 3544 1893 Assyriorum,
3564 1823 3825 1880 dixerunt

517 1904 692 1960 deore
710 1904 1016 1969 hominum,
1033 1903 1124 1972 qui
1145 1914 1416 1957 memores
1441 1901 1647 1958 fuerint
1670 1900 1891 1957 virtutis
1907 1901 2120 1956 Domini

515 1998 572 2054 in
604 2007 891 2062 teter-num,
933 2010 1030 2066 pro
1073 1995 1272 2066 quibus
1298 2010 1407 2050 non
1434 1993 1729 2064 pepercisti
1759 1993 1957 2050 animae
1985 2003 2118 2064 tum,

516 2098 749 2161 propter
775 2089 1056 2158 angustias
1081 2096 1136 2144 et
1160 2088 1570 2144 tribulationem
1601 2088 1822 2158 generis
1864 2088 1975 2156 tui,
2021 2089 2119 2145 sed

517 2184 823 2240 subvenisti
864 2183 1039 2239 ruina:
1081 2191 1209 2239 ante
1248 2190 1606 2253 conspectum
1654 2182 1753 2240 Dei
1799 2183 1997 2240 nostri.
2051 2184 2120 2241 Et

519 2275 659 2333 dixit
684 2278 863 2332 omnis
893 2277 1125 2348 populus
1155 2292 1170 2331 :
1202 2276 1348 2343 Fiat,
1378 2275 1494 2331 ﬁat.

589 2370 764 2426 Porro
806 2369 1012 2426 Achior
1044 2377 1275 2426 vocatus
1317 2369 1486 2436 venit,
1515 2376 1571 2426 et
1597 2368 1737 2425 dixit
1781 2369 1833 2426 ei
1879 2369 2117 2428 Judith:

491 2459 664 2516 .Deus
711 2461 904 2529 Israel,
936 2461 1020 2517 cui
1073 2468 1132 2516 tu
1158 2461 1529 2517 testimonium
1559 2461 1756 2518 dedisti
1787 2462 1929 2533 quod
1958 2464 2120 2520 ulcis-

517 2562 674 2609 catur
706 2568 767 2610 se
793 2553 863 2609 de
894 2553 1127 2610 inimicis
1157 2553 1292 2624 suis,
1323 2554 1440 2625 ipse
1460 2563 1624 2625 caput
1655 2557 1899 2612 omnium
1935 2556 2117 2613 incre-

513 2644 775 2703 dulorum
803 2645 994 2702 incidit
1022 2643 1126 2703 hac
1153 2653 1313 2702 nocte
1343 2647 1396 2701 in
1427 2663 1592 2703 manu
1638 2662 1780 2704 mea.
1810 2649 1880 2704 Et
1905 2658 1962 2705 ut
1991 2665 2120 2721 pro-

513 2737 613 2793 bes
643 2739 770 2808 quia
816 2738 888 2792 ita
924 2746 1032 2806 est,
1059 2753 1188 2795 ecce
1219 2748 1379 2809 caput
1411 2738 1747 2803 Holofernis,
1778 2741 1872 2811 qui
1903 2741 1960 2796 in
1981 2756 2115 2798 con-

512 2815 1018 2900 temptu'superbite
1039 2844 1153 2886 suae
1179 2831 1349 2886 Deum
1375 2829 1541 2887 Israel
1563 2833 1913 2901 contempsit,
1938 2841 1994 2890 et
2019 2833 2119 2891 tibi

510 2921 794 2978 interitum
848 2921 1157 2978 minabatur
1185 2964 1200 2989 ,
1244 2923 1434 2979 dicens
1475 2940 1490 2982 ;
1531 2922 1666 2979 Cum
1717 2935 1907 2996 captus
1954 2927 2120 2984 fuerit

513 3014 749 3084 populus
788 3012 988 3079 Israel,
1037 3014 1218 3084 gladio
1268 3014 1534 3084 perforari
1580 3017 1895 3086 praecipiam
1942 3019 2116 3076 latera

510 3111 628 3160 tua.
687 3104 892 3162 Videns
921 3113 1102 3161 autem
1123 3105 1327 3162 Achior
1353 3117 1518 3177 caput
1541 3106 1881 3177 Holofernis,
1915 3125 2117 3183 angus-

2224 1905 2572 1963 cubiculariis
2606 1925 2620 1964 :
2670 1908 2907 1978 Intrate,
2939 1917 2996 1965 et
3042 1913 3278 1968 excitate
3319 1913 3511 1982 illum,
3565 1917 3823 1988 quoniam

2225 2000 2435 2071 egressi
2463 2015 2646 2057 mures
2674 2001 2746 2057 de
2777 2003 3030 2060 cavernis
3055 2004 3189 2073 suis,
3223 2005 3342 2063 ausi
3370 2015 3500 2064 sunt
3519 2022 3823 2078 provocare

2224 2106 2326 2148 nos
2355 2092 2423 2147 ad
2452 2093 2726 2164 prmlium.

2293 2184 2451 2240 Tunc
2477 2184 2758 2256 ingressus
2787 2186 2974 2258 Vagao
2999 2187 3311 2245 cubiculum
3339 2190 3480 2261 ejus,
3515 2191 3670 2249 stetit
3692 2201 3821 2269 ante

2222 2276 2514 2345 cortinam,
2545 2286 2602 2332 et
2623 2277 2874 2348 plausum
2896 2278 3024 2336 fecit
3045 2282 3296 2338 manibus
3317 2283 3433 2340 suis
3467 2300 3482 2338 :
3510 2284 3823 2356 suspicaba-

2222 2375 2311 2424 tur
2338 2369 2484 2426 enim
2512 2369 2666 2426 illum
2683 2387 2812 2442 cum
2835 2372 3018 2429 Judith
3044 2375 3304 2434 dormire.
3331 2377 3438 2434 Sed
3459 2393 3584 2434 cum
3609 2380 3819 2438 nullum

2221 2471 2429 2519 motum
2453 2463 2690 2534 jacentis
2715 2481 2878 2522 sensu
2907 2468 3126 2524 aurium
3170 2480 3415 2542 caperet,
3437 2473 3673 2529 accessit
3697 2489 3826 2544 pro-

2222 2555 2437 2611 ximans
2462 2555 2532 2611 ad
2561 2557 2828 2613 cortinam
2853 2600 2869 2627 ,
2900 2569 2956 2616 et
3011 2561 3233 2618 elevans
3288 2577 3408 2619 eam
3445 2603 3464 2634 ,
3521 2565 3824 2637 vidensque

2221 2647 2458 2705 cadaver
2509 2648 2715 2720 absque
2755 2653 2935 2723 capite
2991 2653 3307 2712 IIolofernis
3387 2657 3445 2712 in
3521 2671 3624 2714 suo
3689 2671 3823 2714 san-

2224 2741 2392 2812 guine
2424 2741 2753 2801 tabefactum
2798 2745 2986 2814 jacere
3021 2761 3187 2816 super
3226 2747 3825 2814 terram,.exclamavit

2225 2853 2364 2896 voce
2394 2854 2592 2912 magna
2639 2854 2765 2896 cum
2796 2841 2951 2908 fletu,
2982 2849 3037 2896 et
3060 2841 3223 2897 scidit
3250 2842 3574 2897 vestimenta
3601 2856 3717 2897 sua.
3751 2841 3824 2897 Et

2222 2929 2502 3000 ingressus
2534 2931 2944 2987 tabernaculum
2973 2930 3184 3000 Judith,
3214 2947 3324 2987 non
3359 2932 3564 2988 invenit
3591 2947 3735 3000 eam,
3763 2940 3825 2988 et

2222 3021 2428 3077 exsiliit
2453 3020 2600 3078 foras
2619 3022 2689 3078 ad
2716 3021 3002 3093 populum,
3027 3021 3242 3078 etdixit
3274 3040 3290 3079 :
3321 3022 3438 3080 Una
3467 3021 3666 3079 mulier
3710 3023 3821 3080 lle-

2219 3113 2368 3171 braea
2400 3115 2530 3172 fecit
2549 3116 2924 3173 confusionem
2952 3116 3006 3171 in
3028 3115 3192 3172 domo
3216 3117 3362 3188 regis
3391 3116 3824 3174 Nabuchodono-

509 3195 678 3252 tiatus
702 3211 816 3267 prae
842 3211 1070 3267 pavore,
1098 3197 1295 3253 cecidit
1325 3199 1381 3270 in
1409 3199 1604 3256 faciem
1628 3215 1782 3256 suam
1809 3217 1976 3274 super
1997 3212 2109 3260 ter-
2138 3201 2184 3264 C
2219 3225 2350 3267 sor:
2381 3224 2512 3268 ecce
2537 3210 2684 3266 enim
2712 3209 3038 3267 Holofernes
3061 3210 3210 3282 jacet
3239 3209 3293 3267 in
3321 3218 3463 3267 terra
3488 3250 3506 3280 ,
3554 3221 3610 3268 et
3655 3219 3823 3282 caput

509 3302 656 3354 ram,
707 3297 764 3342 et
811 3288 1063 3343 aestuavit
1083 3290 1264 3344 anima
1303 3289 1467 3360 ejus;
1511 3300 1702 3362 postea
1745 3308 1878 3350 vero
1925 3307 2111 3369 quam,

513 3387 800 3450 resumpto
845 3379 1062 3450 spiritu,
1111 3390 1389 3438 recreatus
1421 3391 1526 3452 est,
1572 3383 1804 3454 procidit
1847 3387 1916 3444 ad
1944 3391 2114 3460 pedes

505 3471 654 3542 ejus,
679 3482 734 3530 et
755 3473 1005 3530 adoravit
1025 3490 1170 3546 eam,
1219 3485 1276 3533 et
1305 3477 1441 3534 dixit
1472 3496 1486 3535 :
1518 3479 1816 3537 Benedicta
1845 3491 1906 3539 tu
1946 3499 1975 3538 a
2003 3484 2117 3540 Deo

513 3571 611 3619 tuo
659 3565 712 3620 in
759 3566 909 3621 omni
955 3566 1308 3624 tabernaculo
1327 3567 1523 3638 Jacob,
1570 3572 1827 3642 quoniam
1882 3573 1937 3630 in
1963 3576 2116 3631 omni

513 3665 699 3725 gente,
728 3672 851 3726 quae
880 3659 1115 3716 audierit
1136 3675 1336 3718 nomen
1360 3671 1536 3731 tuum,
1564 3666 1998 3738 magniﬁcabitur
2020 3683 2114 3726 su-

513 3761 614 3815 per
641 3755 694 3802 te
724 3747 867 3804 Deus
892 3750 1080 3806 Israel.

589 3838 740 3910 [Cap.
761 3839 927 3913 XIV.]
951 3843 1283 3902 Dixitautem
1305 3847 1487 3904 Judith
1511 3850 1578 3906 ad
1600 3865 1816 3909 omnem
1831 3855 2114 3926 populum:

515 3929 713 3988 Audite
743 3951 847 3997 me,
876 3936 1093 4006 fratres,
1123 3941 1440 4011 suspendite
1469 3955 1634 4015 caput
1657 3947 1762 4003 hoc
1790 3965 1954 4020 super
1998 3967 2116 4007 mu-

515 4039 607 4079 ros
635 4034 898 4085 nostros:
931 4039 986 4085 et
1014 4031 1141 4100 erit,
1174 4050 1298 4091 cum
1323 4038 1521 4094 exierit
1547 4041 1631 4096 sol
1670 4044 1902 4113 accipiat
1939 4060 2104 4101 unus-

516 4303 669 4360 Tunc
698 4307 1076 4376 exploratores
1107 4327 1331 4373 necesse
1358 4316 1464 4372 erit
1492 4326 1552 4373 ut
1581 4319 1790 4390 fugiant
1811 4322 1878 4378 ad
1911 4324 2114 4394 princi-

510 4409 636 4464 pem
667 4411 825 4454 suum
853 4398 880 4437 δ
908 4402 1257 4462 excitandum
1287 4408 1356 4463 ad
1387 4424 1643 4480 pugnam.
1674 4410 1917 4484 Cumque
1947 4416 2114 4476 duces

513 4501 703 4544 eorum
735 4493 1076 4551 cucurrerint
1101 4496 1169 4554 ad
1208 4500 1620 4558 tabernaculum
1648 4504 1962 4566 Holofernis
1988 4551 2005 4578 ,
2055 4521 2112 4569 et

2223 3302 2342 3373 ejus
2374 3316 2481 3357 non
2503 3311 2589 3358 est
2617 3301 2670 3357 in
2699 3301 2820 3358 illo.

2291 3390 2446 3460 Quod
2461 3406 2584 3448 cum
2613 3393 2896 3450 audissent
2915 3393 3190 3466 principes
3211 3395 3428 3452 virtutis
3446 3395 3819 3468 Assyriorum,

2222 3481 2500 3540 sciderunt
2525 3498 2717 3541 omnes
2746 3487 3076 3543 vestimenta
3105 3501 3224 3556 sua,
3254 3495 3312 3545 et
3339 3486 3705 3543 intolerabilis
3744 3487 3818 3543 ti-

2221 3589 2344 3631 mor
2366 3582 2424 3632 et
2451 3586 2658 3633 tremor
2684 3579 2882 3636 cecidit
2906 3594 3072 3652 super
3099 3595 3218 3651 eos,
3251 3591 3305 3638 et
3328 3581 3530 3638 turbati
3556 3591 3680 3638 sunt
3699 3582 3821 3638 ani-

2222 3666 2297 3723 mi
2327 3682 2521 3724 eorum
2549 3669 2726 3726 valde.
2761 3671 2830 3726 Et
2857 3672 3032 3728 factus
3057 3682 3141 3730 est
3164 3673 3372 3732 clamor
3418 3674 3819 3747 incomparabi-

2219 3757 2286 3814 lis
2313 3759 2367 3814 in
2397 3770 2420 3798 ο
2451 3760 2634 3817 medio
2660 3771 2964 3820 castrorum
2987 3780 3202 3823 eorum.

2295 3851 2444 3926 [ϐαρ.
2479 3853 2624 3926 XV.J
2647 3855 2894 3928 Cumque
2930 3860 3112 3915 omnis
3161 3861 3445 3920 exercitus
3487 3860 3817 3920 decollatum

2219 3955 2571 4014 Holofernem
2591 3958 2858 4029 audisset,
2891 3962 3026 4032 fugit
3048 3979 3203 4020 mens
3227 3973 3284 4020 et
3303 3965 3590 4021 consilium
3611 3964 3678 4021 ab
3708 3965 3814 4036 eis,

2218 4067 2273 4114 et
2297 4058 2415 4115 solo
2441 4069 2680 4117 tremore
2709 4069 2766 4117 et
2790 4068 2939 4118 metu
2960 4063 3175 4132 agitati,
3202 4064 3352 4133 fugae
3381 4064 3691 4134 praesidium
3721 4081 3816 4120 su-

2217 4170 2410 4216 munt:
2445 4161 2517 4217 ita
2545 4171 2607 4216 ut
2628 4162 2806 4218 nullus
2840 4163 3158 4236 loqueretur
3199 4179 3325 4220 cum
3371 4165 3626 4237 proximo
3664 4182 3766 4223 suo
3792 4209 3812 4237 ,

2218 4263 2314 4321 sed
2345 4261 2364 4302 ί
2399 4263 2660 4320 inclinato
2681 4267 2879 4337 capite,
2909 4265 3118 4322 relictis
3147 4267 3426 4337 omnibus,
3449 4269 3685 4326 evadere
3705 4269 3815 4327 fes-

2219 4364 2464 4423 tinabant
2493 4365 2772 4434 Hebraeos,
2797 4383 2936 4440 quos
2955 4376 3194 4426 armatos
3221 4385 3385 4441 super
3429 4387 3496 4428 se
3549 4373 3738 4429 venire
3781 4383 3810 4422 ε

2217 4465 2530 4534 audiebant,
2565 4467 2830 4540 fugientes
2860 4483 2959 4540 per
2981 4469 3098 4527 vias
3125 4484 3445 4546 camporum
3475 4481 3533 4533 et
3585 4475 3810 4533 semitas

511 4582 824 4641 invenerint
846 4602 971 4644 eum
1004 4596 1254 4648 truncum
1279 4595 1333 4651 in
1359 4609 1459 4652 suo
1488 4597 1756 4670 sanguine
1776 4603 2107 4677 volutatum,
2138 4593 2193 4654 D

514 4672 730 4732 decidet
757 4692 924 4750 super
950 4695 1046 4738 eos
1075 4683 1255 4741 timor.
1291 4685 1399 4759 [AL
1429 4689 1685 4765 tremor.]
1716 4693 1964 4770 Cumque
2015 4672 2109 4756 co;

509 4770 808 4837 gnoveritis
832 4771 1024 4844 fugere
1048 4790 1167 4845 eos,
1199 4777 1274 4834 ite
1301 4789 1426 4850 post
1453 4781 1581 4839 illos
1601 4785 1822 4856 securi,
1852 4789 2111 4862 quoniam

505 4860 775 4920 Dominus
805 4877 1058 4926 conteret
1085 4884 1182 4926 eos
1211 4871 1316 4928 sub
1343 4874 1574 4944 pedibus
1604 4881 1826 4939 vestris.

513 4953 736 5044 “fl‘unc
753 4955 963 5015 Achior
999 4959 1194 5020 videns
1218 4962 1478 5023 virtutem
1507 5008 1524 5037 ,
1571 4983 1734 5042 quam
1779 4973 1911 5034 fecit
1964 4975 2110 5036 Deus

584 5153 691 5243 :13
717 5157 907 5243 eodem
935 5174 1063 5243 ms._,
1087 5160 1443 5243 Con/iteamur
1471 5170 1553 5227 illi
1576 5189 1772 5243 omnes,
1807 5185 1914 5237 etc.

578 5220 610 5318 ξ
636 5225 758 5318 Duo
786 5220 1884 5318 mss.,nad'ea:citandn:nt:eunt

501 5369 507 5375 ν
579 5304 604 5379 ξ
636 5294 1178 5379 Interserit'Palatin.
1205 5324 1310 5365 ms.
1340 5294 1802 5374 hicnomenrﬂﬁei:

498 5369 507 5421 ἕ
575 5361 606 5450 εξ
634 5365 744 5450 llic
760 5384 894 5450 vero
918 5388 1115 5450 nomen
1145 5361 1779 5450 uiridem-manat}:

505 5507 510 5512 ‘
577 5443 604 5520 ξ
643 5437 882 5520 fatalia.
909 5459 1039 5514 ms.,
1070 5448 1124 5520 in
1150 5437 1320 5506 ηιὲάὶα
1348 5437 1739 5515 βαδινᾶξῇἦῆ

577 5504 598 5545 ί
626 5508 802 5602 Aliter
827 5504 1048 5602 Graccus
1089 5504 1927 5602 habet,sed‘eﬁjusivunan'imiter,
1973 5535 2096 5594 ἀλλά

500 5579 802 5678 inp-ﬁxas
839 5585 1225 5678 Δξιιξοθγειιοεδόν)
1259 5579 1630 5678 ’(ιυθξηδῦέθῐη
1649 5579 2091 5678 'nié'rbgy’miiiﬁj

501 5655 801 5736 qui‘vertit‘,
834 5655 958 5736 sed“
988 5655 1239 5717 inclinato
1288 5655 1458 5736 capite
1489 5713 1504 5736 ,
1560 5655 1794 5730 non};
1813 5655 2094 5735 Chaldaei;

499 5729 673 5805 textu,
703 5725 799 5805 sed
825 5740 891 5805 ex
917 5728 1108 5805 Graeco
1130 5725 1390 5805 perquam
1443 5725 1620 5799 simili
1642 5725 1822 5803 "verbo

635 5751 1390 5820 :Lm'u‘r-tf-x-Pra‘lacpp'erqua'll}
1443 5751 1610 5820 simili
1656 5751 1836 5820 verbo,
1884 5751 2094 5820 putavit

492 5791 717 5854 Grotius
745 5797 963 5871 legisse,

992 5803 1311 5870 inirem-ir.
1336 5807 1451 5882 Ego
1482 5821 1543 5868 ut
1562 5814 1683 5885 ejus
1713 5803 2088 5890 conjecturam

2289 4671 2552 4730 Videntes
2582 4672 2769 4746 itaque
2797 4673 2896 4731 filii
2925 4674 3093 4734 Israel
3146 4676 3438 4750 fugientes,
3469 4680 3643 4737 secuti
3681 4689 3811 4738 sunt

2215 4774 2358 4832 illos.
2388 4774 2907 4850 Descenderuntque
2935 4778 3253 4853 clangentes
3279 4780 3455 4850 tubis,
3483 4789 3539 4838 et
3588 4783 3806 4842 ululan-

2147 4937 2152 4940 .
2214 4888 2298 4938 tes
2325 4888 2450 4953 post
2474 4881 2645 4952 ipsos.
2674 4881 2745 4937 Et
2770 4881 3030 4952 quoniam
3056 4881 3266 4957 Assyrii
3291 4897 3398 4940 non
3436 4884 3695 4956 adunati,
3749 4888 3807 4945 in

2213 4979 2398 5053 fugam
2429 4981 2582 5038 ibant
2601 4981 2912 5054 praecipites
2943 4997 2960 5039 :
2995 4981 3093 5042 filii
3121 4991 3307 5041 autem
3353 4983 3526 5082 Israel
3570 5000 3683 5045 uno
3711 5002 3808 5061 ag-

2209 5185 2519 5266 admittam,
2570 5203 2676 5244 non
2707 5198 2886 5266 tamen
2907 5191 3304 5266 Ilieronymum
3346 5195 3566 5252 credam
3597 5195 3805 5255 Graeca:

2207 5256 2459 5331 lectionis
2487 5259 2772 5331 deceptum
2797 5256 3176 5331 similitudine,
3194 5279 3315 5321 cum
3335 5266 3584 5324 Graecum
3613 5283 3807 5325 exem-

2208 5327 2332 5412 plar
2361 5329 2544 5412 in_hac
2573 5327 2890 5412 adornanda
2920 5327 3180 5412 versione
3200 5337 3437 5412 omnino
3475 5355 3583 5396 non
3611 5341 3805 5412 attige-

2208 5398 2812 5480 ri_t,nsed_vet_ttstiorem
2839 5404 3068 5480 fortasse
3095 5407 3275 5462 Latin.
3299 5408 3654 5480 interpretem
3681 5455 3694 5476 ,
3711 5398 3802 5467 vita

2211 5477 2272 5523 ut
2290 5471 2484 5552 Crotio
2504 5473 2658 5552 libet,
2684 5475 3135 5552 legere_potu_isse
3154 5489 3378 5552 autumo
3404 5499 3416 5534 :
3447 5471 3606 5552 cujus
3629 5471 3805 5538 inter-

2207 5543 2566 5616 pretationem
2597 5543 2800 5616 absque
2828 5546 2944 5602 ullo
2971 5549 3280 5608 Chaldaicis
3301 5543 3543 5610 veritatis
3573 5562 3628 5610 et
3665 5553 3802 5612 recti

2197 5624 2391 5685 sensgs
2417 5613 2953 5685 dispendio'llieron.
2983 5621 3294 5679 retinuerit.

2233 5683 2549 5816 ἱσῗιῖἐξεὲῗὲῑ
2575 5701 2702 5759 ms.,
2733 5697 2960 5747 armatos
2979 5695 3149 5751 venire
3179 5711 3334 5768 super
3352 5713 3408 5754 se
3427 5697 3685 5767 videbant,
3712 5697 3799 5770 fu-

2195 5771 2414 5828 gientes,
2440 5771 2549 5816 etc.

3824 5893 3864 5914 κ
