4062 6356
215 323 290 381 b7

1639 318 1847 378 LIBER
1883 318 2149 381 JUDITH.

3452 334 3527 395 58

218 440 368 497 mine
392 444 813 511 persequentes,
839 435 1200 496 debilitabant
1225 450 1454 507 omnes,
1486 450 1623 511 quos
1670 438 1824 496 inve-
1847 442 1900 503 Α
1997 438 2116 495 Non
2145 440 2288 495 enim
2314 440 2511 497 cecidit
2538 450 2731 513 potens
2760 457 2948 500 eorum
2992 459 3022 499 a
3074 444 3389 515 juvenibus,
3421 464 3527 509 nec

219 534 342 590 nire
382 535 717 605 potuissem.

1926 532 2024 587 ﬁlii
2054 531 2210 589 Titan
2238 544 2630 604 percusserunt
2659 550 2808 603 eum,
2836 553 2936 593 nec
2961 538 3167 593 excelsi
3204 541 3451 612 gigantes
3493 554 3518 582 σ

286 626 440 683 Risit
471 628 655 699 itaque
682 627 846 683 Ozias
870 627 1088 684 nuntios
1120 642 1220 698 per
1246 640 1436 683 omnes
1470 626 1720 683 civitates
1766 634 1823 684 et
1923 634 2295 694 opposuerunt
2322 641 2383 682 se
2416 627 2515 697 illi,
2541 628 2637 684 sed
2660 628 2847 685 Judith
2879 630 2991 687 ﬁlia
3019 630 3212 688 hlerari
3237 633 3291 688 in
3338 636 3523 704 specie

216 718 475 789 regiones
497 718 689 776 Israel.
710 719 898 776 Omnis
924 720 1104 791 itaque
1126 720 1304 792 regio,
1322 729 1350 758 α
1370 720 1655 791 omnisque
1666 719 1817 787 urbs,

215 815 449 870 electam
484 814 831 883 juventutem
859 824 1123 871 armatam
1154 815 1302 870 misit
1333 822 1455 884 post
1471 828 1585 880 eos,
1618 823 1668 869 et
1693 828 1819 883 per-

215 905 388 962 secuti
419 916 556 963 sunt
581 922 680 965 eos
703 908 756 963 in
798 923 897 965 ore
922 907 1088 979 gladii
1135 922 1419 978 quousque
1464 907 1713 965 venirent
1750 906 1819 963 ad

213 998 626 1055 extremitatem
657 1000 847 1056 ﬁnium
877 1015 1124 1056 suorum.
1152 999 1366 1072 Reliqui
1398 1008 1581 1056 autem
1618 999 1707 1071 qui
1761 1014 1820 1055 e-

213 1103 330 1148 rant
348 1093 406 1148 in
431 1092 713 1159 Bethulia,
744 1093 981 1165 ingressi
1008 1101 1139 1150 sunt
1164 1102 1342 1150 castra
1365 1093 1740 1165 Assyriorum,
1763 1101 1819 1149 et

217 1187 482 1259 pmdam,
506 1202 674 1258 quam
696 1186 967 1259 fugientes
996 1187 1206 1257 Assyrii
1233 1186 1594 1257 reliquerant,
1624 1186 1817 1240 abstu-

214 1279 413 1346 lerunt,
448 1286 505 1335 et
530 1277 562 1316 δ
591 1279 834 1335 onustati
865 1287 992 1335 sunt
1014 1279 1194 1335 valde.
1221 1278 1287 1333 Hi
1311 1293 1440 1333 vero
1468 1319 1483 1345 ,
1512 1278 1607 1349 qui
1642 1276 1819 1334 victo-

215 1389 300 1430 res
322 1373 543 1429 reversi
573 1383 705 1430 sunt
732 1374 803 1429 ad
831 1374 1159 1440 Bethuliam,
1191 1373 1376 1429 omnia
1404 1387 1525 1444 quae
1553 1379 1713 1428 erant
1746 1370 1816 1427 il-

216 1469 415 1537 lorum,
442 1468 747 1525 attulerunt
770 1482 980 1537 secum,
1011 1468 1084 1524 ita
1126 1476 1183 1522 ut
1227 1482 1336 1522 non
1381 1474 1530 1523 esset
1560 1477 1817 1520 numerus

215 1562 265 1616 in
298 1562 615 1632 pecoribus,
648 1571 701 1618 et
718 1562 1004 1634 jumentis,
1031 1572 1087 1618 et
1115 1560 1384 1618 universis
1410 1559 1703 1615 mobilibus
1727 1573 1818 1616 eo-

216 1669 357 1721 rum,
388 1662 447 1709 ut
471 1668 503 1709 a
528 1654 759 1709 minimo
785 1670 961 1725 usque
988 1654 1055 1709 ad
1078 1654 1375 1709 maximum
1404 1666 1598 1710 omnes
1620 1651 1814 1709 divites

216 1745 406 1800 ﬁerent
435 1743 504 1799 de
526 1744 965 1815 praedationibus
991 1760 1204 1802 eorum.

1919 713 2077 771 faciei
2106 730 2222 771 suae
2251 716 2500 773 dissolvit
2528 732 2674 772 eum.

1992 807 2157 863 Exuit
2191 809 2336 865 enim
2382 824 2442 865 se
2495 811 2827 867 vestimento
2868 812 3189 885 viduitatis,
3239 823 3295 872 et
3342 816 3516 873 induit

1919 916 1980 958 se
2031 901 2359 959 vestimento
2410 902 2615 960 latitia:
2668 905 2725 960 in
2784 902 2805 944 ε
2858 906 3223 965 exsultatione
3280 909 3519 967 ﬁliorum

1920 994 2085 1052 Israel
2113 1011 2130 1049 :
3198 996 3219 1003 '

1990 1088 2159 1145 Unxit
2182 1088 2377 1145 faciem
2404 1103 2561 1146 suam
2604 1100 2884 1161 unguento
2910 1133 2924 1158 ,
2966 1102 3020 1149 et
3069 1094 3345 1166 colligavit
3396 1097 3515 1153 cin-

1918 1182 2111 1238 cinnos
2135 1197 2266 1238 suos
2297 1182 2479 1250 mitra,
2515 1190 2540 1230 8
2580 1182 2794 1254 accepit
2828 1183 3026 1240 stolam
3049 1200 3243 1242 novam
3275 1188 3342 1243 ad
3371 1188 3521 1246 deci-

1918 1277 2171 1351 piendum
2201 1276 2376 1334 illum.

1988 1369 2244 1427 Sandalia
2270 1371 2387 1443 ejus
2408 1382 2709 1444 rapuerunt
2735 1373 2927 1430 oculos
2959 1372 3079 1443 ejus
3103 1416 3118 1441 ,
3171 1372 3519 1443 pulchritudo

1917 1463 2037 1535 ejus
2071 1463 2501 1534 captivamxfecit
2534 1465 2770 1521 animam
2795 1464 2936 1535 ejus,
2967 1463 3267 1535 amputavit
3288 1464 3521 1537 pugione

1916 1558 2188 1614 cervicem
2218 1557 2358 1629 ejus.

1990 1650 2335 1708 llorruerunt
2359 1651 2539 1709 Persae
2564 1650 2926 1711 constantiam
2949 1651 3092 1724 ejus,
3114 1659 3169 1709 et
3192 1650 3333 1708 Medi
3353 1652 3521 1709 auda-

1916 1743 2056 1800 ciam
2086 1744 2232 1815 ejus.
2380 1750 2390 1814 |
3054 1746 3059 1757 '

286 1836 497 1892 Joacim
519 1844 727 1907 autem,
756 1852 1000 1893 summus
1022 1836 1292 1908 pontifex,
1317 1835 1386 1892 de
1405 1834 1707 1893 Jerusalem
1724 1849 1814 1892 ve-
1843 1828 1894 1891 B
1988 1837 2142 1893 Tunc
2172 1837 2525 1894 ululaverunt
2548 1847 2732 1896 castra
2759 1839 3135 1913 Assyriorum,
3159 1838 3375 1909 quando
3422 1852 3520 1912 ap-

220 1928 307 1985 nit
326 1930 386 1984 in
410 1929 702 1986 Bethuliam
730 1944 854 1985 cum
886 1929 1154 1986 universis
1181 1929 1515 2001 presbyteris
1563 1929 1677 1984 suis
1695 1968 1711 1995 ,
1755 1936 1817 1983 ut

224 2023 432 2078 videret
456 2022 665 2080 Judith.
696 2024 832 2092 Qua:
851 2038 975 2079 cum
1005 2024 1205 2080 exisset
1223 2024 1291 2079 ad
1313 2024 1491 2091 illum,
1521 2022 1817 2079 benedixe-

219 2122 343 2167 runt
366 2128 487 2168 eam
514 2129 708 2170 omnes
738 2130 847 2170 una
871 2129 1004 2172 voce
1026 2157 1041 2183 ,
1082 2114 1329 2172 dicentes
1358 2133 1372 2170 :
1399 2114 1481 2172 Tu
1511 2114 1679 2186 gloria
1726 2114 1816 2171 Je-

220 2205 475 2271 rusalem,
504 2215 571 2261 tu
603 2206 788 2261 laetitia
819 2207 1021 2276 Israel,
1072 2217 1129 2263 tu
1170 2207 1591 2264 honorificentia
1630 2207 1815 2279 populi

228 2298 432 2354 nostri:
492 2301 620 2371 quia
646 2300 823 2357 fecisti
847 2301 1100 2371 viriliter,
1143 2311 1198 2359 et
1232 2314 1254 2342 ο
1313 2302 1678 2359 confortatum
1730 2313 1816 2359 est

227 2404 316 2444 cor
342 2397 519 2459 tuum,
550 2405 618 2447 eo
639 2391 784 2462 quod
806 2394 1111 2449 castitatem
1136 2395 1428 2462 amaveris,
1474 2402 1530 2451 et
1581 2403 1705 2465 post
1731 2393 1815 2450 vi-

220 2498 330 2537 rum
360 2484 827 2550 tuum,'alterum
873 2486 1139 2543 nescieris
1170 2504 1183 2540 :
1226 2487 1351 2545 ideo
1380 2495 1437 2545 et
1482 2501 1673 2542 manus
1708 2487 1813 2545 Do-

217 2574 341 2630 mini
366 2576 704 2632 confortavit
729 2584 804 2644 te,
835 2588 890 2633 et
917 2574 945 2614 ά
976 2577 1101 2635 ideo
1130 2579 1239 2635 eris
1261 2578 1546 2634 benedicta
1567 2578 1625 2634 in
1652 2585 1812 2635 teter-

217 2680 370 2721 num.
396 2667 462 2721 Et
486 2667 626 2723 dixit
654 2669 835 2725 omnis
859 2669 1095 2741 populus
1119 2688 1134 2726 :
1164 2670 1309 2737 Fiat,
1333 2670 1449 2726 ﬁat.

284 2757 395 2814 Per
421 2756 538 2814 dies
567 2768 756 2816 autem
794 2760 1036 2832 triginta,
1060 2763 1151 2817 vix
1180 2761 1410 2819 collecta
1465 2772 1593 2820 sunt
1636 2764 1811 2834 spolia

219 2852 563 2923 Assyriorum
594 2869 626 2909 a
656 2854 859 2925 populo
885 2855 1072 2912 Israel.
1099 2856 1275 2913 Porro
1302 2868 1483 2914 autem
1529 2858 1808 2927 universa,

215 2960 329 3015 qua:
348 2944 665 3003 Holofernis
691 2947 988 3019 peculiaria
1010 2948 1174 3004 fuisse
1206 2947 1433 3019 probata
1461 2960 1607 3017 sunt,
1640 2949 1807 3006 dede-

214 3046 333 3091 runt
356 3035 550 3092 Judith
582 3040 638 3094 in
660 3053 817 3105 auro,
842 3048 896 3094 ct
933 3049 1181 3111 argento,
1204 3049 1261 3096 et
1283 3041 1545 3109 vestibus,
1570 3051 1625 3098 et
1659 3057 1811 3113 gem-

214 3128 336 3192 mis,
367 3138 423 3183 et
450 3130 603 3184 omni
636 3130 985 3200 supellectili,
1009 3139 1066 3188 et
1096 3131 1291 3187 tradita
1321 3141 1449 3189 sunt
1473 3132 1655 3189 omnia
1679 3133 1809 3189 illia

1917 1940 2218 2000 paruerunt
2238 1930 2476 1988 humiles
2505 1934 2635 1999 mei,
2662 1940 2977 1988 arescentes
3016 1934 3069 1988 in
3096 1933 3209 1989 siti.

1990 2022 2111 2078 Filii
2140 2022 2444 2095 puellarum
2470 2032 2915 2095 compuuxerunt
2939 2038 3055 2093 eos,
3074 2032 3129 2080 et
3153 2023 3294 2080 sicut
3322 2038 3523 2094 pueros

1915 2113 2190 2186 fugientes
2219 2114 2538 2172 occiderunt
2564 2129 2661 2174 eos
2686 2116 3012 2188 :‘perierunt
3034 2116 3089 2174 in
3116 2115 3304 2188 praelia
3322 2130 3356 2172 a
3382 2114 3524 2173 facie

1916 2205 2131 2263 Domini
2160 2203 2189 2244 ¹ι
2216 2206 2315 2263 Dei
2341 2208 2470 2264 mei.

1988 2299 2259 2371 Hymnum
2290 2309 2575 2358 cantemus
2597 2299 2851 2369 Domino,
2884 2301 3147 2375 hymnum
3170 2316 3371 2358 novum
3390 2314 3520 2358 can-

1917 2397 2096 2447 temus
2120 2389 2234 2447 Deo
2262 2400 2471 2447 nostro.

1987 2482 2221 2552 Adonai,
2248 2483 2476 2539 Domine
2503 2498 2729 2556 magnus
2754 2500 2815 2541 es
2856 2485 2950 2555 tu',
3011 2492 3069 2543 et
3116 2483 3411 2556 praeclarus
3462 2483 3517 2541 in

1915 2574 2115 2630 virtute
2150 2574 2163 2613 ί
2206 2584 2316 2643 tua,
2341 2585 2397 2633 et
2424 2592 2585 2647 quem
2616 2592 2879 2647 superare
2905 2591 3067 2633 nemo
3098 2587 3298 2648 potest.

1984 2666 2108 2722 Tibi
2159 2669 2365 2723 serviet
2409 2669 2534 2741 [Αι.
2583 2669 2826 2739 serviat]
2877 2670 3058 2725 omnis
3096 2680 3347 2727 creatura
3389 2678 3514 2727 tua:

1912 2761 2039 2833 quia
2063 2759 2270 2827 dixisti,
2297 2767 2354 2815 et
2373 2760 2515 2816 facta
2545 2771 2674 2817 sunt
2704 2761 2935 2823 :misisti
2961 2762 3216 2834 spiritum
3247 2773 3431 2831 tuum,
3461 2771 3519 2820 et

1913 2863 2099 2910 creata
2126 2860 2288 2921 sunt,
2321 2862 2379 2909 et
2407 2868 2516 2909 non
2539 2865 2625 2911 est
2646 2856 2737 2926 qui
2765 2857 2991 2911 resistat
3016 2856 3138 2911 voci
3169 2864 3297 2912 tuae.

1984 2947 2197 3002 Montes
2218 2960 2246 2999 a
2269 2944 2646 3003 fundamentis
2672 2948 3039 3004 movebuntur
3058 2964 3181 3004 cum
3204 2949 3390 3020 aquis:
3422 2962 3519 3021 pe-

1913 3047 2036 3105 trae,
2069 3041 2208 3095 sicut
2234 3053 2384 3108 cera,
2417 3039 2724 3111 liquescent
2741 3048 2867 3097 ante
2896 3040 3092 3097 faciem
3125 3050 3293 3097 tuam.

1983 3133 2086 3202 Qui
2107 3140 2291 3190 autem
2322 3133 2519 3189 timent
2542 3140 2626 3204 te,
2686 3134 2868 3206 magni
2918 3144 3081 3191 erunt
3128 3134 3271 3207 apud
3325 3142 3381 3192 te
3419 3149 3519 3207 per

212 3222 433 3292 populo.
456 3223 531 3277 Et
550 3238 743 3280 omnes
763 3224 950 3295 populi
981 3224 1289 3296 gaudebant
1309 3240 1432 3282 cum
1464 3225 1805 3294 mulieribus,
1835 3210 1883 3277 C
1912 3225 2120 3282 omnia.

212 3322 264 3367 et
300 3314 630 3385 virginibus,
660 3324 719 3372 et
740 3316 1056 3387 juvenibus,
1085 3318 1141 3374 in
1177 3319 1419 3390 organis,
1462 3328 1517 3376 et
1563 3318 1808 3376 citharis.

274 3404 436 3461 Tunc
452 3408 979 3464 cantavitcanticum
998 3409 1103 3465 hoc
1124 3409 1355 3466 Domino
1371 3410 1580 3478 Juditb,
1594 3410 1808 3468 dicens:

280 3495 437 3567 [ϐαρ.
468 3496 637 3568 XVLJ
667 3497 894 3569 Incipite
916 3498 1151 3556 Domino
1180 3500 1234 3555 in
1263 3500 1533 3571 tympanis
1556 3541 1573 3568 ,
1595 3510 1812 3559 cantate

211 3586 441 3643 Domino
490 3589 546 3643 in
574 3589 863 3660 cymbalis,
897 3590 1253 3647 modulamini
1284 3590 1367 3647 illi
1402 3592 1673 3662 psalmum
1714 3606 1812 3649 no-

212 3694 357 3745 vum,
383 3683 624 3738 exattate
652 3693 709 3739 et
736 3683 986 3739 invocato
1009 3699 1212 3740 nomen
1237 3684 1377 3755 ejus.

287 3773 551 3830 Dominus
570 3785 865 3830 conterens
892 3777 1058 3845 bella,
1078 3778 1341 3833 Dominus
1363 3794 1564 3835 nomen
1589 3787 1672 3835 est
1702 3780 1802 3835 illi.

278 3866 385 3933 Qui
425 3867 607 3937 posuit
637 3875 816 3922 castra
857 3883 953 3923 sua
1003 3869 1056 3924 in
1100 3870 1283 3927 medio
1330 3873 1515 3942 populi
1568 3873 1690 3939 sui,
1754 3882 1811 3928 ut

212 3966 449 4029 eriperet
477 3974 581 4017 nos
608 3959 679 4017 de
716 3977 879 4018 manu
908 3962 1151 4020 omnium
1201 3965 1553 4022 inimicorum
1589 3974 1812 4023 nostro-

210 4069 350 4109 tum.

280 4148 447 4204 Venit
476 4149 655 4205 Assur
684 4165 751 4205 ex
784 4151 1055 4208 montibus
1085 4151 1155 4206 ab
1192 4154 1448 4224 aquilone
1478 4156 1532 4209 in
1566 4156 1813 4212 multitu-

213 4242 335 4297 dine
359 4241 706 4298 fortitudinis
732 4257 877 4299 suae:
908 4244 1063 4314 cujus
1082 4244 1370 4301 multitudo
1396 4247 1675 4304 obturavit
1700 4257 1812 4305 tor-

214 4349 418 4403 rentes,
453 4346 513 4393 et
531 4337 655 4405 equi
676 4351 864 4393 eorum
900 4348 1301 4409 cooperuerunt
1330 4340 1525 4395 valles.

279 4428 428 4484 Dixit
457 4429 896 4485 seincensurum
920 4429 1057 4486 ﬁnes
1088 4431 1349 4499 meos,'et
1382 4432 1614 4503 juvenes
1663 4450 1812 4492 meos

214 4523 522 4577 occisurum
548 4521 754 4593 gladio,
788 4521 1026 4578 infantes
1066 4537 1223 4579 meos
1254 4522 1387 4581 dare
1438 4524 1497 4581 in
1545 4526 1808 4596 praedam,

212 4625 265 4671 et
293 4614 539 4686 virgines
569 4615 625 4671 in
660 4614 1058 4685 captivitatem.

277 4709 549 4765 Dominus
575 4716 756 4764 autem
789 4708 1137 4778 omnipotens
1162 4709 1351 4766 nocuit
1381 4725 1506 4766 eum
1528 4750 1546 4780 ,
1599 4722 1654 4768 et
1695 4722 1810 4768 tra-

212 4802 349 4858 didit
377 4817 505 4859 eum
533 4801 589 4859 in
628 4816 825 4858 manus
868 4800 980 4877 [AL
1010 4799 1289 4874 manibus]
1335 4801 1576 4874 feminae,
1603 4813 1659 4862 et
1684 4819 1816 4862 con-

210 4894 341 4951 lodit
381 4909 533 4952 eum.

284 5068 313 5098 ι
342 5058 530 5116 Codex
553 5056 855 5129 Palatinus,
884 5073 1156 5131 omnesque
1188 5058 1339 5116 urbes
1367 5056 1607 5114 selectam
1627 5058 1813 5130 juven-

208 5144 395 5197 tutem,
419 5141 528 5188 etc.

280 5205 311 5244 ι’
335 5203 483 5259 Idem
513 5200 915 5266 ms.,honestati
942 5211 1080 5269 sunt,
1108 5218 1209 5273 pro
1229 5202 1489 5259 onustati:
1520 5212 1628 5257 tum
1653 5203 1812 5272 paulo

214 5284 363 5347 post,
387 5274 716 5333 abstulerunt
743 5290 935 5336 secum.
968 5289 1066 5343 pro
1087 5275 1403 5339 attulerunt,
1423 5286 1553 5347 etc.;
1578 5276 1813 5347 denique

215 5346 380 5413 infra,
408 5364 442 5400 a
470 5347 683 5403 minimo
720 5360 880 5415 usque
904 5346 973 5398 ad
1000 5364 1263 5417 magnum,
1296 5362 1392 5414 pro
1418 5346 1487 5399 ad
1508 5346 1809 5399 maximum.

287 5432 309 5489 ς
345 5420 570 5489 Regina:
594 5432 721 5485 ms.,
753 5418 1113 5489 conﬁrmatum
1139 5430 1213 5473 est
1243 5435 1332 5471 cor
1361 5429 1529 5485 tuum,
1559 5426 1664 5472 etc.

281 5488 309 5528 δ
344 5488 627 5546 Palatinus
658 5500 785 5556 ms.,
816 5496 864 5541 et
893 5504 925 5541 a
964 5488 1073 5544 Deo
1103 5492 1201 5544 eris
1223 5489 1629 5554 benedicta,etc.

288 5571 313 5599 ο
346 5561 470 5617 Pari
500 5574 772 5617 consensu
800 5559 971 5616 nostri
1004 5577 1136 5618 mss.
1156 5605 1170 5631 ,
1207 5562 1557 5632 imposuerunt
1577 5576 1659 5631 se,
1713 5574 1811 5633 pro

220 5642 597 5705 apposueram,
630 5640 735 5687 etc.
1651 5702 1656 5708 _

290 5703 313 5742 ι
348 5703 610 5761 Fortasse
648 5704 1109 5772 quemadmodum
1137 5705 1298 5762 habet
1333 5713 1387 5760 et
1427 5704 1678 5773 Graecus,
1741 5706 1814 5765 εἰς

224 5776 372 5856 ὕψοςέ
407 5777 637 5856 scripsit
672 5792 891 5856 quoque
919 5778 976 5835 S.
1012 5777 1173 5836 Pater
1202 5781 1256 5837 in
1280 5775 1664 5846 exultationem,
1714 5790 1814 5845 pro

221 5848 632 5906 exsultationem.

1984 3316 2080 3374 Vae
2108 3318 2256 3389 genti
2287 3318 2591 3390 insurgenti
2613 3332 2778 3389 super
2806 3331 2979 3390 genus
3007 3334 3189 3376 meum
3219 3318 3518 3376 :Dominus

1914 3412 2061 3469 enim
2090 3413 2440 3483 omnipotens
2468 3412 2768 3469 vindicabit
2790 3411 2846 3469 in
2876 3413 2978 3482 eis,
3008 3414 3067 3470 in
3096 3413 3186 3470 die
3221 3413 3413 3485 judicii
3439 3414 3520 3470 vi-

1912 3504 2097 3561 sitabit
2122 3504 2266 3560 illos.
3160 3508 3228 3558 77‘.‘
3260 3520 3263 3522 ‘

1988 3598 2147 3654 Dabit
2168 3599 2315 3655 enim
2343 3599 2452 3672 [AL
2484 3607 2587 3654 ωε.
2618 3596 2787 3671 enim]
2820 3600 2998 3670 ignem
3022 3644 3037 3670 ,
3089 3607 3147 3656 et
3190 3614 3411 3661 .vermes
3462 3600 3517 3657 in

1914 3706 2111 3747 carnes
2137 3705 2348 3759 eorum,
2378 3699 2439 3746 ut
2458 3698 2710 3760 urantur,
2732 3702 2787 3747 et
2815 3692 3061 3748 sentiant
3089 3707 3264 3764 usque
3294 3693 3346 3748 in
3374 3706 3519 3749 sem-

1914 3783 2214 3854 piternum.

1986 3875 2052 3929 Et
2076 3876 2274 3929 factum
2301 3882 2383 3929 est
2414 3873 2663 3944 posthaec
2683 3916 2697 3941 ,
2724 3875 2902 3931 omnis
2932 3876 3169 3946 populus
3197 3886 3318 3946 post
3339 3876 3513 3932 victo-

1914 3966 2050 4022 riam
2079 3965 2233 4021 venit
2258 3966 2314 4020 in
2339 3965 2641 4021 Jerusalem
2671 3968 2903 4022 adorare
2929 3967 3215 4022 Dominum
3243 3985 3255 4021 :
3290 3976 3344 4022 et
3389 3983 3515 4022 mox

1913 4068 1976 4116 ut
2018 4059 2280 4129 puriﬁcati
2310 4069 2455 4124 sunt,
2481 4060 2800 4114 obtulerunt
2829 4074 3022 4115 omnes
3064 4060 3382 4115 holocausta
3404 4100 3419 4125 ,
3461 4067 3518 4115 et

1914 4159 2061 4217 vota,
2093 4157 2149 4205 et
2180 4150 2634 4219 repromissiones
2665 4165 2810 4204 suas.
2838 4153 3010 4206 Porro
3034 4150 3516 4218 Judith,universa

1915 4259 2045 4299 vasa
2073 4243 2087 4294 i
2126 4242 2325 4299 bellica
2357 4241 2687 4309 Holofernis,
2720 4258 2842 4313 quae
2869 4242 3022 4297 dedit
3058 4243 3131 4297 illi
3166 4243 3425 4313 populus,
3457 4253 3515 4299 et

1913 4354 2242 4411 conopeum,
2274 4338 2417 4409 quod
2449 4338 2564 4407 ipsa
2593 4336 2891 4393 sustulerat
2920 4336 2987 4390 de
3017 4335 3181 4391 cubili
3207 4337 3399 4407 ipsius,
3422 4338 3521 4392 ob-

1914 4433 2039 4491 tulit
2068 4433 2121 4488 in
2146 4431 2433 4486 anathema
2460 4429 2770 4485 oblivionis.
2804 4427 2937 4483 Erat
2966 4436 3148 4482 autem
3177 4427 3411 4498 populus
3430 4428 3522 4498 ju-

1913 4529 2126 4585 cundus
2161 4524 2461 4583 secundum
2514 4522 2712 4579 laciem
2761 4533 3106 4588 sanctorum,
3155 4531 3211 4578 et
3259 4536 3356 4592 per
3408 4530 3520 4577 tres

1838 4609 1892 4669 D
1918 4635 2136 4678 menses
2164 4617 2424 4691 gaudium
2450 4615 2610 4688 hujus
2638 4614 2885 4673 victoria:
2915 4613 3252 4672 celebratum
3284 4622 3367 4671 est
3393 4628 3520 4671 cum

1918 4713 2125 4862 “ﬁt:
2149 4804 2268 4861 dies
2299 4813 2481 4860 autem
2507 4802 2633 4859 illos
2660 4798 3035 4873 unusquisque
3062 4798 3224 4856 rediit
3263 4798 3318 4854 in
3347 4796 3375 4836 κ
3413 4797 3517 4853 do-

1886 4918 1896 4928 ·
1920 4915 2067 4958 mum
2092 4914 2269 4967 suam,
2302 4908 2359 4956 et
2380 4896 2568 4955 Juditb
2588 4911 2782 4969 magna
2808 4896 2947 4953 facta
2969 4905 3053 4953 est
3085 4895 3138 4951 in
3169 4892 3442 4958 Bethulia,
3462 4902 3523 4948 et

1997 5070 2024 5108 8
2065 5056 2285 5115 Comma
2312 5056 2482 5125 istud,
2518 5054 2716 5124 accepit
2740 5054 2926 5109 stolam
2955 5067 3161 5118 novam,
3192 5048 3364 5107 nostri
3392 5063 3514 5107 om-

1914 5146 2013 5188 nes
2042 5146 2173 5187 mss.
2206 5129 2478 5186 nesciunt.

1993 5201 2019 5241 h
2048 5202 2164 5257 Non
2203 5202 2359 5257 addit
2385 5199 2619 5256 Palatin.
2653 5212 2757 5254 ms.
2790 5195 2878 5251 hic
2903 5208 3105 5249 nomen
3134 5195 3253 5250 Dei.

1998 5273 2015 5313 ί
2050 5274 2357 5330 Pronomen
2390 5282 2479 5325 tua
2506 5270 2596 5326 hic
2625 5280 2677 5326 et
2720 5267 3075 5337 subsequenti
3121 5268 3304 5324 statim
3353 5283 3517 5325 versu

1917 5346 2153 5405 Palatin.
2181 5360 2285 5399 ms.
2318 5351 2484 5399 tacet.

1994 5420 2008 5469 ί
2046 5417 2191 5473 ldem
2224 5430 2350 5483 ms.,
2376 5410 2840 5485 universqbellica,
2862 5409 3079 5485 absque
3092 5425 3247 5485 uasa:
3273 5420 3328 5469 et
3356 5411 3518 5485 paulo

1919 5498 2067 5561 post,
2101 5481 2379 5561 sustulerat
2400 5488 2454 5541 in
2475 5482 2908 5561 anathematpro
2936 5481 3141 5548 obtulit,
3165 5491 3271 5539 etc.

1993 5560 2021 5599 ¹ί
2042 5553 2176 5615 Cum
2207 5560 2449 5629 Reginus,
2486 5566 2596 5610 tum
2630 5553 2859 5629 Palatin.
2890 5570 3019 5629 ms._.
3061 5555 3413 5629 unusquisque
3438 5571 3519 5629 re-

1924 5632 2020 5686 diit
2049 5633 2103 5686 in
2129 5649 2243 5695 sua,
2272 5624 2319 5683 εἳ
2343 5627 2550 5690 Judith.
2585 5634 2693 5686 etc.
2726 5624 2951 5681 Graccus
2990 5624 3153 5680 habet
3196 5624 3417 5685 ἕκασλτος
3445 5628 3517 5686 εἰς

1926 5710 2015 5765 τὴν
2043 5703 2377 5776 κληρονομίαν
2404 5699 2591 5765 ictu-toﬁ
2623 5715 2637 5757 :
2673 5698 3025 5770 unusquisque
3048 5696 3103 5751 in
3153 5698 3521 5770 possessionem

1925 5792 2089 5845 suam,
2118 5783 2222 5831 etc.
