4062 6356
235 349 303 408 δι
1367 354 1575 412 LIBER
1612 356 1754 413 ron.
1796 354 2075 413 ALTERA
2108 357 2379 414 vensro.
3470 363 3543 439 es

418 466 505 523 Ea:
530 469 757 541 epistola
775 470 1034 545 7l,_alias
1068 470 1155 538 lt),
1192 469 1253 528 S.
1287 471 1565 545 Augustini
1590 472 1658 528 ad

845 542 1247 615 Hieronymum.

305 672 361 751 In
395 673 503 730 hac
532 683 713 751 autem
747 677 983 751 epistola
1013 678 1115 735 hoc
1140 678 1313 751 addo,
1348 679 1491 750 quod
1528 690 1716 751 postea
1757 681 1837 737 di-

238 747 476 820 dicimus
504 792 517 814 ,
569 763 635 820 ex
667 748 897 803 Hebraeo
928 750 1025 805 Joe
1062 766 1091 804 a
1124 760 1174 803 te
1203 747 1616 820 interpretatum
1647 797 1659 820 ,
1712 767 1833 807 cum

233 818 344 887 jam
377 819 694 890 quamdam
746 821 1073 876 haberemus
1120 818 1655 890 interpretationem
1686 833 1832 879 tuam

237 888 488 957 ejusdem
535 891 817 963 prophetat
847 907 916 947 ex
947 892 1137 948 Graeco
1165 888 1381 963 eloquio
1412 910 1620 949 versam
1650 895 1699 948 in
1729 895 1831 950 La-

239 962 409 1013 tinum
442 978 453 1012 :
496 962 595 1033 ubi
619 972 798 1018 tamen
827 965 1101 1020 asteriscis
1142 962 1343 1019 notasti
1374 981 1494 1033 qua:
1524 966 1575 1020 in
1605 966 1834 1023 llebrteo

232 1040 379 1105 sunt,
398 1040 468 1105 Aet
490 1034 545 1085 in
571 1032 760 1089 Grznco
781 1033 1000 1103 desunt,
1025 1035 1196 1090 obelis
1217 1032 1399 1090 autem
1423 1051 1543 1105 quae
1567 1038 1619 1090 in
1642 1036 1832 1092 Grmco

234 1101 624 1169 inveniuntur,
658 1113 712 1160 et
743 1105 796 1159 in
827 1101 1058 1161 Hebraeo
1090 1121 1195 1159 non
1223 1114 1349 1160 sunt
1400 1125 1411 1159 :
1442 1101 1565 1162 'tam
1599 1108 1829 1164 mirabili

233 1173 515 1247 diligentia
541 1219 557 1242 ,
590 1184 649 1247 ut
674 1176 996 1243 quibusdam
1036 1177 1091 1232 in
1128 1178 1260 1233 locis
1284 1177 1350 1231 ad
1378 1179 1545 1233 verba
1574 1178 1784 1247 singula
1809 1217 1828 1247 ,

230 1243 694 1318 singulasstellas
715 1246 994 1302 videamus
1019 1264 1031 1302 :
1056 1248 1425 1318 signiﬁcantes
1448 1248 1643 1305 eadem
1664 1243 1829 1305 verba

234 1330 352 1369 esse
383 1314 441 1369 in
470 1314 729 1384 Hebraeo,
764 1319 815 1372 in
844 1318 1035 1374 Graece
1067 1314 1246 1374 autem
1282 1336 1389 1375 non
1413 1335 1553 1375 esse.
1588 1320 1832 1374 Adrertat

234 1386 446 1464 lector,
472 1387 585 1464 hae
602 1387 915 1464 Hieronymi
944 1391 1179 1464 versione
1208 1407 1358 1444 usum
1391 1391 1551 1458 fuisse
1578 1392 1831 1464 Augusti-

235 1473 353 1533 num
385 1457 524 1510 libro
553 1457 965 1533 Antiatetionum
991 1461 1044 1512 in
1073 1460 1172 1514 Job
1208 1477 1228 1516 :
1266 1457 1627 1533 pratermissis
1657 1457 1830 1518 iumen

235 1529 594 1595 hujuscemodi
621 1531 785 1603 signis
815 1533 1178 1587 asteriscorum
1216 1529 1576 1588 et'obelorum.

1864 483 1920 536 Α
2019 470 2103 528 Ea:
2130 471 2448 544 Prwfatione
2486 473 2784 546 Hieronymi
2816 477 2865 527 in
2896 491 3043 530 suam
3075 475 3466 534 translationem

2436 546 2556 600 libri
2582 547 2684 602 Job
2715 563 2778 602 ea:
2808 546 3047 603 Hebra’o.

2018 680 2239 755 Discant
2271 681 2433 755 igitur
2462 682 2861 739 obtrectatores
2888 682 2997 739 mei
3029 683 3279 752 recipere
3311 684 3365 741 in
3398 694 3538 755 toto,

1944 752 2090 823 quod
2119 752 2173 807 in
2204 753 2445 821 partibus
2468 764 2824 825 susceperunt
2855 771 2868 807 :
2901 762 2993 809 aut
3025 752 3534 825 interpretationem

1944 839 2120 879 meam
2149 839 2274 879 cum
2304 825 2585 880 asteriscis
2611 825 2727 880 suis
2766 825 2984 881 radere.
3017 826 3203 896 Neque
3231 828 3377 882 enim
3417 829 3538 884 lieri

1940 905 2139 967 potest,
2175 906 2233 949 ut
2253 908 2394 967 quos
2417 896 2573 965 plura
2603 897 2970 959 intermisisse
2996 899 3393 967 perspexerint,
3427 916 3538 955 non

1941 966 2162 1049 eosdem
2189 966 2355 1049 etiam
2388 966 2441 1021 in
2473 967 2797 1049 quibusdam
2824 982 3042 1049 errasse
3070 968 3338 1049 fateantur
3365 987 3376 1024 :
3399 986 3538 1049 pra:-

1940 1038 2096 1107 cipue
2143 1037 2195 1091 in
2225 1034 2366 1103 Job,
2415 1034 2505 1108 cui
2545 1038 2590 1092 si
2634 1054 2697 1093 ea
2729 1056 2847 1108 quae
2886 1037 2987 1093 sub
3031 1038 3306 1093 asteriscis
3350 1039 3535 1095 addita

1940 1116 2087 1176 sunt,
2118 1107 2477 1173 subtraxeris,
2514 1124 2641 1178 pars
2667 1107 2899 1164 maxima
2922 1108 3217 1165 voluminis
3246 1109 3539 1166 detrunca-

1938 1178 2081 1252 l_)itur
2108 1196 2122 1233 :
2153 1189 2205 1233 et
2237 1181 2339 1233 hoc
2361 1178 2643 1235 dumtaxat
2668 1180 2807 1248 apud
2830 1180 3073 1236 Graecos.
3098 1182 3371 1235 Craterum
3391 1183 3535 1252 apud

1936 1248 2158 1322 Latinos
2189 1258 2315 1304 ante
2339 1264 2460 1304 eam
2491 1252 2901 1307 translationem
2933 1266 3095 1322 quam
3128 1252 3232 1307 sub
3256 1248 3535 1310 asteriscis

1934 1328 1987 1373 et
2019 1321 2192 1376 obelis
2223 1335 2396 1388 nuper
2428 1322 2719 1394 edidimus,
2754 1321 3085 1394 septingenti
3112 1322 3286 1394 ferme
3314 1331 3407 1379 aut
3437 1339 3532 1379 oc-

1935 1394 2161 1460 tingenti
2190 1406 2381 1446 versus
2413 1392 2608 1447 desunt
2654 1409 2667 1447 :
2713 1405 2770 1449 ut
2813 1392 3128 1449 deeurtatus
3156 1402 3212 1447 et
3258 1392 3531 1449 laceratus

1932 1476 2299 1587 corrlosutque
2330 1462 2499 1529 liber,
2535 1464 2835 1522 {teditatem
2864 1466 2948 1521 sui
2978 1464 3193 1535 publice
3222 1464 3534 1534 legentibus

1937 1550 2048 1587 um:
2092 1549 2155 1587 ea
2189 1573 2201 1587 .

1937 1542 2198 1603 pncbeaL

657 1727 1272 1812 PREFATIO
1344 1730 2029 1820 HIERONYMI
2103 1730 2224 1813 IN
2300 1732 2761 1819 LIBRUM
2832 1738 2888 1820 J
2896 1736 3082 1819 OB.

315 1952 371 2009 Si
414 1961 503 2007 aut
541 1952 798 2009 fiscellam
842 1954 1008 2024 junco
1047 1964 1288 2012 texerem
1315 1997 1330 2025 ,
1379 1964 1473 2012 aut
1518 1955 1823 2026 palmarum
1855 1958 1903 2019 Β
1931 1952 2071 2010 tinos
2094 1953 2311 2025 jacebat
2341 1953 2395 2009 in
2425 1959 2671 2010 stercore
2697 1998 2712 2025 ,
2752 1962 2811 2010 et
2838 1956 3112 2013 vermibus
3156 1958 3397 2014 scatebat
3441 1974 3529 2015 er-

240 2044 366 2099 l’olia
395 2043 781 2114 complicarem
810 2087 824 2112 ,
876 2055 935 2101 ut
972 2046 1027 2102 in
1068 2046 1267 2103 sudore
1296 2048 1477 2103 vultus
1510 2049 1617 2104 mei
1644 2063 1828 2105 come-

239 2135 418 2191 derem
452 2152 649 2206 panem
675 2182 689 2205 ,
725 2144 780 2192 et
809 2137 1016 2194 ventris
1047 2155 1183 2209 opus
1214 2139 1448 2198 sollicita
1473 2152 1657 2197 mente
1689 2150 1827 2199 trac-

237 2242 401 2287 tarem
426 2249 437 2284 :
466 2231 653 2287 i’iullus
677 2232 971 2300 morderet,
1006 2248 1165 2289 nemo
1194 2235 1641 2305 reprehenderet.
1668 2236 1827 2294 Nunc

237 2332 407 2378 autent
440 2324 569 2394 quia
599 2324 751 2395 juxta
781 2326 1104 2380 sententiam
1128 2326 1430 2382 Salvatoris
1461 2327 1583 2383 volo
1613 2329 1828 2398 operari

237 2418 409 2474 cibum
437 2460 449 2483 ,
486 2417 580 2489 qui
614 2435 720 2474 non
764 2419 905 2487 perit
933 2460 948 2487 ,
989 2427 1047 2476 et
1074 2422 1352 2492 antiquam
1381 2420 1693 2477 divinorum
1728 2420 1832 2478 Vo.

237 2510 493 2564 luminum
526 2510 691 2578 viam,
724 2510 970 2568 sentibus
994 2511 1352 2584 virgultisque
1384 2527 1651 2585 purgare,
1686 2514 1823 2569 mihi

235 2608 258 2635 ⁸
287 2600 556 2669 genuinus
599 2600 845 2672 inﬁgitur
895 2619 908 2657 :
954 2610 1238 2659 corrector
1280 2602 1537 2659 vitiorum
1576 2604 1831 2661 falsarius

239 2707 443 2759 vocor,
493 2702 548 2749 et
591 2708 816 2750 errores
860 2708 967 2749 non
997 2694 1237 2761 auferre,
1270 2695 1367 2751 sed
1412 2710 1625 2752 serere.
1659 2696 1832 2753 Tanta

234 2795 314 2839 est
362 2785 503 2840 enim
530 2787 824 2841 vetustatis
853 2787 1190 2842 consuetudo
1218 2828 1233 2855 ,
1282 2798 1340 2843 ut
1382 2789 1544 2844 etiam
1583 2788 1830 2846 confessa

240 2878 516 2949 plerisque
540 2878 672 2934 vitia
696 2878 969 2949 placeant,
1002 2880 1127 2935 dum
1154 2881 1326 2952 magis
1351 2882 1605 2952 pulchros
1630 2882 1834 2943 habere

244 2972 441 3027 malunt
474 2972 731 3039 codices,
772 2988 936 3044 quam
964 2974 1304 3031 emendatos.
1335 2975 1708 3046 Quapropter,
1740 2974 1768 3015 δ
1800 2993 1833 3033 o

240 3064 401 3120 Paula
433 3076 487 3120 et
512 3066 874 3121 Eustochium
898 3107 913 3132 ,
950 3067 1169 3123 unicum
1200 3067 1503 3124 nobilitatis
1533 3078 1590 3125 et
1614 3069 1834 3126 humili-

235 3158 356 3215 tatis
385 3160 694 3231 exemplar,
726 3172 825 3228 pro
858 3159 1099 3227 ﬂabello,
1135 3160 1387 3229 calathis,
1422 3162 1829 3235 sportellisquc,

237 3252 558 3307 munusculo
586 3252 1005 3319 monachorum,
1037 3253 1339 3323 spiritualia
1370 3255 1483 3311 haec
1507 3266 1557 3311 et
1579 3271 1832 3313 mansura

232 3346 365 3401 dona
406 3347 674 3416 suscipite
700 3364 713 3401 :
746 3361 809 3402 ac
848 3348 1066 3403 beatum
1095 3347 1198 3404 Job
1222 3348 1312 3420 qui
1354 3348 1528 3405 adhuc
1555 3350 1699 3419 apud
1730 3349 1833 3404 La-

1933 2060 2159 2110 rorum,
2192 2042 2462 2115 integrum
2492 2086 2507 2110 ,
2548 2045 3070 2119 immaculatumque
3111 2049 3359 2118 gaudete.
3393 2048 3539 2117 Quo-

1938 2139 2100 2194 modo
2149 2139 2294 2193 cnim
2366 2138 2686 2207 probatione
2738 2148 2905 2209 atque
2954 2141 3180 2196 victoria
3248 2141 3538 2211 dupliciter
3612 2182 3619 2189 κ

1935 2233 2182 2291 universa
2216 2232 2266 2289 ei
2298 2240 2423 2289 sunt
2454 2232 2661 2289 reddita
2716 2252 2726 2288 :
2782 2235 2855 2289 ita
2898 2249 2999 2306 ego
3042 2236 3096 2291 in
3140 2235 3321 2308 lingua
3354 2242 3535 2299 nostra

1935 2330 2002 2403 (ο
2031 2328 2291 2385 audacter
2318 2327 2681 2401 loquor)‘fcci
2706 2344 2831 2384 eum
2864 2328 3067 2386 habere
3104 2346 3223 2401 qua:
3260 2330 3534 2387 amiserat.

1938 2423 2106 2494 Igitur
2133 2430 2187 2479 et
2214 2437 2334 2489 vos,
2369 2408 2893 2492 ctLunumqucmque
2917 2421 3176 2478 lectorem
3208 2422 3367 2479 solita
3391 2424 3539 2481 Prte-

1935 2514 2143 2571 l‘atione
2170 2528 2492 2572 commoneo
2513 2560 2526 2585 ,
2558 2522 2613 2570 et
2644 2514 2697 2569 in
2732 2514 3014 2586 principiis
3046 2515 3309 2571 librorum
3341 2516 3535 2574 eadem

1935 2623 2154 2679 semper
2182 2616 2503 2673 annectens,
2530 2618 2687 2678 rego,
2736 2615 2795 2661 ut
2821 2607 3147 2679 ubicumque
3170 2608 3548 2679 prtccedentes

1936 2700 2181 2771 virgulas
2208 2716 2270 2757 οι-
2304 2700 2555 2756 videritis
2579 2742 2594 2767 ,
2639 2699 2830 2754 sciatis
2869 2714 2932 2754 ea
2980 2710 3100 2768 quae
3143 2700 3389 2769 subjecta
3413 2708 3541 2757 sunt

1936 2795 1989 2849 in
2018 2794 2261 2850 Hebraeis
2284 2792 2655 2849 voluminibus
2683 2807 2791 2847 non
2816 2791 3026 2847 haberi.
3052 2792 3227 2847 Porro
3248 2792 3338 2847 ubi
3361 2792 3541 2847 stellae

1935 2886 2113 2958 imago
2147 2887 2367 2943 fulserit
2396 2890 2462 2954 9,(
2499 2900 2567 2940 ex
2597 2883 2828 2940 llelirmo
2859 2883 2912 2938 in
2940 2893 3127 2939 nostro
3154 2898 3408 2939 sermone
3436 2882 3536 2938 ad-

1936 2982 2066 3036 dita.
2101 2981 2347 3037 Necnon
2374 2988 2431 3036 et
2462 2979 2551 3034 illa
2582 2993 2703 3047 quae
2746 2973 2775 3013 ἀ
2823 2975 3027 3032 habere
3070 2974 3391 3031 videbamur
3418 3015 3435 3043 ,
3482 2982 3542 3033 et

1940 3074 2010 3128 ita
2043 3081 2297 3146 corrupta
2327 3079 2514 3138 erant,
2565 3080 2625 3125 ut
2652 3080 2871 3125 senSum
2905 3067 3209 3134 legentibus
3240 3068 3538 3135 tollerent,

1940 3164 2225 3222 orantibus
2252 3164 2428 3229 vobis,
2459 3177 2654 3233 magno
2677 3161 2863 3217 labore
2885 3161 3135 3226 correxi;
3164 3171 3185 3197 ο
3210 3160 3383 3231 magis
3408 3160 3539 3217 utile

1938 3256 2065 3326 quid
2095 3271 2169 3311 ex
2204 3255 2315 3311 otio
2347 3270 2468 3309 meo
2495 3252 2700 3309 Christi
2731 3250 2993 3310 Ecclesiis
3022 3263 3312 3308 venturum
3342 3260 3493 3308 ratus
3523 3291 3542 3319 ,

1941 3363 2102 3419 quam
2134 3362 2201 3405 ex
2234 3348 2465 3404 aliorum
2497 3348 2797 3418 negotio.._j

294 3496 323 3523 ιι
358 3486 559 3541 Eri-ore
588 3486 935 3541 librariorum
958 3495 1167 3553 septem
1200 3498 1331 3539 mss.
1354 3486 1439 3540 vel
1470 3486 1702 3555 amplius
1749 3486 1828 3540 le-
1856 3485 1900 3546 C
1936 3494 2162 3556 apparet
2208 3485 2263 3541 in
2313 3484 2632 3554 prmtatione
2670 3483 2744 3556 ad
2775 3482 2953 3556 libros
2997 3482 3327 3547 Salomonis,
3375 3496 3535 3551 quam

231 3568 359 3623 eunt
390 3559 496 3612 hoc
527 3557 713 3619 modo,
746 3557 871 3610 mihi
901 3558 1132 3626 geminus
1161 3557 1412 3624 inﬁgitur.
1446 3557 1503 3610 In
1527 3573 1739 3611 canone
1765 3560 1825 3613 S.

235 3628 490 3683 Germani
517 3643 545 3681 a
578 3628 755 3682 Pratis
782 3645 796 3681 :
828 3626 1071 3684 additum
1091 3637 1176 3683 est
1196 3628 1421 3685 verbum
1445 3643 1612 3695 error,
1640 3628 1694 3682 id
1722 3638 1825 3697 cat,

231 3716 374 3752 error
395 3698 527 3751 milii
558 3700 822 3769 genuinus
851 3698 1130 3769 inﬁgitur:
1160 3697 1293 3752 editi
1324 3700 1561 3753 retinent
1586 3699 1830 3754 omnium

230 3784 367 3825 mss.
400 3770 849 3836 depravationes,
882 3770 934 3824 in
967 3772 1032 3824 iis
1058 3769 1204 3824 enim
1236 3769 1307 3823 ita
1341 3770 1527 3837 legunt
1567 3770 1830 3825 Erasmus

230 3856 288 3895 ac
327 3842 610 3896 Marianus
634 3881 649 3903 ,
698 3858 844 3895 error
877 3841 1007 3895 milii
1043 3842 1276 3909 geminus
1319 3842 1572 3909 inﬁgitur.
1611 3840 1829 3896 l‘hrasis

230 3928 360 3967 vero
391 3912 608 3975 isthmc,
636 3913 927 3983 genuinum
959 3912 1197 3981 inﬁgere,
1232 3911 1513 3983 familiaris
1543 3922 1657 3983 erat
1699 3912 1828 3966 llie-

233 4000 486 4053 ronymo,
516 3984 591 4038 uti
626 3981 795 4051 liquet
821 3999 886 4038 ex
920 3982 1025 4037 hoc
1048 3983 1173 4038 loco
1203 3982 1326 4053 libri
1352 3981 1513 4051 primi
1543 3981 1831 4052 Apologia:

230 4051 489 4109 adversus
516 4055 765 4108 [inlinunt
794 4071 807 4107 :
837 4053 922 4107 Me
941 4054 1199 4107 hominem
1222 4051 1536 4107 maledicum
1567 4051 1832 4117 ,omnium

233 4127 577 4179 detrectarent
607 4127 751 4195 (esse
787 4124 966 4194 dicit),
1001 4124 1053 4176 in
1094 4140 1432 4195 prazcessores
1471 4141 1612 4179 meos
1640 4126 1831 4195 genui-

232 4213 353 4249 num
385 4214 594 4262 semper
620 4194 868 4265 inﬁgere,
907 4210 974 4251 ex
1007 4194 1191 4264 Satyr.
1230 4196 1252 4250 1
1285 4194 1480 4259 Persii,
1515 4205 1569 4250 et
1599 4194 1830 4251 5’Juvc-

230 4270 365 4393 galis
391 4268 609 4323 similes
652 4267 955 4323 locutiones
984 4265 1323 4337 deprompta:
1362 4267 1521 4323 nobis
1551 4267 1827 4324 videntur.

278 4350 409 4393 uir.

278 4350 409 4394 ABT.

292 4442 368 4450 —
392 4409 535 4464 Male
562 4410 779 4480 quidam
810 4425 970 4473 mss.,
1002 4410 1259 4479 geminus.
1285 4408 1496 4464 Passim
1525 4451 1539 4475 ,

235 4480 489 4536 Martian.
519 4489 675 4535 notat
699 4522 711 4543 ,
757 4481 858 4535 hac
888 4482 1055 4538 utitur
1081 4481 1263 4548 phrasi
1297 4480 1682 4552 Hieronymus.
1716 4482 1826 4536 Ali-

231 4554 350 4608 cubi
384 4552 543 4606 addit
588 4560 643 4605 et
680 4554 877 4606 dentem
905 4596 919 4619 ,
970 4562 1030 4606 ut
1076 4552 1131 4606 in
1177 4552 1337 4606 Prtef.
1379 4551 1445 4605 ad
1474 4552 1825 4607 Chronicum.

232 4622 341 4696 Nec
371 4626 560 4696 ignoro
588 4624 775 4677 multos
804 4624 916 4693 fore
943 4665 958 4689 ,
998 4625 1087 4693 qui
1114 4623 1237 4677 huic
1265 4622 1519 4678 volumini
1550 4625 1833 4696 genuinum

230 4694 439 4747 dentem
470 4695 710 4763 inﬁgunt.

294 4764 326 4804 δ
354 4765 637 4832 Stupenda
662 4764 746 4819 hic
771 4766 1009 4821 occurrit
1032 4774 1270 4821 veterum
1296 4764 1638 4821 librariorum
1664 4776 1831 4822 teme-

234 4836 391 4901 ritas,
414 4852 523 4906 qua
556 4836 671 4891 ausi
694 4846 820 4891 sunt
856 4837 907 4891 in
938 4850 1069 4893 mss.
1108 4838 1386 4892 codicibus
1429 4838 1542 4892 fere
1578 4838 1831 4894 omnibus

1587 4409 1733 4479 quod
1776 4421 1830 4466 et

1937 3554 2079 3624 typis
2106 3557 2424 3612 melioribus
2449 3557 2501 3611 in
2538 3556 2698 3609 ﬁnem
2727 3554 3082 3610 Bibliothecm
3122 3556 3388 3611 edendam
3424 3556 3541 3621 pol-

1936 3616 2068 3684 liciti
2109 3642 2299 3683 sumus
2326 3642 2511 3697 supra,
2542 3641 2663 3680 cum
2690 3626 2757 3680 de
2786 3626 2932 3697 hisce
2955 3627 3324 3681 voluminibus
3348 3616 3541 3692 dispu-

1935 3702 2069 3753 tatio
2095 3700 2341 3754 instituta
2370 3696 2473 3752 est.
2506 3698 2774 3752 Caeterum
2797 3696 3073 3752 ﬂabellum
3099 3699 3167 3753 de
3187 3714 3296 3769 quo
3321 3697 3408 3750 hic
3437 3696 3540 3769 loci

1936 3770 2176 3839 loquitur
2207 3771 2588 3838 Hieronymus,
2623 3769 2763 3822 inter
2794 3769 3185 3824 monachorum
3207 3767 3534 3839 munuscula

1934 3837 2108 3910 ipsum
2146 3837 2494 3909 computans,
2540 3849 2660 3894 erat
2707 3839 3120 3910 instrumentum
3164 3841 3437 3908 praecipue
3467 3837 3535 3893 ad

1935 3908 2283 3966 excitandum
2311 3910 2512 3979 ignem,
2547 3912 2629 3963 vel
2657 3909 2724 3962 ad
2755 3908 3049 3977 abigendos
3080 3924 3293 3963 muscas
3329 3928 3341 3963 :
3368 3918 3534 3977 atque

1936 3983 1988 4037 id
2011 3997 2183 4052 genus
2210 3982 2406 4036 ﬂabelli
2440 3981 2849 4052 tenebatmanu
2871 3994 2966 4034 sua
2998 3980 3376 4052 Eustochium,
3403 3979 3532 4052 dum

1935 4049 2115 4108 Paulae
2145 4054 2304 4108 matri
2330 4054 2383 4106 in
2413 4052 2609 4105 lectulo
2645 4051 3008 4116 decumbenti,
3034 4050 3386 4121 jamjamque
3418 4049 3539 4103 obi-

1936 4135 2071 4179 ltll'tB
2095 4127 2393 4180 assisteret.
2432 4123 2564 4177 Vide
2585 4122 2933 4192 Epitaphiqu
2962 4123 3144 4178 Paula:
3168 4124 3310 4193 apud
3343 4121 3536 4175 Hiero-

1935 4210 2178 4266 nymum.
2209 4196 2385 4251 MART.

1934 4267 2429 4394 MAcnguamplures
2449 4280 2581 4322 mss.
2608 4282 2731 4322 cum
2764 4266 2945 4333 editis,
2970 4273 3025 4320 ut
3044 4265 3297 4319 audacter
3320 4265 3529 4335 loquar.

1990 4354 2116 4393 Λιιτ.

2005 4408 2033 4447 ά
2060 4410 2119 4465 In
2161 4411 2405 4481 pluribus
2452 4423 2583 4467 mss.
2618 4423 2684 4463 ac
2724 4408 2776 4462 in
2816 4408 2994 4481 editis,
3042 4424 3157 4478 qua:
3185 4409 3360 4481 haberi
3396 4409 3539 4463 vide-

1936 4480 2586 4553 bantur.Consequenter
2620 4493 2720 4551 pro
2754 4494 2818 4533 ea:
2854 4480 2958 4534 otio
3002 4495 3137 4548 meo,
3179 4480 3369 4536 decem
3402 4494 3537 4536 mss.

1936 4552 2143 4623 legunt,
2178 4569 2241 4607 ea;
2262 4552 2390 4608 odio
2410 4570 2544 4607 meo.
2572 4552 2751 4606 MART.

2015 4634 2039 4661 θ
2085 4620 2312 4693 Aecepit
2340 4642 2407 4680 ex
2441 4626 2535 4679 illo
2563 4622 2809 4679 Sallustii
2838 4620 3000 4677 et'fato
3031 4622 3082 4677 in
3117 4623 3378 4692 Jugurtha
3412 4635 3535 4691 cap.

1934 4698 1969 4752 4
1995 4712 2009 4748 :
2043 4696 2221 4765 Mnjus
2254 4696 2589 4750 commodum
2616 4710 2679 4747 ea:
2708 4694 2816 4746 otio
2844 4709 2959 4747 meo
2983 4735 2997 4761 ,
3040 4710 3197 4765 quam
3227 4709 3294 4765 ea;
3318 4694 3545 4765 aliorum

1937 4763 2512 4839 negotiisrﬂeipublicw
2540 4776 2838 4839 venturum,
2869 4775 2975 4819 etc.
3009 4763 3189 4834 Atque
3222 4763 3392 4820 otium
3414 4764 3539 4839 qui-

1938 4835 2063 4894 dem
2099 4838 2480 4911 Hieronymus
2516 4836 2694 4911 studia
2725 4836 3030 4911 litterarum
3072 4844 3272 4901 vocat,
3318 4850 3437 4905 qua:
3468 4835 3540 4888 ita

232 4901 519 4963 tollere—de
549 4907 731 4980 medio
761 4908 925 4980 verba
949 4909 1087 4974 haec,
1116 4924 1146 4962 ο
1176 4907 1347 4962 Paula
1373 4918 1421 4962 et
1451 4908 1793 4980 Eustochium
1813 4924 1835 4965 :
1862 4901 1915 4963 D
1941 4920 1996 4965 et
2020 4910 2183 4980 vulgo
2213 4901 2445 4964 audiunt
2479 4928 2491 4965 :
2528 4909 2670 4979 quod
2704 4922 2805 4978 ego
2836 4922 2897 4961 ea
2927 4906 2999 4980 de
3027 4920 3187 4980 causa
3216 4901 3460 4980 mon—eoa
3479 4916 3547 4980 ne

231 4992 289 5031 ac
317 4994 513 5034 eorum
547 4979 668 5034 loco
695 4979 793 5033 ista
829 4978 1188 5044 substituere,
1217 4996 1245 5032 ο
1277 4980 1467 5049 fratres
1495 4979 1787 5034 charissimi
1815 4999 1829 5036 :

232 5050 387 5117 quasi
444 5048 959 5123 itidignelerentes_
987 5049 1134 5123 quod
1176 5048 1543 5123 Hieronymus
1578 5051 1832 5123 lucubra-

234 5124 409 5177 tiones
439 5136 570 5177 suas
588 5122 909 5178 mulieribus
929 5121 1255 5179 dedicasset.
1282 5121 1431 5178 Idem
1459 5123 1674 5179 invidia:
1699 5122 1834 5179 livor

1941 4980 2080 5036 forte
2108 4974 2178 5036 ex
2206 4980 2529 5036 recentioris
2549 4974 3038 5035 'critici'senteutin
3071 4976 3352 5033 existimes
3380 5019 3394 5043 ,
3447 4974 3540 5030 hic

1943 5053 2123 5107 luxata
2154 5051 2503 5107 librariorum
2535 5049 2665 5107 vitio
2697 5066 2818 5106 esse
2845 5051 3089 5111 nomina,
3120 5047 3535 5119 legendumque,

1890 5132 1895 5137 '
1942 5138 2008 5178 ea:
2034 5123 2237 5195 negotio
2267 5140 2377 5180 meo
2396 5161 2411 5176 .
2434 5160 2451 5179 .
2470 5162 2485 5177 .
2514 5139 2673 5195 quam
2696 5138 2759 5178 ex
2780 5123 3003 5177 aliorum
3029 5119 3136 5174 otio
3157 5160 3172 5188 ,
3206 5129 3312 5176 etc.

1641 5322 2085 5422 INCIPIT

1242 5450 1245 5451 θ
1314 5464 1918 5620 LIBER
1988 5480 2088 5621 J
2098 5474 2431 5627 OB.

312 5784 532 5860 [Capi]
561 5788 737 5843 Homo
763 5789 986 5859 quidam
1028 5798 1146 5845 erat
1190 5792 1245 5846 in
1277 5790 1498 5863 regione
1534 5790 1784 5848 Ausitide
1806 5832 1823 5858 ,
1852 5794 1901 5853 Α
1925 5791 2105 5861 justus
2160 5790 2257 5845 Dei
2310 5791 2505 5857 cultor,
2566 5789 2847 5846 abstinens
2891 5803 2949 5845 se
2988 5786 3055 5842 ab
3085 5786 3231 5841 omni
3255 5798 3315 5839 re
3344 5782 3506 5839 mala.

246 5881 460 5939 nomine
495 5880 618 5940 Job.
654 5881 788 5940 Erat
831 5882 992 5943 homo
1020 5883 1116 5943 ille
1147 5899 1311 5944 verax
1336 5926 1351 5953 ,
1398 5885 1518 5946 sine
1565 5886 1819 5957 crimine,

1932 5883 2132 5945 llabuit
2156 5892 2337 5947 autem
2382 5893 2592 5957 septem
2637 5883 2776 5945 ﬁlios
2819 5892 2882 5957 et,
2910 5891 3018 5944 tres
3045 5880 3211 5944 tilias.
3241 5876 3309 5940 Et
3361 5881 3515 5936 erant
