4062 6356
463 314 536 374 63
1461 311 1523 373 S.
1565 310 1945 372 lllERONYMl
1987 310 2225 370 DIVINA
2264 309 2745 372 BlBLlOTlJECA.
3687 317 3760 378 θι

465 441 667 500 pecora
722 425 841 499 ejus
869 436 895 466 ⁸
925 426 1120 501 [multa
1174 425 1398 501 nimis];
1433 441 1562 484 oves
1580 471 1595 498 ,
1621 438 1828 499 septem
1859 425 2059 492 millia;
2088 425 2144 490 Λ
2167 425 2298 482 colit
2316 425 2417 484 Job
2443 425 2770 484 Dominum?
2799 439 2907 484 non
2939 434 2996 484 tu
3020 427 3447 501 circumsepsisti
3477 443 3599 502 qum
3630 439 3761 488 sunt

465 520 692 590 cameli,
735 520 836 576 tria
885 520 1087 587 millia;
1135 521 1264 592 juga
1318 520 1518 588 boum,
1550 520 1976 591 quinquaginta:
2007 529 2062 578 et

467 612 640 669 asinae
680 613 932 684 gregales
971 613 1285 685 quingentae
1309 653 1326 682 ,
1354 611 1383 652 ι)
1411 627 1472 668 —:—
1497 621 1553 669 et
1585 612 1950 670 ministerium
1972 626 2066 668 co-

465 705 681 777 piosum
723 704 916 774 nimis,
967 706 991 776 ζ
1040 715 1096 763 et
1149 720 1315 777 opera
1365 720 1560 777 magna
1613 714 1770 762 erant
1811 705 1862 761 ei
1900 719 2066 775 super

462 807 692 855 terram.
740 797 811 855 Et
857 807 976 855 erat
1022 799 1186 855 homo
1217 799 1310 856 ille
1336 799 1543 856 nobilis
1567 840 1581 865 ,
1609 799 1679 856 de
1724 799 1848 855 ﬁliis
1877 800 2062 855 orien-

467 892 559 950 tis.
605 889 1007 948 Convenientes
1057 901 1243 949 autem
1300 891 1395 948 ﬁlii
1437 891 1556 963 ejus
1594 892 1662 946 ad
1687 892 1955 956 invicem,
1981 890 2068 946 fa-

468 986 694 1042 ciebant
735 985 1044 1042 convivium
1083 985 1363 1058 quotidie:
1393 985 1708 1042 convocatis
1758 1000 1943 1042 secum
1979 999 2068 1040 so-

471 1081 689 1137 roribus
716 1080 866 1148 suis,
899 1088 956 1136 ut
984 1095 1170 1150 secum
1216 1089 1655 1138 vescerentur'ct
1694 1080 1980 1136 biberent:
2016 1086 2073 1134 et

470 1187 598 1228 cum
626 1171 766 1230 ﬁniti
795 1183 980 1230 essent
999 1173 1120 1231 dies
1141 1175 1408 1245 convivii,
1433 1175 1686 1230 mittebat
1710 1174 1812 1230 Job
1833 1216 1848 1242 ,
1886 1180 1942 1229 et
1966 1187 2071 1243 pu-

475 1265 722 1322 riﬁcabat
770 1281 867 1324 eos
919 1281 1258 1341 consurgens
1309 1283 1506 1334 mane,
1547 1277 1602 1323 et
1666 1265 1926 1322 offerebat
1971 1279 2073 1336 pro

475 1358 559 1414 eis
587 1357 836 1415 victimas
863 1361 1164 1417 secundum
1192 1376 1479 1417 numerum
1511 1373 1722 1427 eorum,
1757 1369 1780 1398 ο
1812 1373 1875 1414 -:—
1906 1367 1962 1414 et
1988 1358 2073 1412 vi-

475 1449 644 1507 tulum
694 1466 859 1508 unum
902 1467 1003 1524 pro
1031 1461 1260 1523 peccato
1299 1451 1600 1506 animarum
1646 1449 1888 1519 ipsorum
1925 1448 1947 1517 ζ
1985 1447 2076 1502 Di-

473 1541 632 1598 cebat
657 1542 814 1611 ,enim
857 1543 961 1599 Job
1004 1562 1019 1600 :
1062 1543 1142 1600 Ne
1188 1543 1332 1599 forte
1360 1542 1707 1612 peccaverint
1729 1541 1824 1597 lilii
1846 1540 1952 1598 mei
1980 1580 1996 1609 ,
2021 1549 2076 1597 et

479 1635 862 1693 maledixerint
890 1637 1122 1693 Domino
1168 1638 1224 1692 in
1255 1636 1513 1694 cordibus
1542 1637 1676 1692 suis.
1709 1636 1803 1692 Sic
1838 1634 2077 1691 faciebat

479 1725 585 1782 Job
614 1727 866 1783 omnibus
897 1728 1114 1784 diebus.
1143 1728 1372 1785 Factum
1398 1738 1514 1796 est,
1547 1727 1602 1784 in
1633 1727 1720 1785 his
1747 1728 1972 1784 diebus:
2022 1735 2078 1782 et

2167 527 2323 576 extra
2351 518 2570 575 domum
2601 519 2739 590 ejus,
2765 527 2820 574 et
2845 519 2986 575 intra
3011 519 3231 576 domum
3249 521 3465 591 ejus,et
3483 537 3604 592 qua:
3618 521 3759 579 foris

2167 620 2294 669 sunt
2319 612 2499 669 omnia
2531 611 2586 668 in
2623 613 2852 669 circuitu
2875 613 3033 683 ejus?
3061 614 3326 686 Operibus
3356 630 3614 672 manuum
3639 615 3782 688 ejus

2168 705 2520 774 benedixisti,
2542 714 2596 764 et
2612 721 2805 777 pecora
2834 706 2954 776 ejus
2975 707 3144 763 multa
3161 707 3335 764 fecisti
3358 717 3758 778 superterram.

2170 801 2280 858 Sed
2308 802 2462 858 mitte
2489 816 2710 858 manum
2733 809 2902 871 tuam,
2934 811 2989 856 et
3020 812 3178 874 tange
3207 801 3389 857 omnia
3419 815 3540 873 quae
3569 800 3759 870 habet,

2171 894 2276 950 nisi
2310 894 2364 949 in
2387 893 2525 950 facie
2547 903 2635 949 tua
2659 892 2994 950 benedixerit
3016 894 3132 951 tibi.
3157 894 3310 974 '[unc
3339 893 3764 962 dixitDominus

2172 985 2427 1044 diabolo:
2457 985 2600 1043 Ecce
2629 986 2811 1042 omnia
2838 1000 3195 1058 quzncumque
3224 985 3492 1054 habet,do
3510 987 3564 1042 in
3596 1001 3763 1042 manu

2174 1089 2295 1146 tua;
2318 1079 2414 1136 sed
2443 1081 2618 1151 ipsum
2645 1079 2758 1134 noli
2799 1087 3042 1148 tangere.
3075 1079 3143 1135 Et
3168 1078 3422 1135 discessit
3449 1079 3704 1134 diabolus
3735 1094 3764 1133 a

2171 1173 2311 1228 facie
2337 1173 2574 1228 Domini.
2615 1173 2674 1229 In
2698 1187 2765 1228 eo
2795 1173 2885 1228 die
2914 1172 3013 1227 filii
3039 1172 3166 1241 Job,
3192 1181 3248 1228 et
3274 1171 3400 1228 ﬁliae
3428 1171 3546 1242 ejus
3573 1177 3640 1242 γε(
3669 1187 3767 1228 co-

2173 1265 2467 1322 medebant
2488 1307 2502 1332 ,
2542 1265 2643 1334 et:
2675 1257 3154 1322 bibebant'vinum
3185 1265 3237 1320 in
3279 1265 3443 1320 domo
3472 1263 3654 1319 fratris
3682 1266 3769 1320 sui

2175 1357 2429 1413 senioris.
2474 1357 2542 1412 Et
2569 1370 2698 1414 ecce
2739 1357 2968 1412 nuntius
2993 1356 3146 1413 venit
3169 1356 3236 1412 ad
3265 1355 3369 1412 Joh
3398 1364 3454 1412 et
3503 1351 3640 1411 dixit
3664 1357 3715 1412 ei
3749 1372 3766 1414 :

2175 1448 2310 1519 Juga
2342 1449 2505 1506 boum
2562 1448 2824 1518 arabant,
2875 1456 2932 1504 et
2977 1449 3145 1504 asinae
3196 1447 3559 1517 pascebantur
3610 1445 3766 1517 juxta

2178 1554 2274 1596 eos
2292 1581 2307 1605 ,
2342 1549 2397 1595 et
2425 1549 2696 1596 venerunt
2722 1539 2908 1596 hostes
2926 1581 2940 1605 ,
2965 1547 3024 1594 et
3050 1548 3313 1610 ceperunt
3339 1552 3434 1594 eas
3453 1580 3469 1607 ,
3500 1545 3557 1594 et
3581 1551 3773 1594 servos

2177 1629 2496 1687 occiderunt
2521 1629 2748 1701 gladiis,
2775 1638 2831 1687 et
2877 1629 3137 1685 liberatus
3166 1643 3270 1700 ego
3300 1628 3454 1684 solus
3501 1627 3654 1696 veni,
3712 1634 3778 1682 ut

2179 1723 2551 1780 renuntiarem
2583 1723 2701 1778 tibi.
2724 1722 2918 1779 Adhuc
2965 1738 3033 1779 eo
3060 1723 3343 1794 loquente,
3375 1721 3527 1777 venit
3555 1728 3611 1776 et
3634 1719 3775 1775 alius

482 1832 613 1875 ecce
637 1830 904 1876 venerunt
934 1821 1149 1892 angeli,
1191 1819 1218 1859 ἀ
1249 1831 1308 1877 ut
1337 1829 1583 1878 astarent
1609 1835 1795 1877 coram
1823 1819 2075 1876 Domino.
2105 1816 2155 1877 B
2181 1819 2437 1885 nuntius,
2460 1827 2515 1873 et
2539 1817 2685 1872 dixit
2713 1816 2781 1872 ad
2805 1816 2928 1874 Job.
2954 1813 2982 1854 ιι
3012 1815 3156 1887 Ignis
3190 1821 3257 1884 )a(
3300 1815 3399 1871 Dei
3425 1813 3449 1883 ζ
3483 1813 3680 1871 cecidit
3704 1812 3777 1869 de

484 1916 509 1946 ο
533 1907 602 1963 Et
630 1909 780 1966 venit
808 1913 874 1978 >ε<
901 1911 1152 1982 equidem
1179 1911 1474 1980 1diabolus
1503 1928 1626 1969 cum
1659 1915 1760 1970 eis.
1790 1910 1809 1950 ί
1840 1911 1910 1968 Et
1941 1912 2077 1968 dixit

477 1997 745 2055 Dominus
774 2003 990 2058 diabolo
1015 2020 1028 2056 :
1057 2003 1212 2060 Unde
1240 2005 1412 2061 ades?
1433 2005 1501 2060 Et
1525 2004 1860 2075 respondens
1887 2004 2078 2060 diabo-

480 2089 566 2145 lus
589 2090 822 2147 Domino
844 2091 1007 2148 dixit:
1035 2102 1060 2141 8
1083 2091 1424 2152 Circumiens
1447 2106 1648 2153 terram
1667 2141 1682 2166 ,
1707 2105 1764 2152 et
1786 2110 2076 2167 peragrans

477 2197 601 2254 qua:
629 2183 734 2241 sub
779 2185 921 2241 cmlo
949 2196 1117 2255 sunt,
1165 2187 1377 2244 adsum.
1429 2189 1499 2244 Et
1526 2189 1664 2245 dixit
1695 2190 1744 2246 ei
1791 2188 2072 2245 Dominus.

479 2275 932 2336 Animadvertisti
963 2280 1018 2335 in
1050 2295 1277 2351 puerum
1323 2296 1506 2338 meum
1531 2282 1669 2350 Job,
1701 2282 1825 2353 quia
1857 2296 1964 2338 non
1994 2288 2079 2338 est

478 2369 769 2441 quisquam
801 2371 998 2427 similis
1031 2372 1109 2428 illi
1140 2389 1307 2444 super
1338 2374 1576 2430 terram?
1604 2374 1782 2430 Homo
1823 2374 1941 2430 sine
1970 2371 2079 2430 cri-

479 2461 648 2532 mine,
677 2476 844 2518 verax
871 2463 971 2520 Dei
1001 2465 1198 2534 cultor,
1231 2466 1517 2523 abstinens
1542 2482 1604 2524 se
1632 2468 1701 2524 ab
1733 2469 1880 2523 omni
1910 2467 2076 2523 malo.

475 2550 838 2626 Respondeas
867 2555 1116 2614 diabolus
1142 2558 1375 2616 Domino
1402 2559 1541 2616 dixit
1566 2578 1578 2614 :
1603 2560 1877 2632 Numquid
1905 2560 2076 2632 gratis

475 2691 504 2736 ελ·
549 2690 733 2766 {Quae
759 2693 971 2750 uncinis
995 2694 1311 2751 inclusimus
1335 2705 1456 2766 post
1478 2697 1845 2752 Martianazum
1875 2697 2065 2763 verba,

478 2762 646 2816 multa
676 2764 854 2838 nimis,
883 2781 1057 2838 neque
1072 2767 1136 2838 _in
1168 2762 1349 2824 Hebri
1373 2778 1520 2833 sunt,
1549 2783 1724 2838 neque
1755 2769 1809 2823 in
1850 2762 2062 2836 Grmco,

473 2846 576 2914 nec
603 2840 779 2914 temen
806 2835 966 2914 obelo
993 2837 1052 2914 in.
1071 2835 1264 2914 Latino
1287 2854 1388 2914 ms.
1408 2835 1802 2914 praenotantur,
1830 2846 1888 2894 ut
1909 2838 2068 2894 facile

475 2902 648 2958 videri
680 2906 889 2978 possint
914 2907 1139 2978 studiosi
1180 2902 1706 2978 alicujus-glossema
1756 2902 1810 2964 in
1861 2918 2067 2964 textum

476 2980 683 3048 temere
701 2975 988 3048 intrusum.
1021 2977 1296 3045 Ejusmodi
1322 2975 1788 3048 interpolationes,
1814 2995 1947 3048 quas
1975 2994 2070 3036 ne-

476 3042 707 3132 d‘ulmgab
731 3045 924 3132 ἕξεως..
951 3047 1046 3102 sed
1065 3042 1128 3103 et
1153 3049 1234 3132 ab
1245 3042 1812 3132 Orige_r_i_isllexaplari
1832 3042 2074 3132 editione

475 3106 923 3190 abfuisse,_bonis
957 3119 1290 3188 argumentis
1339 3106 1902 3190 colligimusfiisdcm
1936 3120 2072 3176 infra
2099 3106 2146 3169 ί]

474 3184 620 3268 notis
638 3184 1047 3268 designabimus
1065 3207 1077 3244 :
1111 3190 1450 3247 Martianaaus
1469 3184 1671 3248 minori
1688 3192 1952 3248 asterisco
1973 3193 2070 3248 de-

474 3265 701 3311 notavit.

547 3324 578 3364 δ
601 3324 1024 3402 Chrysostomus
1052 3331 1197 3390 hunc
1221 3333 1397 3388 locum
1429 3332 1745 3389 edisserens
1782 3333 1839 3389 in
1864 3335 2069 3390 Catena

482 3393 796 3472 Graecorum
846 3400 1065 3456 Patrttm
1112 3405 1168 3460 in
1213 3404 1337 3472 Job,
1396 3403 1468 3459 ita
1517 3415 1704 3460 monet
1745 3422 1759 3458 :
1807 3405 2071 3472 Quoniam

476 3482 603 3540 vero
651 3469 876 3526 obelisco
922 3482 1135 3530 notatur
1184 3469 1363 3540 illud,
1419 3476 1780 3531 ministerium
1812 3469 2068 3532 "multum

476 3537 660 3632 Ealde,
691 3541 1096 3632 sciendumesot,
1139 3537 1528 3632 guargbflisco
1557 3548 1832 3632 signantur
1871 3547 1925 3600 in
1959 3547 2072 3632 He:

473 3607 652 3692 bruico
679 3628 784 3666 non
809 3614 1009 3680 haberi,
1033 3607 1112 3692 ὄίιέι
1133 3607 1552 3692 δσαΑώϐέλισται,
1579 3607 1629 3692 ἓξ
1642 3627 1716 3690 τῷ
1739 3616 1987 3692 Ἐϐραῑκῷ
2009 3617 2067 3674 οὐ

477 3687 658 3762 agit-au,
687 3696 863 3762 verum
892 3689 1282 3762 perspicuitatis
1319 3704 1478 3741 causa
1515 3687 1940 3762 aeseptuagiueta
1960 3687 2070 3762 'po-

477 3753 583 3803 sita
611 3767 740 3808 esse.
769 3753 1114 3828 Necesse'est
1145 3759 1232 3814 hic
1253 3773 1494 3814 errorem
1527 3753 1760 3827 alicujus
1785 3753 2069 3828 scriptoris

478 3825 936 3902 secutnm_fuisse
961 3825 1442 3902 Chrysoswmum;
1490 3845 1609 3902 nam
1649 3825 1804 3898 iilud,
1837 3825 2071 3885 ministe-

477 3895 617 3974 rium
644 3895 865 3950 multum
909 3895 1092 3961 ualde;
1124 3902 1360 3970 positum
1392 3901 1616 3974 legitur
1663 3903 1716 3956 in
1773 3895 1930 3974 fonte
1965 3901 2070 3957 He-

477 3959 834 4042 braicoJRD
852 3979 969 4042 rm
990 3959 1180 4035 mini-1,
1203 3959 1648 4042 uaavuddafrabba
1677 3972 1850 4038 mcod,
1882 3971 1934 4026 id
1959 3982 2064 4042 est,

477 4049 540 4120 ξς
561 4035 765 4120 [lautitia
785 4041 950 4092 multa
976 4042 1148 4120 nimis,
1172 4043 1288 4120 sive
1311 4041 1628 4113 famulitium
1651 4035 1871 4098 multum
1890 4035 2065 4098 valde;

480 4102 694 4181 Eadem
716 4124 934 4181 quoque
975 4102 1172 4181 Aquila
1215 4102 1602 4181 interpretatus
1635 4123 1741 4177 est,
1767 4121 2069 4170 attestante

482 4171 873 4250 Olympiodoro
906 4180 958 4233 in
981 4171 1091 4250 jam
1115 4183 1254 4238 dicta
1286 4171 1510 4238 Catena.
1538 4171 1887 4238 Ministerium
1916 4183 2065 4250 dicit,

480 4248 621 4326 quod
649 4248 994 4326 priestabatutf
1014 4271 1048 4307 a
1086 4255 1267 4309 serpis.
1311 4253 1521 4326 Aquila,
1554 4257 1818 4310 servitium
1848 4248 2069 4309 multum

478 4317 632 4372 ualde
664 4334 683 4372 :
714 4318 1235 4396 Symmgchusvero,
1271 4317 1555 4396 familiam,
1589 4327 1869 4381 dilucidius
1908 4328 2069 4380 inter-

485 4397 714 4466 pretatus
754 4400 850 4466 est.
897 4392 975 4466 leta
1023 4392 1442 4466 Olympiodorus
1484 4397 1674 4453 :unde
1723 4399 2067 4464 exploratum

487 4459 747 4542 habemus
767 4459 1118 4542 allucinatum
1138 4459 1775 4542 iiiisseChrysostomum
1798 4459 2067 4542 imperitia

483 4525 715 4612 librarii,
777 4534 870 4600 qui
914 4527 1320 4612 male__obelnm
1375 4525 1702 4609 apposuerat
1752 4525 2070 4609 jam'dictis

482 4598 780 4669 Scriptura:
795 4598 1018 4662 ‘verbis.
1050 4607 1232 4665 Mam.

530 4697 628 4753 _—.
645 4671 1104 4753 Prmﬁximushis
1121 4682 1336 4753 verbis,
1365 4691 1412 4736 et
1437 4681 1780 4753 ministerium
1806 4683 2075 4752 capiosum

485 4744 663 4823 nimis,
695 4744 910 4824 obelum
942 4748 1009 4802 ad
1036 4749 1238 4824 codicis
1279 4744 1451 4808 Grteci
1483 4752 1666 4822 tidem,
1699 4755 1812 4823 ipsa
1855 4744 2076 4823 insuper

485 4822 825 4901 rei‘veritate
847 4829 1094 4901 cogente.
1125 4823 1259 4889 Quae
1298 4839 1492 4893 nempe
1521 4822 1762 4901 unicain
1791 4824 1964 4901 llebr.
1985 4822 2077 4901 est

488 4891 638 4970 textu
675 4891 998 4970 sententia,
1027 4899 1317 4970 "mgna-1
1354 4891 1546 4960 math.
1597 4905 1643 4951 ει
1673 4896 1878 4970 filium“
1914 4897 2076 4970 ""1","

486 4963 662 5038 nimis,
690 4963 902 5038 gemina
948 4965 1037 5020 hic
1064 4965 1346 5038 exGraeco
1377 4963 1821 5038 interpretatione
1851 4969 2078 5037 exponi-

486 5036 599 5096 tur,
629 5045 691 5086 ea
714 5032 924 5090 scilicet
951 5051 1110 5106 quam
1133 5037 1477 5106 jngnlamus,
1519 5032 1636 5094 ium
1668 5038 1769 5094 hac
1797 5032 1998 5106 altera,
2029 5047 2078 5094 et

488 5115 648 5180 opera
667 5118 853 5180 magna
873 5108 1080 5180 eruntqei
1100 5123 1254 5180 super
1277 5120 1487 5175 terram,
1510 5125 1736 5179 quarum
1758 5109 2073 5166 alterutram

489 5174 820 5256 redundare,
848 5174 1325 5256 perspicuum__es_l.
1358 5174 1678 5256 Quad:vere
1716 5180 1815 5236 hac
1843 5190 2073 5256 retenta,

493 5252 754 5321 priorem,
795 5267 915 5320 qua:
958 5261 1139 5309 tamen
1187 5252 1319 5308 lleb.
1371 5253 1610 5321 pressius
1655 5252 1870 5317 haeret,
1915 5252 2076 5315 ohelo

494 5320 906 5388 transfodimus,
943 5323 997 5379 in
1028 5339 1191 5380 causa
1219 5333 1306 5379 est
1344 5320 1586 5378 veterum
1625 5324 1952 5392 scriptorum
1982 5338 2078 5377 au-

490 5392 738 5466 ctoritas,
760 5405 965 5466 etcum
997 5397 1185 5464 primis
1212 5395 1407 5466 Chrys.
1441 5395 1493 5447 in
1524 5393 1722 5448 Catena
1755 5393 1931 5449 Graec.
1953 5392 2105 5466 APa--

491 5473 635 5518 trum
667 5463 721 5517 in
756 5463 859 5519 Job
891 5463 1253 5531 admonentis,
1295 5463 1373 5523 ὅθι
1406 5466 1678 5521 ὠϐἐλισται
1708 5467 1789 5525 τὸ,
1819 5469 1912 5520 Καὶ
1937 5464 2075 5524 131m-

491 5540 642 5612 ριᾳίᾳ
665 5536 819 5612 πολλὴ
840 5536 1038 5612 σφόδρα
1065 5555 1078 5590 :
1110 5537 1518 5612 quon_ian_r_obe_lo
1541 5544 1813 5612 denotatur
1831 5536 1990 5612 illud:
2009 5535 2078 5591 Et

493 5608 853 5678 ministerium
877 5608 1103 5664 inultum
1134 5609 1310 5666 valde.
1330 5608 1668 5664 Martianmus
1690 5608 1782 5678 qui
1806 5609 2075 5678 geminam

493 5677 722 5742 hancce,
747 5694 906 5749 quam
925 5678 1181 5746 diximus,
1201 5679 1361 5734 unius
1380 5680 1664 5735 sententia:
1681 5677 2076 5748 expositionem

497 5763 640 5822 esse,
670 5765 776 5822 non
796 5749 1201 5822 animadvertit,
1223 5758 1508 5822 utramque
1529 5766 1634 5806 una
1655 5752 1922 5822 probavit,
1949 5752 2076 5821 quin

495 5820 660 5878 etiam
686 5820 894 5896 Chrys.
924 5821 1126 5880 erroris
1152 5819 1326 5879 dicam
1359 5819 1669 5894 impingere
1684 5822 1864 5895 audet,
1894 5819 2076 5895 quem,

2182 1911 2322 1968 coelo
2350 1919 2407 1967 et
2431 1909 2802 1967 concremavit
2831 1923 2994 1978 oves,
3047 1915 3104 1964 et
3136 1915 3388 1980 pastores
3439 1905 3779 1977 consumpsit

2179 2003 2454 2069 similiter,
2506 2011 2560 2056 et
2617 2000 2886 2056 liberatus
2915 2014 3034 2055 sum
3064 2015 3166 2070 ego
3191 1999 3372 2065 solus,
3421 2006 3477 2054 et
3503 1998 3664 2067 veni,
3716 2006 3781 2053 ut

2182 2097 2494 2152 nuntiarem
2523 2093 2641 2149 tibi.
2668 2093 2862 2150 Adhuc
2887 2107 2954 2149 eo
2985 2093 3241 2163 loquente
3258 2131 3274 2159 ,
3295 2091 3443 2147 venit
3472 2091 3610 2146 alius
3636 2105 3780 2146 nun-

2184 2193 2294 2249 tius
2315 2231 2330 2257 ,
2354 2199 2410 2245 et
2437 2188 2578 2244 dixit
2607 2187 2672 2243 ad
2693 2187 2832 2244 Job:
2858 2187 3084 2258 Equites
3108 2186 3355 2244 fecerunt
3374 2185 3534 2240 nobis
3559 2194 3670 2240 tres
3689 2199 3779 2240 or-

2185 2282 2344 2340 dines
2366 2322 2382 2349 ,
2431 2290 2487 2337 et
2515 2280 2804 2336 cinxerunt
2857 2279 3128 2346 camelos,
3177 2287 3235 2334 et
3261 2284 3526 2348 ceperunt
3559 2290 3690 2345 eos,
3721 2283 3780 2331 et

2184 2389 2375 2432 servos
2403 2371 2722 2428 occiderunt
2750 2369 2984 2440 gladiis:
3028 2379 3082 2426 et
3114 2369 3378 2425 liberatus
3406 2382 3508 2439 ego
3533 2368 3681 2424 solus
3710 2380 3776 2422 σίν

2184 2475 2239 2524 et
2264 2465 2389 2522 veni
2411 2465 2434 2534 ζ
2461 2474 2518 2520 ut
2540 2463 2853 2520 nuntiarem
2880 2462 3000 2519 tibi.
3023 2461 3214 2518 Adhuc
3235 2476 3302 2518 eo
3326 2461 3612 2532 loquente,
3635 2458 3778 2515 alius

2185 2558 2412 2616 nuntius
2439 2557 2620 2627 venit,
2643 2554 2832 2613 dicens
2858 2572 2872 2609 :
2927 2553 3073 2630 [Job]
3111 2551 3232 2610 iﬁlii
3263 2553 3341 2610 tui
3369 2560 3427 2610 et
3466 2551 3596 2608 ﬁlia:
3627 2562 3733 2607 tua:
3755 2594 3772 2620 ,

2169 2695 2368 2764 inquit,
2395 2691 2739 2764 exploratum
2769 2690 3437 2764 habemus,_allucinatum
3468 2689 3641 2746 fuisse
3666 2691 3776 2764 im-

2170 2761 2379 2838 peritia;
2418 2761 2659 2838 librarii,
2707 2764 2814 2838 qui
2842 2763 2984 2838 male
3024 2761 3243 2838 obelum
3288 2771 3617 2838 appesuerat
3653 2762 3771 2838 jam

2171 2831 2330 2894 dictis
2348 2835 2641 2905 Scriptura:
2665 2833 2867 2888 verbis.
2892 2833 3062 2905 Immo
3083 2845 3214 2905 vero
3231 2832 3344 2905 ipse
3360 2831 3564 2886 fallitur
3583 2832 3771 2902 splen-

2172 2907 2322 2973 dide,
2346 2906 2435 2975 qui
2461 2903 2520 2962 S.
2554 2904 2843 2975 Doctorem
2869 2903 3291 2975 noniintellexit.

2249 2989 2271 3016 ο
2301 2973 2525 3047 Signum
2558 2974 2702 3030 istud
2724 2973 3162 3047 ab_exscriptore
3187 2973 3610 3047 prattermissum
3643 2987 3774 3042 sup-

2175 3044 2446 3115 plevimus
2473 3047 2664 3103 moniti
2692 3045 2759 3100 ab
2780 3044 3013 3112 Origene
3043 3045 3097 3098 in
3126 3045 3288 3112 epist.
3332 3045 3401 3099 ad
3431 3044 3768 3100 Africanum.

2180 3120 2316 3177 Vide
2349 3133 2514 3187 supra
2552 3116 2800 3187 Origenis
2829 3117 3220 3187 testimonium.
3251 3115 3432 3170 MART.

2243 3184 2546 3246 —0belnm
2569 3184 2941 3254 hic'praeponit
2961 3196 3015 3240 et
3041 3184 3282 3250 Graecus,
3316 3187 3408 3254 qui
3433 3194 3614 3239 tamen
3633 3185 3774 3241 inte-

2168 3264 2320 3334 grius
2338 3262 2508 3336 habet
2527 3260 2733 3336 p.60-er
2757 3258 2847 3313 ἕνα
2864 3259 2987 3336 ςιτςρέ
3010 3256 3268 3336 ῥιμαρτίας
3283 3258 3415 3336 {irrito
3431 3264 3531 3336 ςτῶν
3553 3255 3768 3336 ψυχῶν,

2169 3327 2278 3390 ἒιο.
2327 3327 2585 3401 Origenes
2617 3327 2880 3401 epist._ad
2911 3327 3150 3401 African.
3200 3343 3256 3382 n.
3289 3330 3322 3382 5
3343 3367 3359 3393 ,
3387 3327 3569 3401 'alter_o
3602 3327 3770 3401 etiam

2169 3405 2322 3471 loco,
2352 3397 2473 3479 περὶ
2497 3401 2631 3479 legit
2653 3415 2754 3469 pro
2775 3398 2938 3479 ρρτὲρ.
2957 3398 3187 3479 Quoquo
3215 3407 3397 3452 autem
3420 3397 3584 3452 modo
3611 3397 3771 3479 velis,

2170 3469 2490 3530 vertendum
2520 3471 2708 3526 Latine
2738 3469 2976 3538 videtur,
3005 3471 3225 3523 vitulum
3246 3485 3407 3524 unum
3429 3485 3526 3541 pro
3556 3476 3768 3539 peccato

2169 3562 2265 3619 pr0_
2299 3543 2569 3619 guimabus
2599 3557 2796 3619 eorum.

2239 3613 2269 3654 ά
2299 3615 2435 3669 Ρυιο
2488 3611 2848 3682 supplendum
2867 3679 2889 3682 __
2909 3610 2999 3664 hic
3041 3609 3140 3666 Dei
3181 3625 3378 3666 nomen
3424 3624 3608 3682 esse,
3647 3625 3770 3666 nam

2169 3696 2225 3744 et
2254 3687 2479 3742 Graecus
2519 3679 2717 3750 habet,
2764 3683 2811 3737 oi
2855 3679 3060 3757 ἄγγελοι
3095 3689 3383 3751 τοῦ.Θεοῦ,
3434 3689 3492 3736 et
3521 3681 3652 3737 Heb.
3686 3690 3775 3741 ἰι

2169 3764 2414 3841 utrium.
2442 3777 2583 3846 Quin
2625 3775 2809 3845 potius
2835 3773 2979 3844 quod
3010 3773 3268 3843 praecedit
3296 3789 3409 3829 cccc
3431 3772 3771 3840 adverbium,

2169 3855 2344 3906 omitti
2372 3855 2588 3919 poterat
2617 3857 2717 3919 aut
2736 3847 2895 3919 obelo
2926 3846 3121 3900 notari.

2246 3931 2270 3960 ο
2302 3914 2574 3976 Obscurus
2600 3927 2684 3972 est
2707 3917 2807 3970 iSte
2831 3916 2980 3970 locus
3006 3917 3148 3984 apud
3176 3914 3489 3986 Origenem.
3517 3914 3774 3971 Consulat

2167 3990 2551 4064 quivoluerit,
2588 3985 3060 4064 notas‘Bodolphi
3099 3985 3343 4064 Westeni
3387 3988 3450 4064 in_
3479 3986 3770 4064 epistolam

2169 4058 2235 4118 ad
2260 4061 2603 4117 Africanum.
2624 4058 2732 4112 Nos
2752 4058 2912 4111 [idem
2929 4071 3030 4111 ms.
3064 4059 3266 4112 codicis
3281 4058 3476 4122 secuti,
3508 4059 3598 4127 qui
3631 4067 3773 4112 aste-

2169 4136 2371 4188 riscum
2418 4139 2570 4187 notat
2605 4129 2709 4182 hoc
2738 4129 2862 4183 loco
2892 4171 2907 4197 ,
2953 4127 3062 4182 duo
3111 4139 3307 4196 puncta
3355 4136 3479 4196 post
3519 4127 3767 4194 verbum,

2169 4204 2427 4274 equidem,
2471 4200 2891 4274 impressiinus:
2920 4198 3058 4274 certi
3088 4214 3156 4254 ex
3196 4199 3524 4274 Augustino,
3576 4198 3768 4274 Hiero-

2170 4269 2392 4399 n'yrnum
2415 4269 2565 4399 ξιξερο
2593 4271 2662 4327 ad
2691 4270 2906 4341 singula
2943 4270 3142 4340 verba,
3181 4269 3425 4342 singulas
3451 4271 3771 4342 apposuisse

2170 4357 2252 4399 ste
2299 4361 2379 4399 as.
2468 4359 2594 4399 aur.

2169 4346 2379 4401 stellas.
2415 4346 2594 4399 MART.

2245 4415 2266 4455 ί
2303 4415 2421 4470 Νοη
2447 4416 2610 4468 aliam
2651 4413 2871 4469 videtur
2903 4413 3165 4482 Origenes
3208 4410 3274 4466 ad
3324 4410 3466 4466 hunc
3507 4411 3683 4468 locum
3713 4411 3768 4466 in

2097 4492 2148 4552 D
2175 4487 2386 4543 laudata
2416 4485 2579 4540 modo
2607 4486 2768 4556 epist.
2801 4485 2867 4539 ad
2895 4483 3210 4556 Africanum
3238 4483 3532 4556 verborum
3563 4484 3775 4556 periec-

2176 4575 2278 4629 pen
2324 4558 2564 4622 ὁϐελίζειν
2589 4599 2605 4622 ,
2638 4553 2814 4629 quam
2864 4570 2984 4623 qua:
3025 4556 3084 4629 in
3112 4553 3333 4629 ‘Grmcis
3375 4553 3773 4629 exemplaribus

2176 4623 2459 4700 perperam
2485 4629 2575 4702 hic
2587 4623 2910 4702 addebatur,
2927 4626 3202 4702 περωλβών
3226 4628 3319 4684 τὴν
3341 4632 3435 4697 γῆν
3456 4623 3774 4702 καὶἑέμπερι-

2173 4696 2416 4763 ἆται-ᾖσας
2441 4705 2532 4761 τὴν
2552 4699 2640 4755 ὑπ’
2666 4698 2900 4774 adpotum,
2914 4696 3036 4766 qua:
3052 4696 3453 4774 adsequentem
3476 4696 3633 4774 unice
3653 4696 3776 4774 ver-

2174 4787 2294 4827 sum
2323 4781 2589 4839 Spectant,
2619 4781 2674 4824 et
2699 4765 2756 4839 iit
2785 4765 3002 4839 nupera
3021 4766 3226 4839 codicis
3269 4766 3619 4821 Alexandrini
3651 4765 3770 4822 edi-

2177 4843 2325 4899 tione
2351 4838 2686 4912 jugulantur.
2714 4838 2834 4912 Non
2868 4879 2884 4905 ,
2911 4838 3341 4912 u_t_Martianteus
3366 4845 3525 4912 putati
3543 4878 3558 4904 ,
3587 4851 3648 4892 ea
3666 4853 3774 4912 _vo-

2175 4916 2278 4987 luit
2305 4907 2665 4987 Adamantius
2683 4911 2871 4981 verba,
2900 4907 2992 4965 ubi
3022 4917 3171 4964 recte
3203 4909 3344 4965 infra
3375 4922 3475 4966 suo
3514 4911 3635 4987 loco
3666 4909 3764 4964 Ita-

2177 4986 2395 5052 bentur,
2429 4983 2689 5052 expungi.

2251 5067 2277 5106 ε
2305 5049 2412 5112 Ista
2449 5049 2700 5123 leguntur
2734 5054 2789 5109 in
2829 5051 3061 5109 Hebraeo
3106 5059 3308 5122 praeter
3353 5049 3724 5123 illud,eadsum
3750 5065 3771 5106 :

2177 5143 2346 5197 quare
2390 5121 2677 5196 corruptus
2725 5123 2943 5197 videtur
2990 5121 3171 5178 textus
3218 5122 3464 5192 epistola:
3489 5121 3768 5192 Origenis;

2179 5195 2268 5253 ubi
2313 5197 2533 5264 dicitur,
2561 5195 2565 5196 “
2591 5195 2902 5267 circumiens
2954 5203 3149 5267 terram
3196 5202 3244 5248 et
3286 5210 3570 5267 peragrans
3617 5210 3766 5261 eam,

2177 5267 2456 5325 abundare
2480 5265 2619 5336 apud
2645 5267 3016 5337 Septuaginta.
3051 5266 3233 5337 Man'r.

2251 5337 2279 5377 ιι
2311 5340 2454 5394 Bene
2481 5334 2664 5393 monet
2683 5334 3108 5408 Cltrys'ostomus
3137 5334 3602 5408 adhunclocum,
3632 5337 3768 5408 ignis

2179 5410 2369 5464 decidit
2399 5411 2463 5464 de
2488 5410 2637 5475 cmlo,
2668 5405 2824 5480 apud_
2840 5408 3091 5480 Aquilam
3120 5414 3190 5480 et
3213 5405 3767 5480 Theodotionem'ad-

2179 5481 2348 5538 ditnm
2373 5483 2536 5536 fuisse
2561 5475 2760 5536 nomen
2786 5475 2915 5548 Dei,
2951 5477 3004 5533 id
3041 5486 3146 5545 est,
3173 5476 3308 5550 ignis
3347 5475 3447 5534 Dei
3476 5479 3666 5534 decidit
3705 5477 3768 5533 de

2179 5554 2323 5606 caelo.
2353 5553 2533 5606 MART.

2179 5554 2323 5608 caelo.
2353 5554 2533 5607 MART.

2258 5623 2274 5662 ί
2305 5623 2548 5680 Positum
2577 5621 2662 5676 hic
2690 5619 2796 5676 loci
2847 5619 2916 5676 ab
2965 5619 3302 5686 exscriptore
3329 5621 3543 5677 obelum
3585 5631 3767 5676 sustu-

2182 5698 2344 5753 limus
2377 5710 2391 5747 :
2423 5710 2531 5749 non
2573 5692 2718 5749 enim
2763 5700 2894 5746 ante
2923 5706 3112 5747 vocem
3144 5691 3283 5748 hanc
3323 5693 3482 5758 alius,
3514 5691 3608 5746 sed
3640 5699 3767 5748 ante

2182 5766 2432 5832 verbum,
2455 5763 2575 5832 Job,
2604 5762 2963 5833 apponendus
2989 5774 3128 5832 erat,
3151 5764 3276 5834 quia
3302 5762 3401 5819 Job
3431 5776 3542 5821 non
3575 5763 3767 5834 legitur

2183 5841 2239 5899 in
2263 5836 2554 5899 llebraico.
2584 5835 2762 5895 Mam.
