4062 6356
236 336 306 402 85
998 326 999 329 ¹
1372 324 1577 393 LIBER
1617 328 1758 393 JOB.
1800 324 2076 390 ALTERA
2117 322 2389 391 VERSIO.
3462 322 3532 388 66

238 458 358 515 dum
392 449 692 513 comedunt
735 459 789 510 et
815 445 1005 509 bibunt
1032 448 1225 508 vinum
1258 449 1400 522 apud
1429 450 1650 507 fratrem
1681 465 1834 506 suum
1863 454 1913 512 A
1942 464 2039 518 per
2069 456 2299 516 terram,
2328 448 2492 503 homo
2540 442 2803 503 innocens
2824 487 2840 517 ,
2865 457 3034 503 verax
3061 443 3159 504 Dei
3186 444 3387 515 cultor,
3414 448 3545 504 abs-

237 552 509 609 seniorem
537 591 555 617 ,
585 547 768 604 subito
800 547 1020 618 spiritus
1046 545 1315 616 malignus
1348 544 1507 599 irruit
1544 559 1571 597 a
1597 542 1838 610 deserto,

236 654 287 700 et
314 644 501 714 tetigit
526 649 761 711 quatuor
785 639 1011 709 angulos
1041 637 1273 706 domus),
1307 646 1361 692 et
1387 638 1528 706 ruit,
1561 635 1588 664 ⁸
1614 646 1667 691 et
1698 636 1838 691 libe-

236 744 382 793 ratus
402 750 524 789 sum
548 748 651 805 ego
672 734 821 789 s‘olus
845 773 860 801 ,
886 739 942 787 et
963 729 1117 799 veni,
1144 738 1203 785 ut
1223 728 1525 784 nuntiarem
1552 726 1668 784 tibi.
1692 728 1843 784 Tunc

238 826 475 884 surrexit
501 825 640 892 Job,
664 834 722 882 et
749 823 1015 880 conscidit
1041 822 1365 879 vestimenta
1397 837 1493 877 sua
1517 866 1531 892 ,
1578 829 1631 877 et
1666 830 1844 877 toton-

238 921 311 976 dit
338 935 556 975 comam
587 918 787 989 capitis
816 917 899 973 sui
927 932 941 971 :
973 924 1029 971 et
1056 914 1353 987 procidens
1383 913 1437 970 in
1484 923 1684 969 terram
1715 926 1840 969 ora-

237 996 348 1082 vit,
378 1022 436 1069 et
464 1013 607 1068 dixit
635 1030 649 1068 :
678 1012 863 1067 Nudus
892 1011 1004 1067 exii
1033 1010 1101 1065 de
1132 1018 1289 1065 utero
1336 1007 1526 1063 matris
1568 1022 1737 1074 meae,
1790 1016 1846 1062 et

240 1107 413 1165 nudus
442 1106 638 1161 vadam
670 1104 824 1161 illuc.
855 1103 1119 1159 Dominus
1142 1103 1325 1171 dedit,
1356 1102 1621 1157 Dominus
1650 1102 1844 1157 abstu-

238 1199 336 1255 lit:
366 1215 429 1255 +
466 1200 612 1256 sicut
641 1199 876 1254 Domino
908 1198 1110 1268 placuit
1142 1198 1215 1252 ita
1248 1198 1448 1252 factum
1478 1205 1561 1251 est
1589 1196 1611 1265 1
1642 1196 1715 1251 sit
1744 1210 1844 1249 no-

245 1308 366 1349 men
397 1292 621 1348 Domini
650 1291 1020 1348 benedictum.
1056 1291 1117 1346 ln
1147 1290 1407 1345 omnibus
1452 1288 1539 1343 his
1590 1303 1678 1354 ὴ,
1726 1303 1846 1357 qute

241 1385 591 1455 contigerunt
613 1384 662 1439 ei
690 1383 713 1451 1
740 1398 848 1438 non
876 1380 1122 1453 peccavit
1144 1382 1247 1438 Job
1273 1396 1329 1436 σιν
1359 1395 1542 1437 coram
1566 1378 1794 1435 Domino
1819 1379 1841 1448 1

244 1487 296 1532 et
317 1492 428 1532 non
454 1474 611 1531 dedit
640 1474 1013 1546 insipientiam
1042 1475 1179 1531 Deo.

314 1568 473 1641 [Cap.
508 1567 598 1641 11.]
639 1568 711 1624 Et
749 1568 951 1625 factum
983 1577 1067 1625 est
1116 1569 1170 1623 in
1220 1567 1327 1623 illis
1357 1566 1551 1624 diebus
1578 1576 1849 1622 venerunt

245 1660 341 1715 lilii
372 1661 504 1727 Dei,
528 1668 591 1715 ut
619 1669 865 1716 astarent
890 1670 1017 1716 ante
1047 1660 1336 1715 Dominum
1365 1702 1379 1726 ,
1406 1670 1461 1715 et
1486 1661 1630 1715 venit
1659 1659 1849 1714 diabo-

246 1757 326 1812 lus
356 1756 411 1811 in
441 1757 627 1812 medio
652 1771 842 1811 eorum
872 1759 939 1824 >κ
968 1765 1028 1810 ιιι
1055 1764 1226 1811 staret
1257 1770 1439 1811 coram
1474 1754 1704 1810 Domino
1732 1754 1753 1822 1
1782 1753 1850 1808 Et

1947 543 2126 598 tinens
2154 558 2214 598 se
2244 542 2311 597 ab
2342 542 2490 597 omni
2523 541 2667 598 malo
2692 582 2707 608 ,
2740 552 2793 598 et
2822 541 3000 598 adhuc
3029 550 3345 613 perseverat
3376 541 3429 596 in
3461 543 3545 599 in-

1945 636 2190 691 nocentia
2216 654 2228 688 :
2258 645 2312 691 tu
2335 651 2464 691 vero
2485 634 2670 690 dixisti
2695 679 2711 704 ,
2735 644 2793 691 ut
2817 636 3180 692 substantiam
3202 636 3321 708 ejus
3341 635 3544 693 frustra

1945 730 2255 802 perderem.
2269 730 2633 801 Respondens
2652 737 2833 786 autem
2847 729 3098 786 diabolus
3113 730 3364 797 Domino,
3384 731 3543 788 dixit:

1946 823 2163 879 Corium
2221 837 2320 893 pro
2373 822 2559 889 corio,
2610 831 2666 877 et
2711 821 2894 877 omnia
2941 836 3303 893 quaecumque
3338 822 3545 879 habue.

1945 918 2020 972 rit
2050 918 2214 971 homo
2240 915 2386 971 dabit
2416 931 2515 987 pro
2544 915 2721 971 anima
2751 930 2870 971 sua.
2924 915 3032 972 Sed
3063 916 3296 974 extende
3324 933 3542 974 manum

1946 1017 2091 1063 tuam
2112 1050 2128 1076 ,
2153 1016 2209 1064 et
2240 1016 2399 1079 tange
2427 1022 2550 1064 ossa
2582 1018 2637 1065 et
2665 1023 2861 1065 carnes
2885 1009 3005 1080 ejus
3030 1054 3045 1079 ,
3071 1010 3177 1067 nisi
3206 1010 3260 1066 in
3289 1010 3427 1067 facie
3457 1020 3549 1066 tua

1948 1101 2290 1159 benedixerit
2316 1102 2440 1157 tibi.
2460 1102 2607 1158 Dixit
2633 1110 2815 1160 autem
2842 1103 3103 1161 Dominus
3125 1103 3382 1160 diabolo:
3408 1105 3550 1162 Ecce

1950 1196 2103 1252 trado
2133 1195 2287 1251 illum
2320 1196 2413 1251 tibi
2443 1213 2457 1251 :
2491 1205 2698 1251 tantum
2758 1197 2995 1252 animam
3047 1197 3166 1268 ejus
3195 1199 3433 1253 custodi.
3481 1197 3551 1254 Et

1949 1303 2203 1359 egressus
2231 1288 2487 1343 diabolus
2610 1306 2638 1342 a
2674 1288 2811 1345 facie
2852 1290 3063 1345 Domini
3098 1290 3120 1358 1
3154 1291 3426 1360 percussit
3449 1291 3553 1347 Job

1949 1383 2174 1438 vulnere
2205 1383 2444 1453 pessimo
2464 1424 2480 1451 ,
2505 1398 2533 1437 a
2566 1382 2798 1454 pedibus
2828 1398 3000 1455 usque
3029 1384 3096 1440 ad
3129 1394 3309 1455 caput.
3335 1385 3403 1441 Et
3432 1385 3552 1441 tulit

1953 1478 2020 1543 Ξῖ(
2049 1475 2149 1531 sibi
2180 1474 2202 1542 1
2234 1484 2427 1529 testam
2458 1519 2471 1544 ,
2496 1484 2557 1529 ut
2586 1475 2804 1530 raderet
2831 1477 3059 1532 saniem.
3088 1476 3156 1531 Et
3180 1481 3245 1545 >z<
3274 1478 3391 1547 ipse
3417 1478 3438 1546 1
3466 1492 3553 1534 se-

1950 1567 2112 1622 debat
2142 1567 2195 1622 in
2250 1565 2543 1623 stercoreb
2570 1565 2742 1638 [extra
2773 1567 3075 1623 civitatem.
3106 1568 3378 1641 Tempore
3421 1585 3553 1627 vero

1951 1659 2125 1714 multo
2156 1657 2414 1731 injecto:]
2541 1658 2611 1713 Et
2639 1659 2777 1714 dixit
2808 1660 2883 1714 illi
2917 1676 3059 1716 uxor
3087 1675 3219 1715 sua:
3248 1661 3549 1733 Quousque

1951 1751 2245 1807 sustinebis
2272 1767 2331 1807 οξ
2358 1751 2547 1807 dicens
2572 1762 2595 1791 ο
2625 1751 2648 1820 1
2679 1752 2821 1807 Ecce
2849 1762 3108 1823 exspecto
3138 1769 3306 1823 parvo
3331 1769 3392 1809 -:~
3422 1769 3549 1811 sus-

248 1849 379 1903 dixit
410 1848 681 1905 Dominus
711 1848 934 1905 diabolo
961 1866 977 1905 :
1003 1849 1161 1906 Unde
1194 1858 1250 1904 tu
1283 1850 1481 1904 venis?
1509 1850 1576 1903 Et
1620 1864 1845 1919 respon-
1876 1853 1922 1913 B
1953 1845 2127 1900 tinens
2160 1860 2310 1914 spem
2344 1844 2571 1898 salutis?
2620 1858 2682 1899 ~2-
2715 1844 2855 1900 Ecce
2888 1845 3035 1899 enim
3063 1846 3423 1901 exterminata
3466 1855 3552 1903 est

249 1943 323 1998 dit
348 1943 599 1999 diabolus
647 1943 882 1999 Domino
913 1946 979 2013 )t<
1025 1952 1080 1999 et
1110 1943 1246 1998 dixit
1279 1943 1302 2012 1
1334 1942 1567 1998 Circuivi
1599 1958 1718 2012 qua:
1747 1943 1848 1997 sub

253 2036 385 2090 uelo
412 2044 573 2101 sunt;
607 2044 661 2091 et
699 2043 990 2106 peragrato
1025 2045 1137 2091 toto
1162 2034 1331 2099 orbe,
1378 2033 1589 2090 adsum.
1617 2032 1689 2087 Et
1716 2033 1853 2088 dixit

253 2128 509 2183 Dominus
559 2127 629 2183 ad
674 2128 953 2185 diabolum
987 2145 999 2182 :
1028 2127 1477 2183 Animadvertisti
1509 2142 1640 2196 ergo
1669 2126 1847 2182 lamu-

254 2220 357 2274 lum
374 2235 559 2276 meum
575 2218 970 2291 Job,quia’non
1002 2229 1086 2276 est
1113 2221 1397 2291 quisquam
1427 2217 1617 2275 similis
1656 2218 1731 2274 illi
1759 2234 1851 2274 su-

317 2468 387 2481 -
419 2436 719 2518 Scripserit
755 2438 1020 2518 Origenes
1060 2436 1276 2518 ἔρχεται
1302 2454 1361 2518 te
1394 2438 1525 2518 arpi);
1561 2437 1672 2495 ἰὠϐ
1687 2440 1737 2518 Δζ
1767 2440 1851 2495 λέ-

251 2535 372 2584 νων,
390 2519 500 2566 etc.
530 2510 602 2566 ad
628 2509 786 2584 cujus
808 2510 1019 2584 videtur
1041 2509 1463 2584 norinam_locu's
1487 2511 1591 2584 is_te
1617 2510 1853 2584 religet};

251 2580 372 2647 dus,
397 2583 532 2635 uenit
555 2596 615 2635 -ξ-
648 2583 716 2634 ad
745 2580 845 2634 Job
864 2582 884 2647 1
904 2582 1097 2645 dicens,
1128 2593 1232 2635 etc.
1262 2580 1423 2635 Certe
1453 2581 1504 2634 in
1535 2581 1698 2635 llebr.
1727 2580 1850 2641 Jobi

255 2667 478 2716 nomen,
511 2652 655 2719 quod
689 2652 823 2706 adeo
853 2652 1069 2706 uncinis
1101 2651 1442 2713 inclusimus,
1478 2660 1641 2705 tacet.

326 2734 353 2760 ι
382 2723 666 2778 Desuntin
700 2738 801 2777 ms.
829 2737 950 2793 qum
979 2732 1280 2791 sequuntur
1314 2740 1327 2775 :
1368 2721 1655 2793 ceciditque
1693 2738 1851 2793 super

254 2810 461 2867 pueros,
490 2794 758 2867 etrmortui
785 2801 923 2867 sunt,
957 2793 1135 2867 binm.

321 2864 601 2934 —Supple
617 2881 681 2920 ex
697 2863 886 2935 Graeco
908 2864 1118 2935 isthazc:
1140 2864 1321 2917 domus
1343 2880 1496 2935 super
1513 2879 1696 2935 pueros
1716 2875 1848 2933 tuos,

254 2946 304 2991 et
327 2939 513 2989 mortui
547 2945 689 2998 sunt,
722 2951 838 3003 qua:
871 2934 1080 2989 librarii
1110 2934 1485 2990 oscitantia’in
1517 2939 1706 2990 Latino
1747 2952 1851 2991 ms.

254 3007 545 3071 excidisse,
579 3006 709 3060 nihil
738 3015 822 3060 est
846 3005 1094 3060 dubium.

326 3077 503 3143 bQua:
545 3077 687 3132 intra
728 3079 953 3131 uncinos
983 3077 1383 3145 comprehensa
1413 3087 1559 3141 sunt,
1592 3091 1698 3131 non
1728 3084 1854 3130 sunt

256 3157 440 3204 notata
481 3148 723 3202 obelisco
756 3148 808 3200 in
845 3162 949 3202 ms.
991 3148 1215 3211 codice;
1258 3147 1358 3202 etsi
1408 3148 1630 3203 minime
1669 3148 1855 3216 lcgan-

256 3232 364 3283 tur,
393 3220 536 3288 apud
574 3218 852 3289 Hebraeos.
884 3216 1292 3289 redundentque
1337 3218 1390 3270 in
1423 3216 1625 3273 Graecis
1672 3234 1856 3272 exem-

261 3290 514 3361 plaribus
538 3288 703 3343 LXX.
734 3288 890 3361 Quid,
919 3303 1048 3343 vero
1074 3289 1266 3344 doceat
1297 3302 1395 3342 nos
1420 3288 1738 3361 immediate
1768 3305 1853 3343 se-

257 3358 434 3431 quens
465 3362 783 3427 asteriscus,
810 3359 958 3431 scire
983 3376 1096 3431 non
1140 3374 1378 3429 possmn.
1416 3358 1541 3431 ideo
1575 3368 1850 3431 tamquam

260 3430 471 3488 inutilis
502 3442 557 3485 et
590 3446 777 3485 errore
807 3430 1154 3486 librariorum
1188 3431 1395 3501 positus
1424 3430 1707 3486 habendus
1735 3446 1856 3486 esse

262 3503 503 3558 videtur.
531 3501 717 3556 ΜΑιιτ.

336 3574 663 3628 —'l‘otidem
682 3582 809 3627 sunt
823 3582 876 3629 et
897 3573 949 3628 in
963 3573 1156 3629 Grazco
1176 3571 1362 3637 verba,
1379 3586 1477 3627 nec
1494 3581 1670 3627 tamen
1685 3573 1861 3628 ὠϐελι·

267 3647 611 3718 σμέναηίιιιεβ
640 3661 736 3698 nos
775 3645 986 3718 uncinis
1025 3644 1579 3718 circumscripsimus,
1601 3646 1782 3718 quod
1805 3645 1858 3698 in

264 3713 406 3791 Hel).
435 3713 817 3791 desiderentur
842 3731 858 3768 :
888 3714 996 3791 ἔξω
1020 3723 1111 3791 τῆς
1134 3715 1570 3791 πόλεωςηΧρόνου
1594 3713 1650 3770 δὲ
1678 3715 1859 3791 πᾳλλοῦ

266 3784 682 3860 προϐεϐηκότος.
701 3786 811 3860 Qui
837 3787 1183 3860 subsequitur
1209 3784 1523 3850 aSteriséus,
1556 3788 1858 3860 nnnm_i_l|u-

265 3856 494 3914 ceseere
518 3858 669 3920 facit,
692 3856 780 3923 Et,
806 3857 1076 3921 voculam,
1102 3872 1261 3925 quam
1282 3870 1379 3910 nos
1403 3870 1433 3909 e
1460 3857 1693 3910 textibus
1723 3856 1858 3923 lleb.

266 3930 534 3984 βίοι-ωηο
559 3926 892 3993 sull'ecimus,
918 3938 973 3981 ut
990 3928 1105 3996 ipsa
1120 3926 1383 3990 asterisci,
1405 3941 1564 3995 quem
1590 3926 1861 3994 inutilem,

268 4016 334 4053 ac
360 4000 597 4068 positum
625 3999 981 4053 librariorum
1012 4012 1201 4053 errore
1248 3997 1593 4052 Martianazus
1632 4001 1862 4068 putavit,

269 4074 413 4126 ratio
458 4079 751 4123 constaret.

348 4153 368 4179 ε
403 4138 692 4195 Manifesto
739 4138 1096 4209 exscriptoris
1138 4152 1335 4209 errore
1360 4135 1449 4192 hic
1490 4147 1707 4194 notatus
1753 4147 1869 4194 erat

271 4214 577 4266 a5tcriscus
608 4226 703 4279 pro
729 4211 882 4281 signo
910 4208 1079 4275 abeli,
1121 4220 1175 4265 et
1213 4208 1431 4280 quidem
1465 4219 1585 4281 post
1620 4210 1867 4275 verbum,

271 4284 478 4347 dicens,
514 4281 657 4350 quod
691 4280 797 4335 non
839 4282 1033 4350 legitur
1073 4281 1125 4335 in
1160 4281 1448 4336 llehraico.
1484 4280 1592 4334 Nos
1621 4281 1870 4348 Origenis

273 4355 599 4407 auctoritate
622 4350 765 4416 fulti,
804 4353 916 4406 suis
939 4352 1075 4407 locis
1102 4367 1165 4407 ac
1204 4353 1374 4422 signis
1415 4352 1595 4405 omnia
1626 4353 1869 4406 restitui-

273 4440 416 4478 mns.
456 4424 634 4477 Mam.

347 4492 770 4549 —-3lartianacus
790 4492 996 4548 hicdno
1010 4493 1277 4548 crassiora
1300 4502 1495 4562 puncta
1520 4502 1869 4564 opposuerat,

274 4565 341 4619 ad
379 4565 546 4620 ﬂuent
580 4566 924 4636 ὠϐελισμένης
952 4568 1101 4619 v0cis
1127 4564 1518 4633 denotandum,
1561 4565 1783 4635 perinde
1808 4578 1872 4619 ac

1955 1936 2215 1991 memoria
2248 1943 2339 1989 tua
2372 1950 2399 1987 a
2430 1943 2572 1990 terra
2596 1930 2624 1971 ά
2676 1949 2737 1989 +
2772 1935 2866 1989 ﬁlii
2898 1943 2953 1990 et
3002 1935 3158 2006 ﬁliae,
3210 1936 3317 1993 mei
3349 1938 3553 1993 ventris

1953 2028 2175 2085 dolores
2202 2036 2257 2083 et
2286 2028 2520 2098 gemitus
2553 2042 2606 2081 -:—
2646 2041 2783 2097 quos
2815 2026 3016 2082 frustra
3049 2028 3259 2098 portari
3289 2044 3411 2085 cum
3470 2029 3553 2085 la-

1953 2121 2086 2177 bore
2120 2135 2181 2175 +
2210 2118 2401 2190 Tuque
2428 2118 2482 2173 in
2524 2118 2812 2189 putredine
2843 2119 3110 2174 vermium
3143 2120 3301 2177 sedes
3337 2136 3398 2176 +
3430 2136 3556 2191 per-

1952 2225 2183 2273 noctans
2211 2215 2312 2271 sub
2340 2214 2472 2271 divo
2498 2223 2521 2252 θ
2549 2229 2611 2270 ~:-
2645 2221 2701 2271 et
2728 2228 2828 2286 ego
2856 2213 3153 2283 oberrans,
3172 2224 3227 2272 et
3253 2215 3554 2287 deprecans

1957 2451 2196 2495 morere.
2227 2437 2370 2493 Nihil
2402 2437 2506 2494 hoc
2532 2438 2859 2497 luculentius
2891 2442 3228 2501 testimonio.

2030 2508 2055 2546 ἀ
2092 2513 2166 2564 Ex
2199 2510 2550 2585 distinctione
2580 2512 2994 2585 versiculorum,
3026 2531 3186 2585 quam
3217 2515 3414 2574 retinet
3446 2533 3547 2576 ms.

1961 2581 2376 2655 Alexandrinus
2410 2579 2464 2655 in
2512 2582 2712 2636 Catena
2761 2579 3073 2639 Grzccorum
3114 2586 3367 2655 Patrum,
3410 2590 3554 2646 hunc

1957 2652 2178 2727 obelum
2217 2652 2612 2727 supplevimus
2640 2664 2767 2727 :_tot
2812 2670 3045 2727 namque
3085 2652 3381 2727 Scriptura:
3426 2672 3554 2727 pars

1961 2723 2152 2794 isthmc
2181 2721 2372 2794 obelos
2401 2721 2563 2776 debet
2602 2724 2825 2789 habere,
2855 2721 2989 2794 quot
3010 2724 3172 2781 habet
3208 2721 3506 2784 versiculos
3537 2748 3551 2786 :

1959 2793 2198 2861 alioquin
2247 2792 3036 2869 minime_perspeetum:for13t
3063 2799 3314 2864 intuenti,
3347 2808 3549 2869 quanta

1956 2878 2208 2941 versuum
2230 2863 2380 2932 copia
2406 2864 2673 2941 redundet
2696 2866 2833 2941 apud
2860 2865 3005 2941 LXX
3026 2863 3381 2941 interpretes,
3400 2870 3575 2941 cujus.

1956 2936 2163 2990 nullum
2189 2941 2367 2988 exstat
2393 2935 2677 3003 vestigium
2701 2936 2752 2989 in
2776 2936 3128 2992 Hebraeorum
3154 2935 3541 2996 voluminibus.

1958 3007 2129 3060 Porro
2154 3005 2277 3059 vice
2304 3020 2463 3060 versa
2504 3005 2753 3076 nonnihil
2773 3008 2966 3076 juvant
2988 3008 3131 3063 obeli
3164 3008 3253 3065 hic
3284 3013 3451 3067 notati
3483 3013 3549 3067 ad

1959 3076 2353 3133 restituendam
2402 3075 2694 3142 perfectam
2744 3075 2999 3132 versuum
3041 3078 3449 3138 distinctionem
3499 3085 3554 3138 in

1960 3164 2063 3202 ms.
2092 3146 2485 3218 Alexandrino,
2513 3150 2637 3216 quia
2665 3162 3068 3218 nonnumquam
3093 3152 3201 3206 duo
3233 3168 3424 3209 versus
3451 3154 3554 3209 sub

1964 3234 2066 3274 una
2097 3218 2369 3271 divisione
2397 3217 2469 3270 ibi
2502 3218 2773 3287 leguntur.
2805 3217 2981 3274 ΜΑιιτ.

2041 3299 2063 3326 θ
2098 3288 2283 3357 Neque
2313 3288 2465 3357 plura
2499 3289 2720 3343 Graecus
2749 3290 2913 3345 habet
2943 3302 3121 3348 textus
3152 3312 3165 3349 :
3208 3295 3558 3352 Martianaeus

1967 3370 2147 3436 tamen
2197 3360 2248 3412 in
2304 3358 2579 3436 Addendis
2610 3361 2842 3436 alterum
2878 3364 3019 3418 hunc
3056 3380 3273 3421 versum
3317 3368 3557 3436 suppleri

1963 3431 2050 3505 hic
2072 3430 2226 3505 jubet
2257 3438 2417 3505 atque
2450 3430 2728 3505 interseri;
2766 3430 2833 3485 Et
2857 3450 2942 3487 ero
2973 3452 3122 3505 vaga,
3152 3446 3201 3491 et
3242 3430 3436 3490 habitu
3464 3454 3558 3492 an-

1963 3499 2086 3555 cilla
2113 3499 2404 3565 ambulans,
2436 3501 2575 3571 quod
2629 3504 2744 3557 lucc
2793 3506 2954 3558 verba
3001 3499 3140 3560 lecta
3186 3507 3315 3562 olim
3367 3509 3475 3563 sint
3502 3508 3555 3562 in

1964 3573 2073 3626 alio
2135 3572 2431 3641 exemplari
2478 3571 2580 3626 Job
2623 3572 2775 3641 juxta
2822 3574 2968 3629 LXX
3012 3592 3043 3630 a
3088 3577 3244 3634 loan.
3304 3579 3558 3634 Camera-

1970 3642 2054 3697 rio
2088 3642 2380 3711 Dalburgio
2408 3643 2665 3711 episcopo
2698 3644 3052 3712 Vangionum.
3104 3648 3390 3704 Constabit
3427 3665 3557 3705 vero

1965 3714 2034 3787 ab
2067 3714 2337 3787 hnjnsmet
2367 3714 2604 3787 episcopi
2641 3729 2764 3769 mox
2788 3718 3071 3772 recitando
3100 3720 3434 3787 testimonio,
3461 3721 3561 3775 mi-

1968 3784 2115 3838 nime
2160 3784 2521 3860 supplendam
2572 3800 2690 3838 eam
2739 3788 2901 3860 simul
2945 3803 3080 3860 esse
3109 3784 3429 3860 pericopen,
3459 3791 3554 3845 sed

1968 3864 2110 3910 stare
2160 3868 2258 3923 pro
2310 3853 2396 3907 hic
2441 3857 2737 3929 impressa,
2789 3854 2874 3929 Et,
2905 3874 2996 3929 ego
3034 3853 3314 3925 oberrans;
3350 3853 3422 3915 ρι’
3472 3862 3565 3914 de-

1971 3941 2183 3999 precans
2217 3940 2236 3978 :
2260 3932 2316 3999 et
2338 3926 2479 3994 quod
2502 3925 2596 3999 ille
2630 3928 2837 3982 invenit
2864 3926 2915 3982 in
2934 3925 3263 3999 Badagiensi
3294 3941 3565 3987 monaste-

1969 3988 2052 4051 rio
2074 3988 2479 4066 exemplar-non
2499 3997 2717 4052 Hieron.
2744 3998 3030 4064 versionis,
3055 3988 3149 4055 sed
3168 4003 3306 4057 alius
3328 4001 3560 4058 fortasse
3652 3988 3669 4001 ”

1971 4067 2296 4136 antiquioris
2323 4081 2466 4143 esse.
2493 4066 2583 4143 Sic
2610 4077 2789 4124 autem
2814 4070 2977 4125 verba
2993 4070 3125 4143 ejus,
3143 4072 3341 4128 habent
3365 4090 3378 4127 :
3405 4072 3562 4143 Saepe

1972 4146 2209 4211 quaestus
2239 4154 2383 4201 sum,
2419 4139 2747 4211 scripturam
2792 4155 2935 4196 sacr.
2971 4141 3217 4211 pluribus
3265 4144 3317 4199 in
3367 4139 3563 4200 locis'a

1973 4224 2099 4263 vera
2134 4209 2581 4277 interpretatione
2609 4225 2729 4265 esse
2758 4209 3128 4280 depravatam,
3179 4230 3286 4269 non
3336 4214 3558 4270 Hieron.

1977 4282 2077 4352 viri
2109 4280 2405 4352 doctissimi
2433 4287 2488 4333 et
2513 4283 2841 4335 sanctissimi
2874 4284 3053 4352 culpa,
3087 4284 3183 4339 sed
3223 4285 3356 4340 vitio
3393 4285 3563 4341 libra-

1974 4351 2200 4406 riorum.
2237 4351 2291 4403 ln
2326 4366 2427 4419 qua
2458 4366 2517 4405 re
2548 4352 2798 4406 nonnulli
2841 4351 3139 4409 nebulones
3173 4354 3370 4411 incola:
3396 4357 3562 4411 cella-

1976 4438 2095 4476 rum
2125 4423 2452 4498 urbanarum
2485 4423 2909 4498 mihi_advcrsati
2941 4434 3106 4490 sunt,
3138 4441 3205 4480 ex
3229 4427 3422 4498 spiritu
3451 4428 3562 4482 vini

1978 4493 2278 4564 sententias
2329 4507 2454 4546 snas
2515 4493 2849 4562 proferentes
2880 4511 2893 4549 :
2927 4510 3152 4564 quorum
3200 4493 3562 4554 ut'inseitiam

1980 4563 2307 4617 luculentam
2338 4577 2647 4636 arguamus,
2695 4566 2851 4636 mitto
2894 4563 3012 4631 qua:
3058 4582 3230 4636 nuper
3276 4569 3329 4623 in
3386 4568 3562 4623 Buda-

275 4638 317 4691 εἰ
352 4653 481 4706 qua:
509 4634 830 4703 sequuntur,
867 4636 996 4709 Ecce
1017 4644 1253 4706 exspecto
1279 4652 1458 4709 porro,
1492 4639 1560 4709 de
1584 4637 1747 4709 Hebr.
1769 4651 1869 4709 _es-
1901 4648 1950 4707 ί)
1977 4636 2155 4709 giensi
2177 4634 2507 4709 monasterio
2542 4636 2595 4709 in
2622 4639 2788 4709 veteri
2821 4635 2988 4692 Biblia
3017 4634 3196 4709 reperi
3227 4640 3392 4695 verba
3418 4654 3559 4709 uxo-

276 4723 401 4762 scnt
448 4714 624 4771 textu,
679 4722 804 4776 cum
836 4706 1061 4761 minime
1106 4711 1232 4772 sint,
1280 4716 1333 4760 et
1374 4706 1610 4776 jugulari
1665 4707 1869 4774 pariter

278 4778 447 4832 obolo
474 4777 728 4832 debeant.
761 4775 815 4830 ld
848 4792 914 4832 ex
946 4778 1082 4847 ipsa,
1114 4792 1272 4846 quam
1319 4775 1475 4831 Mart.
1521 4778 1721 4843 innuit,
1752 4777 1874 4831 Ori-

279 4852 443 4917 genis
465 4852 625 4915 epist.
656 4848 724 4902 ad
755 4848 1067 4901 Africanum
1100 4856 1336 4912 constat,
1368 4852 1523 4915 cujus
1545 4863 1724 4917 Opera:
1751 4863 1873 4911 pre-

283 4921 421 4973 tium
454 4931 536 4973 est
568 4921 730 4991 verba
761 4918 1076 4991 describere
1106 4935 1120 4973 :
1158 4919 1362 4974 πλείονα
1400 4921 1447 4973 ἐν
1478 4926 1583 4980 τοῖς
1615 4920 1877 4991 ἡμετέροις

282 4993 432 5063 παρὰ
454 4993 520 5045 τὰ
548 4990 807 5063 Ἐϐραίκά.
831 4987 913 5044 ὅτε
935 4985 1042 5063 sine
1057 4997 1128 5063 τῷ
1143 4991 1285 5063 Ἰᾠϐῃ
1311 4996 1433 5061 ’γννὴ
1453 4992 1632 5053 αὐτοῦ,
1647 4985 1748 5044 ειπὸ
1763 4985 1874 5063 ’ἔρρ’

292 5079 311 5112 ι
322 5046 1003 5136 χριτίνοέκαρτερήσειςς
1017 5046 1193 5136 liv/mf
1205 5046 1351 5125 'tdoii,
1368 5062 1594 5132 ἀναμένω
1609 5082 1651 5131 χ
1655 5059 1881 5136 ρὸνονξῖτι

283 5129 472 5218 plaga?
484 5129 903 5219 πρρσδεχᾲμὲνος
924 5140 1013 5191 τήν
1039 5129 1213 5219 {inid}
1226 5140 1316 5191 τῆς
1340 5129 1727 5219 σωτὴρίαςρέὸυ,
1743 5150 1759 5181 ι
1788 5132 1884 5219 ἕως

283 5202 405 5257 πῦ-
419 5202 537 5256 ciust
547 5203 930 5271 ἁναπαύσωμαι
942 5202 1370 5273 τῶνμόχθωνμου
1384 5202 1576 5258 natio»
1593 5202 1800 5266 ὀδυνῶν,
1826 5203 1880 5256 αἶ

288 5295 351 5343 με
384 5280 475 5350 νῆν
500 5275 807 5350 συνέχουσι⁹
834 5291 852 5323 ι
884 5274 1160 5350 μῖᾲιρν-σγᾲρ
1191 5274 1495 5350 τοὶ-ῥήματα.
1526 5289 1618 5350 τῆς
1642 5274 1880 5350 γυναικὸς

289 5341 701 5419 ἇνᾼαγξέγρςιπζτᾷις
728 5342 808 5419 τᾴ,
840 5360 859 5394 t
882 5341 1140 5419 turabidi
1164 5366 1215 5400 τι
1404 5347 1532 5419 apt};
1558 5341 1755 5419 Kuptov,
1797 5347 1882 5398 καὶ

290 5412 527 5469 uncia.
547 5432 565 5465 ι
586 5412 643 5466 Μ
648 5415 753 5486 ulta
765 5414 821 5466 in
843 5416 1033 5486 nostris
1043 5412 1274 5486 exempla
1284 5412 1582 5486 r'ibusl'ultra
1608 5412 1764 5468 t'lebr.
1802 5429 1882 5467 re-

292 5486 554 5547 dundant,
578 5500 695 5555 qua:
711 5483 791 5537 Itis
818 5485 994 5537 uxoris
1021 5485 1120 5537 Job
1144 5483 1305 5539 verbis
1332 5501 1349 5537 :
1380 5483 1663 5554 quousque
1700 5497 1881 5554 perse-

292 5556 551 5609 vcrabis?
594 5556 881 5619 adduntur,
913 5556 1184 5626 dicendo:
1228 5556 1453 5610 Manebo
1499 5557 1678 5610 adhuc
1715 5569 1880 5626 parvo

296 5634 543 5697 tempore
569 5633 889 5695 exspectans
917 5640 1063 5695 spem
1097 5625 1285 5681 salutis
1316 5642 1470 5696 mem,
1505 5643 1663 5697 usque
1713 5625 1781 5678 ad
1821 5626 1881 5679 il-

299 5696 413 5760 lud,
446 5707 503 5750 ut
524 5698 861 5764 requiescam
894 5697 960 5750 ab
989 5697 1246 5752 aerumnis
1274 5697 1433 5761 meis,
1463 5708 1517 5752 et
1548 5712 1579 5751 a
1606 5698 1881 5751 doloribus

298 5766 393 5836 qui
417 5784 502 5821 me
535 5783 678 5823 nunc
708 5768 953 5822 detinent
985 5784 999 5821 :
1033 5785 1151 5821 nam
1171 5769 1279 5823 haec
1302 5777 1501 5822 tantum
1528 5770 1705 5823 uxoris
1733 5768 1884 5822 verba

302 5838 493 5907 scripta
521 5848 637 5894 sunt
668 5855 688 5895 :
715 5838 823 5898 Sed
853 5838 940 5896 dic
981 5840 1207 5896 verbum
1244 5850 1433 5897 contra
1479 5840 1786 5907 Dominum,
1830 5847 1885 5896 et

1977 4707 2053 4760 ris
2074 4704 2195 4769 Job,
2225 4704 2276 4758 in
2301 4705 2601 4759 emendatis
2628 4707 2814 4761 Bibliis
2839 4709 3040 4762 nostris
3063 4704 3393 4765 deﬁcientia:
3421 4707 3569 4763 Dixit

1978 4784 2147 4850 autem
2162 4774 2256 4850 _i_lli
2281 4791 2412 4828 uxor
2433 4792 2526 4830 sua
2549 4792 2568 4830 :
2593 4776 2775 4831 Adhuc
2800 4787 2851 4830 tu
2871 4795 3141 4850 permanes
3164 4782 3213 4834 in
3236 4780 3570 4847 simplicitate

1980 4848 2112 4900 tua?
2159 4844 2432 4915 Usquequo
2472 4856 2528 4900 tu
2571 4864 2704 4901 nunc
2742 4844 2981 4919 sustines,
3024 4860 3070 4903 et
3096 4852 3253 4905 dices.
3308 4844 3440 4904 Ecce
3470 4866 3566 4904 ex-

1981 4927 2154 4992 specto
2198 4934 2419 4992 paucam
2465 4927 2683 4985 tempus,
2708 4920 2880 4973 adhuc
2920 4938 3131 4992 sperans
3171 4937 3309 4992 spem
3347 4921 3572 4975 salutis?

1984 4988 2117 5059 Ecce
2138 4989 2477 5059 exterminata
2498 4998 2593 5054 est,
2636 5000 2681 5042 et
2711 4993 2861 5059 periit
2903 4988 3148 5046 memoria
3191 4988 3279 5045 tua
3319 4992 3382 5047 de
3408 5002 3567 5046 terra.

1988 5058 2117 5112 Filii
2145 5060 2218 5133 tui
2250 5068 2293 5110 et
2319 5058 2445 5124 ﬁlia:
2475 5070 2574 5113 tua:
2595 5105 2607 5126 ,
2634 5058 2826 5133 ventris
2861 5063 2959 5114 mei
2998 5063 3218 5133 gemitus
3267 5073 3314 5116 et
3342 5063 3569 5128 dolores,

1987 5145 2111 5203 quos
2137 5130 2188 5203 in
2220 5145 2435 5203 vacuum
2460 5134 2658 5199 portavi
2678 5149 2793 5184 cum
2810 5132 2982 5185 labore
3000 5130 3026 5184 ξ
3050 5142 3104 5184 tu
3129 5140 3301 5186 autem
3326 5135 3437 5203 ipse
3459 5149 3573 5187 ecce

1984 5201 2128 5275 sedes
2159 5201 2211 5253 in
2233 5202 2506 5270 putredine
2530 5203 2796 5275 vermium,
2832 5211 3132 5275 pernoctans
3163 5212 3209 5275 et
3236 5201 3453 5275 vigilans
3474 5205 3573 5275 sub

1986 5272 2103 5343 divo
2129 5286 2147 5323 :
2173 5280 2218 5325 et
2248 5288 2338 5340 ego
2366 5288 2495 5343 uaga
2540 5282 2586 5326 et
2618 5272 2791 5325 habitu
2822 5272 3030 5326 ancilla:
3068 5272 3339 5329 ambulans
3370 5275 3433 5330 de
3461 5274 3576 5328 loco

1985 5342 2040 5395 in
2069 5342 2259 5414 locum,
2279 5350 2327 5414 et
2358 5342 2596 5414 declamo
2628 5344 2679 5395 in
2702 5344 2912 5395 domum
2934 5345 3105 5409 operis
3133 5362 3309 5413 causa,
3337 5355 3575 5414 exspecto

1987 5412 2189 5488 quando
2215 5413 2292 5465 sol
2323 5412 2521 5488 occidat
2547 5454 2562 5476 ,
2605 5422 2657 5465 ut
2683 5414 2996 5488 requiescam
3025 5416 3348 5488 agemitibus
3377 5412 3504 5470 meis
3529 5426 3578 5470 et

1991 5482 2271 5549 laboribus,
2298 5484 2387 5553 qui
2430 5498 2509 5536 me
2547 5499 2682 5536 nunc
2709 5486 3015 5553 temporibus
3059 5482 3139 5539 liis
3184 5488 3580 5554 comprehende-

1986 5561 2144 5621 runt;
2175 5555 2274 5625 sed
2298 5554 2381 5606 dic
2413 5554 2625 5623 aliquod
2638 5554 2879 5625 uerbum,
2910 5558 3118 5625 benedic
3154 5560 3207 5612 in
3236 5559 3482 5625 Domino,
3531 5567 3579 5611 et

1988 5640 2201 5678 morere.
2231 5623 2338 5677 Nos
2361 5639 2520 5678 unam
2542 5624 2871 5700 sulfecimns,
2893 5622 3139 5700 voculam
3166 5646 3278 5700 ego,
3307 5647 3426 5699 qua:
3453 5622 3582 5685 dee-

1989 5704 2104 5761 rat,
2148 5702 2311 5763 atque
2352 5711 2469 5749 eam
2518 5697 2735 5766 quidem
2774 5706 2887 5755 tum
2934 5699 3146 5757 Graecia
3193 5697 3398 5772 codicis
3442 5714 3579 5773 ope,

1993 5776 2106 5823 tum
2136 5778 2286 5823 recto
2314 5777 2544 5839 cogente
2574 5782 2758 5827 settsu.
