4062 6356
558 320 628 380 67

1553 321 1611 379 8.
1653 319 2043 381 HIERONYMI
2081 320 2321 382 DIVINA
2357 323 2843 386 BIBLIOTHECA.

3790 337 3863 398 68

561 438 631 506 λ(
658 433 729 491 de
758 432 879 490 loco
906 432 960 491 in
991 431 1206 507 locum,
1251 440 1307 491 et
1352 432 1424 491 de
1451 432 1615 492 domo
1666 433 1722 490 in
1774 434 2036 505 domum,
2094 450 2155 492 αε-
2184 436 2237 499 Α
2269 438 2336 506 >κ
2363 444 2418 494 et
2460 437 2786 495 conturbent
2831 451 2950 496 eam
2980 438 3137 512 quasi
3178 441 3570 502 amaritudines
3612 442 3722 502 diei
3755 445 3778 516 1
3808 457 3869 505 et

560 535 886 601 exspectans
917 526 1137 600 quando
1164 524 1248 583 sol
1279 526 1525 595 occidat,
1555 543 1610 584 -:—
1642 537 1700 584 et
1731 529 1976 601 requiem
2002 544 2159 602 agam

561 620 809 679 laborum
836 637 853 677 :
880 636 942 678 +
975 628 1031 679 et
1058 621 1354 694 gemituum
1372 664 1388 691 ,
1413 622 1506 695 qui
1535 638 1622 679 me
1646 638 1791 679 nunc
1818 631 1988 695 agunt
2012 623 2035 694 1
2064 623 2160 681 sed

562 715 651 774 dic
679 714 895 787 aliquod
928 715 1155 771 verbum
1188 716 1243 772 in
1275 716 1599 785 Dominum,
1623 724 1680 774 et
1705 732 1939 774 morere.
1970 716 2042 773 At
2069 717 2161 775 ille

569 823 631 864 -ι-
666 810 883 865 intuens
914 807 937 879 1
962 807 1107 864 dixit
1135 808 1201 865 ad
1235 824 1355 864 eam
1384 828 1395 861 :
1420 808 1716 880 Tamquam
1747 826 1855 866 una
1883 810 1951 865 de
1978 810 2161 866 stultis

563 900 883 957 mulieribus
913 900 1093 976 locuta
1124 915 1209 967 es.
1242 898 1299 957 Si
1329 900 1471 958 bona
1500 905 1845 972 suscepimus
1871 901 1940 958 de
1994 917 2159 957 manu

566 992 814 1059 Domini,
848 992 984 1051 mala
1013 1008 1183 1065 quare
1228 1007 1332 1049 non
1365 993 1769 1065 sustineamus?
1799 991 1857 1049 In
1906 991 2159 1050 omnibus

570 1083 657 1141 his
687 1099 747 1140 σιμ
780 1092 808 1122 α
830 1100 951 1156 qua:
981 1083 1297 1143 acciderunt
1327 1086 1403 1141 illi
1437 1084 1461 1155 1
1497 1085 1631 1143 nihil
1662 1083 1909 1159 peccavit
1952 1083 2055 1143 Job
2084 1082 2163 1143 la-

562 1177 664 1237 biis
697 1182 763 1246 ys:
792 1177 906 1234 suis
936 1193 996 1234 οξ
1029 1188 1159 1236 ante
1194 1179 1505 1237 Dominum.

636 1269 707 1327 Ut
734 1269 1028 1331 audierunt
1056 1283 1167 1330 tres
1196 1272 1361 1331 amici
1392 1274 1511 1344 ejus
1564 1273 1745 1328 omnia
1785 1271 1925 1328 mala
1984 1270 2102 1329 haec
2126 1270 2157 1313 ι)

565 1378 688 1433 qua:
726 1348 1045 1420 acciderunt
1079 1364 1193 1432 illi,
1240 1375 1615 1422 convenerunt
1665 1365 2043 1438 unusquisque
2093 1362 2163 1423 de

564 1456 787 1527 regione
817 1469 914 1511 sua
940 1456 1007 1512 ad
1033 1472 1158 1513 eum
1193 1456 1418 1528 Elipltaz
1445 1455 1800 1513 Tltemanites
1824 1467 1847 1497 ο
1879 1456 2017 1529 [rex]
2042 1456 2164 1513 Bal-

564 1545 667 1602 dad
706 1545 997 1605 Sauchites
1039 1545 1351 1621 [tyrannus]
1383 1557 1439 1604 et
1467 1547 1683 1620 Sopbor
1827 1548 2160 1608 Namathites

569 1653 607 1693 σε
662 1638 961 1696 Mineorum
993 1654 1091 1695 rex
1118 1638 1143 1709 1
1177 1638 1245 1696 Et
1272 1650 1538 1697 venerunt
1568 1640 1634 1696 ad
1660 1655 1785 1697 eum
1813 1640 1971 1697 simul
2001 1650 2057 1698 ut
2085 1643 2165 1697 vi-

2264 537 2479 585 noctem
2509 530 2653 584 illam
2770 530 3081 603 suscipiant
3110 530 3350 590 tenebrat
3378 534 3401 606 1
3433 534 3550 591 Non
3574 535 3647 592 sit
3669 534 3722 591 in
3746 537 3867 597 die-

2264 618 2367 677 bus
2392 619 2542 688 anni,
2574 636 2751 695 neque
2778 631 3093 679 numeretur
3120 628 3184 693 ῖιξ
3215 624 3270 680 in
3302 625 3496 682 diebus
3534 628 3805 686 mensium
3838 630 3863 699 1

2265 712 2362 770 sed
2395 728 2499 768 nox
2529 712 2620 769 illa
2658 714 2729 769 sit
2759 714 2938 782 dolor,
2969 731 3069 773 nec
3114 717 3305 775 veniat
3328 719 3645 790 iucunditas
3671 736 3719 778 -ε
3765 736 3865 778 ne-

2263 822 2370 880 que
2394 807 2644 881 gaudium
2673 807 2697 878 1
2730 808 2783 864 in
2814 824 2913 878 ea;
2960 808 3055 867 sed
3094 810 3384 868 maledicat
3414 812 3495 869 illi
3535 811 3870 875 maledicens

2264 901 2373 959 diei
2406 911 2431 950 Β
2458 900 2584 975 [illi]
2610 903 2699 975 qui
2737 918 2989 977 magnum
3021 913 3203 961 cetum
3250 915 3511 978 capturus
3549 917 3653 966 est.
3688 908 3869 969 Tene—

2262 993 2526 1052 brescant
2554 996 2734 1054 sidera
2758 997 2933 1054 noctis
2962 996 3138 1067 illius;
3162 1011 3502 1081 permaneat,
3530 1011 3587 1059 et
3608 1001 3665 1059 in
3690 1002 3869 1063 lucem

2264 1105 2375 1146 non
2404 1090 2604 1158 veniat,
2645 1107 2823 1163 neque
2849 1091 3031 1151 videat
3060 1092 3373 1151 Luciferum
3413 1098 3705 1164 orientem,
3742 1099 3871 1169 quia

2265 1196 2375 1239 non
2409 1181 2686 1237 conclusit
2714 1195 2900 1254 portas
2921 1184 3127 1243 ventris
3150 1187 3341 1242 matris
3364 1202 3521 1257 mete,
3552 1188 3875 1249 abscondis-

2264 1282 2349 1331 set
2380 1275 2527 1330 enim
2561 1274 2804 1331 laborem
2848 1276 2916 1332 ab
2946 1272 2974 1313 ¹ι
3001 1277 3176 1334 oculis
3218 1280 3376 1336 meis.
3416 1278 3598 1349 Quare
3637 1281 3786 1339 enim
3816 1282 3872 1341 in

2266 1379 2455 1427 ventre
2483 1384 2588 1423 non
2611 1368 2742 1436 obii,
2767 1384 2837 1424 ex
2865 1379 3022 1427 utero
3046 1370 3256 1442 exiens,
3287 1380 3343 1430 et
3380 1387 3490 1431 non
3524 1388 3584 1430 -ιη
3619 1375 3875 1445 protinus

2271 1459 2295 1528 1
2333 1459 2507 1529 perii?
2530 1458 2602 1515 Et
2629 1468 2689 1514 ut
2726 1460 2855 1531 quid
2886 1462 3249 1519 constiterunt
3279 1463 3412 1519 mihi
3453 1464 3670 1536 genua?
3700 1482 3875 1537 quare

2268 1551 2435 1607 ubera
2462 1551 2623 1608 suxi?
2652 1550 2809 1609 Nunc
2842 1552 2859 1591 ί
2891 1553 3079 1624 utique
3105 1553 3385 1613 dormiens
3413 1554 3781 1629 quiescerem,
3817 1567 3876 1615 et

2268 1644 2448 1700 somni
2477 1644 2770 1701 securitate
2800 1646 3009 1704 fruerer
3032 1661 3160 1703 cum
3189 1647 3406 1721 regibus
3434 1646 3720 1711 honoratis
3747 1658 3867 1708 ter-

558 1735 827 1799 sitarent,
880 1742 936 1790 et
988 1734 1439 1793 consolarentur.
1490 1734 1756 1793 Videntes
1809 1745 1997 1793 autem
2040 1751 2163 1793 cum
2266 1755 2361 1807 rm,
2393 1738 2485 1811 qui
2514 1738 2889 1812 gloriabantur
2920 1740 3020 1797 ini
3063 1739 3297 1814 gladiis:
3329 1745 3579 1815 autgcum
3608 1743 3877 1816 principi-

563 1827 784 1898 procul,
812 1842 920 1882 non
947 1837 1310 1898 agnoverunt.
1336 1826 1405 1885 Et
1426 1829 1797 1885 exclamantes
1816 1843 1949 1885 voce
1971 1843 2165 1901 magna
2198 1839 2244 1899 Β
2273 1827 2374 1887 bus
2401 1830 2597 1903 quibus
2628 1830 2941 1905 [multum]
2975 1832 3079 1888 fuit
3104 1846 3299 1891 aurum
3328 1834 3420 1907 qui
3451 1835 3878 1907 compleverunt

562 1924 860 1992 ﬂeverunt,
885 1921 1203 1979 scindentes
1242 1923 1448 1995 singuli
1480 1924 1811 1980 vestimenta
1842 1937 1937 1979 sua
1964 1964 1981 1992 ,
2011 1938 2166 1994 spar-
2268 1921 2460 1977 domos
2489 1936 2616 1978 suas
2644 1931 2872 1994 argento
2906 1941 2921 1979 :
2962 1932 3056 1979 aut
3095 1933 3369 1996 tamquam
3403 1925 3715 1983 abortivum
3745 1943 3878 1997 pro-

560 2024 754 2087 gentes
802 2013 998 2085 singuli
1054 2015 1337 2087 pulverem
1393 2030 1559 2087 super
1589 2022 1753 2086 caput
1781 2029 1939 2071 suum
1996 2018 2061 2083 3s:
2109 2013 2163 2070 in
2267 2013 2479 2084 lapsum
2510 2030 2571 2070 αι-
2616 2014 2688 2071 de
2713 2016 2871 2072 vulva
2904 2015 3093 2072 matris
3123 2015 3147 2087 1
3177 2026 3273 2073 aut
3312 2026 3582 2091 tamquam
3628 2018 3877 2077 infantes

558 2107 759 2163 cmlum
792 2105 815 2176 1
851 2106 1109 2163 sederunt
1134 2120 1256 2163 cum
1290 2121 1359 2163 eo
1392 2110 1456 2176 )K
1509 2107 1561 2162 in
1592 2116 1737 2163 terra
1760 2105 1784 2177 1
1808 2115 2018 2178 septem
2048 2105 2166 2163 die-
2266 2105 2357 2177 qui
2386 2120 2495 2163 non
2524 2105 2778 2163 viderunt
2806 2107 3011 2164 lucem.
3039 2107 3118 2164 ibi
3148 2107 3300 2181 impii
3320 2109 3694 2183 deposuerunt
3720 2111 3877 2168 furo-

559 2198 694 2266 bus,
727 2205 783 2254 et
834 2207 1043 2269 septem
1093 2198 1345 2255 noctibus
1376 2216 1390 2254 :
1425 2206 1483 2255 et
1511 2214 1674 2255 nemo
1727 2213 1919 2256 eorum
1950 2200 2163 2256 locutus
2264 2213 2378 2254 rem
2410 2213 2591 2255 suum.
2629 2197 2707 2254 Ibi
2736 2200 3127 2277 requievcrunt
3150 2198 3356 2271 fatigati
3388 2214 3643 2271 corpore,
3667 2201 3867 2257 simul-

559 2297 645 2346 est
799 2288 865 2345 ad
897 2304 1023 2346 eum
1077 2290 1304 2346 verbum
1340 2291 1364 2359 1
1396 2290 1672 2347 Videbunt
1703 2291 1851 2347 enim
1879 2288 1907 2328 (ι
1938 2291 2160 2347 vulnera
2262 2304 2369 2360 que
2420 2289 2474 2344 in
2518 2297 2781 2345 aeternum
2820 2294 2885 2357 ῖέ
2914 2289 3333 2347 abundaverunt
3363 2290 3385 2360 1
3437 2306 3537 2347 nec
3580 2291 3875 2348 audierunt

557 2383 677 2451 ejus
706 2383 943 2451 atrocia,
970 2391 1026 2439 et
1054 2398 1311 2454 magnum
1338 2382 1585 2440 dolorem
1618 2384 1794 2441 valde.

629 2470 779 2545 [ϐαρ.
812 2471 927 2545 ιιι]
958 2472 1090 2529 Post
1116 2472 1234 2529 haec
1256 2473 1362 2530 Job
1387 2475 1604 2544 aperuit
1643 2488 1706 2531 os
1735 2489 1917 2541 suum,
1949 2484 2006 2533 et
2042 2489 2160 2531 ma-

552 2564 744 2621 ledixit
771 2565 879 2621 diei
901 2580 1035 2642 suae.
1074 2566 1140 2621 Et
1167 2568 1233 2635 >ς<
1262 2565 1606 2639 respondens
1640 2565 1743 2623 Job
1772 2565 1793 2636 1
1833 2567 1973 2622 dixit
2005 2583 2018 2621 :
2051 2567 2155 2624 Pe-

549 2664 670 2717 reat
703 2657 820 2715 dies
848 2657 944 2715 ille
968 2658 1022 2714 in
1053 2673 1161 2730 quo
1186 2666 1349 2715 natus
1377 2674 1499 2715 sum
1526 2662 1592 2728 3K
1621 2659 1673 2715 in
1719 2672 1787 2715 eo
1819 2658 1842 2728 1
1876 2669 1930 2715 et
1958 2675 2066 2715 nox
2099 2659 2154 2715 in

551 2763 660 2820 qua
693 2757 717 2785 ο
744 2746 949 2806 dictum
985 2757 1092 2818 est,
1125 2758 1426 2821 conceptus
1463 2758 1553 2806 est
1585 2749 1768 2806 homo.
1800 2749 1917 2805 Nox
1961 2750 2053 2806 illa
2082 2752 2155 2806 sit

550 2840 662 2913 μι.
688 2840 823 2913 sint]
851 2842 1090 2900 tenebrae
1120 2861 1133 2899 :
1169 2858 1270 2900 nec
1295 2845 1539 2915 requirat
1561 2843 1826 2900 Dominus
1847 2857 1968 2899 eam
1992 2843 2152 2900 desu-

552 2948 670 3005 per,
702 2949 804 2991 nec
838 2932 857 2972 ί
888 2935 1131 2993 inveniat
1158 2950 1282 2993 eam
1312 2936 1532 3004 lumen;
1573 2936 1672 2993 sed
1712 2936 1990 3006 excipiant
2029 2952 2151 2997 eam

550 3027 794 3087 tenebra
814 3038 870 3088 et
898 3030 1089 3088 umbra
1117 3031 1333 3089 mortis.
1360 3030 1556 3089 Veniat
1582 3046 1747 3104 super
1786 3030 1931 3087 illam
1950 3030 2149 3102 caligo,

630 3274 657 3305 ⁸
682 3263 762 3321 De
783 3262 866 3318 his
891 3261 1275 3336 additamentis
1301 3261 1378 3336 ita
1402 3270 1589 3336 monet
1608 3262 1667 3319 8.
1697 3261 2149 3336 Chrysostomus:
2177 3266 2223 3331 C

551 3338 612 3395 '0
636 3334 1030 3413 $69a§9c_stt'rr6
1054 3332 1309 3413 ouz_i'xst,
1334 3335 1626 3413 ἀρκούντως
1755 3332 1945 3390 (auctas
1964 3354 2146 3411 προεκ·

552 3404 769 3485 φράσοίι.
790 3404 1494 3485 ﬂebrmushcodeairhoc'gon
1524 3404 1698 3485 habet,
1734 3404 2146 3485 contentusZsen-

552 3475 667 3536 ium
690 3477 1020 3551 explicuisse.
1048 3476 1348 3551 Sic_autem
1379 3475 1832 3551 Cltrysostomum
1873 3476 2134 3547 intellige,

554 3551 697 3622 quod
731 3546 1121 3622 liebrzrusnon
1151 3546 1348 3603 habeat
1379 3562 1465 3613 ea,
1496 3546 1619 3620 qua:
1651 3546 1826 3603 obelis
1868 3555 2053 3603 notata
2082 3561 2146 3601 ac

548 3619 793 3694 iugulata
822 3627 969 3694 sunt.
996 3619 1171 3694 Manu.

627 3693 656 3733 b
686 3692 857 3760 Quem
884 3690 1024 3744 falso
1054 3690 1403 3745 Martianaeus
1431 3698 1803 3760 praeposuerat
1823 3688 1909 3745 his
1938 3687 2141 3752 verbis,

550 3781 668 3838 quae
687 3759 984 3817 acciderunt
1008 3761 1108 3827 itii,
1140 3762 1361 3817 obelum
1387 3759 1727 3838 sustulimus,
1754 3775 1877 3815 cum
1905 3770 1961 3816 et
1990 3759 2145 3815 lucu-

546 3836 847 3915 lentissime
871 3854 930 3909 in
962 3854 1099 3910 lleb.
1134 3853 1223 3909 bic
1250 3853 1357 3910 loci
1382 3855 1516 3925 sint,
1546 3836 1665 3925 ubi:
1689 3862 1871 3919 num,
1895 3867 2013 3925 qua:
2034 3868 2144 3908 eve-

551 3937 737 3984 nerunt
760 3941 915 3995 super
937 3941 1072 3991 eum,
1104 3932 1160 3983 et
1181 3925 1443 3995 deceptus
1474 3923 1719 3981 videatur
1759 3927 1859 3980 loci
1894 3923 2143 3995 similitu-

549 4000 679 4056 dine
718 3995 1261 4067 superiorigproxime
1291 3994 1452 4052 versu
1498 3996 1723 4067 Latinus
1769 3994 2139 4067 atnanucnsis,

552 4079 612 4126 ut
637 4065 882 4126 eamdem
913 4065 1107 4124 iisdem
1139 4066 1319 4124 verbis
1342 4065 1721 4137 pratligendam
1754 4065 1961 4136 putarit
1996 4065 2141 4121 obeli

551 4152 754 4198 natam.

631 4221 654 4250 ε
693 4209 870 4267 Verba
910 4208 1123 4266 uncinis
1163 4208 1452 4265 terminata
1488 4207 1688 4264 absunt
1735 4206 1790 4263 in
1837 4205 2138 4274 Hebraico;

553 4282 671 4339 haec
700 4290 878 4338 tamen
910 4294 1100 4337 errore
1123 4279 1210 4337 vel
1247 4281 1456 4335 incuria
1498 4279 1843 4338 librariorum
1875 4292 1982 4335 non
2014 4288 2142 4335 sunt

556 4352 728 4411 obelis
753 4360 935 4409 notata
966 4351 1017 4407 in
1046 4367 1148 4407 ms.
1177 4350 1387 4408 codice.
1422 4350 1601 4406 Manr.

626 4421 654 4462 (ι
680 4421 1026 4486 Redundant,
1060 4423 1104 4478 si
1134 4422 1363 4479 Hebraeo
1403 4430 1797 4492 componantur
1816 4465 1832 4491 ,
1864 4421 1991 4492 haec
2018 4435 2142 4492 pro-

556 4494 675 4567 prie
700 4494 885 4567 verba,
917 4492 1145 4567 Vulnera
1180 4494 1294 4567 ejus
1334 4490 1565 4567 atrocia,
1593 4507 1729 4567 qua:
1774 4490 1957 4567 malim
2003 4490 2141 4567 adeo

556 4561 685 4621 veru
706 4561 930 4637 praailio
949 4561 1223 4637 denotari'.
1244 4564 1301 4620 In
1318 4563 1511 4637 _Graeco
1533 4561 1696 4637 etiam
1718 4561 1840 4618 cod.
1855 4562 2137 4637 Alexand.

552 4630 756 4713 Ἐῴρῶν
797 4639 905 4713 γὰρ
938 4636 1234 4711 hauriri-riu
1281 4634 1492 4713 (διινῂν-
1527 4630 1691 4713 ouo-ctu
1745 4634 1895 4713 xai)_
1918 4635 2140 4713 μεγάἶιην

555 4704 782 4790 ᾳγὸὂραε
798 4704 958 4790 verba
979 4724 1098 4781 quae
1118 4704 1429 4790 parenthesi
1444 4705 1762 4790 clausimusz
1776 4704 1936 4790 obeli)
1948 4704 2136 4790 conio-

552 4775 794 4838 tliun'tur.
821 4780 971 4837 Adeo
995 4775 1156 4851 quam
1184 4779 1701 4851 plancrcontrariam
1730 4777 1789 4833 8.
1816 4775 2134 4851 interpretis

555 4854 721 4909 tuenti
739 4852 982 4909 asterisci
1008 4848 1201 4906 t'totam'
1214 4849 1262 4905 Μ
1270 4850 1564 4905 artianreus
1578 4849 1872 4919 prmposuit
1888 4848 2069 4904 verbis
2086 4857 2134 4902 et

554 4940 806 4995 maguum
834 4921 1066 4995 dolorem
1088 4922 1259 4987 valde,
1293 4920 1546 4976 mendum
1564 4918 1749 4995 Latini
1775 4919 2131 4995 amattuensis

555 4991 952 5067 apertissimum
978 4992 1107 5067 inde
1134 5007 1387 5067 amovere
1410 5007 1517 5067 non
1546 4991 1935 5067 dubitavimus.

629 5075 651 5104 ε
678 5066 835 5138 Legit
860 5066 917 5123 S.
959 5065 1295 5139 Augustinus
1333 5063 1387 5119 in
1424 5062 1850 5139 Annotationum
1881 5061 2041 5130 libro,
2074 5060 2130 5116 in

550 5154 654 5209 qua
680 5127 922 5209 dix'erunt
954 5153 970 5191 :
1000 5127 1227 5209 Gizecus
1253 5149 1471 5209 quoque
1495 5135 1547 5189 ἐν
1571 5127 1781 5209 irino».

629 5208 649 5247 ί
681 5208 870 5281 Denup
899 5209 958 5266 8.
986 5202 1338 5281 Augustinus,
1372 5203 1483 5281 Nec
1502 5202 1751 5281 ueniatin
1783 5219 1896 5260 eam
1929 5202 2125 5270 lumen,

550 5281 793 5357 pressius
812 5278 1026 5357 Graeco,
1044 5275 1183 5357 ῇηδέ
1207 5275 1339 5335 ἔλθοι
1365 5277 1438 5339 εἰς
1645 5275 1848 5349 φέγγος.
1898 5343 1911 5357 .
1955 5344 1968 5356 θ

630 5361 656 5399 κ
681 5350 922 5409 Tametsi
947 5350 1080 5407 nihil
1111 5353 1338 5406 immuto
1356 5389 1371 5414 ,
1396 5358 1451 5403 et
1496 5346 1761 5403 iucluéani
1791 5346 2003 5402 uncinis
2032 5359 2126 5401 vo-

549 5437 670 5479 cem
700 5424 933 5490 retineo,
961 5437 1025 5478 ac
1045 5422 1161 5478 scio
1188 5421 1262 5477 ita
1292 5420 1463 5477 ferme
1489 5417 1688 5490 lectum
1727 5417 1895 5490 etiam
1918 5415 1988 5490 ab
2017 5420 2126 5490 Αυ-

547 5496 785 5571 gustino,
818 5486 1003 5550 malim
1030 5501 1212 5549 tamen
1241 5507 1339 5563 pro
1358 5490 1471 5571 illi,
1490 5487 1635 5571 quod
1656 5496 1717 5542 ut
1740 5488 1915 5571 vides,
1943 5486 2126 5571 iniic-

546 5558 697 5622 Brzeo
740 5558 1040 5637 pronomen
1083 5578 1189 5637 non
1228 5558 1333 5637 est,
1366 5561 1474 5631 legi
1504 5558 1628 5627 illo,
1658 5573 1724 5614 ac
1755 5558 1905 5630 iungi
1937 5558 2127 5637 subse-

542 5628 1063 5707 qucttti'setttentite,
1091 5633 1181 5690 ille
1206 5635 1297 5705 qui
1320 5628 1568 5707 utag'uum
1586 5637 1797 5707 Acetum,
1834 5628 1947 5707 etc.
1975 5628 2127 5685 Grec.

542 5701 664 5782 cus,
693 5708 1096 5782 f0_yi).wu_y._t'7a
1117 5701 1268 5782 κῆτρς
1297 5703 1683 5780 χειρώσασθαι.
1717 5701 1944 5760 Leviora
1975 5715 2124 5772 quac-

543 5780 665 5835 dam
691 5777 830 5834 infra
861 5777 1008 5833 taciti
1030 5777 1404 5834 etnendamus.

612 5848 643 5888 ³³
666 5851 808 5907 Ante
836 5848 1057 5906 verbum
1090 5847 1194 5905 hoc
1233 5846 1358 5903 meis
1397 5845 1680 5917 appositus
1720 5851 1804 5903 est
1840 5842 2030 5900 obelus
2071 5840 2129 5899 in

2257 2395 2446 2437 vocem
2473 2384 2770 2438 exactoris.
2805 2382 3043 2439 Pusillus
3071 2394 3127 2439 et
3150 2397 3380 2455 magnus
3408 2383 3484 2441 ibi
3513 2394 3598 2441 est
3620 2424 3638 2453 ,
3669 2393 3725 2441 et
3752 2398 3875 2442 ser-

2257 2486 2359 2528 vus
2388 2469 2415 2513 k
2449 2485 2560 2527 non
2593 2473 2795 2529 timens
2815 2472 3096 2533 dominum
3120 2487 3302 2532 suum.
3335 2473 3410 2532 Ut
3435 2475 3566 2547 quid
3597 2476 3743 2532 enim
3773 2475 3875 2533 da-

2257 2572 2350 2623 tur
2386 2564 2467 2623 cis
2504 2565 2597 2636 qui
2628 2565 2686 2623 in
2725 2566 3095 2624 amaritudine
3116 2576 3248 2625 sunt
3274 2568 3366 2629 lux
3395 2574 3453 2629 et
3484 2569 3625 2641 vita,
3654 2570 3875 2627 anima-

2258 2654 2359 2712 bus
2385 2672 2508 2728 quae
2539 2665 2671 2714 sunt
2700 2659 2753 2715 in
2775 2658 3082 2729 doloribus,
3107 2676 3233 2733 quae
3258 2658 3575 2719 desiderant
3599 2670 3862 2730 mortem,

2258 2758 2316 2807 et
2344 2765 2456 2807 non
2486 2750 2757 2823 contingit
2785 2752 2920 2820 illis,
2946 2762 3258 2824 quaerentes
3285 2768 3408 2810 eam
3436 2763 3713 2825 tamquam
3745 2754 3872 2811 the-

2260 2858 2507 2910 saurum,
2540 2851 2598 2900 et
2639 2843 2836 2916 gaudio
2864 2844 3177 2901 afficiuntur
3206 2842 3250 2899 ι.
3293 2844 3441 2901 Mors
3466 2846 3584 2900 viro
3620 2843 3865 2916 requies,

2258 2938 2413 3007 cujus
2445 2936 2532 2992 via
2558 2935 2878 2994 abscondita
2900 2946 3003 2995 est.
3032 2936 3312 2994 Conclusit
3331 2937 3477 2994 enim
3501 2935 3646 2994 Deus
3666 2937 3870 2995 adver-

2259 3042 2354 3084 sus
2383 3042 2532 3084 eum.
2562 3029 2703 3086 Ante
2731 3042 2886 3086 escas
2915 3028 3118 3100 quippe
3141 3042 3292 3086 meas
3318 3027 3556 3100 gemitus
3575 3037 3617 3066 ιιι
3637 3026 3730 3101 [ad
3752 3026 3866 3085 Do-

2254 3274 2359 3317 ms.
2392 3258 2581 3317 codice
2619 3277 2634 3315 :
2671 3272 2774 3315 nos
2814 3273 2948 3316 vero
2994 3258 3147 3315 illum
3197 3255 3594 3328 expunximus,
3632 3257 3765 3328 quia
3806 3257 3865 3315 in

2259 3332 2500 3387 Hebraeis
2536 3330 2905 3402 voluminibus
2953 3331 3187 3402 legimus
3235 3345 3360 3387 cum
3408 3330 3760 3401 pronomine,
3797 3330 3864 3385 ab

2249 3403 2414 3458 oculis
2444 3404 2593 3457 meis.
2625 3401 2804 3457 Msn'r.

2328 3473 2343 3511 ί
2380 3473 2591 3530 Vitiose
2622 3473 2823 3545 lectum
2853 3486 2885 3529 a
2910 3470 3226 3545 Martiaan
3269 3473 3447 3545 itaque
3484 3485 3586 3545 pro
3632 3471 3820 3544 utique
3842 3489 3864 3528 :

2251 3554 2360 3599 tum
2387 3545 2621 3599 alterum
2650 3544 3058 3614 additumnunc
3099 3541 3419 3600 adverbium
3448 3562 3459 3597 :
3490 3541 3859 3614 Nuncgituque

2246 3630 2387 3670 nunc
2410 3615 2674 3670 dormiens
2690 3655 2706 3684 ,
2727 3623 2837 3675 etc.
2864 3613 3175 3686 Noslocum
3198 3629 3264 3671 ex
3287 3615 3348 3671 S.
3377 3611 3667 3686 Augustini
3696 3611 3862 3669 testi-

2248 3687 2432 3741 monio
2483 3695 2541 3744 et
2594 3685 2772 3742 Graeci
2817 3685 3029 3745 codicis
3073 3687 3399 3744 auctoritate
3439 3684 3853 3742 emendamus:

2248 3765 2350 3815 Νῦν
2454 3760 2713 3832 κοιμηθεὶς
2737 3781 2787 3813 κ.
2801 3781 2853 3815 τ.
2876 3758 2926 3813 λ.

2323 3832 2338 3879 t
2374 3827 2571 3885 Iterum
2595 3844 2665 3885 ex
2687 3832 2873 3885 vitiato
2903 3829 3093 3886 codice
3115 3842 3406 3900 perperam
3427 3827 3631 3900 lectum
3655 3842 3684 3882 a
3709 3827 3859 3884 Mar-

2248 3901 2447 3973 tianmo
2471 3901 2529 3973 in
2559 3901 2731 3967 malis,
2757 3900 2939 3973 pI‘th'tt
2962 3897 3172 3973 gladiis,
3197 3897 3344 3971 quod
3366 3898 3700 3973 substituere
3728 3914 3848 3955 non

2245 3970 2611 4026 dubitavimus
2658 3977 2784 4042 post
2831 3970 3119 4042 Hebraeum
3158 3970 3366 4042 textum
3392 3977 3599 4042 Anum,
3646 3970 3853 4042 Graeco

2248 4042 2367 4117 ipso
2394 4050 2449 4117 et
2480 4039 3255 4117 iu_Eipsetv_prreferente:_Sed
3287 4050 3341 4097 et
3383 4039 3444 4117 8.
3481 4040 3848 4117 augustintss,

2245 4114 2331 4182 qui
2362 4111 2725 4184 gloriabantur
2750 4112 3055 4184 inglorius.
3083 4111 3234 4184 Unde
3274 4121 3370 4179 est,
3403 4112 3603 4182 inquit,
3653 4120 3702 4167 et
3725 4115 3853 4181 gla-

2246 4182 2649 4256 dium_spiritus,
2668 4182 2818 4256 [quod
2832 4182 2919 4238 est
2948 4183 3158 4256 uerbum
3192 4183 3311 4238 Dei.

2322 4252 2348 4292 ¹ι
2376 4251 2561 4311 Tertio
2585 4252 2782 4309 vitiose
2819 4261 2878 4308 et
2910 4255 3046 4310 falso
3089 4253 3290 4310 factum
3321 4268 3349 4306 a
3387 4251 3703 4308 Martianzeo
3728 4269 3851 4309 ser-

2245 4340 2335 4380 vus
2360 4335 2608 4392 metuens,
2651 4339 2749 4395 pro
2787 4340 2962 4380 servus
2997 4342 3100 4380 non
3142 4326 3349 4390 timens,
3378 4323 3843 4394 quemadmodum

2244 4397 2590 4454 emendatum
2616 4411 2646 4451 a
2678 4396 2837 4452 nobis
2877 4407 2986 4461 est,
3018 4404 3131 4452 tum
3178 4397 3245 4451 ad
3281 4397 3417 4450 recti
3445 4408 3683 4461 sensus,-
3709 4410 3844 4452 cum

2245 4469 2408 4544 etiam
2431 4469 2497 4544 ad
2527 4481 2781 4544 normam
2797 4467 3002 4544 codicis
3018 4467 3201 4544 Graeci
3228 4468 3459 4544 θεράπων
3483 4467 3542 4544 οςῦ
3570 4463 3836 4544 δεδοικὼς.

2243 4539 2417 4607 Quum
2450 4540 2736 4595 lectionem
2768 4538 3204 4594 luculentissima
3244 4537 3557 4593 testimonio
3601 4539 3845 4593 ﬁrmavit

2248 4610 2305 4666 8.
2336 4610 2667 4682 AuguSIinus
2696 4607 2807 4682 εει
2827 4624 3019 4682 sargus
3042 4625 3147 4667 non
3168 4610 3349 4682 timens
3375 4608 3642 4661 dominum
3659 4624 3840 4682 suum.

2244 4682 2366 4737 Sive
2390 4678 2675 4737 séruudum
2701 4681 2834 4735 illud
2860 4695 2880 4734 :
2912 4679 3007 4736 Vis
3048 4695 3155 4735 non
3194 4681 3372 4749 timere
3392 4688 3715 4749 potestatem,
3746 4678 3842 4735 bo-

2240 4769 2363 4807 num
2393 4755 2496 4825 fac.
2539 4754 2660 4808 Siue
2699 4752 2984 4807 secundum
3018 4751 3179 4819 illud,
3208 4748 3580 4807 Consummata
3627 4750 3841 4806 dilectio

2239 4825 2382 4895 farus
2396 4824 2565 4879 'mittit
2596 4824 2849 4895 timorem.

2319 4894 2333 4934 ¹
2357 4895 2689 4952 Omittuntur
2708 4894 2823 4948 ltaac
2852 4895 2903 4948 in
2927 4908 3059 4966 ms,
3078 4909 3196 4948 cum
3211 4893 3497 4966 invenerint
3517 4890 3837 4966 sepulcrum,

2240 4968 2321 5022 vel
2352 4968 2395 5020 si
2426 4967 2616 5035 fuerint
2652 4966 2933 5035 consecuti.
2963 4963 3343 5021 Consulendus
3378 4973 3462 5021 est
3502 4962 3684 5021 teitus
3724 4962 3836 5018 lle-

2234 5037 2436 5162 lbraca:i
2471 5050 2547 5161 aer
2557 5049 2659 5091 ms.
2693 5034 3100 5093 Alexandrinus
3126 5035 3194 5091 ad
3223 5034 3635 5109 intelligentiam
3668 5034 3835 5106 hujus

2256 5124 2362 5162 oet.
2442 5123 2509 5161 an
2555 5145 2569 5161 .

2256 5124 2362 5164 OCI.
2388 5121 2569 5162 MART.

2306 5208 2378 5220 —
2398 5176 2687 5250 Subiungit
2722 5176 2947 5250 Graecus
2986 5175 3341 5234 Alexandrini
3372 5176 3577 5234 codicis
3606 5184 3830 5250 textus:

2231 5247 2710 5334 ἆὰγλεατατύχώσι,
2745 5248 2812 5334 id
2828 5258 2943 5334 est,
2985 5250 3030 5304 si
3058 5249 3254 5334 fuerint
3280 5250 3541 5334 consecuti
3539 5263 3580 5334 ’ί
3613 5248 3667 5332 in
3708 5247 3832 5334 aliis

2235 5321 2449 5377 additur
2476 5319 2763 5389 tirielerea,
2784 5322 3033 5385 θανάτου,
3058 5319 3111 5376 id
3138 5328 3241 5391 est,
3269 5327 3509 5376 mortem.
3539 5320 3703 5380 Paria
3732 5319 3833 5374 ha-

2236 5393 2324 5448 bet
2355 5392 2616 5449 Hebraeus
2644 5406 2860 5463 quoque
2892 5399 3089 5447 textus.

2306 5495 2344 5523 ιη
2371 5484 2553 5542 Facile
2571 5500 2668 5556 pro
2692 5484 2762 5539 ad
2787 5484 3092 5552 Dominum,
3114 5498 3250 5555 quas
3274 5486 3492 5545 voculas
3512 5484 3727 5556 uncinis
3747 5483 3832 5556 in-

2231 5557 2515 5624 clusimus,
2539 5555 2826 5627 legendum
2854 5572 2961 5612 uno
2982 5564 3068 5612 est
3088 5557 3256 5613 verbo
3278 5556 3471 5627 adest:
3504 5555 3658 5613 facile
3680 5555 3825 5610 enim

2232 5627 2485 5685 librarius
2516 5628 2831 5698 scriptionis
2847 5628 3031 5683 nescio
3051 5642 3156 5698 qua
3177 5626 3533 5693 similitudine
3557 5626 3826 5698 deceptus

2236 5708 2336 5755 cst.
2363 5699 2457 5755 Sic
2481 5695 2764 5769 certe‘ipse
2784 5695 3266 5770 olimAugustinus
3292 5698 3457 5770 legit:
3483 5695 3711 5769 gemitus
3726 5695 3825 5750 ad-

2233 5778 2350 5845 est:
2395 5779 2442 5825 et
2483 5771 2616 5845 ﬂeo,
2646 5768 2940 5845 etc._l|l_ud
2987 5768 3117 5845 vero
3159 5771 3240 5845 ad,
3283 5768 3603 5837 Dominum,
3650 5780 3825 5845 neque

2234 5839 2459 5901 (ἤκουε
2474 5834 2667 5913 codex,
2680 5848 2742 5897 ut
2758 5839 2825 5897 de
2842 5839 3071 5899 Hebraeo
3083 5834 3301 5899 interim
3316 5849 3543 5911 taceam,
3558 5834 3823 5912 agnoscit.
