4062 6356
515 353 579 411 7i
1299 440 1304 445 κ
1519 348 1576 409 S.
1621 347 2004 408 HIERONYMI
2039 346 2270 407 DIVINA
2307 345 2784 409 BIBLIOTHECA.
3739 352 3816 416 τε

512 468 607 524 tibi
635 467 656 536 ζ
687 475 713 505 ε
741 465 947 524 Deinde
969 465 1112 523 scies
1153 466 1298 538 quod
1340 465 1394 522 in
1434 480 1568 538 pace
1599 467 1704 524 erit
1736 466 1932 522 domus
1972 465 2111 522 tua‘:
2143 466 2195 528 A
2223 466 2315 522 nix
2353 477 2446 522 aut
2484 467 2683 538 glacies
2718 465 3014 525 constricta
3052 478 3177 525 cum
3218 467 3458 526 tabuerit
3498 469 3553 526 in
3601 471 3812 543 calore,

513 568 568 615 et
625 559 965 614 tabernaculi
1011 559 1092 614 tui
1151 560 1498 616 conversatio
1555 575 1666 616 non
1717 559 1987 630 peccabit.
2045 559 2113 614 Et

511 652 654 711 scies
675 651 823 723 quod
847 653 1076 708 multum
1101 653 1210 710 erit
1231 667 1419 710 semen
1443 661 1593 709 tuum
1617 671 1629 708 :
1655 661 1712 710 et
1733 653 1828 709 ﬁlii
1857 654 1930 709 tui
1953 661 2116 709 erunt

512 752 788 817 tamquam
811 743 980 800 herba
1011 747 1192 801 omnis
1216 746 1270 801 in
1297 760 1513 816 campo.
1544 745 1613 801 Et
1641 747 1826 802 venies
1849 746 1903 801 in
1934 745 2117 816 sepul-

512 850 668 892 crum
701 844 973 908 tamquam
997 835 1330 894 frumentum
1357 848 1628 894 maturum
1652 837 1704 911 [δ
1725 837 1872 909 quod
1899 839 1953 894 in
1978 843 2114 893 tem-

512 941 649 1000 pore
670 943 772 984 suo
793 929 1052 1002 metetur]
1072 939 1166 987 aut
1189 939 1466 1002 tamquam
1479 944 1712 988 acervus
1734 944 1877 986 area:
1903 931 1959 985 in
1983 939 2117 985 tem-

515 1037 648 1092 pore
678 1037 779 1080 suo
806 1032 1196 1095 congregatus.
1241 1025 1383 1081 Ecce
1423 1024 1542 1082 haec
1583 1025 1660 1080 ita
1701 1023 2113 1095 exquisivimus.

512 1117 642 1173 Haec
665 1127 794 1174 sunt
824 1134 950 1190 quae
975 1120 1318 1188 audivimus,
1349 1129 1405 1177 tu
1435 1135 1568 1177 vero
1597 1120 1737 1177 scito
1767 1120 2114 1191 temetipsum

515 1205 667 1281 [quid
692 1209 918 1283 egeris].

834 1319 1176 1362 BBSPONDENS
1215 1320 1401 1362 AUTEI
1438 1319 1551 1374 JOB,
1603 1317 1794 1360 DIXITI

588 1393 747 1469 [ϐαρ.
774 1394 890 1468 γι]
915 1396 972 1452 Si
993 1398 1118 1467 quis
1137 1397 1455 1466 appendens
1472 1394 1733 1466 ponderct
1753 1396 1889 1452 iram
1913 1409 2113 1465 meam,

514 1497 572 1544 et
603 1499 625 1528 ο
659 1502 946 1546 sermones
973 1504 1127 1546 meos
1157 1498 1328 1558 ponat
1378 1488 1434 1543 in
1474 1496 1677 1544 statera
1720 1489 1918 1545 simul:
1949 1503 2116 1546 arena

517 1581 761 1637 littorum
803 1581 1044 1638 inveniet
1070 1581 1392 1651 Tgraviores.
1431 1579 1538 1636 Sed
1581 1589 1642 1636 ut
1680 1581 1914 1648 videtur,
1946 1582 2118 1638 verba

516 1670 546 1711 ει
586 1688 705 1730 mea
742 1683 866 1730 sunt
897 1673 1057 1729 mala.
1089 1671 1315 1743 Sagittae
1339 1672 1484 1729 enim
1518 1672 1614 1729 Dei
1648 1672 1756 1746 [ΑΙ.
1792 1672 2031 1744 Domini]
2060 1673 2117 1729 in

517 1779 753 1838 corpore
783 1782 906 1824 meo
953 1773 1121 1823 sunt:
1167 1783 1399 1838 quarum
1431 1767 1588 1823 furor
1616 1767 1754 1824 bibit
1795 1769 2116 1840 sanguinem

2216 573 2324 616 non
2348 569 2570 632 apparet
2593 561 2722 632 quid
2745 561 2940 618 fuerit:
2970 561 3050 619 sic
3073 570 3131 618 et
3149 576 3251 633 ego
3273 563 3570 620 derelictus
3597 578 3715 621 sum
3743 567 3815 623 ab

2217 654 2491 710 omnibus.
2525 653 2693 722 Perii,
2736 663 2794 711 et
2819 656 2975 712 exsul
3010 657 3080 713 de
3105 656 3269 716 domo
3297 673 3418 714 mea
3458 658 3633 715 factus
3662 676 3812 718 sum.

2219 744 2414 801 Videte
2448 745 2566 802 vias
2594 742 3025 815 Themanorum,
3055 749 3280 805 semitas
3306 749 3644 806 Sabaaorum.
3674 760 3700 800 8
3727 751 3820 808 In-

2217 837 2467 906 tuemini,
2495 840 2619 910 quia
2651 839 3030 898 confusionem
3059 849 3463 914 consequentur
3491 843 3587 915 qui
3633 844 3690 900 in
3731 845 3816 900 ci-

2217 929 2500 998 vitatibus,
2532 941 2588 987 et
2618 933 2674 988 in
2705 931 2911 989 divitiis
2941 933 3238 990 contidunt.
3277 931 3306 971 ιι
3348 933 3504 991 Nunc
3532 944 3715 991 autem
3761 945 3818 993 et

2216 1038 2314 1080 vos
2343 1023 2717 1082 insurrexistis
2761 1027 2817 1082 in
2858 1042 2946 1083 me
2973 1027 3094 1083 sine
3127 1025 3545 1083 misericordia:
3587 1028 3684 1085 sed
3731 1031 3820 1086 vi-

2217 1115 2408 1172 dentes
2446 1117 2642 1173 vulnus
2668 1132 2871 1184 meum,
2902 1119 3115 1175 timete.
3154 1119 3296 1187 Quid
3333 1119 3517 1176 enim?
3543 1118 3818 1193 Numquid

2216 1207 2422 1279 aliquid
2452 1223 2550 1265 vos
2581 1208 2736 1279 petii,
2772 1217 2866 1265 aut
2905 1209 3226 1267 fortitudine
3259 1222 3436 1267 veSIra
3478 1210 3718 1282 indigeo,
3760 1220 3822 1267 ut

2218 1316 2308 1357 me
2333 1301 2554 1357 salvetis
2584 1302 2651 1357 ab
2675 1301 2934 1370 inimicis,
2962 1311 3056 1358 aut
3079 1302 3146 1358 de
3189 1317 3350 1359 manu
3374 1305 3679 1374 potentium
3711 1305 3822 1362 eri-

2219 1396 2379 1469 piatis
2406 1398 2534 1454 me?
2563 1399 2766 1455 Docete
2795 1413 2905 1466 me,
2949 1408 3002 1455 et
3028 1413 3128 1470 ego
3170 1398 3570 1458 obmutescam.
3605 1400 3661 1456 Si
3689 1399 3820 1470 quid

2223 1490 2431 1557 erravi,
2460 1490 2626 1546 dicite
2654 1489 2810 1546 milii.
2844 1489 2953 1546 Sed
2984 1500 3040 1545 ut
3072 1490 3254 1557 video,
3304 1489 3321 1528 ί
3358 1504 3522 1560 prava
3555 1490 3670 1546 veri
3716 1489 3819 1545 ho-

2220 1582 2384 1639 minis
2413 1596 2534 1639 esse
2563 1583 2766 1639 dicitis.
2799 1581 2919 1638 Non
2947 1582 3092 1639 enim
3125 1596 3153 1635 a
3184 1580 3343 1638 vobis
3371 1581 3633 1636 auxilium
3665 1590 3817 1652 peto,

2222 1689 2400 1748 neque
2462 1675 2766 1745 increpatio
2819 1683 2998 1730 vestra
3054 1673 3335 1730 silentium
3387 1674 3616 1743 imponit
3663 1673 3819 1730 mibi.

2218 1768 2406 1840 Neque
2436 1768 2581 1823 enim
2610 1766 2977 1824 elocutionem
3010 1765 3280 1823 sermonis
3307 1766 3478 1821 vestri
3511 1765 3817 1821 sustinebo.

513 1873 718 1915 meum.
777 1859 915 1916 Cum
968 1861 1114 1916 enim
1175 1859 1382 1929 incipio
1436 1859 1609 1930 loqui,
1666 1861 1956 1916 stimulant
2004 1876 2114 1917 me.
2147 1861 2609 1929 BVerumtamen
2639 1874 2808 1930 super
2828 1858 3091 1930 pupillum
3116 1857 3223 1931 [AL
3248 1855 3536 1930 pusillum]
3561 1859 3817 1926 irruistis,

517 1949 658 2017 Quid
685 1949 870 2006 enim?
911 1949 1186 2021 Numquid
1211 1951 1413 2007 frustra
1453 1966 1658 2023 onager
1707 1952 1966 2009 clamabit
2011 1953 2150 2018 nisi,

515 2057 698 2099 escam
723 2057 978 2115 quaerens
997 2041 1108 2116 [ΑΙ.
1142 2040 1492 2114 requirens]?
1521 2053 1616 2099 aut
1642 2044 1742 2100 bos
1767 2046 1972 2115 mugiet
1991 2059 2114 2100 cum

518 2135 721 2193 habeat
760 2135 817 2192 in
855 2137 1086 2208 praesepi
1114 2137 1306 2194 cibos?
1334 2137 1609 2210 Numquid
1637 2147 1819 2209 potest
1853 2140 1974 2194 sine
2005 2139 2118 2195 sale

516 2228 608 2285 edi
655 2227 844 2300 panis:
889 2237 986 2284 aut
1011 2236 1099 2286 est
1135 2244 1299 2301 sapor
1336 2229 1390 2284 in
1431 2230 1780 2286 sermonibus
1809 2231 2000 2286 vanis?
2027 2230 2119 2287 Sic

518 2332 620 2375 nec
649 2319 831 2375 anima
863 2334 985 2376 mea
1014 2329 1199 2392 potest
1241 2334 1484 2377 cessare.
1532 2321 1752 2378 Fetidas
1783 2322 1928 2392 enim
1960 2321 2118 2379 video

516 2424 676 2467 escas
725 2425 896 2477 meas,
935 2412 1077 2468 sicut
1113 2421 1200 2468 est
1245 2411 1386 2469 odor
1423 2411 1618 2469 leonis.
1664 2413 1820 2482 Quod
1857 2415 1905 2469 si
1947 2414 2041 2471 det
2065 2423 2120 2471 et

517 2505 701 2562 veniat
727 2505 1019 2576 postulatio
1048 2520 1191 2573 mea,
1224 2513 1281 2562 et
1308 2519 1461 2577 spem
1491 2520 1667 2562 meam
1696 2505 1790 2562 det
1819 2507 2116 2563 Dominus:

521 2596 790 2667 incipiens
831 2597 1098 2653 Dominus
1127 2597 1384 2654 vulneret
1425 2613 1534 2667 me,
1570 2598 1666 2654 sed
1699 2613 1808 2654 non
1837 2599 1890 2654 in
1929 2614 2122 2670 perpe-

523 2699 676 2746 tuum
723 2705 812 2747 me
864 2690 1177 2746 interﬁciat.
1222 2689 1308 2746 Sit
1348 2689 1482 2746 mihi
1535 2691 1733 2746 civitas
1781 2691 2118 2762 sepulcrum,

515 2796 684 2854 super
733 2782 890 2854 cujus
949 2797 1142 2838 muros
1185 2781 1471 2841 saliebam.
1526 2782 1644 2838 Non
1704 2797 1946 2854 parcam.
2002 2783 2122 2839 Non

517 2877 662 2933 enim
691 2877 954 2932 mentitus
982 2892 1103 2932 sum
1137 2887 1161 2914 ο
1183 2877 1352 2932 verba
1382 2878 1557 2933 sancti
1587 2877 1682 2933 Dei
1713 2879 1841 2933 mei.
1878 2879 2009 2945 Quae
2039 2887 2123 2935 est

519 2969 665 3024 enim
719 2968 895 3024 virtus
940 2983 1082 3034 mea,
1138 2979 1196 3024 ut
1243 2967 1534 3024 sufferam?
1583 2977 1681 3025 aut
1718 2970 1861 3040 quod
1911 2979 2124 3041 tempus

519 3075 700 3118 meum
725 3104 740 3131 ,
757 3060 1091 3117 utsustineat
1111 3061 1291 3117 anima
1318 3063 1480 3118 mea?
1500 3061 1770 3134 Numquid
1796 3065 1968 3120 virtus
1991 3063 2125 3135 lapi-

518 3153 668 3223 dum,
687 3154 860 3209 virtus
881 3167 1022 3220 mea,
1037 3162 1333 3210 autcarnes
1345 3168 1480 3210 mea:
1502 3155 2043 3211 suntaareaehutnon
2068 3157 2122 3212 in

2221 1963 2276 2011 et
2307 1953 2554 2010 insilistis
2604 1953 2659 2008 in
2691 1953 2928 2008 amicum
2960 1963 3226 2008 vestrum.
3271 1949 3427 2007 Nunc
3452 1961 3636 2007 autem
3667 1951 3682 2002 i
3732 1965 3823 2007 as-

2229 2047 2496 2120 picientes
2559 2050 2625 2116 >ε<
2681 2056 2874 2103 vacate
2937 2045 3091 2102 mihi.
3153 2046 3212 2102 In
3274 2045 3416 2102 facie
3468 2053 3650 2102 vestra
3707 2061 3819 2100 non

2223 2139 2476 2198 mentiar.
2505 2137 2725 2208 Sedete,
2758 2147 2813 2195 et
2833 2154 2940 2194 non
2963 2139 3035 2194 sit
3061 2137 3321 2210 iniquitas
3342 2153 3356 2192 :
3379 2147 3434 2194 et
3453 2151 3669 2194 rursum
3695 2136 3814 2207 jus-

2225 2231 2362 2289 titiaa
2408 2234 2679 2289 adestOte.
2719 2230 2836 2287 Non
2866 2240 2952 2287 est
2983 2231 3130 2287 enim
3163 2230 3220 2285 in
3247 2245 3344 2286 ore
3380 2245 3504 2285 meo
3537 2229 3816 2300 iniquitas.

2295 2325 2446 2399 [Cap.
2470 2324 2608 2398 νη]
2627 2324 2695 2380 Et
2719 2323 2900 2380 fauces
2930 2338 3067 2380 mea:
3099 2337 3279 2378 nonne
3301 2320 3624 2393 sapientiam
3650 2320 3822 2376 medi-

2223 2427 2408 2475 tantur
2451 2418 2562 2492 [ΑΙ.
2610 2414 3070 2489 meditabantur]?
3113 2414 3385 2486 Numquid
3434 2428 3542 2470 non
3596 2413 3822 2469 tentatio

2221 2521 2309 2568 est
2343 2512 2452 2567 vita
2497 2511 2732 2565 humana
2778 2523 2942 2579 super
2981 2514 3209 2574 terram,
3257 2515 3310 2562 et
3349 2506 3493 2562 sicut
3519 2503 3822 2576 quotidiani

2223 2605 2548 2662 mercenarii
2580 2605 2692 2659 vita
2722 2602 2872 2674 ejus?
2902 2609 2997 2657 aut
3027 2609 3302 2671 tamquam
3333 2613 3526 2656 servus
3571 2606 3821 2654 metuens

2223 2697 2504 2754 dominum
2558 2711 2740 2761 suum,
2782 2702 2838 2751 et
2866 2701 3192 2750 consecutus
3223 2691 3509 2748 umbram:
3559 2700 3651 2746 aut
3681 2698 3825 2744 tam-

2223 2805 2386 2863 quam
2420 2787 2795 2844 mercenarius
2835 2791 2927 2857 qui
2974 2793 3254 2858 exspectat
3291 2782 3598 2840 mercedem
3638 2782 3825 2852 operis

2224 2884 2342 2940 sui?
2374 2885 2452 2940 sic
2492 2890 2547 2938 et
2575 2897 2676 2950 ego
2719 2881 3033 2951 exspectavi
3069 2891 3287 2935 menses
3313 2890 3502 2944 vanos,
3548 2883 3604 2931 ct
3633 2885 3826 2930 noctes

2224 2975 2476 3032 dolorum
2504 2973 2647 3031 data:
2663 2983 2790 3030 sunt
2807 2973 2962 3029 mihi.
2987 2972 3043 3029 Si
3066 2970 3378 3027 dormiero:
3409 2968 3564 3023 dico:
3591 2966 3824 3036 Quando

2225 3067 2379 3126 dies?
2433 3056 2601 3123 Etsi
2654 3080 2966 3131 surrexere,
3019 3050 3278 3122 rursum:
3322 3060 3552 3129 Quando
3596 3072 3825 3129 vespera

2227 3161 2337 3237 [AL
2370 3158 2620 3232 vesper]?
2653 3157 2679 3198 ι
2731 3159 2968 3230 chleor
2993 3165 3173 3212 autem
3206 3153 3489 3210 doloribus
3520 3168 3548 3207 a
3595 3165 3826 3221 vespera

519 3244 991 3316 ipsoconfidebam
1013 3244 1169 3306 τῖεθὰ
1185 3245 1512 3317 adiutorium
1531 3261 1664 3304 ante
1683 3251 1931 3304 recessit.
1948 3250 2120 3306 Aver-
2152 3252 2198 3317 C
2229 3271 2402 3326 usque
2431 3254 2500 3310 ad
2527 3267 2690 3309 mane
2714 3270 2726 3305 :
2761 3260 2816 3308 et
2841 3249 3150 3309 concrescit
3179 3260 3381 3318 corpus
3411 3259 3594 3302 meum
3640 3252 3830 3315 putre-

519 3360 578 3402 sa
598 3354 682 3402 est
709 3361 738 3400 a
761 3361 849 3403 me
879 3347 1276 3416 misericordia,
1298 3357 1352 3405 et
1371 3349 1608 3407 visitatio
1635 3351 1852 3420 Domini
1895 3367 1984 3408 me
2030 3352 2125 3410 de-

525 3441 726 3510 spexit.
751 3439 1050 3513 Propinqui
1077 3443 1184 3500 mei
1206 3459 1312 3500 non
1335 3455 1694 3516 respexerunt
1714 3463 1821 3512 me,
1851 3456 2123 3520 tamquam

523 3541 735 3590 torrens
764 3534 1049 3603 deﬁciens,
1087 3546 1184 3594 aut
1229 3538 1371 3595 sicut
1407 3539 1607 3597 ﬂuctus
1644 3543 1980 3599 transierunt
2009 3559 2119 3600 me.

520 3623 622 3692 Qui
653 3640 742 3684 me
772 3627 1113 3699 metuebant,
1154 3645 1300 3687 nunc
1331 3631 1612 3688 irruerunt
1636 3647 1800 3705 super
1828 3649 1936 3691 me.
1967 3633 2123 3691 Sicut

521 3886 720 3950 pacata:
739 3890 888 3936 erunt
915 3880 1047 3937 tibi:
1070 3895 1189 3953 qua:
1213 3888 1391 3938 tamen
1409 3879 1574 3939 verba
1599 3881 1665 3938 ad
1693 3879 2112 3954 subsequentem

519 3967 734 4008 versum
763 3955 921 4008 unice
960 3961 1226 4023 spectant,
1262 3963 1316 4007 et
1356 3955 1494 4010 male
1523 3956 1579 4010 in
1608 3971 1674 4011 eo
1703 3953 1890 4011 codice
1920 3953 2114 4010 Graeco

518 4023 712 4096 repeti.
741 4038 809 4078 ex
842 4023 1076 4096 Hebrzeo
1100 4025 1408 4096 archetypo
1437 4027 1632 4096 liquet.

593 4102 619 4130 ⁸
651 4093 849 4149 lterum
875 4095 994 4161 plus
1026 4095 1190 4149 habet
1215 4093 1385 4149 codex
1408 4093 1837 4160 Alexandrinus,
1866 4109 1986 4165 qua:
2012 4095 2114 4151 sub

523 4166 792 4243 asterisco
807 4165 1085 4243 continuat
1105 4183 1120 4220 :
1144 4171 1238 4243 ιιᾳὶ
1260 4171 1426 4243 ’γνώσῃ
1449 4165 1527 4222 ὅτι
1554 4169 1604 4222 ἐν
1625 4169 1804 4243 εἰρήνῃ,
1820 4167 1877 4222 τὸ
1901 4168 2113 4243 σπέρμα

519 4257 639 4300 σου,
665 4239 752 4292 καὶ
773 4239 1032 4315 immersa
1050 4245 1142 4315 τῆς
1164 4226 1475 4314 exiri-parteiam
1500 4259 1615 4304 σου,
1649 4226 1736 4293 τίαὶ
1757 4226 1812 4293 is
1837 4243 1907 4310 μή
1937 4226 2110 4315 ἁμάρ-

517 4324 654 4377 τῃςε
708 4323 828 4376 quae
872 4308 938 4362 ad
982 4308 1276 4362 Hebrmum'
1307 4321 1620 4378 eomparala
1669 4308 1875 4364 textum
1905 4348 1921 4376 ,
1967 4308 2117 4365 tne'ra

519 4379 773 4449 \‘tdetillll'
799 4379 1178 4448 subsequentis
1204 4383 1492 4434 sententia:
1521 4381 1874 4449 glossemata.

591 4449 618 4486 δ
642 4447 844 4519 Nempe
871 4447 1040 4520 semel
1065 4458 1149 4503 est
1172 4450 1227 4505 in
1256 4449 1485 4505 Hebrreo
1513 4447 1675 4519 tim,
1707 4449 1848 4520 quod
1872 4449 1938 4503 ad
1965 4464 2119 4506 acer-

521 4534 646 4590 vum
678 4535 819 4574 areae
844 4519 1034 4575 refert.
1062 4520 1194 4576 Vide
1216 4535 1338 4590 quae
1366 4522 1432 4575 ad
1466 4521 1610 4576 hunc
1639 4519 1815 4576 locum
1847 4523 2116 4577 versionis

521 4589 964 4660 ilicronymianaa
986 4606 1055 4644 ex
1088 4589 1317 4646 Hebraeo
1345 4590 1599 4646 diximus.

595 4671 616 4698 ο
643 4661 956 4730 Legendum
985 4661 1216 4728 datores,
1250 4663 1366 4730 ipse
1398 4663 1748 4718 Martianatus
1780 4662 2030 4719 monuit:
2059 4671 2115 4719 et

520 4740 604 4786 est
632 4733 848 4800 quidem
882 4735 936 4786 in
967 4732 1160 4788 Graeco
1189 4732 1396 4796 ὀδύνας.

589 4801 615 4838 ά
652 4800 818 4874 Tacet
845 4802 901 4874 in
924 4804 1328 4872 Augustinianis
1360 4804 1516 4859 libris
1543 4819 1864 4874 pronomen,
1891 4821 2025 4860 mea.

520 4875 550 4936 Ξ
593 4882 617 4910 ⁸
651 4873 804 4942 Apud
837 4873 895 4927 S.
928 4875 1285 4944 Augustinum
1313 4892 1326 4928 :
1359 4874 1483 4928 Non
1518 4873 1655 4930 enim
1680 4879 1919 4930 mentitus
1957 4893 2072 4930 sunt
2096 4891 2116 4930 :

518 4944 669 4998 rerba
697 4953 816 5018 sunt
838 4953 1018 4998 sancta
1050 4944 1144 5018 Dei
1174 4946 1294 5000 mei.
1328 4944 1550 5002 Graecus
1592 4948 1870 5018 impressa:
1899 4947 2116 5003 lectioni

521 5016 916 5088 nostraeltteret
939 5016 1186 5088 propius.

597 5083 616 5123 ί
659 5086 822 5140 Addit
850 5083 1112 5156 przeter'ea
1135 5087 1490 5157 Augustinus,
1517 5104 1635 5142 cum
1652 5089 1780 5142 mihi
1810 5088 2074 5144 beneesset
2094 5105 2113 5143 :

523 5169 646 5224 quae
673 5165 948 5230 tamquam
971 5157 1114 5212 sacri
1147 5168 1324 5213 textus
1353 5174 1614 5230 germana
1645 5161 1811 5230 verba
1844 5162 2114 5230 interpre-

524 5227 778 5302 tatur,_id
813 5239 909 5289 est,
933 5243 1048 5282 cum
1074 5245 1238 5302 essent
1262 5227 1573 5284 immortalis
1593 5229 1662 5283 ad
1683 5227 2110 5302 imaginentDei.

524 5294 582 5352 In
615 5296 846 5352 Hebrmo
871 5308 1050 5354 autem
1080 5309 1172 5355 aut
1201 5300 1392 5356 Graeco
1415 5303 1655 5356 textibus
1676 5294 1954 5356 non'sunt.

593 5378 618 5416 ε
643 5367 819 5424 Aliter
854 5368 971 5424 haec
1014 5371 1154 5427 idem
1187 5373 1388 5427 nectit:
1439 5373 1652 5427 semitas
1697 5371 2002 5427 Sabaeorum
2027 5373 2111 5427 in-

519 5441 770 5511 tuemini;
793 5442 887 5496 sed
914 5449 970 5495 et
988 5440 1211 5498 Graecus
1237 5453 1416 5498 textus
1437 5442 1666 5506 abludit,
1701 5452 1756 5498 et
1777 5442 1897 5511 plus
1921 5442 2106 5498 habet.

595 5507 622 5546 ιι
653 5510 896 5566 Solidum
923 5512 1065 5567 hunc
1086 5513 1412 5569 versiculum
1439 5513 1531 5579 21,
1565 5511 1725 5567 Nunc
1752 5507 1924 5568 autem
1946 5524 1991 5567 et
2021 5530 2110 5568 vos

517 5579 878 5637 insurrexistis
919 5583 974 5637 in
1016 5600 1097 5638 me
1142 5586 1253 5639 sine
1295 5585 1699 5639 misericordia:
1747 5585 1837 5638 sed
1881 5584 2110 5639 videntes

517 5650 705 5706 vulnus
734 5668 903 5707 meum
932 5656 1126 5722 timete,
1157 5657 1247 5724 qui
1294 5656 1347 5710 in
1385 5655 1680 5710 Martianmi
1730 5655 1972 5710 editione
2010 5669 2108 5709 ve-

517 5724 650 5796 teris
685 5724 1038 5796 descriptoris
1077 5728 1282 5782 incuria
1311 5727 1527 5793 deerat,
1566 5741 1662 5781 nos
1693 5740 1759 5780 ex
1800 5726 1858 5780 S.
1894 5725 2108 5796 Augus-

518 5793 634 5847 tino
678 5793 906 5866 totidem
933 5797 1115 5852 verbis
1161 5797 1494 5852 suffecimus.
1547 5796 1734 5866 Neque
1761 5811 1892 5853 vero
1927 5793 2006 5852 ex'
2039 5798 2106 5853 iis

515 5873 633 5924 erat
673 5865 790 5925 lucc
833 5868 1122 5925 verborum
1155 5869 1432 5940 pericope,
1481 5882 1601 5938 quac
1629 5879 1726 5924 aut
1751 5868 1912 5926 obolo
1946 5869 2109 5939 jugu-

2233 3350 2358 3406 dine
2395 3348 2689 3406 vermium.
2734 3345 2966 3400 infunde
3003 3344 3193 3415 glebas
3248 3351 3432 3409 terrm,
3482 3338 3682 3394 radens
3730 3352 3824 3393 sa-

2233 3445 2400 3511 niem,
2433 3452 2490 3499 et
2529 3443 2638 3498 vita
2681 3436 2700 3479 1
2748 3454 2867 3496 mea
2895 3438 3111 3494 .exilior
3138 3445 3243 3506 est,
3287 3448 3448 3506 quam
3487 3431 3725 3503 loquela,
3769 3437 3827 3486 et

2230 3537 2396 3610 periit
2438 3536 2490 3591 in
2539 3546 2770 3589 vacuum
2801 3545 2948 3602 spes.
2980 3527 3292 3585 Recordare
3321 3527 3503 3597 itaque
3533 3521 3641 3596 [ΑΙ.
3673 3519 3824 3593 ergo]

2231 3630 2356 3703 quia
2401 3628 2631 3700 spiritus
2660 3633 2747 3684 est
2771 3625 2878 3682 vita
2909 3638 3054 3692 mea,
3083 3631 3139 3680 et
3169 3636 3280 3678 non
3309 3629 3349 3659 ω
3377 3619 3610 3692 amplius
3642 3632 3828 3675 rever-

2221 3877 2378 3937 lauda
2415 3885 2566 3945 sunt,
2595 3884 2690 3932 aut
2717 3872 2821 3930 sub
2857 3870 3136 3929 asteriscis
3169 3870 3492 3943 supplenda,
3516 3877 3575 3926 ut
3598 3869 3826 3945 'causari

2219 3943 2618 4020 exemplarium
2651 3947 2997 4020 varietatem,
3043 3950 3432 4020 autaiotarum
3477 3943 3692 4020 possis:
3725 3943 3823 3998 sed

2217 4039 2337 4093 qua:
2388 4011 2766 4093 continentes
2795 4031 2926 4093 cum
2964 4016 3045 4093 in_
3076 4013 3327 4093 llebrgeo,
3371 4011 3487 4093 tum
3537 4014 3590 4068 in
3615 4011 3825 4093 graeco

2218 4083 2454 4149 maxime
2493 4099 2640 4146 textu
2659 4087 2955 4162 obtinuerit
2983 4100 2998 4137 :
3031 4084 3183 4162 ’Δτᾴρ
3216 4083 3270 4162 δὲ
3316 4088 3401 4141 καὶ
3427 4086 3582 4158 ὑμεῖς
3608 4084 3825 4162 ἐπέϐητέ

2216 4187 2307 4238 μοι
2326 4163 2689 4238 ἀνελεημὸνως,
2705 4161 2838 4238 ὥστε
2865 4156 3055 4238 ἰδόγτες
3075 4157 3135 4238 cf)
3151 4155 3279 4238 ’ἐμεόν
3303 4155 3510 4236 τραῦμα
3538 4155 3785 4238 φοϐήθητε
3807 4172 3822 4208 :

2221 4228 2419 4307 quibus
2461 4228 2528 4289 de
2555 4232 2726 4307 verbo
2751 4232 2819 4283 ad
2848 4230 3078 4307 verbum
3107 4228 3302 4307 Latina
3321 4228 3820 4307 ,'qt_ia_rn_'restitui-

2224 4296 2366 4368 unus.
2388 4302 2764 4380 interpretatio
2792 4297 3108 4380 respondet.
3140 4296 3299 4366 Vide,
3337 4297 3383 4353 si
3411 4297 3579 4364 lubet,
3615 4297 3822 4366 ipsius-

2223 4387 2336 4434 met
2367 4380 2426 4434 S.
2460 4373 2744 4444 Augustini
2779 4373 3228 4444 Annotatiouem.

2301 4447 2317 4487 ί
2359 4437 2589 4518 August.
2610 4459 2770 4516 parva
2802 4456 2900 4518 pro
2930 4455 3092 4511 prava
3121 4438 3320 4518 nedum
3343 4437 3632 4518 ipgit,_sed
3655 4437 3822 4492 etiam
3846 4466 3852 4472 ν

2224 4520 2276 4575 in
2310 4508 2986 4588 subjt‘iuctafannotatione
3031 4510 3256 4588 exponit
3285 4527 3300 4564 :
3340 4508 3471 4588 Eum
3496 4510 3620 4588 dicit
3648 4525 3824 4588 rerum

2221 4580 2503 4654 hominem,
2533 4586 2621 4657 qui
2641 4600 2916 4658 personam
2938 4581 3198 4658 signiﬁcat
3234 4581 3435 4658 agentis
3451 4580 3822 4658 lpreuitcntiam

2221 4650 2556 4716 conversione
2573 4650 2652 4710 ad'
2668 4658 2852 4720 Deum,
2880 4650 3031 4726 cujus
3052 4650 3215 4726 parva
3246 4650 3395 4706 verba
3426 4650 3687 4726 dicebant.
3723 4651 3824 4704 At-

2143 4709 2195 4770 Β
2222 4709 2796 4803 iiiﬁ'én'sas'igqubq
2824 4709 2912 4781 est
2938 4709 3010 4778 'in
3040 4709 3253 4789 Graeco,
3288 4722 3630 4803 vocabulum,
3677 4735 3822 4803 pro-

2220 4805 2338 4874 prie
2364 4789 2854 4874 deteriorafmala,
2903 4809 3156 4865 nequam,
3189 4803 3243 4849 et
3269 4807 3398 4848 vero
3428 4793 3647 4847 homine
3677 4789 3823 4847 indi-

2219 4870 2321 4946 gna
2355 4873 2520 4946 verba
2547 4870 2833 4946 significat.

2297 4946 2310 4995 i
2367 4933 2784 5013 Gratcusvliabet
2802 4939 2924 4994 Νυνὶ
2946 4934 2999 4991 δὲ
3017 4934 3270 5013 iugalia;
3291 4935 3362 5013 εἷς
3379 4933 3634 5013 πρὸσςωπα
3652 4933 3820 5006 ὑμῶν.

2218 5018 2276 5073 οὐ
2297 5016 2579 5088 ψεύσομαι.
2615 5009 2774 5088 Nisus
2803 5019 2973 5064 autent
3011 5006 3288 5087 inspiciens
3327 5009 3380 5060 in
3413 5006 3572 5088 facies
3603 5018 3818 5088 vestras,

2218 5074 2320 5141 non
2355 5074 2597 5140 mentiar.
2649 5080 2802 5136 Facit
2827 5092 2962 5134 vero
2991 5074 3113 5130 cum
3144 5074 3422 5145 impressa
3444 5077 3678 5130 lectione
3705 5074 3818 5145 He-

2218 5157 2424 5224 brreus,
2455 5167 2616 5223 atque
2646 5152 2762 5224 ipse
2808 5148 3164 5224 Augustinus,
3196 5144 3288 5218 qui
3313 5159 3423 5201 uno
3453 5147 3622 5202 verbo
3651 5144 3823 5214 inspi-

2219 5218 2428 5294 cientes,
2457 5218 2554 5296 pro
2573 5218 2908 5296 respicientes
2933 5218 3158 5296 abludit.

2293 5297 2316 5336 ιι
2359 5283 2535 5353 Μῖιιύε
2571 5283 2712 5349 bene
2750 5293 2804 5346 in
2849 5287 3145 5360 Martianaai
3178 5287 3419 5360 editione
3447 5285 3723 5360 Replebor.
3752 5283 3820 5341 S.

2217 5368 2459 5439 August.
2517 5365 2571 5422 in
2626 5363 2844 5439 instanti
2902 5359 3150 5430 Repleor,
3207 5368 3266 5415 et
3315 5358 3542 5439 Grazcus
3594 5371 3818 5439 quoque

2218 5427 2428 5516 111:5an
2441 5438 2496 5494 δὲ
2522 5440 2742 5510 γίνομαι,
2775 5427 2997 5505 legunt:
3050 5443 3283 5500 quorum
3317 5437 3376 5486 et
3403 5445 3504 5486 nos
3529 5427 3818 5485 lectionem

2257 5510 2577 5565 raiferimus.

2217 5527 2664 5635 pr‘i'gr'giiiiiien
2696 5592 2830 5645 mea,
2869 5574 3014 5648 quod
3051 5573 3274 5642 deerat,
3308 5587 3376 5629 ex
3429 5567 3732 5642 Augustino
3761 5575 3819 5625 et

2219 5652 2415 5708 Grreco
2438 5649 2771 5706 sulfecimus.

2290 5732 2329 5760 ω
2352 5725 2455 5778 Pro
2484 5721 2635 5777 hisce
2657 5719 2864 5786 verbis,
2892 5727 2939 5773 et
2961 5735 3064 5774 non
3083 5714 3308 5788 amplius
3331 5721 3612 5788 revertetur
3631 5710 3818 5788 oculus

2217 5811 2360 5849 meus
2399 5794 2572 5848 videre
2602 5791 2755 5859 bona,
2786 5781 2910 5862 qua:
2941 5781 3245 5865 totidem'et
3277 5787 3550 5865 in‘Gragco
3575 5793 3719 5865 sunt,
3752 5781 3816 5838 S.

2221 5868 2450 5940 August.
2485 5873 2692 5923 tantum
2716 5852 2905 5935 habet,
2935 5861 3002 5919 Et
3028 5877 3128 5917 non
3158 5867 3386 5916 revertar
3407 5857 3474 5912 ad
3494 5852 3741 5914 visibilis.
