4062 6356
209 304 282 362 73
1321 298 1527 361 LIBER
1563 302 1701 363 JOB.
1745 292 2024 361 ALTERA
2062 292 2335 369 VERSIO.
3435 305 3506 366 74

211 431 354 481 tetur
394 421 587 481 oculus
626 434 783 480 meus
825 416 1015 482 videre
1056 422 1199 481 bona
1224 467 1241 493 ,
1274 425 1340 492 χ
1383 432 1411 462 ει
1456 439 1566 479 ηοη
1601 437 1687 479 me
1717 437 1811 478 co-
1834 423 1888 483 A
1915 422 2137 478 vissima
2184 429 2364 477 autem
2399 426 2490 475 tua
2522 414 2751 476 infinita.
2786 416 3068 493 Interroga
3099 418 3244 478 enim
3276 438 3506 494 genera-

211 527 427 590 gnoscet
453 517 648 572 oculus
681 516 950 572 videntis!
985 521 1050 585 μδ(
1080 516 1225 573 oculi
1269 517 1343 571 tui
1373 515 1427 571 itt
1469 531 1579 586 me,
1612 524 1668 571 et
1701 531 1807 572 non

214 609 491 669 subsistob
520 613 542 681 ζ
571 622 846 682 tamquam
878 610 1052 666 nubes
1082 618 1379 681 expurgata
1408 609 1498 682 [de
1533 607 1718 679 ccelo].
1749 608 1807 665 Si

209 704 349 760 enim
383 705 549 759 homo
581 703 931 759 descenderit
954 703 1022 757 ad
1054 700 1284 767 inferos,
1310 703 1453 756 ultra
1477 716 1585 756 non
1614 715 1809 757 ascen-

210 796 317 863 det,
348 805 403 851 et
428 809 536 850 non
568 804 878 851 revertetur
906 793 1142 865 amplius
1171 794 1394 849 domum
1422 808 1599 862 suam,
1634 809 1808 864 neque

208 897 501 960 cognoscet
546 888 706 945 illum
746 889 889 945 ultra
916 889 1071 945 locus
1102 903 1253 945 suus.
1294 887 1591 959 Propterea
1624 889 1808 959 itaque

208 995 261 1041 et
279 998 377 1055 ego
407 998 518 1039 non
555 997 774 1054 parcam
805 982 886 1039 ori
929 997 1051 1039 meo
1077 993 1092 1038 :
1126 982 1321 1054 loquar
1349 983 1401 1036 in
1424 982 1677 1051 angustia
1706 997 1806 1053 po-

211 1081 338 1135 sitas
381 1079 612 1149 spiritus
640 1078 772 1145 mei,
802 1078 1044 1149 aperiam
1094 1087 1117 1117 ο
1161 1075 1579 1132 amaritudinem
1610 1076 1807 1131 anima:

212 1188 338 1228 mete
388 1186 449 1226 +
497 1178 812 1227 coarctatus
857 1170 879 1240 ζ
914 1180 1170 1227 utrumne
1214 1184 1368 1225 mare
1402 1182 1522 1223 sum
1560 1183 1683 1239 ego,
1714 1176 1809 1223 aut

208 1265 388 1331 draco,
411 1264 543 1335 quia
571 1261 599 1301 ά
634 1262 877 1319 statuisti
901 1278 1067 1333 super
1098 1276 1187 1318 me
1217 1261 1562 1318 custodiam?
1592 1261 1806 1331 >t<Qnia

210 1358 313 1412 dixi
349 1357 372 1424 ζ
397 1356 785 1412 consolahitur
814 1370 903 1413 me
929 1355 1162 1411 lectulus
1185 1370 1360 1422 meus,
1394 1367 1449 1411 et
1479 1356 1709 1411 referam
1736 1356 1805 1409 ad

209 1450 469 1521 nteipsum
514 1450 947 1507 consolationem
979 1450 1035 1505 in
1064 1460 1186 1505 toro
1229 1464 1354 1505 meo
1394 1467 1407 1504 :
1441 1458 1687 1505 exterres
1717 1463 1805 1505 me

212 1557 302 1613 per
329 1543 548 1597 somnia
567 1552 623 1598 et
652 1556 752 1613 per
773 1540 1040 1598 visionem
1069 1538 1438 1612 obstupefacis
1462 1553 1478 1596 :
1505 1551 1529 1580 θ
1552 1540 1806 1597 absolves

207 1654 237 1693 a
262 1635 453 1707 spiritu
485 1652 610 1693 meo
636 1637 878 1692 animam
908 1650 1085 1692 meam
1112 1653 1124 1689 :
1156 1642 1209 1691 et
1234 1650 1263 1689 a
1296 1645 1474 1691 morte
1501 1650 1624 1691 ossa
1659 1650 1800 1692 mea.

215 1734 271 1797 ﬁs:
298 1728 317 1767 ί
341 1728 574 1800 Repuli:
605 1728 721 1784 Non
745 1728 891 1784 enim
920 1729 974 1784 in
1016 1728 1415 1799 sempiternum
1441 1727 1620 1783 vivam
1653 1742 1713 1782 +
1747 1738 1807 1783 ut

211 1823 471 1891 patiemer
490 1821 668 1877 feram
706 1820 728 1889 ζ

1914 517 2115 573 tionem
2155 516 2415 586 priorem,
2454 522 2509 570 ct
2544 516 2773 586 exquire
2811 530 2986 587 genus
3023 528 3329 586 parentum.
3366 520 3378 568 i
3434 520 3508 576 Et

1911 609 2156 665 hesterni
2184 622 2392 675 sumus,
2423 617 2481 665 et
2504 610 2800 675 nescimus,
2830 617 2884 664 et
2909 609 3101 665 umbra
3132 619 3217 665 est
3245 610 3351 666 vita
3377 625 3504 667 nos-

1910 712 1990 759 tra
2022 718 2191 774 super
2231 713 2454 759 terram.
2489 705 2598 758 Aut
2626 702 2887 774 numquid
2913 718 3020 759 non
3048 704 3102 759 hi
3124 704 3398 760 docebunt
3427 715 3503 774 te,

1909 805 1963 852 et
1987 792 2227 853 referent
2245 794 2371 850 tibi:
2392 804 2445 850 et
2472 809 2540 850 ex
2567 794 2734 851 corde
2758 811 2859 851 suo
2888 795 3164 866 ptoferent
3185 813 3465 854 sermones
3482 798 3508 852 Ἰ

1909 888 2176 960 Numquid
2206 889 2429 945 virescit
2469 888 2576 961 [ΑΙ.
2614 888 2777 961 viret]
2823 890 3035 961 scirpus
3060 892 3181 948 sine
3210 908 3373 963 aqua,
3412 902 3508 948 aut

1908 982 2109 1037 crescit
2133 982 2331 1051 juncus
2375 980 2481 1037 nisi
2513 981 2800 1051 irrigetur?
2847 981 3038 1040 Adhuc
3084 986 3137 1039 in
3187 999 3281 1040 sua
3323 986 3506 1041 radice

1909 1076 2183 1141 consistit,
2222 1083 2277 1130 et
2308 1088 2417 1130 non
2461 1082 2716 1131 metetur.
2751 1074 3058 1146 Antequam
3090 1075 3116 1113 ¹ί
3154 1077 3301 1132 bibat
3327 1079 3507 1134 omnis

1910 1168 2099 1238 herba,
2127 1182 2313 1225 nonne
2340 1167 2581 1225 arescit?
2598 1167 2690 1225 Sic
2708 1169 2875 1239 igitur
2900 1180 3060 1225 erunt
3088 1170 3385 1227 novissima
3406 1171 3507 1228 ho-

1909 1263 2137 1332 minum,
2161 1262 2253 1334 qui
2274 1260 2672 1318 obliviscuntur
2685 1262 2998 1319 Dominum.
3022 1262 3157 1334 Spes
3184 1266 3329 1320 enim
3355 1264 3507 1335 impii

1909 1357 2128 1429 peribit,
2177 1367 2233 1413 et
2278 1371 2386 1412 non
2436 1356 2747 1412 habitabilis
2786 1356 2893 1412 erit
2930 1356 3126 1414 domus
3156 1359 3300 1427 ejus,
3343 1370 3508 1430 atque

1909 1449 2124 1505 araneis
2154 1448 2517 1521 complebitur
2560 1450 2971 1506 tabernaculum
2999 1451 3140 1522 ejus.
3184 1450 3342 1519 Quod
3372 1460 3429 1507 et
3461 1451 3513 1508 si

1916 1543 2215 1601 Sull‘ulserit
2235 1542 2787 1613 domum}suam,non
2816 1544 2999 1611 stabit;
3029 1555 3228 1602 etcum
3250 1547 3507 1617 coeperit,

1910 1652 2017 1693 non
2047 1637 2410 1708 permanebit.
2437 1636 2701 1694 Humidus
2726 1646 2809 1694 est
2829 1639 2974 1694 enim
2995 1648 3121 1696 ante
3146 1640 3341 1709 solem,
3366 1650 3421 1697 et
3441 1640 3514 1696 de

1910 1730 2199 1803 putredine
2241 1726 2260 1767 ι
2300 1729 2419 1801 ejus
2458 1744 2680 1800 germen
2706 1730 2827 1801 ejus
2856 1732 3139 1788 ascendet.
3172 1732 3231 1787 lu
3270 1747 3507 1803 congre-

1834 1811 1884 1872 B
1909 1824 2225 1897 gationibus
2263 1822 2502 1893 lapidum
2534 1824 2757 1893 dormit,
2792 1834 2846 1881 et
2875 1825 2928 1880 in
2970 1826 3151 1881 medio
3198 1828 3510 1898 lapillorum

278 1913 513 1972 Discede
555 1929 586 1968 a
622 1930 728 1971 me.
762 1913 916 1971 Vana
942 1923 1027 1973 est
1057 1914 1204 1971 enim
1231 1915 1340 1972 vita
1380 1929 1522 1971 mea.
1554 1914 1694 1983 Quid
1724 1922 1809 1971 est
1908 1914 2077 1971 vivet.
2127 1914 2183 1971 Si
2213 1923 2254 1951 ω
2297 1914 2638 1985 deglutierit,
2671 1915 2825 1972 locus
2861 1918 3156 1974 mentietur
3191 1934 3338 1977 eum.
3389 1920 3511 1977 Non

212 2009 346 2064 enim
384 2009 556 2064 homo
581 2006 728 2079 quod
758 2008 1014 2063 exaltasti
1043 2008 1201 2065 eum?
1233 2017 1329 2064 aut
1352 2008 1478 2077 quia
1519 2024 1684 2064 sensu
1714 2016 1809 2065 tuo
1909 2008 2054 2065 enim
2085 2005 2373 2063 advertisti
2395 2005 2535 2074 haec,
2558 2008 2682 2078 quia
2710 2010 2925 2065 eversio
2953 2010 3289 2079 imputabilis
3312 2020 3416 2068 est.
3434 2012 3515 2069 De

215 2100 487 2155 intendisti
505 2102 573 2153 ad
598 2096 803 2172 [Abin]
832 2099 994 2155 eum?
1025 2110 1081 2154 ut
1102 2098 1473 2156 visitationem
1504 2101 1623 2170 ejus
1639 2100 1809 2157 facies

214 2194 261 2249 in
288 2210 473 2259 mane,
507 2203 564 2250 et
593 2194 650 2249 in
682 2193 873 2265 requie
896 2193 1172 2264 judicabis
1203 2210 1351 2252 eum.
1387 2194 1682 2267 Usquequo
1721 2210 1810 2250 me

215 2303 313 2342 non
345 2288 602 2356 dimittis,
652 2302 831 2360 neque
874 2287 1084 2345 deseris
1108 2289 1283 2346 donec
1312 2289 1538 2361 glutiam
1569 2290 1675 2363 [Αι.
1716 2289 1812 2346 dc-

215 2380 455 2455 glutiam]
501 2382 733 2438 salivam
776 2397 954 2439 meam
988 2381 1063 2454 [in
1095 2382 1349 2456 dolore]?
1389 2392 1413 2432 ε
1457 2383 1517 2440 Si
1546 2398 1649 2455 ego
1685 2398 1813 2455 pec-

214 2479 344 2547 cavi,
375 2478 510 2547 quid
559 2492 780 2547 possum
834 2478 929 2533 tibi
958 2476 1172 2551 facere?
1202 2477 1282 2533 Tu
1309 2479 1399 2550 qui
1443 2479 1552 2534 scis
1590 2493 1812 2534 sensum

217 2573 532 2628 humanum.
557 2571 742 2639 Quare
774 2572 1004 2643 posuisti
1037 2587 1143 2637 me,
1193 2580 1252 2627 ut
1283 2571 1478 2644 loquar
1522 2571 1810 2628 adversum

217 2674 283 2733 te,
323 2676 381 2721 et
407 2679 530 2721 sum
554 2664 650 2718 tibi
678 2665 871 2720 oneri?
904 2664 972 2719 Et
999 2678 1170 2735 quare
1202 2679 1310 2718 non
1343 2678 1403 2719 es
1428 2660 1454 2700 ι’
1486 2663 1691 2719 oblitus
1714 2662 1815 2719 ini-

214 2756 435 2829 quitatis
483 2773 644 2823 meat,
693 2767 747 2812 et
793 2756 1034 2827 purgasti
1076 2766 1361 2827 peccatum
1401 2755 1621 2812 meum?
1670 2770 1816 2812 nunc

214 2860 397 2907 autem
433 2848 492 2905 in
525 2858 728 2905 terram
760 2848 873 2905 ibo.
923 2847 940 2887 ί
985 2848 1141 2905 Mane
1170 2848 1428 2921 vigilabo,
1456 2858 1511 2905 et
1538 2848 1680 2905 ultra
1705 2864 1815 2905 non

219 2959 335 3000 αό.

276 2960 311 3001 0
476 3030 548 3071 AD
586 3031 705 3072 HEC
744 3030 951 3072 BALDAD
989 3029 1303 3087 SAUCIIITES,
1344 3030 1523 3073 DIXI'I‘:

284 3124 435 3199 [ϐαρ.
451 3124 622 3199 νηι]
634 3129 927 3199 Quousque
941 3128 1180 3199 loqueris
1200 3128 1351 3185 haec?
1374 3129 1610 3199 Spiritus
1643 3128 1817 3186 multi-

1912 2110 2059 2158 terra
2113 2109 2296 2157 autem
2360 2099 2677 2157 alterutrum
2735 2110 2763 2138 ιι
2843 2104 3191 2171 germinahit.
3251 2105 3567 2166 Dominus.

1913 2197 2057 2252 enim
2081 2212 2188 2252 non
2212 2205 2237 2232 °
2260 2196 2572 2267 reprobabit
2604 2196 2974 2266 innocentem,
3003 2214 3103 2254 nec
3128 2199 3297 2254 ullum
3315 2216 3515 2257 munus

1913 2288 2065 2359 impii
2092 2289 2346 2362 accipiet.
2391 2289 2680 2346 Veracium
2713 2298 2894 2345 autem
2921 2305 2984 2345 os
3013 2291 3247 2363 replebit
3276 2291 3417 2359 risu,
3458 2302 3518 2348 et

1913 2376 2057 2438 labia
2087 2398 2279 2439 eorum
2328 2383 2695 2440 confessione.
2728 2382 2936 2439 Inimici
2968 2394 3149 2441 autem
3198 2402 3385 2442 eorum
3434 2388 3517 2442 iu-

1914 2473 2151 2531 duentur
2180 2475 2520 2541 confusione,
2554 2484 2609 2531 et
2633 2476 3047 2533 tabernaculum
3074 2478 3227 2551 impii
3259 2496 3367 2537 non
3396 2496 3513 2536 nta-

1917 2567 2073 2624 nebit
2100 2566 2209 2640 [Αι.
2247 2568 2629 2641 permanebit].

2302 2678 2373 2718 ετ
2412 2678 2903 2733 nssronosnsmn,
2945 2681 3092 2723 amr
3118 2684 3135 2725 :

1992 2754 2147 2829 [Cap.
2182 2752 2301 2826 ιι]
2335 2754 2477 2813 Vere
2505 2756 2619 2813 scio
2649 2758 2774 2828 quia
2806 2760 2881 2813 ita
2919 2769 3024 2815 est.
3056 2762 3342 2829 Quomodo
3370 2764 3519 2821 enim

1918 2854 2120 2917 poterit
2162 2849 2287 2920 quis
2330 2848 2512 2920 justus
2557 2865 2684 2906 esse
2734 2860 2863 2908 ante
2904 2852 3327 2913 Dominum?'Si
3367 2859 3523 2917 enim

1920 2941 2059 2997 velit
2081 2940 2287 3011 judicio
2315 2942 2657 2998 contendere
2684 2957 2808 2998 cum
2849 2958 2939 3014 eo,
2974 2960 3084 3001 non
3115 2956 3142 2997 ι)
3165 2950 3522 3018 respondebit

1920 3037 1971 3093 ei
1999 3051 2166 3092 unum
2198 3035 2267 3092 de
2296 3035 2466 3092 mille.
2497 3034 2730 3115 Sapiens
2760 3045 2845 3093 est
2872 3039 3020 3095 enim
3054 3054 3239 3112 sensu,
3269 3051 3327 3099 et
3368 3044 3525 3101 fortis

1922 3142 1978 3189 et
2027 3147 2279 3204 magnus.
2329 3116 2464 3199 Quis
2505 3132 2674 3189 durus
2722 3133 2823 3190 l'uit
2852 3150 3038 3192 coram
3068 3155 3158 3206 eo,
3190 3148 3245 3196 et
3284 3141 3524 3197 mansit?

216 3219 412 3292 loquax
434 3230 524 3276 est
552 3223 633 3277 ori
658 3230 773 3277 tuo.
801 3220 1070 3293 Numquid
1086 3221 1813 3292 Dominusinjusteagitcum
1845 3200 1892 3266 (ἶ
1925 3224 2028 3294 Qui
2061 3200 2175 3279 ina
2202 3234 2528 3281 vetustatem
2560 3226 2813 3297 perducit
2839 3240 3077 3298 montes,
3126 3200 3182 3287 et
3230 3235 3518 3291 nesciunt:

213 3312 438 3382 iudicat,
471 3322 571 3369 aut
593 3314 686 3384 qui
708 3312 834 3369 fecit
853 3315 1034 3369 omnia
1047 3313 1286 3370 turbabit
1308 3315 1448 3385 qttod
1467 3315 1672 3384 justum
1695 3318 1817 3372 est?

219 3406 274 3461 Si
302 3406 395 3460 lilii
427 3405 507 3461 tui
527 3416 897 3478 peccaverunt
925 3422 1108 3463 coram
1133 3421 1223 3475 eo,
1256 3407 1409 3464 misit
1439 3408 1492 3463 in
1526 3424 1684 3463 manu
1715 3409 1820 3464 ini-

217 3500 452 3570 quitates
480 3514 697 3556 eorum.
726 3499 808 3555 'l‘tt
836 3509 1018 3556 autem
1041 3514 1311 3570 consurge
1339 3500 1584 3556 diluculo
1609 3502 1676 3556 ad
1707 3500 1817 3558 Do-

219 3595 424 3648 minum
476 3594 943 3664 omnipotentem,
989 3602 1047 3650 et
1090 3608 1341 3665 precare.
1380 3592 1439 3651 Si
1487 3594 1720 3651 mundus
1766 3603 1823 3653 et

218 3699 380 3740 verax
408 3690 475 3753 ῖς(
503 3700 564 3741 es
587 3694 666 3753 tu,
702 3686 725 3755 ζ
760 3701 977 3758 precem
1006 3686 1263 3743 exaudiet
1288 3696 1459 3756 tuam,
1483 3700 1537 3745 et
1567 3690 1824 3747 restituet

220 3780 311 3836 tibi
344 3781 511 3836 vitam
536 3780 788 3853 jnstitiaa,
818 3790 877 3838 et
904 3792 1063 3839 erunt
1096 3783 1277 3853 priora
1311 3792 1402 3839 tua
1431 3784 1674 3854 minima,
1721 3800 1823 3841 no-

289 3961 316 3991 ι
345 3952 559 4008 Vitiosa
605 3949 735 4022 legit
771 3950 1117 4007 Martianaeus
1160 3965 1269 4007 uno
1296 3950 1462 4007 verbo
1507 3966 1679 4006 nonne
1724 3966 1822 4021 pro

221 4042 319 4079 non
360 4041 465 4090 me,
502 4024 649 4094 quod
687 4023 1028 4078 restituimus
1067 4038 1133 4078 ex
1163 4022 1495 4093 Augustino,
1546 4032 1599 4077 ct
1630 4022 1822 4079 Graeco

218 4111 437 4165 quoque
465 4104 638 4150 textu.
677 4094 853 4149 Etiam
886 4109 986 4165 pro
1012 4104 1305 4164 cognoscet,
1335 4105 1496 4151 antea
1539 4094 1822 4166 legebatur

224 4168 273 4223 in
308 4169 533 4221 instanti
561 4168 741 4220 minus
768 4166 907 4221 bene
930 4168 1214 4236 cognoscit.

259 4237 320 4366 1)
361 4238 569 4294 Deerat
600 4238 905 4294 terminalis
936 4248 1265 4309 punctorum
1296 4246 1449 4305 nota,
1478 4252 1643 4309 quam
1684 4252 1817 4309 sup-

278 4325 457 4366 emus.

278 4325 457 4366 emus.

224 4326 583 4457 plcc"8:;.1~eus
606 4381 726 4457 plus
751 4380 917 4437 habet
940 4382 1139 4457 Ἀνοίξω
1154 4381 1211 4437 τὸ
1234 4382 1518 4457 στὸμυςνμου
1541 4382 1591 4436 ἐν
1612 4383 1815 4457 rapiet.

226 4476 275 4509 κ.
295 4476 346 4509 τ.
376 4454 427 4508 λ.
482 4455 732 4521 Aperiunt
763 4469 819 4507 os
845 4469 1016 4507 meum
1061 4455 1112 4505 in
1143 4455 1514 4518 amaritudine,
1553 4462 1659 4509 ctc.
1706 4454 1823 4507 ne-

228 4527 403 4580 bra-us
437 4525 581 4579 haud
608 4525 760 4579 item.
794 4524 898 4578 Pro
918 4541 984 4579 eo
1012 4524 1100 4595 qui
1132 4524 1483 4595 subsequitur
1511 4524 1693 4591 ohelo,
1722 4540 1819 4578 an-

230 4607 310 4651 tea
359 4607 483 4652 erat
511 4598 830 4661 asteriscus,
860 4611 1022 4667 quem
1053 4606 1233 4651 tamen
1285 4596 1519 4665 ipsemet
1565 4596 1816 4651 Martian.

229 4668 579 4722 improbavit.

344 4739 775 4795 Emendavimus
798 4740 1049 4806 statuisti,
1072 4741 1224 4810 juxta
1247 4738 1498 4795 Grmcttm
1518 4739 1824 4810 κατέταξας,

228 4820 283 4866 et
311 4811 602 4881 Augustini
632 4811 960 4866 lectionem:
996 4809 1155 4869 antea
1189 4811 1333 4867 haud
1371 4810 1512 4865 bene
1538 4809 1827 4880 legebatur

230 4883 285 4939 in
317 4886 493 4953 prima
524 4896 759 4953 persona
782 4884 960 4938 statui.

303 4952 329 4992 έ
344 4952 550 5010 lterum
564 4952 973 5009 emendavimus
998 4954 1250 5020 absolves,
1271 4953 1424 5025 juxta
1440 4952 1825 5025 Augustinum,

230 5024 593 5095 Grzecumque
624 5025 847 5080 verbum
870 5026 1248 5089 ’Δπαλλὰσσεις
1280 5043 1294 5081 :
1330 5040 1429 5096 pro
1476 5039 1583 5095 quo
1624 5024 1830 5094 legerat

229 5096 493 5154 Martiali.
523 5096 811 5153 absolvens.

310 5167 327 5206 ί
372 5167 548 5225 Aliter
595 5169 762 5224 nectit
790 5167 851 5225 S.
900 5168 1257 5239 Augustinus,
1300 5184 1334 5223 a
1361 5175 1527 5221 morte
1552 5182 1669 5239 ossa
1718 5181 1831 5221 mea

232 5242 423 5312 repeti.
455 5241 511 5297 In
542 5239 735 5296 Graeco
764 5247 943 5295 autem
970 5238 1159 5296 Codice
1198 5248 1533 5311 postremum
1564 5238 1667 5293 hoc
1709 5254 1833 5293 vcr-

235 5312 386 5373 bum,
421 5327 600 5383 neque
630 5312 733 5366 sub
762 5313 1027 5383 asterisco
1057 5312 1357 5367 invenitur.

307 5394 333 5433 8
363 5379 692 5441 Suﬂ'ecimus
712 5382 1134 5438 conditionalem
1163 5385 1209 5437 si
1239 5382 1508 5446 voculam,
1539 5394 1663 5452 quae
1705 5379 1835 5436 dee-

236 5466 341 5522 rat,
361 5471 475 5531 ‘ope
504 5454 679 5531 Graeci
697 5454 1058 5531 exemplaris,
1090 5456 1147 5510 Ei
1176 5456 1274 5528 ἐγώ
1300 5456 1561 5531 ἧμαρτονι
1593 5462 1702 5531 tum
1725 5452 1836 5506 Au-

240 5523 561 5597 gustiniana:
582 5526 856 5592 lectionis,
873 5523 1043 5595 quam
1069 5535 1126 5581 et
1166 5523 1383 5596 propria
1409 5523 1691 5580 'annotatiu
1703 5538 1834 5578 cun-

241 5602 440 5654 firmat.
480 5599 543 5655 Si
584 5597 815 5669 peccavi,
856 5598 988 5669 nihil
1025 5613 1236 5669 possunt
1275 5597 1366 5651 tibi
1404 5599 1675 5669 facere.
1721 5604 1831 5648 tum

242 5671 427 5740 paucis
458 5666 804 5741 interjectis:
852 5667 913 5723 Si
962 5666 1133 5722 autem
1172 5666 1439 5741 peccatum
1480 5666 1703 5721 hominis
1744 5682 1836 5719 nec

242 5738 400 5815 Iacto,
432 5755 525 5798 nec
557 5741 701 5815 dicto
725 5738 811 5793 tibi
839 5748 1006 5815 nocet,
1038 5750 1145 5815 etc.

311 5811 337 5855 ιι
374 5809 532 5888 Legit
560 5812 622 5871 S.
670 5809 1007 5881 Augustinus
1052 5812 1109 5866 in
1162 5810 1322 5869 tertia
1350 5811 1601 5884 ‘persona
1650 5809 1837 5867 oblitus

652 5909 929 5977 PATBOL.
976 5904 1220 5974 XXIX.

1926 3319 2015 3393 qui
2045 3318 2207 3374 vertit
2230 3332 2326 3375 eos
2356 3318 2409 3374 in
2444 3318 2548 3386 ira,
2576 3321 2668 3390 qui
2697 3333 3008 3379 commovet
3036 3326 3225 3383 orbem
3260 3342 3291 3383 a
3320 3328 3525 3384 funda-

1926 3411 2153 3481 mentis,
2185 3420 2242 3468 et
2269 3411 2538 3468 columna:
2570 3412 2687 3484 ejus
2714 3415 3098 3473 movebuntur.
3133 3420 3233 3485 Qui
3266 3424 3527 3494 prtecepit

1926 3507 2031 3563 soli
2059 3516 2115 3563 et
2145 3522 2251 3562 non
2298 3506 2493 3573 oritur,
2524 3515 2581 3562 et
2606 3518 2807 3563 caetera
2837 3509 3015 3565 sidera
3063 3511 3264 3582 signat.
3292 3514 3392 3581 Qui
3422 3529 3523 3570 ex-

1929 3599 2103 3656 tendit
2146 3599 2347 3656 cmlum
2397 3598 2577 3665 solus,
2635 3609 2690 3655 et
2738 3600 2982 3657 ambulat
3035 3610 3309 3675 tamquam
3361 3621 3528 3676 super

1929 3701 2155 3760 terram,
2183 3707 2348 3759 super
2374 3706 2547 3747 mare.
2580 3691 2682 3759 Qui
2716 3693 2845 3747 facit
2865 3695 3181 3763 Arcturum,
3206 3709 3260 3753 et
3290 3698 3529 3769 Vesper-

1928 3788 2123 3851 tinum,
2172 3792 2228 3839 et
2274 3782 2545 3853 Pleiadas,
2598 3794 2654 3839 et
2699 3786 2959 3842 interiora
2994 3788 3205 3863 Austri.
3248 3790 3351 3859 Qui
3395 3792 3530 3850 facit
3595 3832 3601 3840 .

1929 3960 2004 4007 est
2024 3966 2041 4004 :
2063 3957 2118 4007 et
2146 3948 2369 4006 Graecus
2389 3947 2539 4009 λήθην
2562 3948 2810 4008 ἐποιήσω.

2007 4022 2021 4060 ί
2054 4023 2156 4076 Pro
2182 4036 2331 4094 mane
2353 4020 2604 4094 vigilabo,
2624 4021 2767 4089 quod
2790 4026 2843 4094 et
2865 4019 3088 4094 Griecus
3110 4027 3289 4077 textus
3319 4034 3519 4094 sonat,

1925 4095 2201 4174 apeptgov;
2229 4092 2425 4174 vitiose
2466 4091 3167 4174 praeferuntAttgttstiniani
3198 4093 3342 4165 libri,
3383 4091 3526 4153 Nain

1926 4162 2201 4245 e'vigiiabo.
2234 4163 2463 4245 Leviora
2497 4162 2636 4217 infra
2661 4162 3033 4245 emendantus.

2002 4234 2033 4311 ἱΔ
2057 4237 2111 4290 1η
2156 4250 2259 4289 ms.
2306 4234 2494 4311 codice
2535 4234 2830 4311 error_hic
2877 4246 2959 4290 est
3000 4234 3379 4311 exs‘criptoris,
3425 4241 3519 4311 qui

1928 4307 2084 4435 Ihegit,
2116 4316 2163 4362 et
2192 4306 2395 4361 externi
2436 4321 2633 4373 sumus,
2674 4305 2723 4360 id
2766 4314 2871 4373 est,
2914 4308 3111 4361 externi
3142 4323 3239 4377 pro
3277 4305 3523 4369 hesterni.

1982 4394 2108 4434 anr.

1982 4394 2108 4434 ΛΒΤ.

2001 4450 2026 4489 ιε
2073 4448 2278 4519 Supino
2308 4462 2522 4516 errore,
2556 4449 2649 4516 qui
2678 4457 2858 4505 tamen
2893 4450 2945 4503 in
2980 4449 3214 4519 antiquis
3242 4468 3376 4510 mss.
3410 4454 3528 4512 fere

1928 4522 2129 4596 obvius
2144 4530 2248 4585 est,
2282 4520 2481 4596 lectu_m
2507 4536 2536 4573 a
2567 4521 2881 4576 Martianmo
2906 4522 3040 4596 vivat
3072 4537 3171 4590 pro
3200 4523 3358 4591 bibat,
3381 4529 3527 4596 quod

1851 4578 1901 4640 ι)
1929 4609 2050 4669 nos,
2089 4578 2284 4669 GrIB_e_o
2337 4592 2668 4669 suffragante
2700 4594 3016 4669 ῑθκιυηπρὸ
3047 4578 3140 4669 αξρῦ
3168 4578 3526 4669 meimirjesli:

1929 4667 2169 4737 tuimus.
2201 4663 2621 4737 Elegantissime
2645 4672 2850 4737 autent
2876 4663 3231 4737 Augustinus,
3268 4666 3411 4737 Nisi,
3444 4671 3527 4725 in-

1930 4737 2069 4808 quit,
2100 4735 2275 4789 bibat:
2300 4749 2404 4789 non
2435 4734 2570 4787 enim
2602 4734 3063 4808 aliquandomit'uit
3093 4737 3302 4804 impius.

2011 4808 2047 4881 ιᾲ
2072 4808 2378 4881 Pronomen
2411 4808 2543 4874 eius,
2578 4806 2721 4872 quod
2750 4806 2836 4859 hic
2869 4806 2994 4881 legit
3016 4817 3071 4861 et
3091 4808 3445 4881 Augustinus,
3474 4820 3531 4868 et

1932 4880 1987 4937 in
2009 4879 2203 4936 Grarco
2235 4878 2351 4945 ipso
2378 4884 2530 4949 testu
2562 4887 2801 4949 resonat,
2835 4879 3019 4941 αὐτοῦ,
3051 4893 3151 4933 nos
3181 4878 3524 4949 supplemus.

2004 4960 2047 4988 ιιι
2076 4954 2247 5005 Antea
2277 4956 2393 5002 erat
2422 4947 2483 5004 Si
2510 4948 2858 5019 degiutietur,
2885 4965 2983 5018 pro
3013 4966 3119 5018 quo
3147 4947 3525 5018 nos‘Angusti-

1935 5022 2153 5094 nianam
2187 5020 2479 5094 lectionem
2522 5022 2729 5088 secuti,
2786 5020 3168 5089 rescripsimus
3206 5022 3526 5094 deglutierit,

1935 5103 1990 5151 et
2010 5092 2257 5157 Graecus,
2287 5090 2403 5147 Ἐὰν
2431 5096 2681 5163 καταπίῃ.

2006 5172 2033 5201 ³³
2078 5164 2173 5219 llic
2193 5178 2411 5234 quoque
2438 5160 2822 5231 rescripsimus
2843 5160 3177 5234 germinabit,
3206 5163 3361 5234 juxta
3388 5168 3537 5225 Cm.

1934 5251 2057 5293 cum
2086 5234 2488 5299 ἁναϐλαστήσει,
2522 5243 2577 5289 et
2624 5234 2908 5300 Augustini
2942 5235 3349 5292 testimonium:
3391 5244 3532 5299 male

1935 5318 2126 5383 antea,
2152 5308 2387 5362 solemni
2417 5304 2846 5377 antiquariorum
2878 5305 3053 5374 lapsu,
3088 5305 3389 5379 legebatur,
3416 5330 3535 5383 ger-

1936 5379 2171 5434 minavit.

2011 5461 2035 5486 υ
2076 5450 2167 5523 Ita,
2191 5456 2249 5505 et
2274 5447 2512 5523 Gracus
2543 5446 2712 5523 habet
2734 5448 3149 5523 ἀποποιήσεταιε
3179 5450 3305 5523 legit
3349 5459 3533 5511 tamen

1940 5517 2567 5594 Augustinusprobabit;
2593 5519 2909 5594 additvero,
2928 5520 3027 5582 An,
3055 5538 3163 5577 non
3188 5517 3539 5594 t'éprobabit‘l

1951 5590 2045 5648 Vel
2070 5592 2249 5646 illud:
2280 5590 2505 5659 impium
2536 5591 2787 5659 probabit
2816 5590 3184 5649 innocentem.

2018 5676 2044 5714 ρ
2073 5663 2316 5738 P_lnri_um
2349 5676 2579 5738 numero
2607 5662 2941 5732 Augustinus
2963 5680 3069 5738 non
3100 5665 3498 5738 respondebunt.

2018 5746 2046 5787 ιι
2078 5734 2423 5810 Martianteus
2474 5735 2529 5792 in
2561 5744 2813 5793 vetustate
2846 5734 3090 5810 perducet
3134 5753 3151 5795 :
3184 5734 3370 5795 minus
3402 5740 3540 5800 bene

1945 5806 2123 5869 Grato.
2156 5804 2182 5865 ὁ
2210 5804 2459 5864 παλαιῶν.
