4062 6356
474 310 552 372 79
1479 305 1540 366 S.
1581 301 1965 365 IIIERONYMI
2002 303 2238 365 DIVINA
2277 299 2754 364 BIBLIOTIIECA.
3557 302 3562 320 ⁵
3709 303 3786 364 80

470 427 728 484 evertens
745 426 971 480 terram.
995 419 1152 491 Apud
1181 418 1362 493 ipsum
1386 419 1674 493 imperium
1703 433 1758 478 et
1785 421 2073 490 fortitudo,
2102 425 2161 486 Α
2181 420 2446 478 inveniar.
2473 422 2607 491 Quis
2631 430 2717 478 est
2744 419 2837 492 qui
2863 417 3195 492 dijudieetur
3216 431 3430 476 mecum
3458 420 3526 489 >κ
3547 424 3610 476 ut
3635 433 3784 476 nunc

476 529 535 577 et
563 515 884 588 disciplina,
927 524 984 572 et
1023 516 1402 588 intelligentia.
1429 515 1531 585 Qui
1557 515 1706 572 ducit
1733 518 2076 574 consiliarios

481 611 503 684 [
535 611 620 666 Al.
653 607 1092 681 consultatores]
1125 609 1405 679 captivos,
1435 608 1660 666 .ludiees
1701 621 1882 666 autem
1915 620 2081 667 terra!

478 707 540 764 in
583 719 843 777 pavorem
891 705 1043 760 misit
1087 701 1216 776 [ΑΙ.
1242 702 1479 775 mittit].
1513 705 1616 772 Qui
1647 704 1883 760 collocat
1921 720 2078 776 reges

477 814 646 871 super
692 797 851 854 sedes
898 801 963 865 Χ
1002 803 1059 852 et
1110 795 1474 852 circumdedit
1521 797 1704 852 balteo
1745 812 1906 854 renes
1944 796 2076 870 [ΑΙ.

479 892 699 949 lumbos
728 889 746 962 J
777 905 970 947 eorum
1001 889 1024 958 1
1057 889 1164 959 Qui
1191 891 1396 946 emittit
1440 891 1754 947 sacerdmes
1790 891 2035 962 captivos
2059 932 2077 960 ,

479 994 539 1043 et
572 995 825 1056 potentes
873 993 1034 1040 terrai
1065 983 1282 1039 evertit.
1317 983 1421 1051 Qui
1470 992 1740 1055 permutat
1768 984 1909 1040 labia
1943 984 2078 1039 fide-

477 1077 612 1134 lium
631 1118 646 1143 ,
674 1083 731 1133 et
774 1075 1198 1146 intelligentiam
1234 1089 1425 1130 senum
1455 1070 1712 1146 cognovit
1741 1091 1758 1129 :
1789 1074 2080 1132 effundens

476 1169 880 1242 ignobilitatem
923 1182 1092 1237 super
1137 1167 1442 1238 principes,
1493 1177 1550 1224 et
1595 1167 1828 1223 humiles
1856 1182 2077 1224 sanans.

477 1262 584 1330 Qui
625 1262 830 1318 revelat
857 1259 1125 1332 profunda
1155 1260 1224 1316 de
1256 1261 1502 1317 tenebris
1533 1277 1548 1314 :
1577 1267 1634 1316 et
1657 1269 1684 1298 ι
1713 1261 1974 1331 produxit
2022 1262 2080 1318 in

479 1353 661 1410 lucem
689 1353 939 1408 umbram
965 1352 1180 1420 mortis,
1211 1356 1277 1420 >ί<
1307 1351 1591 1421 decipiens
1620 1362 1834 1421 gentes,
1866 1361 1922 1408 et
1951 1367 2080 1423 per-

481 1447 621 1504 dens
647 1462 763 1515 eas,
804 1445 826 1514 1
854 1455 1110 1502 sternens
1137 1454 1329 1515 gentes
1369 1443 1502 1498 etin
1530 1445 1616 1499 via
1644 1442 1919 1501 deducens
1944 1443 1963 1517 [
1987 1442 2078 1499 Αι.

477 1545 536 1600 in
563 1544 705 1599 viam
736 1543 944 1598 ducens
970 1540 988 1612 ]
1019 1555 1132 1596 eas.
1158 1539 1542 1595 Reconcilians
1571 1538 1736 1594 corda
1769 1538 2080 1610 principum

482 1637 551 1704 >ε<
586 1633 773 1704 populi
807 1633 1018 1701 1terrm
1053 1649 1068 1686 :
1101 1630 1326 1685 seduxit
1349 1637 1531 1686 autem
1563 1629 1687 1688 illos
1716 1631 1767 1685 in
1819 1631 1908 1686 via
1947 1630 2075 1704 [ΑΙ.

473 1725 657 1796 viam]
681 1740 840 1797 quam
865 1737 972 1779 non
1004 1733 1289 1779 noverant.
1315 1723 1595 1780 Tractabit
1617 1725 1870 1780 tenebras
1895 1733 1948 1779 et
1969 1739 2081 1780 non

2185 517 2561 573 obmutescam
2585 525 2642 572 et
2662 515 2930 572 desinam.
2959 515 2984 584 1
3011 515 3128 570 Duo
3147 512 3389 571 concede
3410 511 3544 568 mihi
3656 522 3785 569 tunc

2180 626 2211 667 a
2230 611 2366 668 facie
2382 623 2471 666 tua
2485 625 2592 667 non
2611 609 2953 678 abseondar1
2973 623 3192 665 manum
3209 607 3408 665 aufers
3425 622 3534 674 me,
3548 616 3602 664 et
3618 607 3786 662 timor

2183 715 2309 760 tuus
2333 719 2443 759 non
2469 718 2557 759 me
2587 711 2810 759 terreat.
2827 701 3036 758 Deinde
3056 699 3298 768 vocabis,
3330 709 3386 756 et
3404 714 3506 771 ego
3522 697 3738 755 audiam
3764 715 3780 752 :

2179 795 2442 866 loqueris,
2458 805 2513 851 et
2532 808 2634 866 ego
2655 793 3006 864 respondebo
3033 793 3154 848 tibi.
3169 792 3316 862 Quot
3329 801 3456 848 sunt
3469 791 3785 863 iniquitates

2182 903 2351 954 mete,
2379 896 2435 944 et
2465 895 2682 958 peccata
2710 902 2831 944 mea
2854 902 2978 958 quae
3007 895 3170 954 sunt,
3216 885 3354 944 doce
3379 900 3487 942 me.
3526 885 3709 954 Quare
3751 902 3782 942 a

2182 996 2272 1039 me
2309 979 2637 1038 abscondis?
2665 981 2775 1038 Aut
2804 990 2962 1052 putas
2991 995 3083 1036 me
3125 993 3250 1036 esse
3278 977 3616 1035 contrarium
3648 977 3780 1048 tibi,

2184 1083 2240 1132 et
2267 1074 2426 1146 quasi
2450 1073 2639 1130 folium
2663 1073 2809 1146 quod
2832 1089 2863 1128 a
2893 1081 3056 1130 vento
3095 1079 3371 1137 movetur,
3415 1071 3671 1128 vereris?
3713 1087 3784 1128 an

2184 1176 2461 1238 tamquam
2510 1165 2637 1224 feuo
2678 1165 2824 1237 Quod
2873 1166 3116 1237 rapitur,
3167 1164 3478 1222 contrarius
3523 1162 3626 1220 es?
3655 1163 3785 1234 quia

2182 1260 2558 1331 conscripsiin
2584 1259 2879 1316 adversum
2911 1274 2999 1316 me
3025 1259 3166 1324 mala
3187 1301 3203 1328 ,
3233 1266 3290 1315 et
3320 1257 3627 1329 imposuisti
3650 1257 3786 1314 mibi

2184 1352 2770 1426 peccatajuventutis,
2815 1363 2870 1408 et
2899 1351 3212 1424 imposuisti
3258 1352 3312 1407 in
3360 1349 3782 1422 compcde[At.

2185 1444 2517 1518 compedes]
2540 1445 2735 1516 pedem
2758 1459 2941 1500 meum
2957 1484 2974 1511 ,
3001 1453 3057 1501 et
3075 1441 3388 1501 observasti
3407 1441 3594 1498 omnia
3615 1455 3786 1512 Opera

2185 1552 2329 1594 mea.
2359 1537 2591 1594 Radices
2628 1536 2832 1607 pedum
2859 1551 3109 1593 meorum
3129 1535 3537 1606 contemplatus
3567 1548 3660 1602 es,
3690 1533 3784 1605 qui

2184 1643 2472 1688 veterasco
2497 1632 2638 1686 sicut
2683 1642 2836 1698 uter,
2880 1641 2974 1686 aut
3013 1630 3163 1687 velut
3185 1631 3568 1686 vestimentum
3592 1669 3607 1696 ,
3639 1628 3786 1697 quod

2186 1739 2218 1780 a
2269 1723 2430 1780 tineis
2485 1729 2788 1779 comestum
2828 1733 2933 1780 est.
2982 1723 3160 1796 [Cap.
3190 1721 3377 1795 χιιι]
3429 1722 3604 1778 llomo
3638 1721 3785 1778 enim

472 1817 682 1882 lucem,
715 1825 772 1872 et
797 1815 1060 1872 errabunt
1099 1815 1237 1871 sicut
1277 1815 1484 1871 ebrius.
1516 1815 1686 1888 [(Iap.
1713 1815 1851 1870 XIII.
1877 1814 1897 1888 ]
1939 1817 2078 1873 Ecce
2109 1827 2157 1888 Β
2187 1825 2347 1874 natus
2374 1817 2444 1874 de
2473 1817 2705 1873 muliere
2735 1817 2917 1873 brevis
2943 1816 3066 1872 vitae
3087 1858 3104 1886 ,
3135 1824 3193 1873 et
3219 1816 3413 1887 plenus
3435 1815 3735 1871 iracundiae
3761 1830 3777 1869 :

473 1909 596 1967 hate
616 1907 797 1965 omnia
828 1907 964 1964 vidit
990 1908 1180 1963 oculus
1212 1923 1397 1976 incus,
1423 1918 1476 1964 ct
1507 1907 1718 1963 audivit
1745 1907 1898 1963 auris
1920 1923 2064 1974 mea,

477 2014 536 2060 et
577 2004 852 2074 novique
887 2011 945 2058 et
973 2017 1074 2058 vos
1101 2003 1299 2058 nostis.
1330 2003 1396 2057 Et
1425 2007 1490 2070 }s<
1523 2001 1744 2073 quidem
1780 2004 1800 2072 1
1835 2017 1937 2073 ego
1967 2018 2076 2059 non

477 2113 599 2154 sum
628 2098 788 2154 vobis
813 2096 1158 2168 insipientior
1185 2115 1199 2150 :
1231 2099 1400 2152 immo
1422 2112 1560 2152 vero
1583 2107 1637 2153 et
1664 2113 1766 2168 ego
1788 2097 1856 2153 ad
1891 2098 2080 2152 Domi-

474 2205 609 2247 num
637 2191 861 2262 loquar,
891 2199 950 2246 et
975 2205 1200 2260 arguam
1231 2190 1285 2244 in
1313 2199 1612 2260 conspectu
1641 2190 1785 2261 ejus,
1811 2191 1858 2246 si
1888 2191 2080 2247 volue-

472 2282 569 2340 rit.
603 2283 712 2340 Vos
741 2292 925 2339 autem
956 2284 1091 2340 estis
1122 2283 1326 2340 medici
1355 2284 1554 2355 iniqui,
1584 2291 1641 2340 et
1659 2291 1941 2340 curatores
1964 2300 2080 2340 ma-

473 2377 652 2435 lorum
683 2391 874 2434 omnes
901 2392 1022 2434 vos.
1052 2377 1274 2435 Utinam
1297 2379 1576 2448 contingat
1605 2377 1761 2433 vobis
1788 2377 2074 2434 obmutes-

472 2472 639 2527 cere!
682 2479 740 2528 et
786 2469 1126 2540 reputabitur
1169 2471 1326 2526 vobis
1386 2472 1440 2526 in
1488 2471 1834 2542 sapientiam.
1879 2470 2081 2528 Audite

471 2577 607 2635 ergo
636 2563 1072 2634 objurgationem
1100 2563 1214 2620 oris
1235 2563 1343 2620 mei
1375 2564 1398 2632 1
1431 2564 1648 2620 Iudicio
1696 2575 1876 2621 autem
1907 2567 2082 2622 labio-

471 2669 597 2711 rum
645 2670 894 2712 meorum
946 2655 1240 2712 intendite.
1291 2656 1485 2712 Nonne
1547 2667 1677 2712 ante
1721 2668 2078 2729 conspectum

471 2746 691 2803 Domini
718 2746 1040 2818 loquimini,
1071 2756 1125 2804 et
1149 2754 1279 2802 ante
1301 2757 1654 2819 conspectum
1671 2749 1791 2818 ejus
1819 2749 2081 2820 profertis

471 2837 711 2895 dolum?
749 2854 818 2894 an
850 2837 1180 2895 subtrahitis
1208 2853 1306 2894 vos
1334 2839 1483 2909 ipsos
1504 2840 1717 2910 judices
1745 2840 1898 2896 fieri?
1926 2839 2081 2911 Opti-

472 2949 624 2990 mum
656 2933 799 3004 erit,
829 2933 875 2989 si
903 2932 1226 2990 discusserit
1253 2947 1374 2988 vos.
1407 2933 1466 2989 Si
1487 2934 1632 2989 enim
1664 2935 1846 2990 omnia
1877 2935 2081 2990 facien-

470 3032 559 3083 tes
600 3024 935 3096 adjiciemini
980 3025 1068 3093 ei,
1125 3025 1213 3080 hic
1256 3024 1615 3080 nihilominus
1653 3024 1681 3064 ι’
1726 3037 1915 3098 arguet
1955 3041 2077 3085 vos.

464 3117 624 3188 Quod
650 3119 697 3174 si
735 3125 792 3174 et
817 3117 1033 3174 occulte
1064 3131 1332 3188 personas
1374 3117 1559 3173 mirati
1603 3117 1854 3185 fueritis,
1893 3134 2079 3176 nonne

2183 1920 2241 1968 et
2277 1912 2425 1968 sicut
2471 1910 2575 1967 ﬂos
2626 1926 2749 1967 cum
2797 1911 3082 1979 floruerit,
3129 1909 3392 1978 decidet,
3436 1909 3680 1980 fugitque
3730 1919 3792 1965 ut

2183 2006 2374 2062 umbra
2393 2046 2408 2071 ,
2437 2015 2492 2060 et
2511 2019 2619 2060 non
2645 2015 2952 2075 permanet.
2980 2003 3173 2060 Nonne
3199 2004 3366 2060 etiam
3399 2003 3561 2072 hujus
3589 2017 3778 2058 curam

2185 2099 2421 2154 habuisti
2447 2139 2464 2166 ,
2496 2107 2553 2154 et
2597 2099 2742 2153 hunc
2767 2096 2957 2154 venire
3006 2097 3183 2153 fecisti
3225 2097 3278 2151 in
3301 2094 3568 2166 judicium
3600 2109 3787 2152 coram

2186 2191 2273 2247 te?
2304 2190 2440 2258 Quis
2469 2190 2623 2248 enim
2653 2191 2762 2247 erit
2787 2189 3024 2246 mundus
3053 2190 3266 2260 absque
3287 2188 3488 2246 sorde?
3521 2203 3622 2245 nec
3651 2203 3792 2245 unus

2187 2285 2452 2357 quidem,
2485 2283 2703 2340 etiamsi
2741 2284 2903 2340 unius
2947 2281 3061 2339 diei
3099 2281 3262 2340 fuerit
3309 2282 3423 2338 vita
3475 2289 3500 2319 °
3547 2280 3667 2352 ejus
3717 2284 3790 2349 γ

2188 2395 2354 2450 super
2409 2388 2638 2434 terram.
2699 2378 2722 2447 1
2790 2377 3126 2433 Dinumerati
3183 2375 3330 2432 enim
3397 2382 3523 2431 sunt
3572 2388 3793 2431 menses

2193 2470 2313 2542 ejus
2348 2467 2366 2508 ί
2400 2469 2546 2541 apud
2593 2479 2667 2526 te.
2701 2468 2942 2540 Tempus
2975 2469 3256 2539 definisti,
3286 2475 3365 2538 ,ει
3389 2469 3518 2540 ξιιοιι
3575 2467 3791 2524 transit.

2189 2573 2215 2613 ε
2241 2563 2468 2620 Discede
2491 2562 2563 2618 ab
2589 2577 2657 2618 eo
2687 2579 2700 2615 :
2727 2562 2847 2618 sine
2873 2563 3210 2634 requiescat,
3234 2570 3292 2617 et
3316 2561 3530 2632 placeat
3558 2560 3609 2616 ei
3649 2571 3792 2614 tam-

2186 2672 2352 2728 quam
2386 2655 2728 2712 mercenario
2777 2653 2896 2710 dies
2937 2667 3057 2708 sua.
3101 2650 3202 2708 Est
3244 2653 3396 2708 enim
3437 2649 3672 2722 arbori[
3701 2649 3788 2704 Al.

2188 2749 2404 2806 arboris
2430 2747 2453 2821 ]
2485 2763 2636 2820 spes.
2666 2746 2806 2816 Quia
2833 2747 2881 2803 si
2910 2745 3228 2814 excidatur,
3275 2746 3476 2801 iterum
3512 2744 3670 2800 floret
3691 2784 3708 2813 ,
3737 2752 3795 2799 et

2185 2857 2411 2914 germen
2433 2841 2554 2912 ejus
2577 2855 2686 2896 non
2713 2839 2953 2897 deficiet.
2985 2837 3121 2895 Nam
3150 2840 3198 2894 si
3229 2839 3476 2895 senuerit
3500 2838 3652 2894 radix
3674 2837 3794 2908 ejus

2187 2937 2244 2992 in
2267 2931 2478 3002 terra,h
2504 2934 2737 3006 atquein
2762 2943 2915 3004 petra
2939 2932 3103 2990 fuerit
3125 2944 3373 2990 mortuus
3398 2943 3624 2992 truncus
3645 2933 3795 3004 ejus,

2187 3027 2257 3084 ab
2304 3028 2476 3082 odore
2519 3040 2678 3098 aqua:
2731 3025 2953 3082 ﬂorebit
2980 3067 2995 3092 ,
3053 3034 3110 3082 et
3150 3024 3317 3082 faciet
3365 3024 3600 3081 fructum
3647 3025 3796 3081 sicut

2187 3122 2426 3180 novella.
2478 3119 2576 3177 Vir
2626 3135 2764 3176 vero
2814 3135 2938 3178 eum
2977 3129 3227 3176 mortuus
3270 3117 3471 3187 fuerit,
3523 3117 3692 3186 abiit;
3741 3127 3799 3174 et

473 3224 709 3267 censura
753 3210 874 3281 ejus
904 3209 1134 3266 terrebit
1165 3223 1297 3279 vos,
1332 3219 1388 3266 et
1436 3211 1600 3266 timor
1629 3211 1748 3280 ejus
1777 3212 1998 3268 decidet
2022 3213 2078 3269 in
2107 3217 2156 3282 C
2187 3232 2310 3274 cum
2341 3217 2604 3275 ceciderit
2653 3217 2822 3274 homo
2846 3258 2862 3282 ,
2891 3217 3005 3287 jam
3036 3231 3142 3273 non
3186 3216 3293 3273 erit
3326 3232 3340 3270 :
3376 3223 3622 3286 tempore
3649 3212 3797 3270 enim

471 3304 614 3360 vos?
657 3304 724 3359 Et
767 3305 876 3360 erit
921 3302 1181 3374 gaudium
1231 3313 1474 3359 vestrum
1522 3303 1578 3358 iu
1615 3305 1846 3360 cinere:
1877 3320 2082 3377 corpus

474 3407 661 3455 autem
690 3397 923 3453 luteum.
953 3397 1324 3454 Obmutescite
1343 3437 1358 3463 ,
1399 3405 1456 3454 ut
1505 3397 1700 3468 loquar
1726 3402 1792 3468 >κ
1823 3414 1928 3471 ego
1956 3399 1979 3469 1
2025 3407 2082 3456 et

475 3489 826 3564 requiescam
857 3490 927 3547 ab
946 3490 1027 3546 ira
1044 3534 1062 3561 ,
1094 3489 1518 3561 apprehendens
1545 3506 1743 3547 carnes
1768 3507 1922 3548 meas
1949 3493 2086 3550 den-

477 3585 628 3641 tibus
659 3583 834 3650 meis,
882 3592 939 3639 et
985 3583 1221 3638 animam
1265 3597 1442 3639 meam
1485 3597 1682 3654 ponam
1729 3584 1786 3640 in
1819 3601 1984 3641 manu
2037 3597 2084 3642 ε.

477 3674 637 3733 Licet
663 3673 878 3730 occidat
906 3688 994 3730 me
1013 3672 1127 3741 ille,
1155 3674 1248 3746 qui
1272 3682 1466 3744 potens
1496 3687 1582 3731 est
1607 3717 1624 3744 ,
1654 3677 1783 3748 quia
1813 3678 1934 3752 [Αι.
1959 3678 2086 3751 qui]

481 3777 542 3824 et
579 3767 747 3838 coepit
770 3808 786 3835 ,
823 3776 1003 3822 tamen
1035 3765 1263 3837 loquar,
1297 3775 1355 3823 et
1377 3781 1566 3823 coram
1597 3784 1663 3824 eo
1692 3785 1915 3842 arguam
1946 3777 2006 3838 «ι,
2032 3782 2091 3829 et

480 3858 590 3915 hoc
629 3860 760 3914 mihi
801 3859 1019 3915 eveniet
1049 3859 1104 3914 in
1137 3859 1388 3914 salutem.
1437 3859 1556 3915 Non
1587 3861 1736 3916 enim
1783 3873 1911 3920 ante
1951 3880 2086 3920 con-

481 3959 731 4024 spcctum
755 3953 875 4022 ejus
901 3951 1063 4008 dolus
1087 3952 1357 4008 introibit.
1390 3954 1840 4022 Audite,,andite
1871 3973 2087 4014 sermo-

482 4058 585 4100 nes
633 4058 785 4099 meos
809 4089 823 4113 ,
873 4057 1011 4113 quos
1066 4043 1301 4100 referam
1340 4045 1499 4101 vobis
1534 4047 1906 4104 audientibus.
1939 4051 2088 4108 Ecce

481 4149 586 4208 ego
627 4133 1008 4205 appropinquo
1053 4136 1260 4206 judicio
1291 4152 1434 4194 meo.
1468 4138 1596 4196 Scio
1626 4156 1728 4211 ego
1759 4141 1882 4212 quia
1900 4141 2088 4212 justus

560 4349 587 4378 η
616 4337 1173 4415 Martian._perdnxit,
1207 4338 1386 4415 minus
1431 4341 1571 4415 bene
1625 4359 1654 4415 :_
1693 4342 1785 4412 qui
1817 4352 1871 4398 et
1914 4345 2082 4415 paulo

483 4420 638 4485 post,
665 4409 1125 4494 quemadmodum
1179 4413 1383 4494 smpius
1427 4414 1554 4494 alibi
1579 4455 1594 4478 ,
1622 4409 1812 4494 finalia
1839 4409 2035 4494 puncta
2059 4460 2078 4485 ,

485 4499 610 4556 qua:
629 4489 881 4556 asterisct
911 4489 1307 4556 continentiam
1340 4489 1664 4556 terminant,
1702 4489 2076 4553 praetermisit.

566 4556 590 4592 δ
621 4550 934 4624 Superfluus
963 4551 1066 4624 hoc
1106 4554 1224 4608 loco
1257 4555 1476 4624 ponitur
1500 4550 1793 4611 asteriscus
1834 4576 1955 4613 cum
1995 4576 2085 4616 se-
2121 4569 2139 4584 '

489 4626 678 4698 quenti
700 4623 958 4698 dictione.
988 4622 1388 4698 Sensusienim,
1412 4635 1621 4698 remoto
1643 4629 1787 4694 quia,
1813 4631 2085 4696 perfectus

491 4693 607 4826 ﬁt;
635 4713 735 4751 nec
761 4693 895 4749 illud
916 4696 1177 4764 scriptum
1203 4697 1398 4767 legitur
1417 4696 1469 4751 in
1495 4698 1769 4756 volumine
1799 4693 2086 4760 llcbraico.

549 4785 671 4825 Αιιτ.

549 4785 671 4825 ΛΒΤ.

564 4869 638 4882 ...
662 4840 892 4899 I'raefixo
939 4838 1204 4897 asterisco
1255 4838 1407 4916 addit
1444 4838 1704 4916 _hla_rtian.
1733 4843 1886 4913 quia,
1928 4860 2091 4916 quam

491 4912 723 4983 ipsemet
753 4924 969 4981 notam,
1001 4928 1064 4968 ac
1091 4925 1278 4966 vocem
1304 4911 1636 4983 adscititias,
1669 4911 1969 4972 ac'temeré
2007 4919 2094 4972 in-

491 4981 675 5038 trusas
700 4985 753 5038 in
789 5001 890 5040 suo
921 4998 1022 5040 ms.
1052 4983 1272 5054 fatetur.
1303 4981 1468 5036 Forte
1497 4982 1604 5051 ria,
1642 4983 1929 5054 legendum
1969 4997 2092 5045 erat

491 5070 593 5128 pro
622 5055 774 5122 quia,
808 5071 980 5128 eaque
1002 5056 1218 5128 varians
1249 5053 1412 5128 lectio
1441 5064 1557 5108 erat
1583 5053 1811 5126 margini
1840 5060 2088 5128 apposita

491 5127 575 5199 via
603 5128 715 5197 ejus
736 5140 833 5195 pro
858 5124 909 5181 ci
923 5124 946 5189 ζ
974 5136 1032 5183 ut
1059 5124 1489 5182 Alexandrinum
1534 5124 1816 5199 exemplar
1843 5124 1940 5185 Gr.
1985 5130 2088 5199 ὁδῷ

495 5191 659 5273 αὐτῷ
688 5191 786 5273 pro
812 5201 972 5273 αὐτῷ.
1071 5267 1084 5273 _
1107 5267 1120 5273 _
1696 5191 1714 5199 ’
1962 5271 1972 5273 _
2059 5191 2069 5207 ⁸

569 5267 992 5342 ξὸυρριεηιιιίηι
1033 5267 1250 5324 videtur
1277 5281 1582 5337 pronomen
1628 5284 1742 5322 mea
1767 5311 1783 5338 ,
1833 5271 1976 5342 quod
2034 5273 2093 5329 in

497 5337 664 5396 Hebr.
699 5337 751 5394 et
780 5338 878 5394 Gr.
913 5341 1030 5408 ipso
1063 5350 1210 5395 textu
1243 5349 1483 5394 resonat.

563 5408 588 5446 (³
617 5409 677 5466 S.
709 5411 1044 5483 Augustinus
1083 5411 1234 5466 addit
1262 5410 1518 5483 nos,AGr.
1547 5411 1737 5483 Δὑμᾶς,
1765 5425 1855 5465 vos
1880 5453 1892 5476 ,
1947 5413 2088 5471 Heb.

491 5490 745 5538 neutrum
779 5482 958 5538 habet.
993 5483 1216 5536 Leviora
1251 5481 1498 5553 quaedam
1544 5481 1680 5536 infra
1713 5484 2088 5544 emendamns.

566 5564 589 5589 ε
624 5554 960 5606 Asteriscum
1013 5554 1099 5608 hic
1150 5553 1275 5618 loci,
1327 5568 1424 5622 pro
1467 5567 1542 5623 -ξί
1574 5553 1757 5620 obeln,
1814 5556 2082 5623 imperitia

487 5624 771 5691 scriptoris
817 5625 1122 5678 invenimus
1155 5623 1482 5692 appositum.
1517 5622 1650 5690 Quis
1692 5626 1835 5679 enim
1876 5622 2083 5682 nescia:

486 5695 683 5770 obelis,
723 5697 1144 5770 t_to_t_i__a_steri_scis
1186 5697 1380 5770 fuisse
1407 5704 1592 5770 notata
1633 5697 1700 5749 ab
1746 5695 2080 5770 Hieronymo

487 5782 609 5836 qua:
637 5768 687 5820 in
731 5765 876 5822 LXX
904 5767 1242 5839 legebantur,
1279 5777 1344 5839 et
1369 5765 1445 5839 in__
1467 5767 1827 5839 llchraeurunr
1848 5765 2079 5824 volumi-

485 5839 647 5903 nibus
688 5853 795 5894 non
831 5836 1022 5898 erant?
1064 5840 1251 5912 Itaque
1306 5836 1512 5896 similes
1559 5838 1971 5906 eniendaliones
2013 5857 2079 5901 ac

2190 3310 2475 3366 minuetur
2510 3323 2694 3375 mare,
2728 3317 2786 3364 et
2827 3307 3034 3364 ﬂumen
3080 3306 3383 3371 deseritur,
3430 3313 3488 3361 et
3531 3305 3792 3361 siccatur.

2193 3401 2369 3457 llomo
2398 3411 2582 3458 autem
2607 3415 2735 3456 cum
2759 3399 3078 3467 dormierit,
3110 3413 3219 3454 non
3250 3405 3532 3468 exsurget.
3576 3395 3792 3467 Usque-

2193 3511 2302 3568 quo
2328 3495 2531 3553 ctelum
2561 3505 2685 3563 est,
2732 3510 2842 3550 non
2887 3500 3186 3550 consuetur
3208 3533 3225 3560 ,
3284 3494 3351 3560 >κ
3399 3498 3456 3546 et
3484 3503 3592 3546 nOn
3622 3489 3802 3545 susci-

2195 3589 2398 3645 tabitur
2425 3588 2495 3645 de
2520 3602 2713 3644 somno
2743 3603 2865 3644 suo.
2893 3587 2916 3656 1
2943 3590 3123 3657 Atque
3151 3585 3361 3640 utinam
3390 3583 3538 3656 apud
3582 3583 3795 3639 inferos

2197 3695 2288 3736 me
2309 3681 2685 3748 custodisses,
2719 3689 2777 3738 et
2822 3679 3206 3736 abscondisses
3229 3694 3348 3745 me,
3376 3678 3555 3735 donec
3582 3677 3805 3749 requie-

2198 3782 2382 3829 sceret
2411 3777 2492 3828 ira
2526 3783 2638 3841 tua,
2669 3782 2724 3828 et
2744 3773 3034 3829 statuisses
3055 3772 3188 3828 mihi
3223 3781 3437 3842 tempus
3468 3773 3521 3826 in
3549 3785 3659 3843 quo
3685 3784 3806 3827 me-

2197 3868 2428 3922 moriam
2460 3867 2568 3923 mei
2597 3867 2841 3923 faceres!
2879 3866 2935 3922 Si
2966 3867 3112 3922 enim
3137 3874 3384 3922 mortuus
3409 3863 3580 3921 fuerit
3600 3863 3806 3920 homo:

2195 3961 2346 4017 vivet
2375 3961 2775 4016 consummatis
2807 3959 3005 4016 diebus
3031 3961 3158 4015 vita:
3184 3960 3340 4016 suae?
3369 3959 3664 4015 Sustinebo
3706 3973 3804 4012 us-

2193 4069 2417 4125 quequo
2459 4053 2640 4110 denuo
2670 4055 2864 4110 faciam
2899 4071 2916 4109 :
2948 4053 3148 4110 deinde
3191 4054 3450 4121 vocabis,
3493 4062 3551 4109 et
3587 4068 3689 4123 ego
3722 4067 3807 4108 re—

2197 4149 2480 4220 spondebo
2511 4150 2631 4206 tibi.
2659 4149 2838 4220 Opera
2865 4158 3046 4207 autem
3074 4166 3332 4230 manuum
3365 4161 3579 4206 tuarum
3607 4166 3676 4206 ne
3704 4149 3808 4204 im-

2194 4348 2532 4407 mutationes
2573 4350 2734 4408 facile
2766 4351 2925 4407 nobis
2966 4353 3371 4422 permittimus;
3408 4353 3502 4409 ubi
3533 4353 3802 4418 exulora-

2195 4429 2311 4499 tum
2347 4422 2630 4499 habemus,
2661 4424 2793 4499 quid
2831 4425 2901 4478 ab
2935 4425 3288 4499 llieronymo,
3327 4425 3456 4492 quid
3487 4443 3516 4479 ει
3562 4425 3808 4499 librariis

2195 4492 2621 4548 dormituntibus
2664 4495 2972 4550 derivatum
3021 4492 3191 4554 fuerit
3238 4492 3293 4552 in
3344 4512 3478 4552 mss.
3523 4497 3806 4553 codicibus

2195 4562 2425 4619 Latinis.
2451 4564 2628 4620 Mam.
3245 4597 3250 4604 -

2120 4671 2177 4732 Β
2233 4706 2245 4718 .
2277 4635 2295 4673 ί
2327 4634 2494 4718 LXX,
2519 4638 2661 4708 apud
2689 4653 2832 4706 eum,
2862 4643 2979 4728 sive
3009 4641 3073 4697 ab
3103 4657 3186 4710 eo,
3213 4641 3340 4718 παρ’
3364 4641 3575 4722 αὐτοῦ]
3603 4646 3658 4694 at
3689 4655 3808 4722 me-

2211 4705 2317 4761 ltus
2352 4725 2403 4761 ιιι
2437 4723 2541 4761 ms.
2585 4711 2728 4761 anud
2765 4722 2832 4761 te-
2873 4723 3021 4761 nuta
3064 4713 3352 4761 Hebrmnm
3381 4721 3506 4761 mar
3537 4711 3724 4761 rttach.
3750 4711 3806 4761 td

2254 4722 2317 4793 us
2351 4709 2403 4793 in
2437 4723 2541 4762 ms.
2585 4711 2728 4793 apud
2765 4722 2833 4793 te,
2869 4715 3022 4793 jux_t_a
3064 4709 3352 4769 Hebratn'm
3381 4721 3506 4793 "pm
3537 4711 3724 4779 ittach,
3750 4711 3806 4767 id

2208 4787 2314 4844 est,
2334 4784 2647 4853 _!_ecum,_vel
2677 4781 2819 4853 apud
2849 4781 2917 4840 te.
2953 4787 3126 4841 ΜΑῐιτ.
3409 4781 3442 4794 ”

2281 4849 2502 4926 8_Notat
2518 4849 2950 4926 _(_)lympiodorus
2978 4858 3031 4912 in
3053 4853 3375 4926 quibusdam
3403 4851 3809 4926 exemplaribus

2205 4920 2286 4976 sic
2313 4923 2415 4996 legi
2452 4939 2466 4976 :
2508 4920 2712 4977 Recede
2751 4941 2784 4977 ιι
2821 4944 2923 4993 me,
2957 4937 3013 4982 ut
3054 4920 3407 4996 requiescam,
3449 4934 3519 4996 eti
3542 4920 3679 4978 victu
3713 4943 3807 4980 seu

2204 4991 2440 5064 mercede
2467 5002 2732 5048 contentus
2754 4997 2883 5064 sim,
2909 4991 3046 5054 sicut
3073 4991 3439 5052 mercenarius.
3471 4995 3656 5050 MART.

2278 5062 2306 5100 ιι
2323 5063 2615 5141 §ciendum
2637 5075 2732 5136 est,
2750 5062 2926 5141 inquit
2946 5068 3360 5141 Polychronius,
3387 5067 3529 5137 quod
3550 5065 3810 5123 Hebraeus

2203 5150 2300 5206 pro
2318 5134 2434 5210 illo,
2461 5136 2513 5188 in
2538 5134 2726 5210 petra,
2747 5134 2921 5210 habet,
2945 5142 3000 5196 in
3031 5134 3237 5205 cinere,
3269 5134 3460 5208 prioris
3484 5154 3657 5193 versus
3682 5155 3812 5194 con-

2201 5208 2489 5281 sequentia,
2519 5215 2566 5260 et
2583 5208 2680 5281 _rei
2721 5208 3118 5281 ipsius'natura
3153 5211 3240 5281 ita,
3265 5209 3579 5281 postulante.
3614 5210 3812 5281 Aquila

2201 5285 2395 5349 (uitem,
2431 5277 2484 5332 in
2509 5277 2753 5348 pulvere,
2787 5293 2832 5336 et
2857 5281 3206 5346 Theodotion,
3233 5277 3288 5334 in
3320 5279 3510 5349 humo,
3538 5277 3811 5336 cum'lle-

2201 5346 2379 5401 braico
2411 5355 2552 5421 [ante
2573 5346 2964 5420 consentientes,
2990 5351 3363 5416 reddiderunt;
3386 5353 3475 5421 qui
3497 5346 3673 5406 etiam
3709 5369 3810 5419 pro

2200 5433 2341 5482 voce,
2367 5419 2636 5497 ῥάδαμνος,
2659 5419 2988 5501 interpretati
3015 5433 3156 5501 sunt,
3186 5419 3478 5501 κορειὸηέὶιι
3520 5434 3617 5488 est,
3651 5432 3808 5479 trun-

2199 5504 2318 5563 cum
2358 5491 2452 5560 pro
2476 5491 2725 5563 aurculo.
2775 5491 2976 5550 Rursus
3007 5491 3434 5563 Grazcus,'l'aciet
3461 5509 3732 5563 messeni,
3771 5511 3810 5549 α

2198 5562 2326 5635 ﬁne,
2373 5561 2504 5635 dixit
2547 5579 2566 5635 .j
2604 5561 2860 5635 [febriens
2904 5577 3074 5621 autem
3123 5561 3233 5619 rent
3272 5565 3443 5634 ipsam
3496 5561 3807 5635 respiciens,

2194 5631 2434 5708 fructum
2467 5631 2648 5688 faciet.
2685 5634 2967 5708 Ulrobique
2997 5654 3116 5693 vero
3157 5631 3304 5692 idem’
3329 5651 3516 5708 sensus
3547 5631 3810 5692 servatur.

2192 5702 2289 5779 Ms.
2334 5704 2506 5779 codex
2539 5708 2836 5779 concordat
2867 5702 2990 5766 cum
3024 5709 3294 5767 l‘lebraico
3326 5707 3380 5764 in
3419 5707 3607 5764 ultima
3645 5725 3810 5779 voce,

2188 5776 2421 5846 lt‘ttctum
2447 5776 2622 5848 faciet.
2656 5777 2837 5838 MART.
