4062 6356
260 412 325 468 8|
1414 409 1621 467 LIBER
1648 411 1791 468 JOB.
1824 408 2105 469 ALTERA
2136 408 2410 467 VEl’iSIO.
3424 418 3437 436 τ
3495 416 3570 472 82

259 527 492 601 probes.
513 525 889 597 Cogitationes
917 539 1069 582 meas
1105 525 1465 583 dinumerasti
1485 568 1498 593 ,
1528 535 1583 582 et
1629 526 1766 582 nihil
1812 535 1863 584 te
1889 530 1944 589 Α
1966 523 2109 595 ejus.
2141 524 2274 580 Cum
2307 526 2582 596 putaverit
2612 540 2672 583 se
2702 539 2824 584 esse
2844 526 2957 597 jam
2986 528 3040 584 in
3071 543 3234 600 pace,
3268 537 3397 586 tunc
3417 545 3576 588 ever-

259 624 427 677 latuit
456 629 809 691 peccatorum
841 634 1111 675 meorum.
1144 619 1387 690 Signasti
1422 621 1476 675 in
1507 619 1726 675 sacculo
1759 618 1865 674 ini-

258 715 501 785 quitates
531 729 685 771 meas
712 732 726 770 :
756 716 1031 770 annotasti
1078 715 1123 770 si
1153 714 1283 786 quid
1326 714 1528 770 invitus
1568 714 1771 769 erravi.
1799 717 1866 783 >2<

259 810 323 865 Et
346 808 575 879 quidem
606 808 625 881 [
655 811 740 863 Al.
772 808 1026 879 equidem
1058 808 1075 881 ]
1108 823 1265 864 mons
1316 808 1519 864 cadens
1564 807 1752 862 deﬁnit
1801 811 1866 875 >θκ

258 912 314 959 et
346 910 504 971 petra
528 904 825 958 veterascit
858 902 910 956 in
936 903 1056 957 loco
1084 911 1241 958 suo.ll
1272 902 1504 971 Lapides
1529 916 1867 957 consumun-

259 1003 345 1047 tur
396 993 594 1064 aquis,
634 998 698 1061 >s<
750 1002 806 1049 et
847 994 1129 1050 alluvione
1170 993 1543 1065 frequentium
1592 994 1868 1065 gurgitum

258 1087 533 1144 minuitur
558 1102 726 1142 arena
770 1097 964 1155 terrm,
1004 1088 1025 1157 ζ
1061 1103 1215 1157 spem
1252 1102 1386 1143 vero
1420 1086 1656 1143 hominis
1686 1087 1872 1156 perdi-

256 1180 409 1235 disti.
440 1179 718 1251 Impulisti
749 1181 901 1236 enim
934 1180 991 1235 in
1021 1180 1189 1236 ﬁnem
1212 1223 1227 1248 ,
1258 1188 1316 1236 et
1341 1180 1514 1239 abiit:
1546 1178 1767 1235 mutasti
1792 1178 1870 1234 fa-

253 1275 393 1330 ciem
423 1274 585 1346 ejus,
615 1275 874 1330 dimisisti
899 1290 1045 1331 eum.
1072 1276 1287 1330 Etcum
1320 1275 1477 1330 multi
1509 1271 1717 1329 iuerint
1741 1272 1761 1345 [
1781 1272 1869 1328 Al.

255 1367 487 1424 luerunt
518 1366 577 1439 ],
612 1367 710 1422 ﬁlii
750 1367 900 1439 ejus,
952 1368 1128 1423 nescit
1179 1386 1191 1422 :
1241 1368 1290 1423 si
1339 1376 1522 1423 autem
1566 1375 1623 1421 et
1672 1365 1867 1436 pauci,

256 1463 479 1531 ignorat
504 1466 572 1530 )a(
604 1461 674 1518 de
699 1462 781 1517 eis
811 1461 835 1530 ζ
869 1461 963 1517 sed
994 1476 1188 1517 carnes
1209 1459 1238 1500 ιι
1261 1462 1381 1525 eius
1407 1465 1473 1529 >ε<
1508 1475 1677 1532 super
1702 1475 1829 1517 eum
1850 1471 1872 1500 ο

254 1551 562 1607 doluerunt
598 1570 610 1605 :
644 1561 699 1606 et
725 1553 907 1607 anima
937 1551 1057 1621 ejus
1089 1566 1259 1622 super
1287 1566 1415 1607 eum
1451 1551 1614 1607 luxit.

322 1661 681 1702 RESPONDENS
715 1662 896 1701 AUTE!
932 1662 1158 1701 ELIPHAZ
1200 1661 1565 1713 THEMANI'I'ES,
1607 1661 1802 1703 DIXI‘I':

325 1737 485 1811 [ϐαρ.
506 1738 651 1811 χν.]
678 1738 945 1810 Numquid
970 1742 1190 1809 sapiens
1216 1738 1569 1809 respondebit
1599 1739 1654 1795 in
1683 1737 1879 1809 spiritu

260 1831 539 1897 scientiae,
570 1840 629 1886 et
663 1830 913 1900 implebit
950 1831 1058 1905 [ΑΙ.
1093 1829 1362 1903 implevit]
1390 1830 1583 1886 dolore
1610 1840 1877 1896 ventrem,

1970 620 2052 673 sio
2077 614 2259 674 veniet
2310 621 2381 675 ei.
2430 618 2549 675 Non
2605 623 2785 677 credit
2827 624 2962 696 [Αι.
2998 623 3227 696 credet]
3258 629 3505 682 converti
3537 644 3570 683 a

1970 712 2233 768 tenebris.
2260 714 2378 768 Jam
2408 710 2554 769 enim
2582 716 2813 773 traditus
2842 724 2927 772 est
2957 718 3009 772 in
3039 719 3292 775 manibus
3324 721 3473 787 ferri,
3516 732 3574 779 et

1971 804 2228 861 decretus
2258 814 2343 860 est
2368 807 2420 861 in
2446 822 2625 862 escam
2657 807 2675 880 [
2708 808 2795 862 Al.
2828 825 2953 864 esca
2986 809 3004 883 ]
3035 812 3348 883 vulturum,
3383 822 3438 869 et
3470 829 3571 871 no-

1971 895 2049 951 vit
2077 899 2128 951 in
2158 899 2454 969 semetipso
2478 901 2625 970 quod
2647 911 2897 957 servatur
2919 903 2984 957 ad
3011 905 3244 961 ruinam.
3278 907 3403 961 Dies
3427 908 3575 963 enim

1972 990 2320 1046 tenebrarum
2353 993 2581 1048 terrebit
2630 1008 2775 1049 eum.
2822 994 3137 1053 Necessitas
3182 1008 3237 1053 et
3294 1000 3574 1056 tribulatio

1974 1082 2180 1137 tenebit
2205 1099 2352 1139 eum.
2381 1084 2533 1140 Sicut
2554 1085 2665 1141 dux
2694 1086 2746 1141 in
2777 1087 2946 1157 prima
2993 1090 3109 1145 acie
3146 1090 3392 1159 decidet,
3428 1104 3452 1131 θ
3484 1096 3578 1165 qui

1975 1177 2209 1232 elevavit
2257 1193 2449 1234 manus
2488 1187 2679 1235 contra
2729 1179 3015 1235 Dominum
3062 1181 3193 1255 [ΑΙ.
3227 1183 3481 1257 Deum],
3520 1195 3579 1243 et

1975 1278 2164 1326 contra
2199 1270 2487 1326 Dominum
2517 1272 2950 1340 omnipotentem
2997 1282 3292 1331 contumax
3335 1276 3474 1345 fuit,
3523 1285 3581 1334 et

1977 1364 2221 1419 cucurrit
2250 1374 2444 1419 contra
2467 1380 2591 1420 eum
2620 1366 3029 1423 contumeliose
3061 1371 3129 1436 >ς<
3158 1367 3215 1423 in
3245 1384 3436 1425 crassa
3458 1385 3581 1427 cer-

1977 1457 2098 1514 vice
2127 1456 2263 1513 scuti
2292 1457 2405 1525 sui,
2438 1460 2504 1526 )K
2526 1458 2649 1528 quia
2676 1456 2697 1497 τ
2725 1462 2940 1530 operuit
2961 1461 3153 1516 faciem
3186 1460 3306 1531 ejus
3333 1461 3389 1517 in
3419 1463 3581 1534 adipe

1979 1564 2079 1605 suo
2203 1558 2257 1605 et
2289 1548 2418 1606 fecit
2459 1551 2753 1620 capistrum
2783 1566 2951 1621 super
2980 1552 3205 1609 femora.
3254 1554 3474 1611 Habitet
3497 1556 3580 1611 ci-

1980 1644 2175 1699 vitates
2204 1642 2479 1710 desertas,
2510 1644 2677 1700 intret
2706 1645 2759 1699 in
2801 1645 2995 1701 domos
3024 1662 3146 1717 qua:
3178 1663 3289 1703 non
3330 1647 3586 1704 habitan-

1983 1747 2093 1794 tur.
2127 1737 2259 1806 Qua:
2295 1736 2442 1793 enim
2478 1738 2570 1793 ille
2601 1746 2627 1786 8
2670 1738 2911 1809 paravit,
2944 1739 3036 1795 alii
3069 1740 3358 1805 auferent,
3391 1749 3448 1797 et
3477 1755 3588 1797 non

1983 1832 2283 1901 ditabitur,
2340 1848 2443 1890 nec
2517 1833 2858 1904 permanebit
2912 1832 3219 1888 substantia
3267 1834 3409 1903 ejus.
3462 1834 3583 1890 Non

261 1940 504 1998 arguens
539 1926 595 1980 in
630 1924 820 1982 verbis
845 1925 1167 1997 quibrsnon
1193 1932 1431 1994 oportet,
1457 1924 1511 1980 in
1542 1923 1883 1980 sermonibus
1911 1921 1961 1983 B
1990 1926 2167 1981 mittet
2198 1925 2325 1999 [Αι.
2368 1924 2667 1997 immittet]
2696 1940 2862 1997 super
2905 1935 3104 1981 terram
3150 1925 3432 1995 umbram,
3477 1941 3583 1983 nec

259 2020 453 2090 quibus
479 2017 620 2073 nihil
640 2017 887 2088 proderit
905 2017 1037 2085 in
1053 2018 1167 2074 eis?
1190 2032 1370 2073 nonne
1391 2027 1446 2071 tu
1461 2016 1705 2088 repulisti
1726 2017 1876 2070 timo-

259 2128 391 2179 rem,
421 2122 487 2168 et
513 2112 731 2168 locutus
755 2126 816 2168 es
850 2110 987 2166 tales
1026 2125 1310 2167 sermones
1350 2117 1478 2166 ante
1517 2118 1873 2180 conspectum

261 2213 518 2268 Domini?
543 2213 682 2281 Quia
703 2228 833 2269 reus
858 2227 919 2268 es
940 2212 1284 2269 sermonibus
1313 2212 1428 2268 oris
1455 2208 1554 2278 tui,
1580 2217 1637 2265 et
1665 2207 1875 2280 elegisti

260 2302 505 2377 linguam
537 2306 805 2361 malorum
828 2346 844 2370 ,
873 2313 1064 2376 arguat
1094 2311 1148 2360 te
1174 2317 1236 2359 os
1260 2313 1412 2359 tuum
1438 2308 1493 2358 et
1513 2315 1620 2357 non
1650 2316 1786 2370 ego,
1816 2310 1871 2356 et

260 2399 395 2453 labia
425 2410 523 2454 tua
554 2397 1075 2455 contradicanttibi.
1104 2396 1241 2465 Quid
1264 2395 1442 2451 enim?
1464 2392 1735 2464 Numquid
1764 2393 1875 2463 pri-

262 2508 373 2548 mus
404 2492 585 2548 homo
616 2502 775 2548 natus
796 2507 856 2548 es
875 2533 891 2560 ,
921 2502 1013 2547 aut
1045 2488 1071 2529 ἀ
1105 2501 1234 2547 ante
1263 2489 1434 2546 colles
1462 2497 1750 2545 concretus
1776 2502 1873 2544 es:

260 2595 346 2640 aut
371 2601 586 2642 arcana
620 2584 837 2641 Domini
866 2584 1086 2651 audisti,
1116 2592 1209 2639 aut
1240 2584 1294 2637 in
1321 2592 1375 2639 te
1401 2582 1520 2638 solo
1549 2589 1632 2638 est
1661 2580 1873 2651 sapien-

263 2678 366 2734 tia?
395 2679 548 2749 Quid
572 2679 718 2735 enim
750 2680 895 2735 nosti
923 2677 1070 2750 quod
1110 2692 1220 2733 non
1262 2675 1517 2733 novimus
1539 2717 1555 2744 ,
1604 2683 1697 2730 aut
1744 2673 1875 2746 quid

259 2775 525 2847 intelligis
554 2775 701 2847 quod
730 2790 838 2833 non
861 2774 1141 2831 nobiscum
1167 2772 1290 2829 est?
1320 2776 1385 2841 γε(
1410 2770 1517 2828 Sed
1547 2779 1602 2826 et
1627 2784 1797 2825 senex
1819 2777 1877 2824 et

260 2867 574 2939 decrepitus
600 2870 653 2924 in
684 2869 843 2925 nobis
864 2876 948 2925 est
977 2885 991 2922 :
1026 2872 1091 2936 >:<
1116 2867 1396 2937 antiquior
1422 2865 1595 2936 patris
1641 2864 1716 2920 tui
1757 2863 1875 2919 die-

260 2962 377 3018 bus.
406 2961 693 3033 Numquid
722 2976 914 3033 parum
943 2959 1206 3031 peccasti,
1238 2966 1295 3016 et
1322 2959 1638 3015 vulneratus
1667 2972 1726 3013 es
1751 2970 1875 3027 gra-

260 3054 443 3109 viter?
484 3054 510 3123 ζ
544 3053 722 3110 Nimis
744 3054 888 3109 elate
916 3048 1235 3108 locutus‘es.
1267 3051 1408 3120 Quid
1440 3065 1635 3107 ausum
1659 3050 1757 3105 luit
1781 3063 1877 3106 cor

262 3156 439 3212 tuum,
481 3157 538 3202 et
566 3146 697 3216 quid
729 3146 1108 3202 suatinuerunt
1131 3143 1275 3201 oculi
1306 3143 1381 3199 tui
1408 3161 1421 3197 :
1456 3143 1581 3213 quia
1610 3143 1663 3198 in
1693 3142 1875 3198 lurore

262 3241 498 3313 erupisti
543 3252 734 3299 contra
780 3241 1071 3297 Dominum
1102 3257 1116 3294 :
1146 3251 1201 3297 et
1231 3239 1508 3311 protulisti
1540 3255 1607 3294 ex
1642 3254 1739 3295 ore
1782 3248 1876 3294 tuo

1980 2018 2204 2090 eﬁ‘ugiet
2228 2020 2511 2085 tenebras;
2544 2019 2639 2075 sed
2674 2019 2900 2089 stirpem
2929 2018 3047 2087 ejus
3076 2018 3339 2075 arefaciet
3362 2028 3581 2089 ventus,

1979 2121 2037 2168 et
2066 2113 2275 2168 decidet
2300 2113 2420 2183 ejus
2442 2112 2562 2167 ﬁos.
2590 2112 2707 2167 Non
2742 2118 2927 2181 speret
2957 2126 3019 2165 se
3045 2126 3371 2180 permanere
3399 2128 3412 2165 :
3444 2126 3585 2167 vana

1979 2205 2125 2260 enim
2157 2204 2413 2260 evenient
2435 2203 2508 2259 ei.
2540 2202 2799 2260 Praeeisio
2824 2203 2940 2273 ejus
2967 2210 3092 2257 ante
3120 2203 3311 2258 horam
3337 2217 3586 2258 corrum-

1979 2306 2168 2370 petur,
2198 2306 2256 2355 et
2282 2312 2505 2369 germen
2529 2297 2647 2368 ejus
2696 2311 2804 2352 non
2848 2295 3143 2351 videbitur.
3192 2295 3575 2368 Vindemietur

1980 2401 2257 2463 tamquam
2282 2406 2385 2447 uva
2412 2390 2607 2447 acerba
2637 2399 2765 2447 ante
2789 2401 3024 2461 tempus.
3052 2389 3282 2445 Decidat
3309 2399 3584 2461 tamquam

1977 2482 2078 2540 ﬂos
2107 2483 2287 2539 oliva).
2320 2482 2717 2539 Testimonium
2750 2482 2895 2539 enim
2941 2482 3095 2553 impii
3122 2498 3272 2538 mors
3298 2523 3313 2549 ,
3340 2491 3398 2538 et
3439 2484 3584 2554 ignis

1977 2577 2267 2633 comburet
2292 2577 2487 2633 domos
2516 2592 2708 2632 eorum
2737 2575 2832 2647 qui
2862 2590 3088 2631 munera
3116 2577 3414 2648 accipiunt.
3439 2573 3584 2631 Con-

1977 2668 2146 2740 cipiet
2180 2669 2237 2724 in
2269 2678 2461 2723 ventre
2489 2668 2728 2738 gemitus
2753 2708 2768 2732 ,
2819 2676 2875 2723 et
2919 2666 3177 2724 evenient
3228 2667 3278 2725 ei
3325 2681 3493 2738 vana,
3524 2673 3584 2723 et

1978 2771 2169 2819 venter
2196 2761 2316 2833 ejus
2348 2760 2587 2832 portabit
2615 2759 2822 2815 dolum.

2298 2890 2328 2931 ιι
2358 2908 2690 2950 RESPONDENS
2728 2909 2912 2950 aurem
2947 2909 3071 2964 tos,
3112 2911 3203 2952 Al’l‘
3235 2913 3250 2952 :

2052 3028 2183 3104 [Cap
2200 3025 2368 3101 XVI]
2392 3028 2587 3084 Audivi
2608 3028 2734 3083 talia
2750 3028 2938 3084 multa.
2961 3028 3348 3088 Consolatores
3373 3031 3388 3069 ί
3415 3033 3583 3089 malo-

1978 3141 2098 3181 rum
2124 3140 2336 3181 omnes.
2360 3123 2499 3192 Quid
2522 3123 2664 3178 enim
2685 3123 2707 3191 ζ
2726 3123 2994 3194 Numquid
3023 3125 3157 3181 ordo
3183 3137 3266 3182 est
3298 3126 3351 3181 in
3371 3142 3583 3182 sermo-

1978 3216 2394 3288 nibusspiritus?
2487 3224 2580 3271 aut
2597 3216 2648 3270 in
2666 3230 2775 3284 quo
2788 3216 3078 3272 molestum
3096 3218 3189 3273 tibi
3206 3219 3331 3286 erit,
3347 3219 3470 3286 quia
3491 3234 3578 3276 re-

262 3310 555 3392 sermones
598 3335 766 3392 tales?
806 3334 945 3403 Quid
995 3334 1139 3390 enim
1185 3310 1269 3389 est
1304 3332 1498 3398 homo,
1533 3340 1593 3387 nt
1636 3332 1706 3386 sit
1754 3331 1873 3387 sine

1989 3311 2272 3383 spondebis
2296 3311 2317 3379 ξ
2345 3311 2413 3366 Ει
2434 3325 2534 3381 ego
2555 3310 2852 3365 secundum
2881 3324 2978 3367 vos
3000 3310 3192 3381 loquar
3218 3311 3325 3383 [ΑΙ.
3347 3311 3585 3385 loquor].

265 3431 537 3487 crimine?
587 3438 678 3485 aut
723 3431 797 3485 sit
843 3438 1002 3484 natus
1060 3428 1239 3499 justus
1290 3442 1353 3482 ex
1401 3424 1663 3482 muliere?
1711 3425 1768 3481 Si
1818 3425 1873 3481 in

265 3523 469 3578 sanctis
501 3527 567 3591 fax
597 3521 715 3593 ejus
744 3521 768 3591 ζ
804 3536 911 3578 ηοη
956 3530 1041 3577 est
1085 3520 1251 3586 ﬁdes,
1288 3506 1375 3575 “et
1400 3518 1597 3575 coelum
1638 3533 1748 3573 non
1793 3526 1877 3574 est

267 3616 528 3670 mundum
559 3623 688 3671 ante
714 3629 839 3670 eum
873 3630 887 3669 :
920 3624 1125 3685 quanto
1152 3612 1324 3684 magis
1355 3610 1737 3667 abominabilis
1763 3609 1870 3676 vir,

266 3708 452 3765 bibens
485 3708 803 3779 iniquitates
826 3714 886 3762 ut
911 3706 1132 3778 potum!
1165 3705 1408 3762 Narrabo
1436 3704 1570 3773 tibi,
1598 3702 1724 3759 audi
1754 3718 1873 3770 me,

265 3812 315 3857 et
343 3819 475 3874 quae
502 3801 649 3869 vidi,
682 3801 1016 3874 annuntiabo
1051 3800 1193 3867 tibi,
1228 3814 1351 3871 quae
1397 3798 1675 3868 sapientes
1714 3796 1871 3851 dixe-

266 3907 426 3967 runt,
462 3905 519 3952 et
575 3910 682 3950 non
710 3893 1027 3952 celaverunt
1068 3902 1324 3964 parentes
1368 3904 1519 3947 suos.
1571 3888 1706 3959 Ipsis
1740 3886 1874 3944 solis

268 3990 388 4043 data
417 3997 511 4044 est
541 3996 730 4054 terra,
783 4001 884 4043 nec
932 3984 1251 4057 supervenit
1299 3983 1407 4039 illis
1449 3982 1731 4054 quisquam
1779 3995 1876 4036 ex-

268 4091 516 4138 traneus.
546 4080 738 4137 Omnis
764 4080 875 4135 vita
908 4079 1060 4151 impii
1094 4080 1146 4133 in
1173 4076 1473 4133 solitudine
1503 4085 1586 4131 est
1622 4090 1637 4130 :
1670 4081 1724 4129 et
1768 4087 1872 4127 nu-

268 4177 467 4235 merati
511 4175 643 4233 anni
688 4174 799 4231 dati
848 4184 974 4232 sunt
1004 4174 1246 4246 potenti.
1281 4183 1335 4231 et
1368 4174 1528 4229 timor
1574 4172 1626 4227 in
1655 4169 1875 4225 auribus

335 4322 365 4352 ι
393 4311 804 4369 Asteriscorum
848 4320 904 4366 et
945 4322 1270 4381 punctorum
1317 4310 1559 4367 ﬁnalium
1594 4316 1782 4376 notas,
1816 4316 1875 4364 ut

272 4400 412 4454 sape
450 4385 617 4450 alibi,
651 4384 736 4439 hic
758 4399 974 4454 quoque
1004 4400 1107 4439 non
1136 4384 1308 4439 semel
1332 4383 1690 4437 restituimus.

339 4452 365 4495 Β
396 4456 505 4511 IIic
534 4471 633 4524 pro
659 4452 921 4512 asterisco
1047 4463 1304 4526 posuerat
1325 4454 1630 4524 cxscriptor
1658 4468 1711 4508 ~s
1746 4452 1878 4526 obey

274 4529 408 4593 lum,
446 4521 550 4583 sed
580 4528 865 4583 manifesto
902 4521 1115 4594 errore,
1155 4543 1315 4595 quem
1350 4521 1759 4581 emendavimus
1804 4521 1872 4577 ad

274 4600 440 4655 ﬁdem
489 4599 700 4655 llcbrmi
727 4598 955 4654 codicis.
987 4594 1289 4654 Notandum
1333 4612 1463 4653 vero
1504 4596 1557 4650 in
1603 4594 1873 4666 sequenti,

273 4689 429 4741 :uper
471 4689 611 4737 eum,
654 4670 858 4725 nullum
906 4684 1029 4725 esse
1074 4670 1383 4741 appositum
1420 4672 1645 4741 signum
1680 4670 1734 4741 in
1768 4680 1870 4741 ms.

1981 3405 2041 3463 Si
2086 3406 2331 3476 subjecta
2374 3411 2521 3460 esset
2563 3403 2743 3458 anima
2782 3411 2965 3458 vestra
3008 3418 3107 3474 pro
3149 3418 3299 3470 mea,
3330 3404 3586 3475 loquerer

1983 3498 2142 3554 vobis
2192 3495 2574 3561 sermonibus,
2622 3503 2677 3550 et
2722 3509 2999 3551 moverem
3046 3510 3208 3566 super
3259 3511 3362 3551 vos
3425 3504 3592 3566 caput

1982 3607 2185 3648 meum.
2221 3591 2377 3644 Esset
2404 3587 2577 3643 virtus
2609 3588 2662 3641 in
2694 3602 2789 3642 ore
2822 3603 2976 3653 meo,
3004 3597 3059 3643 et
3088 3588 3231 3643 labia
3274 3601 3582 3656 moverem,

1981 3694 2036 3741 et
2065 3698 2170 3739 non
2204 3696 2502 3753 parcerem.
2535 3679 2594 3736 Si
2618 3677 2761 3735 enim
2794 3679 3020 3751 loquar,
3049 3695 3157 3736 non
3193 3684 3206 3731 ἐ
3246 3682 3443 3738 dolebo
3468 3684 3584 3738 vul-

1981 3793 2112 3834 nere
2131 3818 2145 3843 ,
2174 3775 2315 3847 quod
2343 3775 2387 3830 si
2423 3783 2664 3839 taceam,
2690 3772 3043 3830 nihilominus
3070 3774 3409 3831 terebrabor.
3435 3775 3589 3831 Nune

1981 3881 2160 3927 autem
2204 3868 2427 3923 lassavit
2470 3881 2556 3921 me
2581 3864 2607 3901 ιι
2636 3865 2828 3932 dolor;
2861 3873 2917 3920 et
2957 3865 3083 3921 fecit
3108 3869 3330 3921 stultum
3352 3910 3366 3934 ,
3395 3877 3450 3923 et
3484 3884 3583 3938 pu-

1983 3972 2120 4019 trem
2247 3957 2652 4031 appreltcndisti
2685 3972 2802 4024 me,
2836 3964 2893 4011 et
2921 3958 2972 4011 in
3006 3958 3377 4012 testimonium
3413 3958 3586 4013 factus

1982 4070 2122 4122 sum,
2252 4062 2307 4108 et
2337 4051 2573 4108 surrexit
2603 4065 2766 4121 super
2786 4065 2873 4105 me
2903 4048 3242 4106 mendacium
3272 4065 3475 4117 meum,
3517 4053 3586 4119 >.{

1982 4158 2173 4206 contra
2226 4147 2419 4203 faciem
2492 4158 2670 4200 meam
2730 4140 2749 4181 1
2807 4141 3162 4213 respondebit
3216 4141 3241 4211 ξ
3301 4141 3587 4199 Iracundia

2052 4314 2077 4352 ε
2124 4301 2268 4357 Idem
2324 4295 2559 4368 plurium
2600 4304 2851 4357 numero,
2894 4288 3022 4354 Qua:
3061 4286 3196 4342 enim
3240 4286 3319 4341 illi
3371 4301 3588 4358 parave-

1976 4387 2119 4438 runt,
2150 4372 2241 4427 alii
2271 4373 2537 4440 auferunt].
2587 4435 2596 4440 _
2730 4433 2740 4440 _
3027 4430 3059 4440 η
3210 4428 3223 4440 π
3249 4429 3258 4439 ,
3447 4429 3456 4439 ,

2051 4428 2079 4484 l1
2107 4428 2320 4500 Omissa
2344 4428 2482 4493 sunt
2510 4435 2701 4491 isthmc
2728 4433 2783 4487 in
2810 4446 2913 4486 ms.
2940 4430 3149 4495 codice;
3172 4428 3261 4483 ubi
3283 4429 3587 4500 exscriptor

1980 4499 3099 4590 spatium_sulliciens_vacuutnnreliquit
3153 4500 3222 4581 ad
3267 4515 3343 4590 ea,
3380 4499 3586 4590 deseri:

1978 4572 2154 4647 benda
2185 4584 2449 4641 miniaceo
2489 4579 2698 4642 colore,
2736 4590 2800 4630 ac
2829 4575 3026 4629 litteris
3061 4572 3403 4647 majusculis.
3420 4572 3585 4647 Quod

1985 4643 2042 4718 id
2069 4643 2191 4714 aliis
2220 4670 2349 4711 mss.
2376 4654 2575 4707 factum
2605 4647 3017 4718 conSpicimus;
3047 4658 3175 4718 nam
3202 4646 3252 4696 in
3278 4643 3462 4698 multis
3491 4643 3586 4698 de-

278 4714 1168 4809 signatus"tuatua;
1186 4714 1608 4812 νεέβῐιυιεῖοοιξε
1658 4738 1882 4812 minim.
1907 4728 1962 4788 1)
1986 4723 2512 4812 ευηιρςηρξμεοιίιυλιι-
2530 4714 3309 4812 alligauigiguggtnisi.

278 4816 631 4883 reperiantur
662 4816 776 4869 haec
800 4814 853 4867 in
885 4812 1028 4868 LXX
1062 4809 1319 4868 Romanis
1347 4812 1625 4868 editionis.
1658 4809 1838 4863 MART.

352 4897 374 4926 ε
405 4885 585 4940 Aliter
614 4885 864 4956 Martian.
902 4883 1019 4940 hare
1043 4886 1299 4956 junxcrat
1325 4883 1609 4954 intcrjecto
1642 4890 1878 4952 punctu,

280 4975 442 5021 super
471 4973 606 5010 cum.
637 4955 930 5021 Dilucrunt,
955 4955 1061 5013 etc.
1088 4956 1227 5012 haud
1252 4957 1410 5011 bene.

352 5028 377 5065 ἀ
408 5028 629 5100 Olymp.
656 5027 955 5100 etPolyt-li.
982 5029 1032 5081 in
1057 5028 1255 5083 Catena
1280 5027 1593 5100 Grrecornm
1618 5023 1872 5100 Patrum;

283 5093 615 5170 D'eque'arite
639 5097 797 5170 colles
820 5093 1090 5153 concretus
1114 5115 1190 5159 es,
1222 5100 1299 5152 rel
1324 5100 1400 5167 (ut
1423 5097 1684 5170 Ilebrteus
1707 5093 1883 5170 habet)

282 5167 566 5243 conreptus
591 5187 714 5243 es...
744 5168 927 5243 Neque
956 5171 1375 5243 constitutionem
1398 5168 1622 5243 Domini
1658 5167 1878 5243 audisti,

283 5262 380 5313 pro
436 5240 541 5313 quo
597 5241 808 5312 Aquila,
864 5256 1095 5305 arcana,
1152 5241 1473 5310 Throdolio,
1518 5240 1878 5313 mysterium.

287 5311 810 5384 Symmachusvero,
839 5312 1190 5384 colloquium,
1216 5313 1447 5367 reddidit
1474 5327 1493 5365 :
1517 5311 1881 5381 Hieronymus

285 5383 411 5440 cum
468 5384 660 5455 Aquila
714 5383 1007 5445 consentit,
1055 5385 1181 5439 dum
1227 5384 1420 5439 Latine
1468 5384 1881 5452 interpretatur,

286 5468 378 5511 aut
405 5454 601 5510 arcana
629 5454 841 5508 Domini
869 5457 1085 5523 audisti,
1118 5467 1224 5511 etc.
1254 5455 1449 5510 Manr.‘

364 5539 388 5610 ς
423 5528 753 5615 augustinus
784 5542 888 5595 qua
915 5542 932 5580 :
962 5536 1214 5583 neutrum
1261 5526 1488 5583 Graecus
1511 5525 1735 5596 probat,
1788 5523 1886 5581 sed

324 5617 411 5654 u'a
459 5621 529 5654 τι.

290 5617 320 5670 q
371 5672 387 5708 ί
428 5623 687 5741 lolebrrrns
738 5666 910 5741 habet
958 5686 1078 5735 car;
1135 5686 1198 5727 ac
1263 5671 1306 5725 si
1366 5669 1603 5738 diceret,
1665 5672 1887 5741 facultas

295 5744 483 5796 ani/ia:
512 5738 857 5811 visibililuxu
895 5750 942 5794 et
984 5740 1180 5797 deliciis
1224 5743 1483 5797 obcwcuta
1527 5752 1635 5807 cst;
1665 5738 1762 5811 pro
1796 5744 1888 5797 illo

297 5830 432 5869 vero
461 5809 814 5886 peristantiuut
845 5810 861 5882 [
888 5828 991 5867 ms.
1038 5815 1322 5885 capistrum
1354 5812 1402 5886 pl,
1452 5814 1644 5886 habet,
1669 5809 1890 5886 pingue-

300 5881 469 5959 ttnmn'
526 5895 571 5959 ιτς
614 5881 934 5959 άξηζοὶᾀεῖηι,
1004 5881 1115 5942 etc.
1182 5887 1310 5944 llaec
1362 5881 1789 5959 Olympiodorus
1840 5886 1893 5941 in

298 5954 499 6013 Catena
526 5956 620 6014 Gr.
650 5954 757 6013 PP.
787 5953 963 6014 MART.

2066 4783 2468 4857 ἰν-Ιξθέιίῑιιὶηιιιε
2495 4794 2560 4847 ad
2590 4792 2837 4847 Graecum
2861 4787 3140 4856 exemplar
3162 4829 3176 4854 ,
3219 4794 3275 4839 et
3305 4783 3587 4857 Augustini

1986 4856 2272 4932 lectionem
2300 4911 2315 4936 ,
2354 4865 2720 4936 Consolatores
2753 4860 3232 4923 nmlorumomnes,
3264 4872 3363 4927 pro
3391 4856 3588 4925 quibus

1985 4956 2104 5004 erat
2128 4989 2143 5013 ,
2175 4935 2688 5013 Consolatoresntali
2712 4949 2810 5013 vos.
2826 4947 3023 5013 omnes.

2055 4997 2260 5070 -ῖ-Ἰίτο
2292 5024 2398 5081 quo
2421 5008 2638 5081 Aquila,
2664 5002 2839 5081 inquit
2868 4999 3318 5081 Olytnpiodorus,
3345 4997 3587 5081 consola-

1986 5099 2122 5144 tores
2152 5071 2425 5147 laborum;
2455 5071 2790 5147 Tlieodotiu,
2823 5071 3171 5147 consolatores
3199 5071 3591 5147 molestiarum;

1986 5142 2345 5234 Symmachus
2374 5142 2880 5234 autem_dilucidius
2922 5142 3196 5209 reddidit,
3233 5143 3591 5197 consolatores

1986 5222 2158 5288 omnes
2190 5230 2356 5284 odiosi
2387 5225 2529 5279 estis.
2564 5222 2742 5275 MART.

2062 5285 2277 5358 iHFalso
2312 5300 2518 5367 legerat
2566 5294 2955 5367 Martianzcus,
2978 5304 3079 5342 non
3130 5286 3307 5367 delebo
3336 5285 3549 5367 vulnera
3573 5326 3588 5349 ,

1986 5391 2086 5446 pro
2136 5392 2237 5427 non
2290 5358 2470 5425 dolvt'bo
2500 5366 2709 5422 uulnere
2736 5364 2889 5446 juxta
2917 5360 3167 5446 Grmgum
3196 5402 3211 5426 ν
3257 5361 3344 5413 οὐχ
3384 5358 3593 5446 eqvi“,

1987 5431 2056 5524 :r6_
2090 5448 2297 5524 τραρμᾴ
2344 5462 2478 5515 μου,
2526 5433 2987 5508 quemadmodum
3037 5432 3098 5487 S.
3144 5444 3364 5502 quoque
3409 5431 3593 5498 Augu-

1987 5518 2163 5575 stinus
2193 5518 2343 5575 legit.

2382 5585 2563 5647 dolor,
2605 5580 2749 5651 quod
2781 5578 3001 5649 proprie
3032 5576 3087 5630 in
3116 5574 3307 5631 Graeco
3337 5588 3447 5630 non
3477 5579 3594 5641 est,

1993 5678 2063 5719 ne
2094 5664 2207 5731 ipse
2234 5660 2451 5730 quidem
2482 5654 2815 5731 Augustinus
2847 5652 3018 5706 novit.
3056 5722 3086 5731 η
3228 5719 3240 5730 .
3529 5716 3539 5727 .

2074 5719 2279 5800 ιἈμυὶι
2323 5730 2381 5785 S.
2438 5719 2799 5796 Augustinum
2843 5722 3115 5800 respondi,
3149 5719 3243 5789 qui
3297 5732 3425 5773 mox
3457 5719 3594 5797 enim

1996 5794 2311 5860 adverbium
2342 5794 2545 5855 rectius
2580 5794 2949 5866 praetermittit
2978 5810 2991 5846 :
3028 5803 3138 5850 tum
3178 5794 3594 5866 verentininium

1998 5877 2200 5944 Optime
2225 5875 2409 5945 dcjccil
2438 5888 2535 5937 me,
2571 5860 2699 5939 legit
2736 5868 2887 5946 juxta
2923 5866 3173 5946 _GI':I'CUIII
3206 5860 3473 5946 μετέξοςλλέ
3503 5880 3591 5941 μς,

2001 5938 2461 6019 quemadmodum
2511 5952 2565 6001 et
2594 5938 2693 5998 nos
2724 5938 3080 5997 resﬁtuimus.
3133 5938 3277 5995 Satis
3306 5942 3483 5989 autem
3510 5938 3593 5988 vi»
