4062 6356
246 303 322 362 85
1389 298 1594 355 LIBER
1632 295 1774 356 JOB.
1808 295 2086 354 ALTERA
2117 295 2389 354 VERSIO.
3479 297 3550 356 86

241 423 320 480 sit
345 434 543 476 nomen
571 419 692 490 ejus
722 417 776 474 lu
799 417 935 474 facie
956 417 1256 487 platearum
1290 432 1304 472 :
1335 423 1387 471 et
1416 395 1658 485 pellatur
1673 413 1739 468 de
1768 412 1850 467 lu-
1877 395 1926 474 Α
1955 411 2085 467 mihi
2105 453 2119 477 ,
2151 395 2486 468 miseremini
2519 411 2648 482 mei,
2681 425 2714 467 ο
2739 411 2927 468 amici".
2955 411 3144 468 Manus
3165 413 3310 469 enim
3340 410 3555 467 Domini

248 515 390 568 mine
417 512 468 565 in
501 511 763 568 letiebras
788 527 800 562 :
828 517 879 565 ct
911 525 1016 564 non
1045 509 1117 564 sit
1146 507 1532 579 cognoscibilis
1562 509 1613 562 in
1648 505 1850 576 populo

244 620 346 659 suo
363 646 377 669 ,
405 618 508 659 nec
536 604 841 659 resalvctur
867 603 970 657 sub
994 601 1133 662 ctelo
1155 601 1351 656 domus
1377 601 1523 672 ejus;
1550 601 1644 656 sed
1678 601 1727 654 in
1756 615 1849 670 po-

244 699 368 769 pulo
390 697 509 765 ejus
535 698 724 753 vivant
749 697 927 751 alteri.
958 698 1136 766 Super
1157 710 1284 760 eum
1311 702 1621 765 genuerunt
1643 693 1815 748 intimi
1832 735 1847 759 ,

239 801 296 844 et
327 805 584 858 proceres
615 790 785 845 tenuit
818 788 1165 844 miraculum.
1196 789 1323 844 lltcc
1349 797 1478 843 sunt
1507 789 1701 843 domus
1746 787 1848 840 iw.-

243 885 483 954 piorum,
517 890 573 938 et
598 881 686 937 hic
711 890 794 937 est
817 882 969 937 locus
997 879 1358 952 ignorantium
1389 880 1578 936 Deum.

578 1010 917 1052 RESI‘OSDENS
956 1010 1136 1050 AUTEM
1174 1010 1284 1061 JOB,
1326 1010 1513 1050 Dle'l‘:

312 1090 462 1162 [Cap.
493 1086 670 1159 XIX]
709 1089 1003 1158 Quousque
1028 1088 1264 1159 fatigatis
1289 1088 1522 1142 animam
1558 1101 1761 1152 meam,
1794 1094 1850 1143 et

240 1183 528 1240 destruitis
544 1200 629 1238 me
647 1182 855 1238 verbis?
868 1182 1074 1238 Scitote
1089 1189 1318 1248 tantum,
1334 1180 1456 1258 quia
1476 1165 1844 1252 Donuinusﬁll.

243 1274 404 1346 Deus]
421 1275 554 1331 fecit
570 1274 703 1330 mihi
729 1275 827 1330 sic.
847 1283 871 1311 ι
891 1269 1187 1330 Detraltitis
1205 1287 1313 1340 me,
1337 1282 1509 1330 etnon
1523 1273 1847 1328 erubescitis

242 1369 560 1425 incumbere
584 1368 738 1423 milii.
788 1367 894 1425 Sed
937 1376 1089 1433 esto,
1128 1381 1258 1422 vere
1283 1382 1383 1437 ego
1406 1366 1600 1431 erravi,
1631 1375 1684 1422 et
1705 1366 1846 1437 apud

241 1480 324 1517 me
353 1457 568 1517 liabitat
598 1477 754 1516 error
782 1475 844 1516 οξ-
877 1468 936 1516 ut
964 1459 1224 1530 loquerer
1255 1458 1481 1514 verbum
1503 1499 1517 1525 ,
1563 1457 1706 1530 quod
1736 1473 1848 1514 non

239 1554 526 1625 oportebat
562 1568 622 1608 -ε-
652 1564 706 1608 et
731 1565 1012 1608 sermones
1041 1551 1148 1606 mei
1192 1560 1382 1615 erant,
1413 1560 1466 1606 et
1497 1566 1603 1604 non
1635 1557 1765 1605 sunt
1793 1549 1848 1605 in

239 1657 488 1717 tempore
579 1645 691 1702 Cur
713 1653 894 1702 autem
914 1659 1011 1700 vos
1033 1643 1085 1699 in
1110 1659 1197 1700 me
1218 1643 1554 1710 exaltamini,
1579 1653 1634 1700 et
1653 1658 1848 1715 expro-

240 1740 407 1795 bratis
427 1739 563 1795 milii
588 1735 972 1816 opprobrium?
988 1737 1194 1796 Scitote
1208 1754 1336 1810 ergo
1352 1739 1477 1812 quia
1495 1739 1754 1794 Dominus
1766 1748 1849 1795 est

238 1834 324 1902 qui
350 1848 437 1887 me
459 1831 702 1888 turbavit
714 1811 730 1889 ἐ
751 1843 804 1889 et
816 1830 1022 1888 vallum
1034 1847 1189 1888 suum
1206 1830 1348 1887 circa
1364 1847 1450 1887 me
1463 1829 1846 1888 circumdedit.
1881 1805 1927 1865 Β

241 1925 380 1980 Ecce
406 1923 436 1964 δ
459 1924 620 1980 rideo
649 1921 975 1996 approbria,
1003 1935 1057 1980 et
1081 1938 1188 1980 non
1220 1924 1411 1996 loquar
1436 1941 1450 1979 :
1479 1923 1726 1981 clamabo
1747 1968 1762 1996 ,
1795 1934 1852 1982 et

243 2030 510 2087 nusquam
564 2026 651 2072 est
702 2015 994 2086 judicium.
1043 2026 1064 2056 ο
1121 2020 1184 2084 Γέτας
1228 2015 1634 2088 Circumseptus
1685 2032 1847 2086 sum,

241 2124 337 2164 nec
366 2097 529 2164 vado.
578 2107 642 2174 In
671 2108 820 2164 vultu
865 2124 988 2165 meo
1020 2108 1278 2165 tenebras
1308 2108 1528 2179 posuit,
1579 2118 1634 2165 et
1678 2107 1850 2181 gloria

240 2219 322 2257 me
347 2203 537 2268 exuit,
590 2211 647 2258 et
692 2202 919 2258 abstulit
967 2217 1224 2258 coronam
1257 2203 1323 2257 de
1361 2203 1538 2273 capite
1590 2219 1741 2282 meo,
1798 2211 1852 2258 et

239 2295 470 2368 disrupit
512 2312 601 2351 me
633 2296 912 2368 nudique,
963 2306 1016 2352 et
1061 2289 1088 2332 ἀ
1143 2295 1274 2353 abii.
1307 2295 1522 2352 Excidit
1574 2303 1848 2368 tamquam

239 2392 490 2447 arborem
541 2407 696 2462 spem
729 2407 926 2446 meam.
974 2386 1288 2446 Saevissimc
1319 2390 1520 2444 abusus
1547 2400 1628 2446 est
1661 2407 1745 2446 me
1793 2389 1848 2446 in

240 2483 519 2538 iracundia
553 2502 566 2536 :
595 2493 651 2539 et
679 2483 972 2539 arbitratus
1003 2493 1085 2540 est
1121 2499 1210 2540 me
1243 2493 1514 2556 tamquam
1545 2483 1845 2540 inimicum.

238 2577 413 2633 Simul
438 2587 713 2634 venerunt
754 2580 1085 2635 tentationcs
1134 2579 1272 2648 ejus,
1306 2584 1368 2645 }:-{
1399 2586 1454 2634 et
1483 2577 1728 2634 fecerunt
1756 2596 1850 2650 per

237 2686 322 2725 me
352 2671 493 2725 viam
526 2687 707 2737 suam,
745 2675 807 2738 ζεὲ
831 2680 885 2726 et
931 2671 1412 2728 circumdederunt
1438 2672 1846 2729 tabernaculum

236 2782 417 2820 meum
453 2766 475 2834 ζ
515 2765 738 2822 Fratres
769 2765 876 2822 mei
907 2776 1276 2823 recesserunt.
1301 2766 1687 2838 Cognoverunt
1716 2769 1848 2826 alie-

237 2875 335 2913 nos
367 2859 532 2929 magis
558 2877 721 2928 quam
771 2876 888 2923 me,
937 2869 993 2915 et
1021 2861 1177 2916 amici
1231 2861 1342 2932 mei.
1387 2857 1848 2920 immisericorch

233 2951 361 3005 [ιςιὶ
389 2959 534 3004 sunt.
562 2950 682 3006 Non
712 2955 1038 3008 curaverunt
1062 2967 1148 3007 me
1169 2952 1399 3022 proximi
1424 2952 1560 3021 mei,
1587 2963 1641 3008 et
1665 2954 1846 3010 scien-

235 3053 313 3097 tes
344 3060 541 3099 nomen
567 3061 751 3101 meum
775 3045 924 3102 obliti
949 3053 1208 3101 suntme.
1235 3044 1409 3101 Vicini
1433 3046 1628 3101 domus
1647 3092 1660 3117 ,
1687 3055 1848 3118 atque

232 3141 449 3194 ancilla:
484 3156 620 3194 mea:
650 3144 714 3207 ξξεζ
737 3137 887 3209 quasi
911 3139 1146 3195 alienum
1171 3148 1561 3210 rcputaverunt
1586 3154 1672 3195 me
1700 3157 1713 3194 :
1753 3155 1848 3196 ex-

234 3243 458 3288 traneus
488 3250 637 3288 eram
657 3249 840 3289 coram
863 3233 1204 3290 eis.Servum
1224 3249 1405 3290 meum
1424 3237 1631 3301 vocavi,
1657 3243 1709 3289 et
1737 3249 1844 3290 non

234 3327 541 3396 respondit.
571 3326 644 3381 Os
676 3341 853 3380 meum
878 3325 1314 3396 deprecabatur:
1346 3333 1401 3380 et
1421 3325 1679 3397 rogabam
1710 3341 1842 3381 uxo-

234 3434 348 3470 rem
375 3435 575 3473 meam.
604 3418 925 3474 lnvocabam
959 3418 1065 3491 [ΑΙ.
1093 3416 1390 3490 invocavit]
1417 3433 1475 3473 ὴ
1504 3417 1833 3488 blandiens:

236 3507 382 3563 (ilics
407 3515 470 3572 ’σεξ
501 3511 639 3564 uteri
666 3512 772 3566 mei
798 3509 821 3579 ζ
853 3520 906 3566 et
939 3497 1024 3565 illi
1045 3509 1096 3564 in
1126 3519 1442 3581 perpetuum
1473 3510 1842 3583 despexerunt

236 3620 344 3658 n-e.
389 3603 526 3658 Cum
579 3621 870 3684 surrexere
921 3606 1214 3676 lojuentur
1245 3605 1311 3660 ad
1361 3621 1468 3660 me.
1529 3606 1842 3662 Abominati

233 3713 291 3749 su
319 3706 352 3748 ιι
383 3712 507 3763 me,
537 3695 628 3766 qui
661 3706 929 3752 noverant
963 3713 1048 3752 me
1069 3740 1083 3764 ,
1116 3705 1169 3752 et
1200 3712 1334 3768 quos
1379 3697 1678 3753 dilexerant
1710 3713 1841 3753 con-

231 3799 593 3844 surrexerunt
634 3791 686 3842 in
723 3805 828 3846 me.
874 3791 930 3846 In
979 3801 1103 3845 cute
1150 3797 1600 3862 computrucrunt
1647 3805 1842 3847 carnes

232 3897 396 3949 mem,
434 3893 490 3937 et
515 3898 639 3938 ossa
663 3899 780 3940 mea
811 3882 864 3938 in
887 3881 1137 3940 dentibus
1162 3884 1298 3941 meis
1326 3892 1475 3939 sunt.
1507 3883 1840 3940 Miseremini

233 4062 533 4135 prmﬁgitur
565 4061 790 4132 negandi
825 4061 1103 4130 particulae
1133 4078 1257 4128 non,
1287 4061 1468 4133 idque,
1500 4070 1560 4118 ιιι
1600 4063 1834 4134 videtur,

230 4152 415 4187 τρι-,ηδ
439 4176 457 4202 ,
503 4137 656 4206 'quod
689 4144 1151 4206 tantunrtnonere
1175 4135 1462 4189 voluimus.
1497 4136 1623 4190 Post
1648 4151 1837 4192 vocem

230 4205 538 4274 platearum
562 4209 789 4278 August.
816 4205 967 4278 addit
992 4247 1006 4270 ,
1038 4205 1132 4278 ubi
1148 4215 1258 4260 erat
1279 4249 1296 4274 ,
1320 4222 1440 4278 qua:
1463 4215 1646 4262 tamen
1673 4208 1836 4264 verba

231 4283 280 4333 in
318 4280 468 4331 nullo
497 4277 752 4348 originali
784 4286 932 4332 textu
956 4277 1328 4332 inveniuntur.

303 4360 328 4385 λι
362 4349 472 4404 Pro
520 4347 808 4403 Deira/ritis
833 4393 847 4416 ,
879 4349 1084 4404 invenit
1111 4351 1163 4404 in
1195 4365 1296 4412 suo
1342 4364 1445 4405 ms.
1486 4347 1836 4409 Martianmus

229 4421 414 4498 D.'_cie_s
451 4420 701 4498 _trahitis_,
744 4419 888 4498 quod
911 4420 1515 4498 ipsemetimprobavjt.

1952 515 2067 570 est,
2097 523 2216 577 qua:
2240 507 2414 577 tetigit
2441 521 2552 564 me.
2583 506 2763 575 Quare
2789 521 2878 562 me
2910 507 3299 577 persequimini
3329 506 3471 561 sicut
3498 515 3555 561 et

1956 601 2263 656 Dominus?
2287 601 2361 657 De
2386 601 2644 657 carnibus
2671 601 2808 656 meis
2821 617 2926 656 non
2949 601 3244 656 satiamini.
3269 600 3400 667 Quis
3423 599 3556 655 mihi

1953 693 2152 749 tribuat
2167 705 2222 749 ut
2239 697 2841 751 seribanturscrmaues
2859 695 3042 760 mei,el
3063 703 3332 765 ponantur
3348 693 3397 747 in
3418 693 3555 747 libro

1953 786 2005 840 in
2029 795 2350 857 perpetuum
2476 788 2526 844 in
2548 787 2689 856 stylo
2722 787 2901 844 ferreo
2927 787 2949 854 ζ
2982 794 3037 842 et
3066 785 3288 856 plumbo
3319 803 3332 840 :
3365 793 3457 839 aut

1952 880 2004 934 iu
2039 880 2408 936 testimonium
2431 880 2450 953 [
2475 880 2561 936 Αι.
2595 881 2892 937 ιθειίγιιοιιίἱ
2918 879 2936 953 ]
2963 880 2984 949 ζ
3015 882 3067 935 in
3100 882 3270 951 petris
3289 880 3556 950 sculpan-

1951 975 2080 1028 tur?
2105 975 2231 1029 Scio
2256 973 2402 1028 enim
2431 973 2554 1044 quia
2586 981 2827 1027 :cternus
2855 981 2940 1027 est
2967 972 3068 1042 qui
3088 989 3174 1026 me
3208 971 3555 1027 resoluturus

1949 1077 2052 1122 est.
2084 1066 2259 1136 Super
2282 1074 2485 1121 terram
2533 1076 2785 1136 resurget
2834 1064 2974 1121 cutis
2997 1080 3138 1120 'mea
3165 1080 3287 1135 quas
3318 1065 3433 1119 lucc
3459 1079 3558 1133 pa-

1950 1161 2098 1216 titur.
2133 1164 2172 1216 A
2202 1161 2430 1216 Domino
2451 1161 2596 1216 enim
2622 1158 2754 1215 mihi
2782 1159 2903 1216 limo
2928 1159 3300 1229 contigerunt,
3325 1173 3556 1228 quorum

1950 1270 2052 1326 ego
2084 1254 2212 1309 mihi
2248 1256 2501 1310 conscius
2526 1269 2678 1318 sum,
2723 1269 2844 1324 qua:
2890 1253 3082 1308 oculus
3129 1265 3287 1307 meus
3313 1249 3449 1305 vidit
3499 1258 3558 1306 et

1949 1362 2058 1404 non
2089 1347 2264 1412 alius,
2294 1356 2350 1402 et
2377 1347 2560 1402 omnia
2590 1345 2722 1402 mihi
2757 1353 3140 1400 consummata
3167 1347 3296 1398 sunt
3322 1342 3375 1397 in
3409 1341 3554 1398 sinu.

1929 1440 2103 1510 Quod
2129 1449 2183 1496 et
2212 1440 2259 1495 si
2290 1440 2573 1508 dixeritis,
2600 1439 2732 1512 quid
2777 1439 3022 1495 dicemus
3051 1447 3244 1494 contra
3287 1451 3411 1492 eum
3432 1478 3447 1504 ,
3501 1445 3558 1491 et

1949 1536 2187 1590 radicem
2213 1535 2483 1590 sermonis
2527 1533 2867 1589 inveniemus
2891 1533 2944 1588 in
2972 1546 3041 1588 eo
3076 1531 3101 1585 τ
3137 1530 3350 1587 Timete
3378 1536 3436 1585 ct
3460 1543 3558 1584 vos

1954 1631 2019 1695 >ε<
2059 1642 2087 1681 a
2118 1625 2301 1696 gladio
2335 1626 2357 1694 ζ
2392 1627 2471 1682 lra
2496 1626 2642 1682 enim
2667 1640 2830 1696 super
2855 1623 3074 1696 iniquos
3095 1622 3309 1692 veniet,
3343 1630 3399 1679 et
3428 1629 3558 1677 tunc

1949 1720 2293 1791 cognoscetis
2417 1718 2542 1787 quia
2574 1725 2656 1773 est
2683 1717 2970 1789 judicium.

2118 1845 2453 1890 RESPONDENS
2487 1840 2510 1869 θ
2545 1845 2724 1888 Αῦτειι
2751 1844 2954 1888 SOPHAB
2983 1841 3217 1895 ιιιΜευε,
3252 1842 3340 1884 MT
3370 1844 3383 1882 ἶ

2027 1943 2178 2022 [ϐαρ.
2210 1943 2356 2016 XX]
2389 1943 2506 2000 Non
2534 1943 2616 2000 sic
2656 1943 2948 2016 sperabam
2992 1940 3466 2022 contradicturum
3499 1948 3555 1997 te

1954 2021 2092 2096 hare.
2145 2037 2257 2095 Nec
2287 2038 2398 2112 [ΑΙ.
2431 2035 2561 2110 non]
2602 2037 2749 2093 enim
2785 2033 2804 2075 ί
2842 2035 3151 2108 iutelligitis
3193 2021 3366 2107 magis
3393 2049 3556 2107 quam

1953 2144 2076 2202 ego.
2125 2133 2189 2197 >ξ<
2228 2128 2606 2186 Eruditionem
2649 2127 2987 2186 confusionis
3029 2142 3163 2184 mea:
3204 2126 3446 2194 audiam,
3487 2131 3554 2198 χε

1952 2233 2007 2279 et
2035 2222 2260 2294 spiritus
2293 2221 2576 2293 sapientiae
2604 2221 2961 2294 respondebit
2993 2221 3145 2277 mibi.
3181 2223 3247 2289 >1
3279 2219 3552 2292 Numquid

1953 2315 2072 2373 haec
2110 2316 2252 2371 nosti
2283 2331 2312 2370 a
2346 2316 2564 2372 saeculis
2607 2332 2671 2371 ex
2703 2331 2812 2389 quo
2837 2317 3051 2388 positus
3083 2323 3168 2370 est
3197 2315 3360 2371 homo
3391 2329 3556 2386 super

1954 2409 2199 2465 terram?
2238 2409 2562 2465 iucunditas
2595 2409 2892 2480 impiorum
2929 2409 3088 2464 ruina
3121 2423 3316 2480 magna
3349 2419 3467 2475 est;
3501 2416 3560 2465 et

1951 2501 2208 2574 gaudium
2249 2485 2561 2573 iniquorum
2599 2501 2834 2573 perditio
2865 2509 2968 2560 est.
3014 2500 3074 2558 Si
3105 2499 3457 2557 ascenderint
3495 2499 3550 2556 in

1951 2594 2152 2649 coelum
2184 2610 2416 2650 munera
2453 2593 2604 2664 ejus,
2639 2603 2694 2650 et
2721 2593 2938 2650 victima
2971 2594 3090 2662 ejus
3137 2593 3312 2650 nubes
3357 2593 3554 2665 tetige-

1953 2688 2070 2741 rits
2119 2702 2178 2741 σει
2231 2703 2353 2741 cum
2400 2687 2679 2758 putaverit
2731 2702 2790 2743 se
2815 2686 2929 2757 jam
2969 2686 3221 2741 stabilem
3267 2686 3445 2754 esse:
3499 2685 3556 2741 in

1951 2781 2057 2836 line
2085 2781 2319 2851 peribit;
2353 2790 2406 2836 et
2435 2781 2524 2852 qui
2556 2789 2827 2836 noverunt
2851 2795 2999 2848 eum,
3025 2778 3213 2836 dicent
3245 2798 3257 2833 :
3290 2779 3393 2835 Ubi
3421 2781 3556 2835 est?

1952 2873 2248 2941 Tamquam
2293 2890 2463 2930 sonus
2503 2873 2749 2943 avolans,
2797 2887 3068 2944 nusquam
3117 2880 3449 2944 comparet:
3500 2879 3558 2927 et

1951 2965 2153 3020 volavit
2187 2965 2336 3019 velut
2384 2945 2702 3035 phantasma
2755 2975 3106 3017 noeturnum.
3144 2965 3208 3031 )L-ﬁ
3240 2962 3446 3017 Oculus
3471 2961 3555 3016 vi-

1950 3059 2122 3125 debit,
2165 3067 2220 3112 et
2265 3075 2372 3113 non
2415 3057 2635 3128 adjicict
2684 3062 2749 3126 >ε<
2789 3066 2845 3113 et
2875 3056 3017 3112 ultra
3066 3072 3173 3111 non
3205 3064 3398 3132 cernet
3425 3073 3553 3114 eum

1952 3151 2100 3205 locus
2131 3151 2253 3223 ejus
2282 3156 2344 3218 }2-’
2376 3150 2514 3205 ﬁlios
2537 3149 2656 3220 ejus
2678 3148 2960 3221 disperdat
2991 3149 3210 3219 itnpius,
3345 3160 3396 3205 et
3432 3165 3550 3224 ma-

1954 3259 2054 3298 nus
2087 3243 2204 3314 ejus
2233 3246 2638 3299 succendantur
2659 3242 2769 3314 [ΑΙ.
2810 3239 3200 3316 succendatur]
3232 3235 3547 3298 doloribus.

1955 3341 2020 3406 Ξξέ
2048 3337 2180 3392 Ossa
2213 3337 2330 3408 ejus
2383 3337 2591 3407 repleta
2637 3347 2765 3392 sunt
2805 3335 2834 3373 h
2877 3336 3164 3408 juventute
3209 3337 3348 3408 ejus,
3497 3347 3554 3394 et

1950 3445 2071 3484 cum
2103 3429 2194 3484 illo
2240 3429 2298 3508 in.
2339 3411 2524 3487 cinere
2563 3428 2858 3485 dormient.
2895 3433 2961 3498 >ξ<
2991 3427 3048 3485 Si
3079 3428 3256 3484 dulcis
3285 3429 3450 3492 fuerit
3489 3428 3547 3485 in

1948 3539 2044 3579 ore
2070 3523 2187 3594 ejus
2218 3523 2445 3578 malitia.
2485 3527 2549 3590 >κ
2579 3521 2894 3578 Abscondet
2921 3537 3040 3578 eam
3075 3522 3180 3577 sub
3211 3511 3396 3594 lingua
3427 3533 3557 3578 sua.‘

1950 3614 2141 3670 P:ll‘('0l
2183 3615 2233 3668 ei
2257 3657 2269 3679 ,
2313 3623 2365 3668 et
2398 3629 2506 3669 non
2535 3613 2811 3684 relinquet
2840 3628 2993 3682 eam,
3027 3621 3084 3668 et
3114 3613 3317 3668 tenebit
3343 3629 3464 3667 eam
3495 3614 3550 3668 in

1950 3709 2131 3764 medio
2171 3717 2388 3779 gutture
2436 3722 2555 3774 suo,
2607 3715 2664 3762 et
2709 3722 2816 3788 non
2846 3706 3052 3778 poterit
3096 3705 3387 3760 subvenire
3420 3704 3544 3760 sibi.

1951 3801 2045 3857 Fel
2083 3800 2284 3872 aSpidis
2335 3803 2384 3854 in
2418 3810 2609 3855 ventre
2653 3800 2796 3868 ejus.
2833 3798 3046 3854 Divitiae
3087 3798 3274 3869 inique
3315 3813 3551 3869 congre-

1948 3904 2086 3967 gata:
2127 3901 2466 3948 evomentur.
2498 3891 2575 3946 De
2605 3890 2619 3929 ί
2653 3889 2818 3946 domo
2851 3889 2970 3961 ejus
2993 3888 3278 3960 protrahet
3307 3904 3428 3944 eum
3455 3873 3549 3944 an-

1947 4082 2033 4122 ma
2064 4082 2298 4136 persona
2323 4105 2340 4128 ,
2371 4075 2430 4122 ut
2454 4080 2556 4121 nos
2582 4064 2958 4134 restituimus,
2989 4063 3306 4135 praeferunt.

2022 4150 2045 4176 ε
2073 4140 2198 4194 llaec
2218 4139 2418 4193 omissa
2447 4139 2500 4193 in
2531 4152 2634 4191 ms.
2667 4138 2877 4193 incuria
2905 4137 3148 4206 librarii,
3175 4137 3546 4207 supplevimus

1945 4227 2012 4267 ex
2043 4210 2491 4281 interpretatione
2516 4207 2678 4277 LXX,
2702 4209 2794 4280 qui
2814 4224 2912 4278 pro
2940 4207 3301 4277 Naamatltite,
3333 4210 3544 4280 Sopliar

1946 4281 2196 4336 Miua’um
2223 4283 2430 4337 dicunt.
2462 4281 2646 4336 MART.

2022 4353 2039 4392 ί
2081 4355 2272 4409 Minori
2323 4367 2552 4409 numero
2609 4366 2777 4422 penes
2822 4350 3196 4424 Martianzeum
3243 4353 3494 4424 intelligis
3521 4370 3542 4409 :

1943 4425 2166 4482 Grmcus
2192 4433 2250 4483 et
2277 4425 2634 4496 Augustinus,
2666 4438 2803 4494 quos
2825 4423 3125 4495 sequimur,
3155 4425 3210 4481 in
3235 4423 3426 4495 plurali
3455 4426 3540 4481 le-

301 4494 330 4530 b
373 4493 631 4572 Primum
671 4491 800 4572 huic
829 4491 994 4572 verba
1016 4535 1030 4557 ,
1082 4492 1226 4546 rideo
1273 4492 1588 4572 opprobria.
1630 4504 1700 4572 et_
1731 4511 1834 4551 non
1863 4512 1912 4572 ο
1938 4508 2093 4572 gunt.

234 4566 421 4635 loquar
447 4606 463 4629 ,
509 4565 672 4620 obelo
699 4562 1049 4635 liberavimus
1081 4604 1096 4630 ,
1153 4579 1258 4632 quo
1291 4562 1447 4634 plane
1491 4565 1764 4622 immerito
1804 4582 1834 4621 a

235 4633 558 4716 Martianer
584 4633 1074 4701 Confodiebantur,
1124 4649 1248 4700 eum
1288 4633 1577 4716 manifesto
1625 4638 1734 4694 sint
1781 4637 1835 4692 in

236 4711 474 4785 Hebraeo
503 4774 518 4798 ,
554 4743 718 4798 quem
743 4728 1030 4784 consulere
1056 4726 1365 4793 debuisset,
1394 4711 1490 4789 κιιι
1521 4740 1652 4790 Din
1677 4740 1835 4818 pars

227 4832 376 4886 rem:
409 4837 426 4876 :
459 4821 528 4876 ad
574 4820 832 4886 verbum,
854 4821 1172 4892 vociferobor
1193 4819 1504 4892 opprobria,
1536 4831 1705 4875 etnon
1745 4839 1839 4876 αιι-

229 4896 386 4947 dinr:
419 4901 543 4961 qua:
572 4893 746 4949 Graci
774 4892 935 4959 paulo
974 4891 1214 4946 liberiori
1235 4891 1398 4946 sensu
1425 4903 1836 4959 converterunt,

229 4965 666 5039 7£M(vel1alr3)
689 4965 868 5028 ὀνείδη,
889 4965 1038 5018 καὶού
1050 4964 1252 5039 λᾳλήσῳ
1271 4981 1282 5015 :
1301 4962 1509 5039 R_ideb0
1523 4965 1628 5039 (_v_el
1642 4965 1835 5039 (licam)

231 5035 522 5106 opprobria
544 5078 557 5102 ,
591 5046 643 5090 et
687 5052 790 5089 non
821 5039 1026 5103 loquar.
1081 5037 1287 5090 Deinde
1331 5035 1506 5105 ipsam
1541 5037 1838 5091 Martianmi

231 5108 530 5163 lectionem
580 5107 1024 5171 etnendavimus,
1083 5117 1208 5160 nam
1260 5107 1432 5162 ridear
1482 5107 1689 5176 legerat
1741 5123 1838 5176 pro

231 5182 378 5234 rideo
399 5220 416 5242 ,
450 5178 598 5248 quod
630 5178 801 5233 ferme
844 5176 1178 5232 contrarium
1211 5193 1434 5234 sensum
1471 5181 1650 5236 reddit
1682 5197 1694 5232 :
1725 5188 1836 5234 tum

232 5250 515 5322 approbrio
539 5265 637 5322 pro
661 5249 961 5322 opprobria,
991 5250 1280 5308 tamenetsi
1301 5251 1354 5306 in
1377 5250 1522 5308 idem
1547 5260 1839 5319 utrumque

234 5320 434 5378 recidit
465 5363 479 5382 .
510 5332 566 5377 et
593 5320 781 5377 Graica
810 5320 1057 5390 quaedam
1087 5322 1415 5390 exemplaria
1463 5323 1577 5389 ipsa
1631 5323 1790 5380 ὀνείδη
1823 5363 1836 5386 ,

237 5409 334 5463 pro
361 5393 541 5450 ὀνείδει
569 5394 770 5464 legant.
797 5391 902 5464 Sed
951 5389 1082 5464 haec
1118 5389 1286 5464 magis
1319 5393 1580 5462 probatur
1607 5394 1835 5464 August.

237 5461 324 5536 qui
352 5471 523 5520 etiam
551 5461 729 5532 loquor
749 5461 803 5517 in
829 5463 1047 5518 instanti
1074 5461 1236 5536 liabet
1263 5461 1363 5534 pro
1385 5466 1593 5535 loquar.

312 5548 334 5575 ε
362 5537 474 5591 Hoc
507 5539 629 5590 loco
662 5536 868 5604 positus
896 5543 1016 5588 erat
1038 5535 1262 5600 obelus,
1291 5551 1340 5590 ἡ
1372 5577 1387 5602 ,
1421 5552 1520 5604 pro
1550 5536 1834 5594 asterisco.

242 5612 326 5674 ξιξ-ἶ.
362 5607 517 5662 llunc
548 5621 645 5674 pro
687 5603 824 5660 lalso
868 5605 1073 5660 codicis
1103 5604 1264 5661 obelo
1295 5603 1612 5662 asteriscum
1643 5607 1711 5663 de
1741 5624 1840 5664 suo

239 5679 587 5734 Martianaaus
639 5677 938 5732 substituit.
991 5676 1160 5732 Nobis
1212 5677 1278 5731 ad
1321 5678 1676 5733 Alexandrini
1734 5695 1835 5735 tus.

246 5750 402 5820 ﬁdem
433 5759 720 5820 utramque
751 5748 1215 5820 notatnrchulare
1241 5749 1411 5820 satius
1441 5750 1664 5806 videtur.

226 5817 234 5824 ’
314 5819 340 5859 ά
369 5821 530 5879 Falso
561 5817 765 5892 legerat
804 5819 1051 5876 Martiali.
1087 5820 1231 5875 alia.
1261 5819 1408 5877 Libri
1433 5837 1622 5878 omnes
1642 5823 1697 5879 in
1729 5823 1840 5892 pri-

2012 4579 2035 4616 δ
2069 4569 2184 4624 Non
2218 4566 2361 4636 quod
2394 4565 2531 4621 nihil
2581 4565 2665 4620 bis
2707 4565 2889 4621 verbis
2935 4566 2990 4621 in
3038 4567 3271 4622 Hebraeo
3311 4581 3539 4637 respon-

1937 4639 2084 4709 deat,
2117 4639 2280 4696 obelo
2306 4647 2712 4710 praenotantur;
2739 4637 2835 4692 sed
2863 4637 3012 4708 quod
3050 4639 3159 4694 alia
3189 4639 3288 4709 ibi,
3326 4654 3541 4710 unoque

1939 4753 2341 4824 comprehensa
2357 4751 2427 4824 sit
2457 4750 2624 4806 verbo
2652 4751 2942 4824 sententia,
2969 4735 3137 4818 ἦν’-ω,
3171 4755 3225 4809 id
3259 4763 3361 4823 est,
3389 4755 3541 4824 quasi

1937 4834 2132 4879 stercus
2162 4825 2298 4896 ejus,
2329 4822 2910 4896 llieronymusvertit,
2944 4828 3093 4896 quasi
3123 4822 3526 4894 slerquilinium,

1939 4896 2114 4967 Gl‘i’lfCl
2143 4894 2319 4949 autem
2345 4895 2502 4950 aliter
2514 4894 2656 4967 eam
2673 4894 2924 4967 videntur
2950 4894 3170 4967 legisse,
3194 4912 3368 4965 neque
3397 4897 3535 4952 adeo

1939 4967 1992 5022 in
2024 4966 2396 5022 Alexandrino
2428 4965 2616 5037 codice
2648 4965 2821 5037 locum
2854 4965 3292 5037 bunc'jugulant.

2011 5037 2040 5075 h
2074 5037 2443 5107 Expuuximus
2477 5036 2629 5105 juxta
2657 5036 2941 5106 Augustini
2980 5036 3266 5093 lectionem
3297 5047 3351 5092 et
3381 5037 3534 5092 Cra:-

1939 5124 2055 5165 cam
2082 5111 2132 5164 iu
2163 5111 2625 5179 praepositionem,
2642 5123 2803 5178 quam
2827 5107 3167 5164 Martianqu
3192 5110 3534 5175 inseruerat;

1938 5183 2233 5237 asteriscos
2265 5190 2442 5234 autem
2477 5180 2615 5234 duos
2653 5188 2746 5234 aut
2778 5187 2908 5242 tres,
2955 5179 3045 5250 qui
3092 5179 3340 5246 deerant,
3379 5196 3532 5235 cotu-

1940 5263 2144 5308 mntum
2177 5251 2346 5306 initiis
2377 5251 2730 5324 prazliximus.
2764 5253 2831 5304 At
2864 5251 2952 5320 qui
2982 5251 3090 5324 duo
3125 5251 3530 5324 subsequuntur

1941 5333 2062 5393 post
2090 5326 2314 5378 verbum
2349 5323 2626 5390 domzient,
2660 5322 2711 5375 in
2756 5335 2964 5390 nupera
3003 5321 3360 5379 Alexandrini
3401 5324 3524 5378 cod.

1940 5392 2180 5451 editione
2209 5410 2312 5449 non
2342 5402 2490 5448 sunt.

2019 5465 2033 5502 ί
2060 5466 2249 5520 Ιδιῇςνς
2281 5465 2591 5537 Graecorum
2625 5462 3023 5537 propemodum
3053 5467 3336 5532 omnium,
3385 5466 3532 5537 ipso-

1942 5554 2166 5608 rumque
2207 5536 2599 5608 llexaplnrium
2637 5535 2909 5602 codicum,
2954 5551 2986 5592 e
3027 5539 3224 5608 quibus
3262 5535 3530 5606 υἱεῖ-ὀπιδν-

1941 5625 2062 5664 mus
2085 5607 2384 5673 transtulit,
2420 5607 2578 5660 lectio
2601 5608 2650 5672 ἐξ
2679 5609 2854 5674 οἰκίας,
2889 5608 2951 5662 de
2978 5607 3152 5674 domo,
3181 5608 3526 5663 librariorum

1939 5690 2194 5742 corrupta
2242 5689 2346 5742 est,
2379 5679 2490 5731 sive
2540 5678 2772 5747 iucuiia,
2817 5681 2935 5734 sive
2979 5695 3237 5749 perversa
3268 5691 3394 5734 cura
3433 5694 3531 5748 pro

1943 5755 1995 5806 ἐκ
2023 5753 2238 5812 κοιλίας.
2270 5749 2333 5802 de
2368 5759 2540 5803 ventre
2561 5792 2574 5814 ,
2615 5750 2766 5818 juxta
2800 5750 3084 5805 llebraeam
3127 5762 3334 5819 uuam,
3366 5766 3528 5822 quam

1942 5823 2170 5893 ipsemet
2215 5822 2574 5890 Hieronymus
2622 5822 2676 5879 in
2721 5838 2819 5880 sua
2847 5836 2916 5878 ex
2963 5822 3233 5880 llebraico
3278 5824 3528 5881 versione
