4062 6356
577 411 649 470 95
1613 402 1672 462 S.
1717 398 2091 461 HIERONYMI
2128 397 2364 458 DIVINA
2401 397 2880 458 BlBLlOTHECA.
3833 393 3928 453 96

583 530 704 587 haec
726 528 876 596 fecit,
911 526 1054 583 sicut
1076 522 1239 592 vidit,
1264 520 1615 580 enumeravit
1635 523 1701 589 )s(
1721 529 1777 576 et
1803 518 1949 574 viam
1976 527 2187 589 tempe-
2211 535 2264 596 Α
2289 515 2566 585 princeps,
2597 518 2664 586 >ξ<
2691 523 2746 570 et
2775 513 3086 571 habitabam
3117 513 3263 570 sicut
3291 527 3389 570 rex
3413 511 3626 570 cinctus
3658 511 3931 570 fortibus

581 625 746 682 statis
791 623 900 697 [ΑΙ.
929 617 1344 693 tempestatum]
1391 617 1622 673 vocibus
1651 619 1716 683 >θκ
1744 623 1874 670 tunc
1899 612 2039 669 vidit
2065 627 2186 668 eam
2294 611 2361 676 >ε<
2390 608 2542 678 quasi
2596 609 2784 664 tristes
2829 608 3120 664 consolans
3156 608 3178 678 1
3291 674 3308 688 .

582 730 637 778 et
657 719 908 790 exposuit
929 733 1073 784 eam,
1097 716 1328 788 paravit,
1347 723 1402 770 et
1424 713 1767 783 investigavit
1791 711 1814 780 1
1836 710 1980 766 Dixit
2005 717 2186 765 autem
2362 699 2511 773 [ϐαρ.
2530 700 2728 774 XXX]
2745 700 2896 758 Nunc
2917 711 3094 758 autem
3117 700 3372 757 derident
3394 715 3481 755 me
3511 699 3678 755 infimi
3704 716 3717 753 :
3747 714 3925 756 nunc

584 814 830 870 homini:
883 815 1025 869 Ecce
1081 813 1253 882 pietas
1301 819 1385 868 eSt
1414 809 1708 882 sapientia,
1749 806 2026 864 abstinere
2056 820 2188 863 vero

2306 801 2516 846 nonent
2551 807 2639 848 me
2679 793 2920 849 minores
2967 802 3232 864 tempore,
3279 807 3512 864 quorum
3559 793 3922 860 spernebam

583 922 614 962 a
641 906 821 972 malis,
850 903 1105 961 scientia.
2293 888 2319 918 '
2349 893 2636 956 parentes;
2659 893 2716 942 et
2743 884 2762 924 ί
2786 886 2958 954 virtus
2983 901 3239 941 manuum
3263 901 3456 941 eorum
3488 884 3639 954 quasi
3659 884 3919 940 nihilum

2292 977 2424 1032 mihi
2454 989 2591 1035 erat.
2624 983 2688 1046 δέ
2720 977 2779 1034 In
2802 979 2883 1034 eis
2907 989 2932 1026 8
2959 978 3170 1049 peribat
3205 979 3386 1034 omnis
3413 977 3550 1032 vita.
3683 977 3741 1032 In
3770 993 3921 1048 ege-

2289 1079 2431 1127 state
2459 1080 2514 1127 et
2540 1071 2682 1126 fame
2705 1071 3021 1127 instabiles:
3051 1071 3142 1142 qui
3172 1071 3448 1142 fugiebant
3473 1069 3500 1107 ἰ
3527 1071 3582 1124 in
3608 1071 3920 1126 desertum

2293 1163 2407 1219 heri
2438 1163 2552 1234 [ΑΙ.
2581 1163 2820 1235 heremi]
2854 1175 3075 1234 prepter
3101 1165 3404 1233 angustias,
3435 1170 3489 1218 et
3515 1161 3798 1217 miserias.

2291 1259 2394 1328 Qui
2442 1258 2710 1316 rodebant
2739 1259 2972 1314 cortices
3001 1259 3292 1324 arborum;
3337 1272 3566 1330 quorum
3597 1266 3716 1312 erat
3745 1256 3928 1312 cibus

2291 1353 2446 1409 radix
2508 1352 2821 1409 herbarum.
2883 1351 3198 1408 Inhonorati
3239 1363 3296 1408 et
3345 1351 3579 1422 subjecti
3635 1349 3758 1423 [ΑΙ.
3807 1349 3925 1404 ab-

2293 1445 2492 1518 jecti],
2526 1453 2583 1500 et
2612 1455 2838 1516 egentes
2867 1444 3014 1500 omni
3047 1445 3217 1501 bono.
3250 1443 3352 1510 Qui
3383 1442 3598 1499 radices
3627 1439 3922 1514 lignorum

2291 1539 2699 1599 manducahant
2720 1548 2942 1610 propter
2966 1538 3166 1595 famem
3185 1553 3457 1609 magnam.
3481 1535 3926 1594 lnsnrrexerunt

2295 1635 2348 1688 in
2380 1633 2498 1704 [AL
2533 1631 2730 1706 super]
2761 1648 2848 1690 me
2880 1633 3049 1698 fures,
3098 1647 3330 1702 quorum
3371 1629 3570 1688 domus
3619 1640 3778 1687 erant
3806 1646 3917 1688 ca-

594 1731 719 1786 mei.
744 1728 880 1784 Cum
905 1727 1102 1783 flueret
1125 1741 1218 1797 per
1245 1727 1361 1781 vias
1387 1739 1536 1782 meas
1561 1725 1856 1797 butyrum;
1888 1739 2010 1781 cum
2039 1739 2195 1780 mon-
2293 1739 2478 1780 vernae
2527 1734 2830 1796 petrarum,
2880 1728 2947 1793 >ε<
2990 1732 3046 1780 et
3071 1724 3214 1780 inter
3258 1723 3488 1780 arbores
3522 1723 3846 1779 clamabant
3885 1724 3912 1794 1

593 1833 676 1878 tes
707 1822 814 1878 mei
844 1819 1189 1878 abundarent
1221 1819 1381 1876 lacte.
1413 1817 1550 1874 Cum
1597 1819 1804 1874 exirem
1840 1829 1863 1858 ο
1896 1817 2193 1873 matutinus
2295 1815 2396 1884 Qui
2423 1817 2526 1872 sub
2553 1816 2817 1888 stirpibus
2847 1825 3010 1871 terrae
3037 1815 3350 1871 manebant.
3383 1814 3509 1870 Filii
3555 1814 3860 1871 stultorum
3895 1856 3915 1881 ,

555 1915 647 1972 ein
677 1915 920 1982 civitate,
955 1923 1015 1971 et
1051 1914 1104 1968 in
1145 1912 1337 1984 plateis
1376 1911 1682 1982 ponebatur
1722 1911 1856 1966 mihi
1895 1911 2055 1967 sella.
2103 1911 2196 1967 Vi-
2225 1923 2274 1984 Β
2303 1914 2369 1978 ζνέ
2397 1921 2450 1966 et
2470 1909 2818 1981 ignobilium;
2847 1924 3046 1966 nomen
3069 1917 3125 1964 et
3161 1907 3336 1964 honor
3359 1908 3920 1966 exstinctusaterra.

764 1054 834 1096 ΒΤ
867 1051 1086 1095 Αωεοιτ
1114 1050 1206 1093 JOB
1235 1051 1304 1092 AD
1331 1047 1750 1100 PREFATIONEI,
1779 1042 1965 1088 DICENS
1990 1047 2006 1086 ἒ

658 1174 677 1248 [
683 1173 810 1246 Cap.
836 1171 1054 1244 XXIX.]
1072 1171 1330 1240 Quisnam
1350 1185 1436 1225 me
1457 1173 1702 1225 restituet
1727 1168 1780 1222 in
1808 1182 2022 1222 menses
2043 1165 2191 1237 prio-

585 1283 705 1324 rum
723 1267 958 1334 dierum,
981 1265 1032 1321 in
1053 1265 1254 1335 quibus
1273 1262 1537 1319 Dominus
1558 1259 1897 1318 custodiebat
1913 1260 2035 1315 me?
2054 1260 2188 1316 Cum

587 1359 803 1414 lucebat
844 1358 1068 1414 lucerna
1097 1357 1218 1426 ejus
1249 1366 1275 1392 ἰ
1309 1369 1476 1425 super
1515 1368 1696 1407 meum
1725 1359 1920 1422 caput:
1970 1367 2092 1406 cum
2136 1351 2190 1406 in

590 1453 798 1508 lumine
829 1451 948 1522 ejus
978 1449 1322 1505 ambnlzibam
1361 1447 1415 1502 in
1454 1445 1720 1512 tenebris;
1755 1460 2050 1501 cumeram
2088 1444 2190 1501 flo-

588 1560 718 1603 rens
739 1545 791 1600 in
812 1544 943 1609 viis;
962 1539 1128 1598 cumb
1149 1541 1412 1596 Dominus
1433 1538 1728 1608 inspiceret
1743 1537 1965 1594 domum
1989 1553 2190 1603 meam,

595 1648 648 1694 et
676 1652 854 1694 essem
886 1637 940 1691 in
977 1633 1310 1690 abundantia
1357 1647 1574 1704 magna,
1601 1640 1655 1688 et
1683 1632 1888 1688 circum
1921 1647 2008 1686 me
2038 1631 2191 1702 pueri

593 2009 789 2065 dentes
818 2024 908 2064 me
937 2007 1314 2064 adolescentes
1349 2005 1849 2066 abscondebantur.
1897 2020 2061 2063 senes
2098 2021 2196 2060 au-

596 2110 705 2156 tem
737 2114 929 2157 omnes
957 2100 1082 2174 [ΑΙ.
1113 2109 1242 2155 tacet
1271 2096 1496 2171 omnes]
1524 2098 1904 2169 assurgebant,
1928 2108 1983 2153 et
2006 2107 2197 2168 poten-

595 2203 677 2252 tes
708 2202 1064 2251 cessaverunt
1081 2192 1254 2264 loqui,
1279 2192 1508 2263 digitum
1531 2203 1798 2262 ponentes
1824 2192 1891 2247 ad
1917 2208 1980 2248 os
2011 2209 2194 2248 suum.

597 2289 663 2344 Et
690 2287 975 2343 audientes
1005 2301 1090 2342 me
1117 2284 1331 2341 felicem
1357 2284 1640 2350 dixerunt,
1687 2292 1740 2341 et
1781 2284 1962 2357 lingua
2003 2301 2196 2342 eorum

595 2381 802 2454 gutturi
827 2395 1014 2438 eorum
1043 2378 1276 2435 adhaesit
1309 2397 1323 2433 :
1349 2379 1478 2448 quia
1504 2377 1655 2435 auris
1684 2379 1914 2447 audivit,
1943 2388 1998 2435 et
2029 2379 2201 2435 beati-

599 2473 780 2530 ficavit
807 2488 932 2539 me;
966 2484 1018 2528 et
1048 2472 1240 2528 oculus
1267 2471 1459 2526 videns
1481 2487 1569 2527 me
1599 2471 1911 2527 declinavit.
1945 2473 2199 2530 Liberavi

609 2568 756 2624 enim
789 2580 1081 2636 pauperem
1105 2563 1132 2602 ά
1154 2564 1224 2621 de
1249 2579 1305 2619 —:—
1343 2579 1508 2620 manu
1541 2563 1563 2633 1
1594 2566 1853 2636 potentis,
1885 2573 1941 2622 et
1970 2568 2197 2639 pupillo,

605 2663 694 2719 cui
725 2677 832 2716 non
863 2667 982 2716 erat
1006 2658 1369 2730 adiutorium,
1419 2659 1678 2714 auxilium
1711 2658 1902 2715 detuli.
1936 2665 2000 2728 >ε<
2032 2659 2205 2717 Bene-

603 2753 772 2811 dictio
799 2752 1028 2824 perituri
1063 2766 1229 2822 super
1267 2766 1354 2807 me
1379 2751 1638 2806 veniebat
1675 2751 1697 2820 1
1729 2760 1786 2807 et
1809 2766 1874 2807 os
1899 2752 2078 2807 vidum.
2109 2753 2203 2808 be-

603 2847 810 2905 nedisit
850 2861 961 2902 me.
1007 2846 1332 2916 Justitiaque
1383 2844 1601 2900 indutus
1632 2860 1806 2911 eram,
1847 2855 1904 2902 et
1930 2847 2204 2904 vestiebar

599 2939 807 3012 judicio
836 2940 979 2996 sicut
999 2937 1308 3010 chlamyde.
1325 2937 1526 2994 Oculus
1548 2952 1696 2992 eram
1712 2952 2003 3004 caecorum,
2029 2950 2082 2996 et
2106 2957 2205 3008 pes

601 3030 948 3087 claudorum.
975 3029 1089 3099 Ego
1117 3043 1270 3084 eram
1301 3038 1456 3100 pater
1485 3029 1872 3084 invalidnrnm.
1905 3030 2200 3103 Judicium,

603 3123 750 3195 quod
781 3137 889 3178 non
933 3137 1217 3188 noveram,
1249 3121 1539 3194 exquisivi.
1589 3121 1845 3194 Confregi
1895 3124 2066 3181 molas
2098 3126 2205 3182 ini-

603 3231 857 3286 quorum,
877 3223 934 3270 et
953 3215 1022 3270 de
1048 3214 1229 3270 medio
1250 3213 1496 3269 dentium
1521 3229 1711 3270 eorum
1736 3215 1954 3286 rapinas
1976 3218 2203 3275 extorsi.

2301 2000 2454 2057 Nunc
2479 2010 2662 2057 autem
2691 2001 2901 2056 cithara
2931 2015 3119 2058 eorum
3165 2016 3266 2072 ego
3299 2016 3441 2069 sum,
3485 2009 3540 2056 et
3569 2017 3655 2055 me
3699 1999 3924 2056 habent

2297 2093 2534 2150 fabulam
2559 2095 2576 2166 [
2597 2093 2683 2149 Al.
2703 2094 2769 2150 ad
2797 2093 3101 2167 fabulam].
3130 2093 3440 2150 Abominati
3466 2102 3594 2150 sunt
3616 2109 3700 2149 me
3725 2094 3920 2150 disce-

2298 2189 2490 2247 dentes
2537 2190 2762 2260 procul;
2815 2205 2916 2246 nec
2960 2189 3013 2244 in
3055 2188 3249 2246 faciem
3302 2204 3480 2244 meam
3535 2198 3917 2260 pepercerunt

2297 2297 2518 2353 spuere.
2544 2281 2815 2352 Aperiens
2835 2280 2978 2338 enim
3005 2280 3314 2351 pharetram
3343 2295 3520 2348 suam,
3545 2279 3736 2335 afﬂixit
3772 2296 3863 2335 me
3896 2297 3913 2335 :

2299 2387 2354 2435 et
2381 2377 2600 2433 frenum
2632 2378 2686 2432 in
2734 2377 2926 2432 faciem
2957 2391 3133 2432 meam
3183 2376 3472 2431 miserunt.
3525 2374 3702 2430 Pedes
3749 2388 3917 2430 meos

2297 2474 2590 2528 vinxerunt
2617 2470 2996 2542 compedibus,
3020 2479 3076 2527 et
3118 2477 3451 2539 aperuerunt
3475 2483 3643 2538 super
3691 2483 3777 2524 me
3806 2483 3905 2524 se-

2302 2567 2464 2622 mitas
2505 2565 2830 2638 perditionis
2877 2580 3012 2621 suae.
3044 2564 3306 2620 Contritaa
3337 2571 3466 2618 sunt
3493 2562 3699 2618 semitae
3740 2577 3915 2619 meas.

2303 2658 2468 2715 Exuit
2493 2659 2638 2714 enim
2671 2673 2764 2714 me
2789 2657 2950 2723 stola,
2983 2665 3038 2712 et
3075 2655 3272 2727 jaculis
3302 2655 3417 2712 suis
3462 2654 3766 2711 vulneravit
3792 2669 3915 2711 me.

2304 2755 2520 2810 Abusus
2546 2763 2628 2810 est
2654 2767 2741 2808 me
2761 2754 2904 2809 sicut
2927 2751 3118 2808 voluit.
3148 2750 3442 2806 Doloribus
3464 2748 3738 2806 involutus
3757 2764 3914 2816 sum,

2303 2855 2358 2903 et
2387 2847 2650 2902 iterantur
2669 2846 2886 2901 dolores
2913 2843 3038 2900 mei.
3071 2843 3311 2900 Discedit
3341 2843 3478 2898 sicut
3508 2843 3736 2914 spiritus
3760 2857 3899 2914 spes

2305 2955 2446 3006 mea,
2501 2947 2556 2996 et
2604 2939 2748 2994 sicut
2778 2938 2952 2993 nubes
2985 2940 3049 3004 ᾖ(
3079 2935 3296 2991 transiit
3327 2935 3350 3006 1
3380 2936 3524 2991 salus
3556 2950 3700 2991 mea.
3739 2939 3804 3003 >:(
3833 2935 3910 2991 Et

2307 3047 2449 3088 nunc
2475 3047 2638 3102 super
2672 3047 2759 3087 me
2787 3030 3295 3086 cffundetur-anima
3323 3044 3443 3086 mea
3477 3029 3498 3099 1
3529 3029 3906 3085 Possedcrunt

2307 3140 2394 3180 me
2438 3125 2556 3181 dies
2601 3123 2850 3180 dolorum
2886 3121 3094 3179 :Nocte
3142 3135 3278 3178 vero
3307 3135 3434 3176 ossa
3480 3136 3598 3176 mea
3632 3119 3917 3176 confracta

2307 3227 2454 3284 sunt,
2483 3226 2537 3273 et
2563 3216 2714 3272 nervi
2760 3216 2864 3272 mei
2897 3214 3151 3271 dissoluti
3199 3223 3348 3270 sunt.
3399 3213 3456 3269 ln
3503 3215 3668 3269 multa
3702 3213 3915 3270 virtute

607 3309 727 3364 Dixi
755 3307 902 3364 enim
938 3326 950 3362 :
983 3307 1143 3364 Etas
1173 3323 1292 3362 mea
1329 3315 1599 3377 senescet,
1642 3309 1787 3364 sicut
1823 3309 1987 3366 arbor
2015 3312 2208 3381 palma:
2237 3312 2283 3376 C
2313 3311 2670 3384 apprehendit
2691 3311 2886 3366 stolam
2912 3325 3113 3374 meam,
3144 3311 3210 3378 >ε<
3231 3317 3286 3365 et
3304 3309 3455 3379 quasi
3478 3323 3574 3365 ora
3597 3307 3917 3364 vestimenti

616 3401 792 3458 multo
847 3401 1026 3456 vivam
1088 3409 1356 3470 tempore.
1411 3399 1708 3468 )K'Radix
1770 3417 1889 3458 mea
1940 3413 2086 3474 patet
2139 3406 2206 3460 ad

607 3509 799 3566 aquas,
831 3498 898 3563 x
925 3501 981 3550 et
1006 3508 1095 3550 ros
1119 3494 1422 3550 morabitur
1451 3495 1506 3549 in
1540 3509 1716 3552 messe
1747 3512 1888 3554 mea.
1923 3503 1988 3566 j,-.2{
2019 3499 2203 3556 Gloria

609 3601 726 3642 mea
775 3600 916 3642 nova
950 3601 1186 3652 mecum,
1221 3589 1285 3652 >ε<
1313 3594 1369 3642 et
1407 3601 1567 3641 arcus
1615 3603 1769 3644 meus
1811 3589 1863 3644 in
1895 3605 2056 3646 manu
2086 3609 2204 3649 mea

607 3678 885 3750 gradietur
909 3679 932 3747 1
959 3678 1042 3735 Me
1065 3679 1348 3735 audientes
1379 3679 1558 3736 intuiti
1587 3692 1735 3747 sunt,
1759 3691 1812 3737 et
1845 3691 2128 3741 tacuerunt
2153 3687 2204 3742 in

609 3787 729 3827 meo
751 3772 1002 3835 consilio.
1026 3771 1158 3828 etin
1181 3786 1436 3828 sermone
1461 3788 1582 3828 meo
1605 3789 1711 3829 non
1733 3774 2082 3847 adjecerunt;
2108 3780 2205 3837 sed

608 3863 780 3934 gavisi
809 3873 936 3919 sunt
961 3879 1085 3919 cum
1118 3863 1374 3935 loquerer
1407 3866 1508 3922 eis.
1539 3865 1692 3923 Sicut
1721 3875 1864 3924 terra
1891 3869 2084 3926 sitiens
2105 3888 2205 3929 ex-

609 3965 822 4028 spectat
853 3955 1091 4027 pluviam
1124 3972 1139 4012 :
1172 3957 1251 4012 sic
1277 3956 1364 4012 isti
1398 3973 1577 4014 meum
1606 3973 1948 4016 sermonem.
1978 3962 2132 4030 Quod
2159 3965 2206 4020 si

610 4059 667 4107 et
691 4050 927 4106 redirem
960 4050 1026 4105 ad
1058 4065 1176 4121 eos,
1219 4065 1327 4106 non
1357 4051 1677 4117 credebant,
1807 4062 1864 4108 et
1903 4054 1993 4111 lux
2020 4056 2206 4114 vultus

611 4143 717 4200 mei
750 4158 856 4198 non
886 4141 1231 4199 concidebat.
1273 4145 1340 4212 )s(
1382 4141 1541 4215 Elegi
1592 4144 1732 4200 viam
1763 4159 1975 4218 eorum,
2011 4158 2068 4205 et
2088 4152 2204 4208 sedi

610 4305 675 4379 ad
704 4304 1251 4379 verbnmurcspondet
1279 4307 1412 4361 satis
1435 4305 1573 4364 bene
1609 4304 1693 4363 his
1724 4306 1820 4364 Gr.
1851 4316 2054 4379 textus,
2078 4308 2200 4368 ὀτι

610 4377 1054 4455 ἕποὶηεενηοῦτως
1083 4377 1200 4455 ἰᾷῲν
1228 4381 1501 4455 ἠρίθμῃσε.

683 4457 710 4484 α
750 4448 971 4503 Duobus
1009 4449 1212 4514 verbis,
1247 4448 1535 4505 tiranifesto
1568 4456 1750 4507 autem
1793 4453 2014 4518 mendo,
2043 4462 2201 4510 antea

609 4520 863 4604 crat,_.sic.
887 4537 998 4590 per,
1022 4537 1120 4604 pro
1141 4537 1319 4594 super,
1351 4522 1492 4593 quod
1524 4537 1624 4578 nos
1645 4537 1716 4579 ex
1741 4523 1836 4580 Gr.
1863 4525 2020 4603 ὑπὲρ,
2053 4525 2205 4582 aliis-

612 4607 719 4662 que
746 4591 896 4662 libris
924 4591 1273 4662 castigamus.

684 4661 712 4700 δ
739 4661 892 4740 Apud
921 4661 1279 4740 Augu’st.cnm
1308 4663 1514 4740 uerbum
1544 4663 1753 4722 Domini
1774 4668 2069 4740 inspiceret,
2094 4679 2199 4726 etc.

614 4733 936 4822 Sequendns
970 4743 1148 4822 tamen
1181 4733 1545 4822 Floriacensis
1575 4753 1702 4820 ius"
1731 4742 1823 4822 qui
1856 4733 2015 4822 :legit
2051 4733 2205 4812 juxta
2234 4743 2288 4805 D

613 4813 935 4880 pra-septem
959 4805 1277 4880 editionem,
1306 4822 1420 4860 cum
1445 4806 1696 4880 Dominus
1743 4805 2069 4880 inspiceret;
2095 4825 2203 4869 etc.

687 4905 756 4919 ο·-
780 4876 868 4953 Sic
901 4877 1106 4953 _mn|tis
1133 4877 1254 4932 aliis
1283 4879 1636 4953 scriptionum
1665 4881 1723 4939 S.
1765 4876 2045 4953 Augustini
2072 4883 2206 4939 locis

614 4946 966 5026 emendandis
1005 4949 1519 5026 _aut__re._s_titnendis_
1574 4946 2062 5026 inservire'potest
2116 4956 2207 5012 Bi-

613 5020 882 5078 bliotheca
909 5018 1091 5074 divina
1117 5020 1174 5076 S.
1213 5022 1542 5090 Hieronymi.
1575 5023 1760 5081 illam.

695 5104 716 5130 ε
757 5094 1023 5161 Corrupte
1044 5102 1182 5153 erat.
1213 5094 1482 5148 matutinis
1511 5095 1564 5150 in
1591 5099 1868 5153 civitatem.

687 5161 715 5202 (ι
756 5165 1008 5238 Martian.
1054 5165 1224 5222 solida
1261 5167 1445 5232 verba,
1491 5169 1556 5222 de
1576 5185 1734 5224 manu
1768 5170 2009 5238 potentis,
2043 5169 2207 5226 obelo

617 5233 986 5304 transfixerat,
1007 5247 1330 5294 cumtamen
1359 5241 1472 5292 sola
1504 5256 1606 5294 vox
1632 5233 1787 5295 manu
1807 5233 1857 5294 in
1879 5233 2014 5298 lleb'.
2038 5242 2209 5298 abun-

617 5309 983 5384 det,_c;_nteris
1023 5311 1350 5384 reSpondeat
1376 5320 1561 5376 ιηωω.
1593 5316 1671 5368 Ac
1712 5313 1839 5368 licet
1867 5313 2011 5367 aliud
2043 5330 2205 5384 quam

618 5380 762 5450 quod
800 5379 1152 5454 Septuaginta
1181 5383 1520 5454 interpretati
1559 5393 1706 5451 sunt,
1737 5379 2074 5440 vocabulum
2102 5385 2207 5442 hoc

620 5449 960 5508 Sonetzillud
989 5449 1180 5526 tamen
1198 5464 1282 5508 est
1313 5449 1510 5526 ipsum.
1547 5449 1699 5522 quod
1718 5463 2021 5523 verterunt,
2047 5456 2204 5514 δυνάο

621 5545 772 5588 στου,
797 5533 982 5597 atque,
1009 5532 1069 5597 ut
1096 5524 1311 5597 opinor,
1336 5524 1434 5597 pro
1461 5536 1632 5588 “111m:
1661 5537 2010 5597 acceperunt,
2043 5529 2207 5585 dece-

623 5598 920 5668 ptivocum
944 5596 1318 5662 similitudine,
1341 5596 1472 5668 quae
1506 5596 1928 5663 postreina’una
1960 5600 2203 5657 litterula

620 5681 678 5735 ιτ.
704 5665 854 5728 hain,
883 5681 982 5734 pro
1009 5679 1048 5724 ’π
1079 5685 1179 5732 res,
1213 5669 1352 5725 inter
1371 5665 1438 5724 se
1471 5670 1748 5725 differunt.
1777 5669 1886 5725 Nos
1913 5670 2054 5726 adeo
2083 5687 2201 5726 eam

620 5744 901 5812 dumtaxat
929 5753 1114 5812 vocem
1147 5757 1301 5794 manu
1329 5741 1692 5812 confndimus.
1726 5743 1956 5798 Inferius
1983 5758 2205 5812 quoque

625 5809 824 5879 passim
855 5809 1036 5865 finalia
1071 5823 1265 5878 puncta
1295 5811 1428 5874 suis,
1460 5811 1602 5877 quod
1632 5828 1778 5878 same
1807 5809 2205 5875 monemus—ad

619 5884 861 6010 nulli-ctu:
909 5880 1160 5940 lectionis
1186 5883 1322 5940 lines
1369 5883 1841 5954 internosceudos,
1886 5885 2019 5942 locis
2046 5886 2203 5944 addi-

658 5970 817 6010 unus.

658 5972 727 6010 1111
734 5970 817 6009 IIS.

2317 3407 2421 3462 mei
2451 3405 2811 3462 circumdedit
2838 3420 2926 3460 me
2961 3404 2984 3473 1
3018 3403 3308 3460 Estimavi
3339 3417 3426 3459 me
3451 3404 3594 3459 sicut
3623 3403 3819 3458 lutum.
3848 3401 3913 3459 lu

2309 3509 2453 3556 terra
2482 3508 2538 3556 et
2568 3498 2756 3556 cinere
2784 3513 2909 3569 pars
2937 3513 3078 3552 mea.
3107 3495 3349 3552 Clamavi
3378 3511 3508 3552 vero
3535 3497 3600 3551 ad
3627 3505 3700 3563 te,
3722 3504 3777 3553 et
3799 3511 3914 3553 nou

2309 3593 2506 3648 audisti
2539 3608 2646 3650 me.
2680 3593 2746 3660 X
2776 3591 3082 3657 Steterunt,
3125 3601 3180 3647 et
3221 3589 3711 3646 consideravernnt
3759 3603 3847 3644 me
3881 3589 3908 3659 1

2307 3685 2612 3757 Aggressus
2657 3700 2718 3740 es
2755 3699 2844 3740 me
2870 3685 2992 3740 sine
3041 3681 3442 3740 misericordia.
3474 3681 3634 3738 Manu
3684 3683 3894 3754 potenti

2308 3777 2610 3835 verberasti
2643 3792 2750 3843 me,
2803 3784 2859 3833 et
2887 3775 3224 3834 constituisti
3262 3790 3351 3831 me
3398 3774 3451 3830 in
3503 3775 3806 3843 doloribus,
3841 3779 3911 3845 )s(

2310 3881 2366 3929 et
2412 3871 2688 3943 proiecisti
2740 3887 2828 3928 me
2876 3887 2907 3926 a
2937 3869 3113 3927 salute
3144 3870 3168 3939 1
3201 3869 3317 3925 scio
3364 3869 3512 3925 enim
3563 3868 3710 3940 quod
3761 3883 3912 3925 mors

2308 3974 2560 4022 conteret
2610 3979 2717 4020 me.
2752 3965 2958 4020 Domus
3004 3963 3150 4019 enim
3183 3970 3268 4018 cst
3297 3962 3447 4018 omni
3481 3961 3702 4017 mortali
3734 3968 3901 4020 terra.

2309 4060 2487 4132 Atque
2515 4060 2717 4115 utinam
2746 4073 2961 4131 possem
2997 4073 3084 4114 me
3116 4059 3290 4128 ipsum
3322 4059 3658 4120 interficere.
3690 4066 3780 4111 aut
3810 4070 3902 4112 ro-

2305 4170 2437 4228 gare
2487 4154 2502 4194 ί
2543 4156 2711 4212 alium
2744 4165 2803 4212 ut
2833 4155 3040 4212 faceret
3084 4151 3218 4210 mihi
3247 4151 3352 4209 hoc
3379 4153 3393 4208 l
3427 4151 3541 4223 Ego
3572 4159 3752 4207 autem
3779 4148 3907 4206 flevi

2386 4324 2410 4387 εξ
2452 4313 2731 4380 Martian.,
2755 4329 3007 4387 spernens
3029 4321 3293 4387 parentes.
3319 4311 3412 4381 qui
3439 4319 3644 4387 tamen
3665 4324 3771 4387 non
3795 4310 3911 4387 ine-

2309 4385 2491 4442 rudite
2519 4381 2793 4454 annotat,'
2817 4381 3074 4456 subsequi
3117 4385 3207 4440 hic
3236 4384 3469 4456 alterum
3503 4381 3906 4456 hemistichium

2309 4457 2536 4522 debere,
2557 4457 2625 4513 ad
2649 4453 2793 4512 hunc
2818 4457 2934 4513 fere
2957 4453 3200 4523 modum,
3231 4455 3375 4522 Quos
3397 4471 3501 4507 non
3529 4455 3704 4524 putavi
3727 4453 3908 4524 dignos

2311 4545 2421 4583 esse
2448 4546 2565 4583 cum
2597 4529 2809 4583 canibus
2839 4543 3072 4598 meorum
3097 4543 3330 4598 gregum.
3370 4535 3426 4578 ut
3457 4525 3510 4578 in
3539 4524 3636 4580 Gr.
3669 4535 3772 4598 est,
3804 4525 3908 4598 ob;

2312 4603 2414 4676 ρύχ
2444 4603 2714 4676 ἡγησάμην
2743 4601 2918 4676 ἀξίους
2943 4595 3070 4657 εἶναι
3098 4595 3269 4676 Ξωνξῦν-
3285 4605 3388 4676 τῷν
3408 4598 3544 4671 ἐμῶν
3571 4595 3910 4670 νομάδωνζὶιο

2313 4669 2514 4740 ludqné
2537 4669 2707 4727 videri
2735 4688 2767 4728 e
2797 4671 2992 4728 Latino
3022 4685 3126 4725 ms.
3153 4669 3447 4740 excidisse.

2389 4739 2650 4800 {Desunt
2679 4743 2731 4797 in
2760 4759 2863 4798 ms.
2909 4742 3192 4808 nonnulla,
3244 4739 3520 4805 videlicet,
3582 4753 3686 4793 non
3733 4739 3906 4810 putavi

2310 4815 2493 4887 dignos
2521 4815 2733 4870 canibus
2755 4829 2987 4868 meorum
3016 4828 3254 4887 gregum,
3279 4811 3386 4875 vel,
3410 4827 3513 4865 non
3540 4810 3790 4882 dignabar
3807 4827 3905 4887 po-

2311 4882 2434 4940 ne're
2456 4902 2542 4940 eos
2577 4903 2696 4942 cum
2722 4887 2937 4940 canibus
2957 4882 3127 4954 gregis
3154 4883 3254 4954 mei
3283 4897 3303 4935 :
3331 4898 3453 4951 quze
3481 4891 3660 4954 tamen
3694 4895 3796 4936 non
3825 4882 3906 4936 le-

2308 4970 2514 5027 guntur
2543 4957 2599 5014 in
2623 4959 2761 5014 libro
2779 4953 3206 5012 Annot’ationum
3231 4953 3290 5010 S.
3314 4953 3638 5027 Augustini;
3664 4965 3763 5007 nec
3781 4966 3904 5008 eum

2309 5025 2374 5099 ea
2405 5029 2602 5099 legisse
2649 5031 2701 5083 in
2743 5044 2843 5084 suo
2878 5027 3178 5098 exemplari
3221 5025 3496 5099 conjicere
3526 5037 3812 5092 possumus
3832 5039 3900 5080 ex

2309 5098 2427 5166 eius
2453 5097 2797 5169 expositione
2825 5099 2893 5154 ad
2935 5097 3078 5154 hunc
3105 5099 3310 5154 locum.
3339 5097 3521 5169 llam.

2382 5181 2407 5219 ε
2449 5167 2676 5241 August.
2709 5172 2765 5226 in
2797 5187 2857 5226 eo
2885 5187 2904 5228 :
2931 5181 3043 5225 tum
3079 5178 3229 5241 recte
3257 5167 3479 5241 peribat,
3514 5179 3614 5236 pro
3639 5180 3752 5241 quo
3779 5179 3902 5220 cor-

2309 5253 2468 5313 rnpte
2501 5237 2660 5299 Mart.
2693 5244 2940 5316 periebat.
2975 5237 3461 5316 Qui_s_nbseqnitur
3485 5237 3808 5316 asteriscus,
3843 5245 3907 5292 ut

2309 5308 2553 5384 et'paulo
2583 5308 2705 5386 post
2738 5315 2874 5370 alter
2899 5313 2954 5368 in
2975 5308 3182 5368 codicis
3203 5308 3565 5386 Alesnndrini
3586 5323 3793 5386 nupera
3816 5323 3902 5363 re-

2309 5379 2602 5453 censione,
2645 5401 2754 5442 non
2781 5393 2935 5448 sunt,
2978 5398 3079 5439 nec
3108 5396 3246 5453 sane
3261 5380 3400 5436 alias
3419 5381 3601 5453 _nobis
3627 5379 3902 5453 videntur,

2313 5459 2416 5514 nisi
2443 5474 2558 5525 cas,
2587 5449 2724 5528 quas
2764 5457 3009 5528 proxime
3037 5451 3374 5528 prteoedunt,
3408 5449 3478 5528 I_n
3519 5461 3574 5508 et
3609 5451 3711 5528 Qui
3739 5466 3902 5528 vocu-

2311 5530 2392 5584 las
2420 5523 2717 5584 illustrnre.
2766 5523 2998 5582 Inferius
3040 5523 3248 5579 leviora
3280 5524 3530 5592 quaedam
3583 5524 3689 5576 alia
3740 5523 3900 5578 casti-

2310 5613 2526 5667 gautttr,
2559 5607 2616 5655 et
2641 5615 2763 5654 eum
2795 5597 2986 5668 primis
3006 5595 3276 5653 crassiora
3301 5602 3506 5664 puncta
3535 5593 3651 5649 suis
3681 5608 3903 5663 quaeque

2312 5672 2451 5727 IOris
2497 5671 2866 5726 ascribuntur.

2385 5741 2410 5780 ιι
2439 5743 2591 5797 llunc
2621 5742 2798 5795 lncnm
2829 5739 3191 5800 restituimns.
3223 5736 3410 5808 moniti
3440 5751 3470 5792 a
3496 5735 3559 5793 S.
3581 5736 3902 5808 Augustino,

2313 5814 2403 5884 qui
2439 5821 2560 5882 post
2581 5811 2723 5868 LXX
2753 5811 2891 5884 legit
2908 5811 3048 5884 fieri,
3079 5825 3186 5867 non
3236 5807 3448 5876 hei-emi,
3501 5817 3560 5865 ut
3604 5807 3904 5880 exScriptor

2314 5882 2520 5942 codicis
2547 5887 2716 5939 nostri
2747 5898 2848 5939 ms.
2878 5882 3050 5938 MART.

2396 5958 2412 5996 ί
2456 5955 2612 6028 Apud
2644 5954 3038 6028 Augustinum,
3065 5951 3511 6024 rogarentalium,
3537 5959 3582 6007 ct
3623 5953 3829 6025 (areret.
