4062 6356
146 284 214 347 97
1306 285 1514 346 LIBER
1542 286 1686 347 JOB.
1717 286 2003 349 ALTERA.
2029 286 2298 350 VERSIO.
3388 301 3460 363 98

139 419 317 479 super
333 404 485 462 omni
511 404 780 471 invalido,
804 412 860 463 et
884 402 1151 477 suspiravi
1173 418 1296 462 cum
1322 407 1565 464 viderem
1588 400 1765 463 virum
1792 411 1848 471 Α
1870 409 2236 466 adolescentia
2265 422 2386 465 mea
2405 409 2749 467 enutriebam
2781 410 2936 482 quasi
2968 418 3124 483 pater
3153 416 3217 482 >εκ
3251 413 3269 452 τ
3303 424 3359 472 et
3387 418 3456 474 de

142 502 197 557 ia
227 502 683 557 necessitatibus.
738 501 850 571 Ego
892 500 1034 557 bona
1074 500 1455 571 praestolabar.
1500 501 1642 556 Ecce
1671 516 1763 557 oc-

142 601 445 649 currerunt
492 593 632 649 mihi
681 593 859 664 magis
904 592 1024 648 dies
1073 592 1361 647 malorum.
1502 601 1526 628 α
1563 592 1763 649 Venter

144 702 307 745 utens
336 686 626 754 eﬂ'erbuit,
650 697 705 742 et
731 703 839 742 non
872 685 1093 742 tacebit.
1129 688 1196 753 >ε<
1223 686 1643 756 Occupaverunt
1674 701 1761 742 tne

147 779 262 835 dies
288 778 502 850 inopiae
539 779 562 847 ζ
594 779 831 835 Gemens
860 777 1059 834 incessi
1086 777 1205 833 sine
1233 775 1260 815 δ
1289 780 1527 845 silentio,
1551 787 1606 835 et
1634 778 1759 835 steti

148 875 201 930 in
226 884 381 929 antu
414 872 685 929 clamans.
715 872 915 928 Frater
956 871 1130 928 factus
1175 885 1297 927 sum
1340 872 1674 941 sirenarum,
1705 882 1760 928 et

146 968 362 1021 amicus
387 966 627 1021 filiarum
650 965 1038 1022 struthionum.
1066 964 1222 1021 Cutis
1243 980 1361 1021 mea
1385 966 1654 1036 innigrata
1676 974 1762 1021 est

146 1057 339 1125 valde,
364 1067 429 1113 et
453 1073 579 1113 ossa
604 1073 723 1114 mea
748 1062 815 1126 >ξ<
836 1056 972 1113 frixa
995 1068 1120 1113 sunt
1146 1056 1170 1125 ζ
1194 1058 1264 1112 ab
1292 1066 1450 1113 aestu.
1475 1057 1645 1113 Versa
1675 1070 1760 1115 est

148 1154 204 1209 in
226 1154 445 1208 luctum
465 1152 680 1208 cithara
703 1167 847 1221 mea,
871 1161 926 1208 et
946 1152 1187 1223 psalmus
1209 1166 1362 1207 meus
1385 1152 1440 1207 in
1462 1151 1669 1208 ﬂetum.
1691 1157 1757 1221 ζέε(

153 1242 307 1317 [Περ.
341 1244 578 1318 ΧΧΧΙ.]
607 1245 1014 1301 Testamentum
1046 1245 1146 1301 feci
1174 1246 1345 1301 oculis
1366 1246 1519 1312 meis,
1655 1257 1677 1285 ε
1704 1255 1760 1302 et

154 1350 261 1391 non
286 1335 557 1406 cogitabo
585 1334 653 1391 de
679 1335 908 1407 virgine.
1022 1336 1090 1392 Et
1118 1352 1237 1406 qua:
1269 1347 1352 1392 est
1380 1352 1504 1406 pars
1526 1336 1631 1392 alia
1660 1337 1757 1393 Dei

148 1428 501 1500 (Βορέῃ-,θεέ
529 1438 584 1484 et
605 1429 896 1485 barreditas
919 1430 1311 1499 omnipotentis
1329 1429 1396 1485 de
1419 1428 1757 1499 excelsis.

149 1519 345 1575 Nonne
376 1520 615 1591 perditio
638 1522 743 1576 erit
766 1521 974 1591 iniquo,
1004 1529 1061 1577 et
1085 1520 1411 1576 abalienatio
1433 1521 1758 1577 facientibus

152 1613 546 1684 iniquitatem?
582 1614 605 1682 ζ
641 1613 835 1669 Nonne
886 1614 1001 1682 ipse
1046 1612 1254 1669 videbit
1298 1615 1440 1668 viam
1475 1630 1672 1681 meam,
1705 1623 1759 1669 et

151 1724 349 1764 esuries
386 1724 606 1778 gressus
651 1724 803 1763 meos
848 1707 1249 1763 dinumeravit?
1285 1706 1345 1763 Si
1394 1708 1589 1763 incessi
1632 1724 1755 1763 cum

156 1803 508 1869 irrisoribus,
537 1802 625 1859 vel
645 1804 690 1857 si
729 1802 1005 1858 festinavit
1032 1802 1097 1856 ad
1122 1802 1305 1857 dolum
1331 1817 1426 1873 pes
1456 1817 1635 1867 meus.
1665 1818 1760 1874 ap-

156 1894 363 1965 pendat
399 1911 485 1950 me
515 1895 565 1948 in
609 1902 810 1948 statera
841 1892 1171 1964 aequissima.
1220 1891 1335 1948 Scit
1364 1904 1545 1949 autem
1580 1892 1760 1947 Domi-

158 2005 258 2044 nus
291 1988 670 2044 innocentiam
698 2002 896 2043 meam.
923 1987 978 2043 Si
1004 1986 1231 2041 deﬂuxit
1254 2001 1348 2056 pes
1376 2001 1531 2041 meus
1558 1986 1625 2040 de
1650 1984 1755 2052 via,

159 2094 210 2138 et
238 2084 284 2137 si
317 2094 576 2138 secutum
609 2089 694 2137 est
738 2081 961 2137 oculum
1003 2095 1100 2136 cor
1145 2096 1349 2135 meum.
1403 2079 1458 2135 Si
1509 2079 1759 2135 manibus

161 2174 295 2230 meis
340 2175 494 2245 tetigi
539 2188 788 2241 munera,
842 2187 1054 2239 seram,
1104 2182 1161 2227 et
1204 2172 1294 2227 alii
1346 2171 1558 2227 fructus
1606 2187 1760 2228 meos

158 2267 355 2333 edant;
387 2268 511 2321 sine
537 2268 709 2337 stirpe
738 2266 841 2321 sim
867 2281 1031 2336 super
1060 2274 1282 2321 terram.
1316 2265 1372 2323 Si
1402 2275 1648 2322 secutum
1675 2276 1761 2322 est

157 2375 254 2417 cor
280 2376 468 2416 meum
504 2358 812 2426 mulierem,
842 2367 934 2413 aut
962 2358 1008 2412 si
1035 2357 1225 2414 obsedi
1252 2359 1448 2428 januas
1474 2358 1616 2430 ejus,
1653 2360 1759 2429 pla-

157 2463 277 2509 ceat
305 2466 529 2524 quoque
565 2466 708 2506 uxor
736 2466 857 2506 mea
889 2450 1068 2518 alteri,
1100 2459 1152 2505 et
1183 2450 1279 2505 filii
1310 2450 1415 2506 mei
1467 2450 1760 2507 ltumilien-

158 2559 264 2603 tur.
298 2546 648 2604 Furorenim
673 2544 701 2582 ά
732 2544 898 2600 animi
925 2552 1007 2600 est
1034 2544 1331 2599 indomitus
1361 2546 1761 2601 commaculare

155 2641 257 2697 viri
283 2655 542 2697 uxorem.
571 2639 717 2711 Ignis
746 2638 945 2694 ardens
968 2648 1052 2693 est
1083 2639 1138 2694 in
1167 2637 1423 2695 omnibus
1472 2640 1756 2695 membris.

157 2732 519 2803 Quocumque
548 2732 856 2795 intraverit,
894 2730 1154 2786 radicitus
1186 2729 1396 2802 perdet.
1450 2730 1605 2800 Quod
1636 2731 1682 2787 si
1706 2740 1761 2788 et

160 2826 389 2897 despexi
412 2824 681 2895 judicium
714 2824 901 2880 famuli
933 2824 1060 2887 mei,
1096 2832 1189 2879 aut
1214 2824 1450 2891 ancillm,
1478 2835 1502 2862 ε’
1532 2840 1653 2880 cum
1674 2825 1762 2895 ju-

165 2916 487 2974 dicarentur
509 2916 649 2989 apud
677 2931 798 2983 me;
822 2916 973 2987 (quid
1005 2915 1150 2971 enim
1186 2915 1403 2984 faciam,
1427 2917 1469 2972 si
1493 2916 1760 2987 judicium

166 3025 352 3065 meum
399 3008 561 3065 faciat
606 3008 931 3080 Dominus?)
972 3008 1117 3078 quod
1162 3007 1208 3064 si
1248 3018 1304 3065 et
1352 3008 1758 3089 visitationem,

158 3103 305 3174 quod
337 3118 664 3175 responsum
693 3102 878 3161 dabo?
921 3102 1113 3160 Nonne
1158 3104 1298 3159 sicut
1327 3118 1430 3175 ego
1459 3112 1759 3177 conceptus

1866 513 2058 559 ventre
2086 502 2276 560 matris
2308 519 2446 561 mea:
2472 504 2582 561 dux
2622 505 2701 561 eis
2732 505 2804 560 fui
2838 506 2860 573 ζ
2895 514 2991 561 aut
3025 506 3073 561 si
3094 505 3318 578 despexi
3348 526 3454 566 nu-

1863 594 1989 650 dum
2041 605 2384 667 pereuntem,
2416 606 2472 654 et
2501 613 2609 653 non
2642 597 2832 667 operui
2866 602 2964 666 >ε<,
3016 613 3125 653 non
3160 598 3455 658 habentem

1861 688 2106 743 velamen
2136 688 2532 757 {Infirmorum
2555 705 2687 746 vero
2706 691 2752 745 si
2777 706 2883 747 non
2906 691 3303 761 bauedixerunt
3319 695 3454 750 mibi

1863 779 2096 849 humeri,
2128 791 2186 838 et
2209 781 2278 839 de
2306 792 2525 839 tonsura
2550 783 2734 839 ovium
2761 799 3002 840 mearum
3033 786 3283 843 calefacti
3305 796 3457 845 sunt.

1862 872 1919 945 Si
1952 874 2125 929 levavi
2170 890 2336 945 super
2366 877 2630 946 pupillum
2662 892 2883 932 manum
2912 883 2979 946 ῖς(
3008 894 3183 934 meam
3223 880 3245 949 ζ
3280 880 3455 938 fidens
3537 864 3549 876 ’

1861 967 1983 1039 quia
2014 969 2243 1025 multum
2262 970 2498 1027 estmihi
2528 970 2882 1042 adjutoriutn,
2927 971 3170 1029 discedat
3205 984 3230 1023 ε
3260 977 3456 1032 hume-

1862 1074 1956 1114 rus
1984 1074 2135 1115 meus
2157 1075 2186 1114 a
2209 1061 2399 1132 jugulo
2439 1077 2581 1129 meo,
2606 1074 2658 1117 et
2688 1062 2970 1118 brachium
3000 1081 3176 1121 meum
3213 1081 3242 1121 a
3272 1067 3457 1124 cubito

1862 1167 1987 1207 meo
2013 1162 2354 1208 conteratur.
2386 1154 2571 1210 Timor
2602 1156 2747 1209 enim
2780 1155 2997 1211 Domini
3029 1156 3153 1229 [AL
3186 1166 3322 1214 tacet
3352 1161 3459 1215 Do-

1861 1243 2031 1315 mini]
2059 1245 2325 1300 continuit
2358 1262 2463 1311 me,
2503 1250 2569 1314 >;<
2598 1256 2652 1301 et
2675 1262 2705 1301 a
2735 1248 2975 1316 pondere
3008 1248 3126 1319 ejus
3156 1267 3265 1305 non
3297 1254 3462 1309 susti-

1861 1336 2023 1391 nebo.
2144 1334 2199 1391 Si
2233 1337 2389 1407 posui
2414 1334 2440 1373 ιι
2464 1351 2655 1391 aurum
2687 1338 2855 1393 robur
2883 1354 3060 1393 meum
3095 1341 3117 1409 ζ
3152 1341 3295 1411 quod
3323 1351 3378 1398 et
3410 1342 3454 1397 si

1862 1427 1916 1482 in
1958 1427 2136 1498 lapide
2168 1431 2409 1499 pretioso
2452 1428 2680 1483 fidebam
2714 1429 2797 1484 :si
2826 1441 2878 1485 et
2910 1430 3121 1487 Iactatus
3164 1445 3284 1487 sum
3330 1414 3479 1489 cum}

1862 1532 2007 1579 esset
2047 1522 2179 1578 mihi
2203 1539 2401 1580 census
2428 1525 2649 1593 multus,
2679 1526 2723 1579 si
2752 1526 2883 1580 etin
2919 1523 2933 1562 ί
2972 1526 3458 1585 innumerabilibus

1860 1616 2015 1687 posui
2045 1631 2264 1671 manum
2306 1632 2502 1672 meam.
2532 1617 2613 1672 An
2641 1632 2748 1671 non
2775 1616 3023 1674 videmus
3067 1620 3237 1675 solem
3268 1623 3460 1677 lucen-

1863 1718 1968 1765 tem
1997 1708 2256 1776 delicere,
2279 1720 2333 1765 et
2354 1712 2537 1765 lunam
2571 1711 2776 1766 minui?
2805 1728 2910 1767 non
2936 1713 3079 1767 enitn
3105 1714 3159 1769 in
3189 1715 3318 1785 ipsis
3348 1726 3456 1782 est,

1789 1810 1837 1870 Β
1949 1814 2001 1858 et
2025 1802 2309 1873 deceptum
2334 1812 2418 1860 est
2439 1805 2578 1859 clam
2602 1820 2697 1860 cor
2721 1820 2900 1861 meum
2931 1805 2952 1873 ζ
2979 1806 3130 1874 Quod
3156 1808 3202 1862 si
3224 1818 3278 1863 et
3300 1825 3458 1865 oscu-

1864 1895 2005 1951 latus
2030 1911 2149 1952 sum
2173 1912 2393 1951 manum
2419 1911 2595 1952 meam
2628 1911 2836 1966 puueus
2863 1898 2929 1952 ad
2959 1914 3020 1953 os
3041 1914 3243 1968 meum,
3280 1910 3334 1956 et
3356 1902 3458 1958 ltoc

1862 1989 1995 2045 mihi
2026 1989 2092 2044 ad
2118 2005 2368 2062 magnam
2402 1989 2726 2060 injustitiam
2752 2000 3037 2061 repntetur
3066 2010 3079 2046 :
3109 1994 3231 2063 quia
3265 1997 3460 2050 menti-

1862 2093 1952 2140 tus
1980 2100 2098 2139 sum
2133 2086 2184 2139 in
2221 2096 2577 2155 conspectum
2611 2084 2829 2140 Domini
2866 2086 3092 2141 excelsi.
3133 2088 3289 2157 Quod
3332 2090 3375 2145 si
3404 2100 3460 2147 et

1861 2178 2080 2247 gavisus
2111 2192 2229 2233 sum
2269 2193 2440 2250 super
2473 2180 2627 2234 ruina
2667 2178 2873 2234 inimici
2918 2179 3050 2246 mei,
3096 2192 3149 2236 et
3181 2183 3320 2237 dixit
3366 2198 3463 2239 cor

1858 2284 2064 2337 meum,
2120 2268 2467 2326 benefactum
2505 2279 2590 2326 est
2620 2287 2635 2327 :
2661 2270 2847 2325 audiat
2888 2273 3036 2327 auris
3081 2288 3200 2327 mea
3233 2274 3461 2331 maledi-

1862 2362 2095 2416 ctionem
2121 2377 2322 2429 meam,
2340 2362 2639 2434 opprobrio
2661 2363 2762 2418 sim
2785 2363 2839 2417 in
2861 2380 2984 2420 meo
3000 2366 3201 2436 populo
3215 2366 3463 2423 diffama-

1865 2462 1971 2509 tus.
1987 2454 2139 2521 Quod
2155 2455 2200 2509 si
2220 2469 2367 2525 saepe
2382 2455 2637 2511 dixerunt
2655 2456 2864 2511 ancillae
2882 2458 3180 2526 mete,Quis
3195 2458 3289 2514 det
3304 2460 3461 2516 nobis

1863 2554 1925 2600 ut
1952 2546 2207 2601 carnibus
2231 2546 2349 2617 ejus
2380 2548 2680 2603 satientur?
2724 2563 2846 2603 cum
2889 2550 3022 2603 satis
3052 2550 3226 2607 bonus
3257 2568 3457 2609 essem.

1864 2639 2020 2695 Foris
2039 2656 2144 2695 non
2167 2641 2416 2696 manebat
2436 2640 2655 2711 hospes.
2679 2640 2848 2697 Janua
2868 2658 2989 2698 mea
3011 2646 3154 2699 omni
3177 2645 3465 2703 advenien-

1864 2730 1904 2787 ti
1953 2731 2190 2799 patebat.
2243 2731 2396 2800 Quod
2436 2733 2481 2787 si
2503 2742 2559 2787 et
2584 2744 2778 2803 Sponte
2806 2749 3036 2805 peccans
3065 2736 3323 2792 abscondi
3337 2754 3465 2808 pec-

1862 2834 2044 2880 catum
2070 2839 2283 2890 meum;
2310 2839 2408 2880 nec
2433 2824 2577 2880 enim
2601 2826 2795 2880 erubui
2823 2825 3227 2883 multitudinem
3252 2831 3461 2899 populi,

1863 2914 2248 2972 ne‘eontiterer
2271 2930 2455 2970 coram
2488 2915 2567 2971 eis
2595 2932 2610 2971 :
2638 2925 2732 2971 aut
2753 2916 2797 2971 si
2825 2916 3007 2972 dimisi
3030 2917 3302 2973 infirmum
3343 2921 3461 2975 sinu

1862 3024 2034 3065 vacuo
2074 3010 2225 3066 exire
2254 3008 2479 3079 januam
2506 3024 2704 3065 meam.
2744 3013 2809 3078 >ε<
2831 3010 2964 3078 Quis
2985 3010 3118 3066 mibi
3149 3012 3349 3067 tribuat
3371 3030 3466 3067 an-

1862 3102 2208 3172 ditoremijrs:
2222 3103 2437 3159 Manum
2464 3103 2679 3159 Domini
2699 3104 2743 3160 si
2768 3119 2876 3159 non
2901 3106 3077 3173 timui,
3104 3106 3125 3173 ζ
3151 3106 3164 3156 i
3188 3109 3469 3179 conscrip-

159 3213 279 3254 sum
312 3199 369 3253 in
399 3208 577 3263 utero,
611 3208 666 3254 et
690 3196 793 3263 illi,
822 3208 879 3253 et
917 3197 1117 3253 fuimus
1143 3197 1396 3253 similiter
1427 3197 1481 3253 in
1524 3199 1761 3254 ventre?
1789 3205 1833 3268 ί]
1866 3194 2069 3251 tionem
2098 3195 2144 3251 si
2170 3211 2331 3267 quam
2366 3196 2561 3263 habeo,
2592 3212 2755 3265 super
2781 3195 3042 3253 humeros
3072 3215 3223 3254 meos
3257 3200 3463 3269 levans,

163 3288 398 3345 lniirmis
422 3300 633 3357 autem,
664 3290 708 3345 si
738 3289 867 3360 quid
899 3305 1037 3359 opus
1062 3288 1182 3357 fuit,
1214 3304 1320 3345 non
1359 3289 1645 3362 deuegavi.
1674 3290 1763 3345 Vi-

161 3382 284 3438 dua:
328 3383 550 3438 oculum
586 3396 692 3437 non
736 3381 1067 3437 excruciavi.
1116 3385 1226 3436 Aut
1256 3381 1304 3436 si
1337 3397 1531 3453 panem
1580 3398 1759 3439 meum

162 3478 375 3537 comedi
406 3478 581 3546 solus,
615 3490 668 3534 et
700 3494 808 3533 nou
838 3475 960 3532 dedi
994 3476 1201 3548 pupillo
1231 3481 1296 3546 )s<
1326 3492 1395 3533 ex
1422 3492 1487 3533 eo
1510 3478 1665 3549 (quia
1695 3478 1764 3534 ab

238 3624 266 3652 ι
308 3614 487 3679 Hunc,
519 3620 578 3668 et
596 3611 688 3682 qui
712 3610 1100 3682 subsequitur,
1120 3609 1444 3664 asteriscum
1474 3598 1780 3667 ad‘codicis

169 3684 537 3744 Alexandrini
575 3680 822 3738 normam
858 3680 1251 3752 supplevimus.

236 3757 265 3797 ι’
286 3756 384 3813 Gr.
403 3756 566 3811 habet
578 3753 700 3811 ἄνευ
720 3758 900 3827 θυμοῦ,
918 3750 1001 3809 vel
1014 3758 1187 3827 φιμοῦ,
1214 3750 1265 3805 id
1281 3758 1386 3827 est,
1403 3752 1511 3827 sine
1524 3752 1775 3827 animosi-

170 3840 293 3893 tate,
320 3829 408 3883 vel
444 3828 636 3897 freno;
677 3823 848 3896 quare
888 3823 1029 3879 haud
1062 3823 1193 3897 Scio,
1227 3823 1379 3897 unde
1411 3826 1521 3877 sine
1565 3824 1775 3897 silentio

168 3894 457 3958 excuderit
485 3894 711 3954 nosteri
742 3897 847 3952 nisi
869 3896 1031 3950 cubat
1062 3896 1113 3949 in
1147 3894 1345 3949 mendo
1368 3895 1539 3959 locus,
1572 3911 1638 3949 ac
1665 3896 1775 3950 for-

171 3984 318 4029 tasse
342 3971 636 4041 legendum
656 3977 762 4041 est,
793 3969 905 4041 sine
930 3965 1267 4041 conﬁdentia,
1295 3975 1387 4019 aut
1411 3967 1537 4041 quid
1566 3966 1768 4024 simile.

171 4046 307 4100 Tum
337 4038 443 4097 nec
472 4053 620 4096 recte
639 4039 971 4109 Augustinus
994 4048 1041 4091 et
1070 4038 1223 4101 stetit,
1254 4052 1351 4105 pro
1378 4039 1517 4103 steti,
1551 4046 1661 4093 etc.

242 4126 265 4153 ε
312 4117 494 4169 Aliter
524 4122 581 4167 et
607 4112 727 4181 plus
754 4124 859 4165 uno
885 4109 1061 4164 inciso
1087 4109 1448 4181 Augustinus,
1478 4117 1531 4163 ut
1555 4125 1661 4181 non
1683 4125 1773 4181 cos

172 4188 329 4259 girem
360 4187 427 4239 de
457 4179 674 4259 virgine,
700 4193 774 4259 et
820 4196 937 4259 non.
969 4180 1201 4259 cogitabo
1245 4182 1311 4233 de
1351 4180 1594 4259 virgine;
1624 4179 1770 4259 haud

174 4249 358 4313 {amen
391 4273 462 4313 ex
483 4249 843 4324 or'iginalibus
885 4249 1057 4324 libris,
1104 4262 1286 4306 tamen
1317 4249 1421 4304 etsi
1453 4251 1583 4324 illud
1632 4252 1774 4321 cogi-

176 4330 317 4392 tabo.
345 4320 701 4399 probavimus
721 4324 893 4395 magis
916 4339 982 4378 ex
1008 4320 1104 4378 Gr.
1137 4326 1368 4389 συνήσω,
1394 4336 1517 4378 cum
1550 4320 1776 4394 legisSet

174 4400 331 4455 Hart.
349 4398 617 4470 rogitavi.

1866 3299 1921 3346 et
1958 3296 2249 3345 coronatus
2297 3289 2513 3360 publice
2562 3291 2841 3361 legamzet
2861 3292 2905 3347 si
2934 3307 3039 3347 non
3072 3292 3279 3364 disrupi
3304 3309 3423 3350 eam
3451 3336 3466 3361 ,

1868 3395 1922 3441 et
1942 3382 2152 3440 reddidi
2172 3383 2309 3439 nihil
2333 3384 2602 3454 accipiens
2619 3401 2649 3441 a
2671 3386 2939 3443 debitore.
2964 3387 3021 3444 Si
3049 3402 3215 3461 super
3236 3404 3323 3445 me
3345 3404 3466 3444 um-

1868 3493 2029 3550 quam
2064 3487 2207 3533 terra
2231 3478 2458 3549 gemuit,
2480 3487 2574 3534 aut
2594 3479 2731 3536 sulci
2754 3480 2871 3552 ejus
2896 3482 3245 3552 ploraverunt
3270 3483 3429 3539 simul
3454 3501 3469 3549 ;

1881 3611 2002 3690 ptis
2022 3610 2126 3677 bis,
2150 3626 2271 3690 qua;
2300 3612 2611 3690 parenthesi
2635 3613 2981 3690 inclusimus,
3004 3616 3075 3671 ab
3096 3616 3327 3690 August.
3354 3619 3467 3690 ipsa

1881 3682 2190 3745 laudantur,
2221 3682 2411 3752 sicque
2442 3685 2512 3739 ab
2541 3700 2610 3739 eo
2634 3697 2761 3740 sant
2794 3686 3016 3743 totidem
3059 3682 3239 3745 verbis
3263 3682 3472 3745 deseri-

1880 3764 1994 3824 pta,
2030 3754 2271 3832 tntilli”
2297 3756 2772 3832 jam_t_i_ubitem_us,
2807 3759 2934 3832 quin
2979 3760 3171 3815 eadem
3214 3761 3309 3817 illa
3337 3761 3469 3832 sint,

1878 3841 2002 3895 qua:
2029 3825 2087 3880 S.
2121 3826 2391 3894 interpres
2423 3827 2651 3883 Hieron.
2684 3828 2736 3882 in
2769 3825 2864 3883 sua
2891 3828 2991 3884 ista
3018 3846 3081 3886 ex
3124 3832 3319 3886 Graeco
3348 3825 3471 3887 ver;

1878 3900 2032 3952 sione
2059 3897 2258 3969 posuit.
2284 3898 2432 3965 Sola,
2478 3899 2716 3969 inquam,
2759 3915 2847 3961 ea.
2887 3917 3006 3966 qum
3053 3903 3268 3957 uncinis
3301 3904 3474 3957 inelu-

1878 3969 2079 4042 duntur
2113 3986 2124 4021 :
2160 3967 2297 4033 Quid
2328 3970 2463 4022 enim
2490 3967 2704 4042 faciam,
2730 3970 2776 4025 si
2787 3971 3051 4041 judicium
3080 3990 3250 4026 meum
3302 3975 3465 4042 faciat

1876 4040 2159 4105 Dominus,
2188 4041 2470 4109 supposita
2499 4058 2528 4095 a
2553 4041 2709 4096 nobis
2738 4040 2864 4097 sunt
2885 4043 2950 4096 ad
2978 4044 3152 4099 Graeci
3181 4040 3474 4100 contextus

1879 4112 2062 4177 fidem,
2097 4122 2415 4186 summatm
2441 4112 2627 4167 videre
2653 4121 2756 4179 est,
2784 4114 3045 4179 religione
3075 4134 3087 4168 :
3118 4127 3174 4170 ιιι
3202 4118 3315 4170 lucc
3337 4133 3474 4186 quo-

1876 4197 2003 4253 que.
2026 4197 2154 4237 vero
2195 4181 2533 4256 simillimum
2575 4186 2669 4251 sit,
2703 4201 2729 4237 a
2755 4187 3029 4255 genuinis,
3065 4188 3107 4241 si
3157 4181 3427 4242 exstarent
3455 4228 3472 4256 ,

1878 4256 1996 4308 fore
2020 4264 2205 4308 utnec
2232 4254 2404 4309 verbo
2456 4265 2613 4311 tenus
2657 4254 3000 4314 abludercnt.
3038 4259 3240 4313 Inserta
3292 4254 3471 4315 autem

1878 4333 2007 4379 sunt
2035 4327 2221 4387 textui.
2264 4325 2409 4395 quod
2439 4328 2599 4381 aliter
2630 4327 2810 4382 nullus
2834 4328 3004 4384 ferme
3032 4342 3308 4385 antistaret
3342 4348 3470 4386 sen-

1879 4410 1993 4458 sus,
2023 4411 2123 4450 nec
2152 4399 2420 4451 restituta:
2446 4413 2476 4451 a
2508 4400 2663 4452 nobis
2685 4400 2969 4455 sententia:
2999 4404 3136 4457 ratio
3165 4403 3299 4458 satis
3321 4419 3476 4458 com-

246 4471 272 4555 ιξ
296 4465 485 4561 Neque
516 4470 602 4523 hic
623 4469 761 4525 bene
782 4466 1067 4538 Augustini
1094 4465 1268 4522 codex
1288 4467 1482 4521 auium
1505 4480 1650 4535 mete,
1675 4479 1773 4537 pro
1799 4499 1851 4561 Β
1880 4467 2255 4561 tno'denlectori
2290 4479 2731 4561 perspectanesse
2762 4483 2963 4539 posset.

180 4545 336 4596 animi
362 4544 676 4596 dumtaxat.

251 4624 274 4651 ε
303 4612 638 4670 Sul‘fecimus
661 4611 749 4666 hic
769 4609 977 4681 reliqua
996 4609 1281 4679 praesentis
1300 4607 1560 4665 versiculi
1582 4608 1769 4675 verba,

182 4702 294 4739 tam
318 4686 691 4754 iudicarentur
720 4682 861 4753 apud
886 4698 1004 4747 me;
1039 4691 1149 4735 tum
1172 4681 1407 4754 solidum
1436 4681 1775 4754 subsequen-

183 4751 437 4826 tem,'qui
460 4756 709 4809 decimus
736 4751 958 4824 quartus
977 4761 1062 4807 est
1090 4753 1141 4805 in
1171 4751 1438 4826 iis‘libris,
1466 4752 1553 4826 ubi
1571 4767 1775 4826 versus

182 4831 245 4881 :nl
278 4822 636 4882 nuitreroruui
660 4822 860 4881 seriem
886 4832 1142 4879 notantur
1177 4839 1190 4876 :
1230 4822 1371 4889 Quid
1396 4822 1530 4877 enim
1556 4822 1773 4890 facium,

180 4902 225 4953 si
245 4901 509 4971 judicium
541 4914 709 4971 meum
739 4896 900 4967 faciat
928 4895 1228 4971 Dominus?
1263 4893 1402 4962 quod
1441 4894 1486 4947 si
1512 4904 1558 4947 et
1598 4894 1777 4947 visita-

186 4965 399 5035 tionem,
432 4969 571 5039 quod
591 4965 898 5039 responsum
924 4965 1105 5039 dabo_?
1127 4965 1327 5039 Deerat
1348 4975 1481 5039 ante
1495 4980 1600 5039 nos
1628 4973 1778 5019 tanta

187 5051 407 5112 tatnque
431 5035 947 5110 insignis'perioclta
976 5040 1029 5112 in
1060 5035 1252 5112 Latina
1288 5036 1391 5090 ista
1419 5036 1781 5112 editione,__e_x

187 5108 482 5167 decurtato
503 5108 563 5167 et
586 5108 781 5167 maneo
805 5108 1106 5178 exemplari
1129 5121 1389 5176 expressa
1425 5124 1620 5177 :qnant
1649 5108 1783 5162 nihil

188 5194 271 5238 est
293 5184 545 5251 dubium,
578 5185 693 5239 sola
718 5180 921 5238 veteris
944 5179 1298 5233 atnanueusis
1327 5180 1615 5251 oscitantia
1638 5178 1784 5233 exci-

190 5255 357 5310 disse.
381 5250 650 5310 Niinirutu
679 5264 763 5309 est
790 5254 833 5307 si
866 5267 987 5322 qua:
1013 5252 1279 5322 aliapars
1311 5250 1456 5305 sacri
1496 5260 1786 5304 contextus

190 5329 656 5395 certissima,quae
668 5326 865 5395 nedum
882 5320 1017 5377 ch.
1039 5320 1358 5392 archetypo,
1386 5336 1452 5375 ex
1474 5332 1785 5395 quopostea

192 5399 258 5469 ab
282 5402 402 5469 ipso
430 5394 658 5453 Hieron.
688 5400 739 5451 in
771 5394 1021 5469 Latinum
1053 5408 1318 5469 conversa
1345 5403 1460 5469 est;
1505 5394 1600 5447 sed
1640 5402 1693 5447 et
1733 5395 1785 5447 itt

196 5468 287 5524 Gr.
304 5464 569 5539 superat,
602 5484 673 5523 ex
706 5483 816 5536 quo
844 5465 1154 5539 versionem
1185 5464 1324 5539 bane
1357 5465 1591 5539 priorem
1615 5479 1785 5539 suam

195 5536 498 5596 adorna—vit.
528 5539 707 5611 Verba
740 5549 895 5599 sunt,
928 5536 1421 5611 aptaaps'kuat’iraw
1450 5536 1580 5611 πρὸς
1606 5537 1716 5611 ἐμὲ,
1739 5538 1791 5592 τί

192 5615 285 5689 γάρ
304 5618 530 5680 troiae-ai,
564 5614 654 5667 ἐὰν
675 5610 854 5689 {rae-iu
884 5605 984 5679 μοί)
1012 5605 1205 5679 «diem
1233 5606 1258 5661 ὁ
1285 5605 1603 5689 nuptas-fida
1628 5606 1683 5662 δέ
1709 5611 1793 5661 καὶ

195 5683 505 5751 inimicitia;
554 5686 678 5760 rivali
701 5683 974 5760 ἀπόκρισιη
999 5684 1316 5760 «erumpat;
1348 5683 1438 5732 his
1465 5686 1649 5760 autent
1673 5694 1792 5749 qua:

197 5758 385 5813 Latine
427 5750 845 5828 su’pplevimus;
867 5752 1031 5806 verbo
1061 5753 1129 5807 ad
1149 5750 1388 5828 _v'er_butn
1420 5750 1749 5819 respondent
1774 5767 1789 5807 :

198 5837 253 5889 et
274 5844 392 5905 qua:
420 5821 617 5891 cei-um
649 5824 893 5885 maxima
919 5821 1296 5897 germanitatis
1336 5829 1419 5880 est
1449 5830 1599 5895 uota,
1630 5834 1789 5883 cxce-

1956 4538 1973 4576 ί
2020 4537 2085 4591 Et
2120 4537 2462 4615 particulam.
2487 4550 2549 4615 et
2586 4537 2773 4615 [inalia
2808 4553 3003 4612 puncta
3047 4560 3165 4615 qua:
3211 4545 3475 4615 deerant,

1875 4624 1975 4665 nos
2002 4614 2366 4678 reposuimus.
2399 4611 2717 4687 llujusurodi
2744 4611 2863 4687 alite
2888 4611 3306 4687 asteriscoruni,
3342 4611 3479 4687 puni

1876 4691 2200 4751 ctorutnque
2230 4690 2373 4736 notae
2403 4682 2541 4737 infra
2568 4683 2636 4738 ad
2666 4685 2868 4742 codicis
2898 4686 3255 4743 Alexandrini
3281 4682 3470 4745 exeni-

1881 4754 2026 4823 plum
2058 4754 2437 4808 reStituuutur.
2518 4760 2521 4761 ⁷

1953 4834 1977 4870 8
2010 4824 2066 4878 lu
2113 4824 2352 4900 editione
2393 4825 2634 4900 Romana
2685 4824 2829 4882 LXX
2857 4828 3215 4900 lutcrprctum
3240 4832 3484 4885 humerus

1882 4912 2025 4949 uicus
2054 4896 2370 4969 αλιιηεηινᾳ2
2407 4899 2736 4967 Augustinus
2769 4896 3117 4967 autem,titet
3143 4918 3246 4956 tus.
3274 4914 3479 4969 noster,

1882 4966 2129 5037 ajugulo
2158 4983 2289 5021 meo.
2322 4967 2496 5023 MART.

1957 5037 1985 5076 ιι
2020 5045 2091 5091 Ita
2122 5039 2282 5093 etiam
2313 5039 2373 5094 S.
2398 5041 2755 5111 Augustinus.
2793 5042 2920 5109 Alii,
2953 5045 2999 5098 si
3028 5043 3177 5111 posui
3221 5060 3406 5097 aurum
3431 5044 3485 5098 iu

1884 5112 2127 5184 congium
2156 5127 2345 5184 meum.
2373 5110 2633 5184 Gonferat
2667 5116 2826 5184 igitur
2849 5110 3324 5170 lector’sttnliosus
3349 5115 3488 5171 lianc

1886 5182 2180 5236 editionem
2214 5182 2335 5237 libri
2367 5181 2468 5236 Job
2497 5198 2619 5238 cum
2652 5181 2800 5239 textu
2832 5184 3258 5240 Aunotationtttn
3286 5186 3346 5243 S.
3378 5187 3490 5242 Au-

1886 5255 2108 5327 gustini,
2137 5256 2318 5327 statim
2341 5255 2636 5327 pervidebit
2662 5255 2982 5325 ipsiaSllllalll
3015 5271 3137 5312 esse
3159 5260 3489 5327 versionem,

1890 5338 1995 5398 qua
2026 5326 2124 5398 ille
2148 5326 2318 5379 utitur
2348 5326 2617 5398 incodem
2650 5342 2836 5398 opere.
2876 5327 3055 5382 Mau'r.

1970 5394 1987 5432 ί
2036 5395 2197 5450 Falso
2221 5405 2381 5450 antea
2414 5394 2702 5467 legebatur
2730 5398 2784 5451 in
2822 5399 3251 5455 numerabilibus.
3296 5400 3489 5458 Grmce

1893 5475 2208 5545 autemest,
2242 5468 2323 5523 ἐπ’
2344 5469 2728 5545 ἀναριθμήτᾳις,
2752 5472 2905 5545 juxta
2938 5471 3081 5542 quod
3109 5475 3489 5545 emendaturis.

1970 5538 1984 5588 i
2028 5539 2116 5593 Ait
2144 5538 2202 5593 S.
2234 5538 2658 5611 Augttstintis_:ttl
2690 5549 2829 5597 hunc
2876 5538 3055 5598 Ioc-um
3091 5562 3104 5597 :
3138 5542 3499 5611 Conscriptio-

1897 5623 2012 5663 nem
2041 5611 2084 5663 si
2123 5626 2279 5680 quam
2324 5609 2508 5665 habeo.
2542 5608 2611 5664 Et
2641 5613 2686 5666 si
2716 5630 2817 5668 nou
2850 5614 3053 5686 disrupi
3079 5631 3192 5686 eam
3217 5608 3373 5686 super
3396 5615 3500 5668 hu-
3564 5622 3571 5625 '

1895 5696 2062 5809 Inerat:
2093 5697 2231 5809 metas
2258 5723 2274 5751 ,
2308 5690 2353 5736 et
2397 5693 2674 5740 coronatus
2704 5686 2873 5760 legam
2900 5685 3059 5764 super
3086 5685 3330 5745 humerus
3363 5704 3509 5747 meos

1921 5768 2096 5809 evans.
2124 5766 2153 5807 e
2182 5766 2234 5809 c.
2648 5778 2663 5793 -

1921 5768 2096 5821 evans,
2124 5766 2234 5810 etc.
2648 5778 2663 5793 -
