4062 6356
183 278 285 334 105

1324 280 1527 339 LIBER
1565 279 1708 344 JOB.
1747 277 2028 336 ALTERA
2071 276 2342 335 VERSIO.

3391 281 3416 336 Ι
3426 284 3496 341 06

178 411 361 462 suam,
400 401 466 462 ςςειῖ
498 404 552 452 et
571 395 781 453 radices
809 396 976 454 maris
997 396 1267 454 contexit.
1302 400 1368 466 >ε<
1395 397 1562 470 lueis
1584 396 1795 468 judica-
1821 415 1871 473 Α
1899 393 2264 451 differentiam
2295 392 2549 459 nubium,
2583 401 2638 449 et
2670 393 2918 465 ingentes
2951 393 3138 464 lapsus
3183 396 3496 453 malorum?

179 491 250 545 bit
280 491 562 559 papulas,
686 491 840 546 dabit
885 507 1066 547 escam
1103 491 1376 562 plurimis.
1429 496 1492 560 )ssf
1527 493 1582 546 ln
1613 491 1790 546 mani-

176 584 274 638 bus
307 584 579 638 contexit
609 583 828 650 lumen,
873 587 939 650 )3:
979 595 1034 640 et
1074 583 1359 638 mandavit
1385 583 1451 638 de
1488 598 1554 639 eo
1579 583 1634 638 in
1664 598 1795 638 con-

179 675 449 742 trarium,
490 682 633 743 Ῐξιέιιι
670 677 948 731 nuntiaret
985 692 1149 748 super
1192 675 1285 731 illo
1328 676 1504 732 amico
1535 692 1670 741 suo,
1728 682 1790 743 ;e<

180 769 608 839 pOSSCSSiOIICm
651 777 840 823 contra
885 783 1046 834 eum,
1091 769 1184 840 qui
1227 767 1530 824 ascendere
1580 767 1791 823 nititur.

182 859 345 932 |Cap.
391 861 682 934 XXXVII.]
731 866 795 930 ᾖ(
845 863 952 918 Sed
983 863 1039 918 in
1072 862 1329 935 hoelel.
1365 861 1489 935 his]?
1515 860 1794 932 obstupuit

179 969 278 1009 eor
321 971 535 1020 sucum,
568 960 632 1023 βξ
650 965 702 1010 et
725 954 972 1010 evulsum
998 963 1085 1012 est
1111 956 1180 1010 de
1204 956 1324 1032 loco
1357 969 1476 1009 suo.
1510 958 1573 1020 >εεξ
1599 953 1794 1009 Audite

180 1046 438 1102 sonitum
482 1048 748 1112 terroris,
933 1057 989 1102 et
1037 1055 1063 1083 α
1113 1047 1401 1116 strepitum
1461 1046 1574 1101 oris
1623 1045 1792 1116 ipsius

177 1150 519 1196 exeuntem.
553 1145 618 1208 ξε(
657 1139 858 1197 Subter
888 1140 1203 1196 universum
1234 1141 1433 1196 castum
1469 1139 1693 1204 circuit,

179 1246 228 1291 et
257 1237 461 1292 lumen
493 1237 610 1306 ejus
643 1239 695 1290 in
729 1235 929 1291 finibus
961 1246 1143 1292 terrae.
1293 1235 1421 1290 Post
1447 1250 1569 1289 eum
1601 1233 1796 1289 fremet

178 1341 309 1380 vox.
438 1325 669 1381 Tonabit
699 1327 752 1381 in
775 1327 956 1381 sonitu
987 1327 1261 1397 superbia:
1290 1340 1404 1380 sua:
1430 1365 1445 1392 ,
1496 1329 1561 1392 >ξ<
1591 1333 1646 1380 et
1679 1339 1789 1379 non

179 1421 394 1491 poterit
435 1419 752 1492 investigari
795 1435 918 1476 cum
964 1420 1147 1476 audita
1193 1420 1358 1476 fuerit
1391 1434 1494 1474 vox
1548 1417 1687 1489 ejus.

180 1511 432 1568 Tonabit
470 1511 630 1568 fortis
662 1513 717 1568 in
749 1527 884 1570 voce
920 1528 1018 1570 sua
1053 1513 1376 1569 mirabiliter
1410 1512 1433 1581 ζ
1463 1511 1616 1567 Fecit
1646 1511 1788 1568 enim

182 1621 391 1677 magna
440 1621 561 1678 quae
603 1606 986 1663 nesciebamus
1008 1648 1022 1674 ,
1067 1606 1391 1678 praecipiens
1415 1603 1443 1644 δ
1477 1605 1588 1660 nivi
1618 1645 1634 1672 ,
1671 1615 1791 1660 esto

180 1714 357 1769 super
389 1707 613 1754 terram.
642 1704 704 1767 fasi
739 1700 806 1754 Et
833 1708 1127 1771 tempestas
1158 1698 1374 1769 pluviae,
1409 1705 1466 1754 et.
1492 1705 1790 1768 tempestas

1897 488 2014 542 Tua
2041 503 2174 544 vero
2204 488 2344 543 stola
2377 496 2462 543 est
2498 484 2516 524 ί
2549 487 2723 542 valida
2749 528 2765 552 ,
2810 487 3124 557 quiescente
3151 496 3295 544 terra
3331 496 3394 556 ;-.2-.’_
3427 491 3496 547 ab

1897 591 2102 636 austro.
2141 602 2186 637 ις
2227 579 2498 636 Firmabis
2524 595 2650 635 cum
2677 594 2744 635 eo
2765 579 2966 646 caelos,
2996 579 3086 651 qui
3117 581 3398 650 aequaliter
3427 581 3497 638 ad

1897 673 2190 730 vivendum
2225 673 2330 729 fusi
2368 675 2530 730 sunt?
2565 674 2587 742 ζ
2626 674 2807 741 Quare
2835 675 2971 730 doce
2999 685 3023 723 8
3054 691 3154 731 nos
3181 676 3312 746 quid
3343 677 3494 732 diea-

1896 785 2018 826 mus
2047 768 2099 825 ei
2125 784 2140 835 ;
2166 779 2222 824 et
2253 768 2662 839 requiescamus
2705 769 2870 824 multa
2895 768 3143 826 dicentes
3171 788 3184 825 :
3215 770 3493 841 Numquid

1898 862 2036 918 liber
2061 903 2076 927 ,
2111 872 2205 918 aut
2230 862 2407 918 scriba
2431 860 2684 918 llassistit
2711 863 2880 929 mihi;
2911 873 2967 919 ut
2999 865 3086 920 hic
3114 873 3268 919 stans
3300 864 3496 920 faciam

1900 955 2172 1012 hominem
2191 964 2372 1014 tacere
2393 955 2417 1008 ?
2437 954 2702 1012 Omnibus
2726 965 3032 1012 autemnon
3061 966 3144 1012 est
3173 957 3387 1012 visibile
3415 957 3498 1012 lu-

1897 1066 2019 1107 men
2042 1091 2058 1117 ,
2087 1049 2232 1121 quod
2267 1050 2506 1121 refulget
2551 1049 2605 1106 in
2638 1051 2893 1106 nubibus.
2937 1051 3005 1106 Et
3040 1051 3054 1088 ί
3093 1053 3317 1122 spiritus
3349 1062 3497 1106 tran-

1893 1143 2048 1198 siens
2090 1141 2409 1198 emundabit
2460 1155 2574 1199 cas.
2631 1143 2716 1198 Ab
2769 1142 3022 1214 aquilone
3067 1144 3240 1199 nnhes
3294 1145 3496 1200 coloris

1896 1235 2070 1291 aurei.
2100 1233 2159 1290 In
2191 1234 2274 1290 his
2305 1245 2392 1291 est
2417 1250 2611 1305 magna
2634 1235 2829 1307 gloria,
2857 1246 2912 1291 et
2939 1236 3115 1292 honor
3135 1237 3495 1308 Omnipoten-

1899 1328 2005 1393 tis;
2055 1337 2112 1384 et
2157 1344 2266 1384 non
2313 1328 2621 1385 invenimus
2657 1330 2824 1385 alium
2867 1330 3098 1385 similem
3137 1332 3322 1386 virtuti
3353 1333 3495 1403 eius.

1895 1421 1997 1489 Qui
2025 1422 2172 1492 juste
2197 1422 2436 1492 judicat,
2483 1437 2591 1478 non
2631 1432 2790 1494 putas
2835 1424 3099 1480 exaudire
3138 1428 3308 1480 eum?
3370 1442 3496 1496 pro-

1897 1525 2083 1584 pterea
2097 1514 2364 1570 timebunt
2384 1531 2506 1570 eum
2523 1515 2797 1584 homines,
2822 1516 3090 1573 timebunt
3111 1533 3327 1589 quoque
3371 1535 3495 1576 eum

1894 1616 1951 1663 et
1979 1608 2256 1678 sapientes
2287 1608 2476 1663 corde.

1968 1697 2121 1773 [ϐαρ.
2151 1697 2466 1770 Χχχνιιι.]
2504 1699 2566 1756 Ει
2597 1711 2882 1772 postquam
2911 1703 3118 1774 quievit
3143 1702 3295 1773 Elius
3317 1703 3485 1776 loqui,

183 1792 450 1860 imbrium
479 1833 496 1859 ,
535 1791 821 1862 potestatis
850 1791 990 1864 ejus.
1024 1796 1089 1859 3:4:
1114 1791 1170 1846 In
1202 1806 1366 1847 manu
1393 1789 1574 1846 onmis
1607 1789 1786 1845 homi-
1823 1806 1864 1866 Β
1894 1791 2029 1849 dixit
2058 1792 2321 1850 Dominus
2351 1793 2418 1850 ad
2446 1793 2551 1850 Job
2579 1812 2674 1866 per
2702 1797 2976 1852 turbinem
3004 1800 3166 1854 nubis
3198 1820 3211 1856 :
3241 1801 3377 1868 Quis
3412 1809 3498 1857 est

184 1889 268 1943 nis
323 1898 350 1927 ε
401 1888 580 1957 signat
623 1887 641 1955 ζ
685 1896 743 1942 ιιι
787 1887 927 1944 sciat
980 1886 1156 1942 omnis
1213 1884 1792 1941 homo—inllrmitatem

189 1996 377 2037 suam.
401 1978 734 2037 lntroierunt
763 1990 942 2037 autem
973 1981 1161 2037 bestiae
1182 1978 1288 2036 sub
1317 1977 1654 2048 protectione
1681 2020 1696 2046 ,
1739 1986 1798 2035 et

187 2077 517 2147 quieverunt
554 2077 608 2130 in
659 2076 847 2132 cubili.
902 2075 981 2132 De
1031 2074 1416 2145 promptuariis
1473 2073 1790 2144 supervenit

190 2175 518 2237 tempestas,
565 2174 621 2222 et
663 2166 732 2222 de
782 2166 1164 2236 promptuariis
1199 2165 1366 2237 frigus
1389 2207 1404 2231 ,
1435 2169 1580 2235 >:{et
1615 2181 1646 2220 a
1670 2165 1797 2236 Spi-

191 2263 299 2317 ritu
351 2261 448 2316 Dei
487 2260 704 2316 dabitur
740 2261 942 2332 glacies
969 2261 990 2329 ζ
1018 2261 1284 2330 gubernat
1330 2271 1514 2316 autent
1564 2259 1799 2332 qualiter

193 2353 269 2408 illi
301 2354 600 2422 placuerit,
628 2369 858 2424 aquam,
905 2361 960 2410 et
1005 2353 1334 2409 frumentum
1359 2350 1385 2391 ά
1417 2355 1660 2426 irrigabit
1695 2370 1798 2408 nu-

195 2445 374 2498 bibus.
407 2444 806 2500 Disseminabit
835 2445 1007 2501 nubes
1032 2445 1208 2501 lucem
1239 2460 1427 2511 suam,
1469 2456 1522 2500 et
1564 2446 1677 2516 ipsa
1705 2459 1799 2515 per

195 2539 486 2594 circuitum
535 2538 768 2594 vertitur
810 2538 865 2594 in
922 2538 1343 2610 gubernaculis,
1408 2538 1475 2592 ad
1522 2537 1802 2608 operanda

197 2631 321 2702 [AL
355 2631 693 2702 operandum
720 2630 740 2704 ]
767 2632 946 2687 omnia
979 2647 1098 2702 qua:
1142 2630 1486 2686 mandaverit
1514 2633 1618 2686 eis.
1672 2630 1801 2685 llaec

202 2726 494 2781 constituta
526 2736 655 2782 sunt
687 2726 755 2780 ab
785 2741 850 2781 eo
878 2741 1042 2796 super
1071 2734 1277 2781 terram
1402 2725 1529 2781 Sive
1551 2725 1604 2780 in
1632 2722 1800 2792 tribu,

197 2818 314 2874 sive
346 2818 566 2875 interra
598 2835 694 2874 sua
720 2861 735 2883 ,
900 2821 1014 2875 sive
1050 2819 1103 2874 in
1149 2817 1520 2875 misericordia
1564 2817 1797 2874 inveniri

202 2912 622 2981 volneriteam:
660 2914 896 2968 Auribus
927 2913 1145 2982 percipe
1173 2911 1318 2975 haec,
1357 2910 1486 2967 Job.
1533 2911 1659 2978 Sta,
1693 2920 1714 2948 ο
1745 2918 1801 2966 et

202 3019 551 3063 commoncre
581 3007 788 3062 virtute
812 3005 1050 3061 Domini.
1100 3005 1318 3063 Scimus
1342 3003 1466 3075 quia
1518 3004 1659 3059 Deus
1703 3019 1801 3074 po-

203 3096 309 3152 suit
336 3113 501 3168 opera
533 3113 632 3155 sua
657 3138 674 3167 ,
706 3114 829 3155 cum
861 3097 1062 3154 faceret
1082 3095 1344 3154 lucemde
1376 3095 1634 3152 tenebris.
1673 3095 1795 3154 Scis

274 3245 302 3272 ⁸
334 3233 470 3289 Plus
514 3232 681 3289 habet
709 3231 799 3288 hic
830 3231 1190 3300 Augustinus,
1239 3240 1287 3285 et
1325 3229 1461 3284 vocis
1503 3231 1615 3301 ejus
1637 3273 1652 3298 ,
1681 3238 1792 3283 tum
1823 3229 1869 3294 C

207 3309 420 3378 strepitu
451 3305 587 3373 legit
607 3346 649 3378 ,ί
680 3319 782 3374 pro
824 3304 1116 3378 strepitant.
1166 3303 1357 3358 Gra'co
1392 3310 1615 3378 autem
1640 3301 1794 3355 aldu-

208 3371 366 3434 dente
410 3371 562 3432 to-stu
603 3371 938 3445 ab’utraque
973 3374 1208 3430 lectione
1236 3389 1358 3430 cum
1392 3371 1478 3426 hic
1504 3371 1616 3430 ,loci
1641 3413 1654 3439 ,
1686 3381 1796 3426 tum

209 3452 366 3506 etiam
397 3449 650 3516 inferius,
681 3446 814 3502 nihil
836 3447 1114 3501 audemus.

280 3521 309 3560 ι’
333 3520 593 3575 alendo-re
618 3512 646 3582 ,'
687 3530 738 3572 ttl
791 3517 1002 3573 videtur
1027 3559 1040 3583 ,
1094 3513 1421 3588 perferebat
1449 3512 1800 3588 Augustinia-

213 3609 336 3647 num
364 3590 652 3660 exemplar
689 3590 842 3654 nubi,
889 3605 986 3659 pro
1035 3585 1138 3660 uiri
1163 3604 1180 3644 :
1211 3587 1411 3660 Grarce
1453 3587 1610 3658 χιόνι.
1657 3585 1800 3640 Bene

213 3674 384 3719 autem
417 3673 501 3717 est
524 3657 545 3727 ,⁷
584 3661 726 3731 quod
761 3677 823 3716 ex
853 3657 922 3731 eo
952 3659 1260 3728 accepimus
1289 3657 1458 3728 paulo
1484 3657 1610 3731 post
1633 3667 1802 3724 potes-

211 3734 552 3802 tatis.jnxta
604 3728 852 3788 ‘Grmrum
906 3730 1247 3802 δυναστείας,
1294 3745 1391 3798 pro
1443 3728 1804 3802 qnoglegetat

212 3800 551 3860 Martiaiueus
579 3814 803 3876 potestas
828 3818 846 3856 :
878 3811 933 3856 et
966 3818 1179 3856 rursum
1203 3801 1516 3876 sigrtgt,_pro
1542 3800 1799 3876 signatur,

214 3878 393 3932 ilitleln
443 3871 593 3948 cum:
621 3876 811 3948 Grgrco
859 3876 1277 3948 κατασφραγὶζει.
1314 3871 1709 3940 Subjunximus
1749 3879 1804 3926 et

216 3951 336 4004 huic
363 3949 537 4003 verbo
568 3946 744 4000 linalia
780 3946 1142 4014 puncta,qutu
1164 3948 1408 3998 deerant.

282 4033 304 4058 ε
337 4019 531 4074 Aetive
574 4019 756 4087 legunt
781 4011 1157 4083 'Angnslinus,
1204 4021 1260 4069 et
1289 4013 1516 4085 Vulgata
1542 4057 1557 4084 ,
1590 4011 1640 4068 id
1682 4021 1800 4080 est,

214 4092 378 4162 signat
401 4106 504 4161 pro
525 4090 798 4162 signatura
815 4087 990 4142 Mam.

277 4154 304 4199 δ
331 4154 564 4232 August.
575 4154 820 4232 irrigarit
842 4162 1017 4232 metres.
1045 4155 1410 4232 Dissentinavit
1434 4155 1636 4232 nubent,
1661 4154 1801 4232 haud

216 4235 345 4288 satis
371 4227 545 4297 recte,
578 4233 621 4287 si
659 4227 809 4300 prius
835 4228 1027 4284 nomen
1055 4269 1070 4294 ,
1111 4227 1270 4282 nubes
1291 4269 1307 4294 ,
1339 4227 1612 4296 excipias,
1660 4228 1803 4300 quod

219 4305 493 4360 hodierna:
525 4299 806 4374 scriptioni
840 4300 1029 4358 Graece
1049 4301 1296 4375 ,az'qu'ln,
1319 4308 1582 4375 consonat
1611 4299 1801 4368 magis.

217 4377 516 4448 Sequentes
537 4367 828 4430 astériscos
845 4387 944 4429 suo
955 4387 1053 4428 nos
1075 4367 1194 4428 loco
1211 4372 1432 4441 suisque
1455 4367 1649 4424 tinibus
1676 4367 1808 4424 con-

220 4449 510 4502 stituirnns.

289 4530 312 4556 ε
346 4517 733 4574 Emendantlus
775 4525 861 4573 est
902 4524 1078 4571 textus
1117 4513 1170 4569 in
1202 4513 1354 4575 ,lihro
1385 4514 1804 4568 .‘lnnotationum

227 4590 280 4646 S.
319 4589 647 4659 Augustini,
703 4591 756 4642 in
808 4603 915 4657 quo
961 4584 1594 4659 depravata,Itgttjusmndi
1631 4592 1810 4640 exsmt

225 4663 374 4716 lectio
396 4655 489 4725 ,ἐι
521 4655 840 4716 commovere
860 4655 1096 4712 rirtutem
1122 4655 1350 4710 Domini.
1381 4657 1558 4711 ΜΑῐιτ.

297 4732 747 4802 ‘Maauscriptus
788 4741 842 4786 et
881 4729 1212 4802 Augustinus
1249 4729 1433 4802 legunt
1471 4728 1559 4802 _sic
1595 4725 1803 4802 valida,

227 4820 318 4874 pro
346 4804 519 4858 calida
547 4846 562 4869 ,
601 4796 659 4856 tit
685 4803 841 4857 habel
869 4796 1043 4874 canon
1076 4800 1239 4854 llebr.
1272 4796 1517 4874 veritatis
1540 4840 1554 4860 ,
1592 4814 1654 4851 ac
1681 4796 1809 4874 Vul-

228 4868 339 4945 gata
372 4868 583 4931 Latina.
624 4874 735 4929 Nec
762 4889 917 4928 error
948 4870 1033 4926 hic
1062 4880 1144 4945 est
1191 4871 1554 4924 recentiorum
1603 4868 1807 4945 exscri-

230 4941 470 5016 ptorum,
512 4946 608 5002 sed
639 4953 880 5000 Veterum
900 4986 914 5007 .
954 4953 1006 4997 et
1037 4942 1378 5016 antiquorum
1408 4960 1420 4995 :
1449 4957 1570 5016 nam
1614 4941 1803 5016 eodem

229 5011 384 5074 modo
414 5019 628 5089 legebat
665 5018 848 5089 insuo
887 5011 1275 5089 exemplaris.
1297 5014 1640 5089 uagus-tinus
1661 5052 1682 5089 ,_
1713 5011 1804 5078 qni

228 5089 409 5144 stolam
455 5084 682 5143 ualidam
724 5088 1109 5158 interpretatur
1165 5084 1468 5155 dignitatem
1512 5084 1799 5154 superbam.

231 5161 403 5217 llsnr.

294 5264 366 5274 —-
414 5229 842 5289 Rescribendum
887 5229 1099 5291 calida,
1148 5225 1335 5281 Graeca
1371 5240 1474 5279 vox
1515 5227 1676 5297 θερμὴ
1704 5223 1814 5278 cla-

232 5317 334 5358 mat
371 5324 382 5358 :
416 5303 704 5358 tamenetsi
747 5301 861 5369 ipse
911 5302 1071 5354 etiam
1099 5299 1272 5369 voluta
1311 5298 1644 5369 Augustinus
1677 5311 1814 5369 pra:-

235 5377 446 5431 Iulerit.’
465 5375 610 5428 Idem
641 5366 801 5444 paulo
832 5383 949 5441 post
979 5366 1417 5444 firmabishabet
1439 5384 1536 5444 pro
1563 5366 1810 5427 firmabit.

234 5449 382 5502 Stant
404 5458 457 5502 et
481 5441 654 5501 Gnaei
683 5461 778 5512 pro
811 5441 1335 5512 alterutraleetione
1356 5442 1593 5494 codices.

301 5529 325 5565 ε
355 5517 574 5573 Arridet
617 5511 828 5584 magis,
889 5514 1031 5583 quod
1079 5511 1243 5567 habet
1300 5511 1629 5583 AnguStinus
1683 5525 1762 5564 me
1793 5554 1808 5579 ,

229 5588 370 5659 juxta
393 5589 647 5646 Graecum
676 5629 691 5651 ,
726 5601 962 5659 pro_nos.

299 5659 324 5698 ¹¹
368 5661 514 5716 Idem
543 5651 791 5732 assistisr:
819 5657 1045 5712 Graecus
1074 5655 1274 5722 astitit,
1303 5656 1648 5732 παρέστηκεν.
1682 5651 1814 5707 (Zor-

233 5734 470 5787 reximus
499 5745 632 5786 vero
661 5731 939 5800 utriusque
979 5743 1083 5800 ope
1108 5768 1122 5792 ,
1167 5738 1220 5781 ut
1253 5728 1498 5784 voculatn
1527 5765 1542 5792 ,
1581 5739 1703 5796 quae
1730 5739 1815 5782 se-

235 5808 434 5874 quitur,
463 5819 561 5876 pro
583 5817 689 5874 qua
719 5809 838 5858 crat
862 5799 1120 5855 mendose
1145 5811 1254 5852 aut.

758 5895 1038 5958 ΡΑτιιοι..
1087 5891 1238 5956 XXI
1254 5892 1332 5953 Χ.

1837 4627 1888 4686 D

1898 1883 1992 1956 qui
2049 1887 2196 1942 celat
2247 1903 2334 1943 me
2385 1888 2708 1955 consilium,
2767 1894 3058 1947 continens
3111 1908 3393 1950 sermones
3442 1896 3497 1950 in

1901 1980 2065 2037 corde
2088 2020 2105 2048 ,
2154 1995 2206 2036 ἡ
2247 1989 2304 2037 et
2343 1990 2495 2051 putat
2525 1997 2611 2037 me
2647 1986 2660 2033 i
2699 1981 2872 2039 latere
2909 1983 2930 2050 ζ
2965 1984 3188 2055 accinge
3224 1996 3496 2058 tamquam

1903 2071 1987 2127 vir
2017 2071 2262 2127 lumbum
2292 2082 2444 2128 tuum
2471 2113 2488 2140 ,
2538 2073 2893 2145 interrogabo
2937 2083 3024 2141 le,
3084 2087 3138 2130 tu
3170 2089 3350 2136 autem
3378 2093 3498 2132 res.

1904 2163 2084 2235 ponde
2123 2165 2278 2221 mihi.
2307 2164 2410 2222 Ubi
2439 2180 2563 2222 eras
2589 2181 2711 2222 cum
2735 2165 3016 2222 fundarem
3046 2170 3284 2224 terram?
3312 2170 3493 2226 Indica

1907 2259 2038 2315 mihi
2069 2260 2111 2314 si
2143 2259 2282 2315 nosti
2312 2259 2616 2318 scientiam.
2646 2259 2780 2328 Quis
2803 2261 2984 2330 posuit
3011 2259 3038 2298 ’ί
3065 2277 3349 2318 mensuras
3380 2264 3499 2332 ejus

1907 2355 1971 2421 >ξ<
2001 2352 2050 2407 si
2082 2353 2221 2408 nosti
2252 2353 2274 2421 ζ
2302 2362 2395 2408 aut
2416 2352 2536 2424 quis
2556 2363 2644 2409 est
2669 2353 2760 2423 qui
2792 2353 3003 2409 induxit
3033 2371 3196 2426 super
3217 2371 3335 2411 eam
3363 2356 3500 2411 funi~

1903 2444 2125 2513 culum,
2187 2455 2282 2500 aut
2327 2460 2497 2514 super
2547 2459 2656 2515 quo
2701 2443 2837 2516 [AL
2887 2445 3030 2516 quod
3068 2446 3084 2518 J
3131 2447 3319 2502 circuli
3381 2447 3500 2518 ejus

1911 2534 1929 2574 1
1987 2535 2090 2590 fusi
2143 2535 2323 2590 sunt?
2375 2535 2508 2605 Quis
2559 2546 2644 2592 est
2689 2544 2868 2592 autem
2918 2539 3007 2606 qui
3055 2538 3202 2594 misit
3262 2540 3499 2610 lapidem

1905 2628 2221 2701 angularem
2280 2647 2291 2680 :
2355 2643 2418 2682 σξ-
2468 2637 2508 2664 m
2588 2643 2752 2699 super
2819 2644 2937 2684 eam
3001 2631 3023 2697 ζ
3074 2632 3293 2700 quando
3355 2632 3498 2688 facta

1905 2731 2031 2778 sunt
2084 2720 2248 2776 simul
2291 2718 2518 2776 siderat
2584 2720 2968 2784 Laudaverunt
3039 2738 3125 2780 me
3186 2740 3320 2780 voce
3379 2741 3500 2780 ma-

1902 2832 2006 2888 gna
2031 2829 2222 2871 omnes
2254 2814 2431 2885 angeli
2455 2814 2581 2869 mei.
2630 2813 2886 2871 Conclusi
2930 2817 3099 2886 portis
3140 2833 3326 2888 mare,
3369 2835 3495 2875 cum

1900 2906 2160 2962 fremeret
2201 2921 2267 2962 cs
2308 2904 2418 2976 [ΑΙ.
2464 2903 2541 2976 in]
2571 2915 2724 2961 utero
2761 2906 2952 2962 matris
2984 2922 3128 2975 sute,
3158 2911 3346 2964 volens
3377 2926 3504 2980 pro-

1901 2999 2072 3072 gredi.
2108 2997 2488 3068 Citeumposui
2517 2997 2596 3052 illi
2624 2999 2821 3054 nubem
2848 2999 3244 3070 operimentum
3273 3048 3286 3071 ,
3321 3011 3378 3059 et
3399 3019 3500 3060 ne-

1899 3092 2026 3150 bula
2055 3091 2270 3148 obvolvi
2301 3090 2461 3158 illud;
2506 3099 2561 3148 et
2601 3091 2758 3162 posui
2781 3091 2857 3148 illi
2889 3093 3150 3150 terminos
3175 3137 3190 3162 ,
3218 3096 3505 3168 imponens

1977 3225 1994 3265 ί
2027 3225 2156 3294 Qua:
2186 3226 2270 3281 his
2292 3270 2306 3294 ,
2339 3235 2387 3280 et
2416 3225 2633 3299 spiritus
2653 3227 2925 3299 transiens
2963 3231 3270 3286 emnndabit‘
3294 3251 3411 3299 eas,
3443 3237 3499 3293 in

1900 3299 2091 3356 Graeco
2113 3299 2498 3363 respondeant,
2526 3297 2664 3352 hattd
2698 3299 3024 3354 invenimus.
3057 3303 3194 3357 Sunt
3225 3297 3407 3362 tamen
3447 3311 3499 3364 in

1903 3370 2132 3447 llehrzeo
2162 3372 2579 3447 archetyponex
2601 3385 2707 3447 quo
2735 3370 2964 3447 ipsemet
2993 3374 3354 3447 |_lierA0nymns
3379 3395 3497 3434 ver-

1904 3443 1967 3496 tit
1989 3482 2005 3508 ,
2027 3451 2097 3514 Aet
2124 3451 2303 3495 ventus
2335 3439 2599 3514 transiens
2632 3440 2829 3514 fugavit
2859 3460 2965 3498 eos.
3000 3442 3154 3514 Legit
3183 3439 3342 3502 etiam
3390 3450 3504 3504 An-

1901 3510 2180 3582 guslinus,
2231 3511 2442 3566 tametsi
2483 3510 2640 3580 paulo
2688 3510 2882 3582 aliter,
2923 3510 3139 3584 spiritus
3185 3520 3414 3584 transit,
3445 3533 3498 3576 et

1904 3584 2172 3638 mtmdabit
2199 3625 2210 3643 .
2246 3593 2351 3638 etc.

1978 3655 1991 3705 i
2033 3654 2186 3730 A_pttd
2216 3653 2574 3730 Augustinum
2604 3651 2886 3730 dare,_pro
2903 3655 3083 3723 latere,
3107 3659 3248 3728 qttod
3281 3660 3496 3730 quidem

1906 3726 2157 3802 mendum
2189 3726 2606 3802 apertissimum
2637 3724 2776 3779 haud
2812 3726 2924 3780 scio
2949 3769 2967 3802 ,
3010 3724 3137 3782 nuni
3165 3724 3349 3802 insue
3382 3735 3500 3802 ipse

1905 3798 2032 3851 olim
2075 3792 2371 3870 exemplari
2403 3792 2664 3870 _legerit,_
2695 3811 2761 3850 an
2807 3792 3117 3866 aequiorum
3151 3801 3307 3870 culpa
3338 3792 3502 3859 libra-

1905 3870 2106 3923 riorttm
2147 3869 2199 3923 in
2241 3865 2599 3922 describenda
2638 3865 3066 3922 Annotationum
3101 3870 3159 3924 S.
3197 3865 3373 3928 Patris
3411 3875 3499 3928 Li-

1908 3939 2006 4011 bro
2057 3940 2128 3995 sit
2173 3947 2536 4011 perpetratum
2570 3955 2581 3990 :
2614 3953 2737 3992 nam
2797 3938 2996 3992 latendi
3058 3942 3326 4011 verbum,
3387 3961 3495 4000 non

1907 4010 2068 4065 dandi
2100 4014 2153 4065 in
2188 4010 2464 4078 proposito
2496 4016 2643 4063 textu
2674 4024 2703 4063 a
2736 4025 2796 4064 se
2829 4011 3047 4078 lectum,
3079 4013 3195 4067 sive
3218 4010 3496 4071 laudatum

1912 4083 2100 4157 fuisse.
2133 4095 2238 4157 non
2272 4082 2523 4157 obscure,
2543 4089 2603 4136 ut
2627 4081 2994 4157 mihiquidem
3028 4083 3392 4157 videtur,ipse
3418 4089 3502 4142 in-

1909 4152 2053 4208 dicat
2074 4155 2125 4207 in
2153 4153 2395 4225 subnexa
2425 4152 2496 4205 ibi
2523 4152 2887 4225 annotatione
2914 4150 2999 4206 his
3029 4157 3246 4224 praprie
3275 4150 3454 4212 verbis
3484 4200 3500 4225 ,

1907 4226 2148 4302 quoniam
2179 4222 2345 4302 Deum
2385 4239 2487 4302 non
2514 4222 2692 4302 latent.
2742 4221 3008 4279 Caeterum
3031 4221 3096 4280 et
3131 4221 3235 4296 pro
3280 4221 3501 4302 ,ιιι-εἰθιῃέ

1913 4293 2104 4366 legitur
2132 4296 2283 4366 apud
2303 4309 2424 4366 eum
2448 4293 2747 4366 Accingere.

1985 4367 2010 4404 ἰ
2042 4364 2241 4422 Οιιρῐυε
2274 4364 2360 4420 hic
2385 4367 2589 4434 positus
2617 4364 2718 4419 fuit
2741 4381 2835 4434 pro
2848 4367 3297 4433 asterisco:quod
3312 4384 3498 4426 emen-

1912 4437 2040 4494 dare
2069 4452 2405 4508 nequaquam
2450 4441 2908 4508 pertimescimus,
2942 4453 3063 4492 cum
3097 4439 3188 4494 ille
3218 4443 3308 4507 qui
3340 4442 3496 4497 nobis

1915 4506 2251 4578 transcripsit
2276 4509 2414 4561 hanc
2436 4506 2728 4561 editionem
2757 4525 2785 4563 e
2806 4524 2907 4562 ms.
2924 4509 3132 4574 codice,
3159 4506 3336 4578 plures
3361 4524 3504 4568 aste-

1914 4583 2084 4636 riscos
2212 4578 2456 4653 posuerit
2485 4593 2581 4644 pro
2611 4578 2784 4653 nbelis
2807 4593 2864 4633 σξ-
2895 4579 3127 4653 Proclivi
3160 4583 3302 4636 enim
3345 4584 3499 4653 lapsu

1920 4653 2355 4720 mutantursigna
2374 4649 2560 4721 isthmc
2584 4649 2652 4703 ab
2677 4651 3052 4718 scriptoribus,
3071 4653 3160 4721 qui
3185 4669 3369 4709 eorum
3399 4649 3501 4711 nec

1918 4739 2080 4792 usus,
2115 4737 2214 4776 nec
2245 4719 2631 4792 significantius
2659 4722 2985 4792 intelligunt.
3008 4719 3185 4777 nm.

1986 4783 2000 4815 ¹
2030 4783 2178 4867 Idem
2212 4783 2322 4862 βατῖ
2336 4802 2454 4846 sunt
2479 4832 2494 4858 ,
2520 4806 2616 4861 pro
2643 4791 2750 4867 fusi
2778 4835 2793 4858 ,
2817 4783 2929 4867 _t7_tc.
2956 4792 3147 4867 Graece
3177 4800 3460 4867 πεπήγασι.

1986 4875 2023 4901 η’
2051 4864 2222 4920 Voces
2248 4879 2402 4935 super
2422 4879 2555 4929 eam,
2587 4877 2709 4935 qua:
2738 4864 2788 4918 in
2816 4864 3108 4919 Martianazi
3138 4864 3378 4920 editione
3405 4869 3498 4922 de-

1914 4934 2336 5000 siderabantur,
2407 4949 2504 4990 nos
2570 4934 2922 5001 suifeciums,
2983 4952 3046 4991 ex
3111 4937 3500 5004 AugtISIiniano

1914 5007 2266 5080 exemplari,
2304 5014 2361 5061 et
2401 5005 2626 5080 pra-fixo
2678 5008 2840 5080 etiam
2889 5007 3046 5062 obelo
3097 5005 3497 5080 jugulavintns,

1919 5094 2044 5134 cum
2077 5080 2186 5133 sint
2215 5079 2324 5133 illa:
2352 5078 2567 5146 quidem
2610 5077 2662 5132 in
2711 5079 2904 5135 Graeco
2940 5087 3088 5146 tystu
3113 5121 3125 5143 ,
3177 5078 3255 5133 ἐπ’
3298 5077 3499 5143 «eam,

1920 5165 2028 5205 non
2059 5150 2186 5207 item
2215 5159 2266 5204 et
2291 5151 2340 5202 in
2367 5134 2630 5204 Hebraico
2657 5134 2883 5204 addatur
2903 5134 3055 5212 .‘t't‘w.
3089 5134 3194 5203 Sed
3225 5161 3278 5203 et
3305 5153 3356 5204 in
3381 5134 3501 5218 illo,

1920 5237 1988 5276 ex
2011 5238 2116 5290 quo
2140 5222 2255 5275 htec
2277 5220 2622 5275 Martianieus
2651 5220 2939 5288 descripsit
2961 5218 3146 5274 codice
3174 5236 3275 5273 ms.
3309 5222 3503 5278 obelns

1920 5291 2009 5348 hic
2041 5293 2141 5347 luci
2183 5301 2336 5358 erat,
2363 5291 2543 5347 verbis
2572 5301 2748 5345 tamen
2775 5332 2789 5354 ,
2823 5300 2881 5344 ut
2908 5291 3144 5344 diximus
3173 5336 3186 5359 ,
3221 5309 3341 5359 qum
3372 5309 3506 5348 con—

1918 5364 2177 5420 fodienda
2205 5371 2391 5429 erant,
2424 5362 2821 5432 praetermissis.
2854 5360 2968 5416 Hoc
2998 5373 3175 5416 autem
3211 5364 3289 5418 illi
3329 5363 3506 5420 fraudi

1920 5435 2080 5491 fuerit
2111 5477 2124 5502 ,
2159 5445 2217 5489 ut
2244 5435 2402 5505 plane
2429 5432 2698 5505 immerito
2728 5433 2888 5486 verba
2914 5473 2929 5496 ,
2963 5435 3170 5502 quando
3197 5434 3335 5503 facta
3361 5449 3505 5502 sunt,

1907 5502 2474 5577 'jjjgularet.,vqlliblls
2517 5502 2803 5558 manilcslo
2844 5506 3124 5577 respondit
3277 5507 3506 5562 Hebrzco

1918 5576 2051 5646 ττι.
2084 5587 2139 5632 et
2167 5579 2234 5632 ab
2265 5577 2384 5646 ipso
2419 5576 2746 5646 Hieronymo
2776 5590 2844 5630 ex
2877 5591 2940 5630 eo
2973 5576 3119 5632 fonte
3151 5576 3460 5632 redduntur
3491 5597 3503 5630 :

1923 5645 2164 5721 Ctttnume
2193 5645 2694 5721 (attitorcttt;_Gt-teci
2727 5661 2793 5701 ex
2825 5648 2928 5702 alia
2954 5648 3206 5704 vocabuli
3235 5651 3513 5721 etymolo-

1922 5719 2174 5795 gia,"015
2208 5719 2429 5795 éyatnriOn,
2463 5717 2591 5775 Cum
2620 5716 2758 5788 facta
2783 5729 2900 5776 sunt
2920 5760 2936 5788 ,
2961 5727 3069 5777 etc.

3037 5883 3082 5946 τι
