4062 6356
185 333 296 394 109

1358 330 1563 395 manu
1601 338 1740 397 λου.
1787 325 2061 395 ALTERA
2105 323 2376 396 vensto.

3395 342 3500 402 “0

185 470 364 524 opera
397 454 520 511 tua?
549 463 640 510 aut
675 455 785 530 [AL
815 454 892 530 et]
922 453 1114 513 ert-des
1143 455 1194 511 ei
1228 463 1290 523 }.=.:'_
1325 455 1452 526 qu'a
1483 455 1672 515 reddet
1705 455 1802 514 tibi
1833 460 1880 517 Α
1912 454 2149 511 locutum
2190 453 2380 524 fuisse,
2416 469 2574 526 quam
2604 465 2661 513 ut
2686 469 2982 528 appareres
3007 456 3224 529 justus?
3257 458 3335 514 An
3366 459 3496 516 bra-

187 557 504 604 sementem
532 589 547 615 ,
581 557 606 586 ε
647 557 701 604 et
742 548 796 603 in
832 563 1016 604 aream
1057 557 1204 603 tuam
1253 547 1488 604 inferet?
1516 554 1578 615 ῗέί
1619 549 1800 606 Peuna

189 645 582 699 struthionum
626 643 795 698 mixta
820 653 904 699 est
933 642 1038 699 alis
1067 641 1384 699 herodionis
1412 651 1466 699 ct
1497 643 1800 715 accipitris,

189 739 254 800 ῗεέζ
282 743 349 791 et
385 736 642 808 relinquit
669 733 778 808 [ΑΙ.
825 734 1070 807 reliquit]
1099 734 1154 790 in
1186 743 1330 791 terra
1363 749 1464 791 ova
1491 749 1610 803 sua,
1649 741 1713 804 ξιξ-ζ
1749 745 1804 792 et

183 826 236 882 in
270 829 516 898 pulvere
552 828 832 884 calefiunt.
955 823 1022 885 Ut
1063 826 1237 884 oblita
1269 836 1384 898 cst,
1418 825 1544 898 quia
1586 841 1682 900 pes
1721 826 1804 884 di-

186 919 414 992 spergit
439 921 548 992 ιΑι.
585 918 886 992 disperdet]
919 934 1013 986 ea;
1049 923 1113 988 2e"
1144 919 1418 976 ct-bestlzn
1443 918 1472 959 ι)
1503 919 1619 993 agri
1662 931 1805 976 cou-

187 1011 497 1069 culcabunt
519 1026 603 1068 ea.
638 1017 702 1080 ῗδειῗ
728 1011 999 1068 Obduruit
1020 1020 1212 1068 contra
1242 1011 1384 1068 filios
1414 1027 1567 1080 suos,
1601 1027 1668 1070 ne
1695 1011 1804 1069 sint

186 1107 338 1176 ejus.
385 1112 448 1174 ΡΞ
493 1105 717 1161 Frustra
768 1105 1038 1161 laboravit
1073 1106 1281 1178 absque
1310 1105 1424 1162 ullo
1463 1103 1661 1164 timore
1685 1150 1699 1175 ,

187 1198 324 1269 quia
364 1197 619 1270 despexit
645 1211 764 1254 eam
795 1191 1055 1254 Dominus
1087 1197 1197 1272 [ΑΙ.
1225 1197 1390 1272 Deus]
1419 1198 1471 1256 in
1513 1200 1800 1271 sapientia,

189 1295 250 1357 ἕεις
281 1297 354 1347 et
390 1307 499 1345 non
531 1289 812 1346 distribuit
841 1290 891 1346 ei
933 1289 1294 1346 intellectum.
1340 1295 1404 1358 ἒς(
1427 1292 1560 1348 Cum
1590 1299 1803 1362 tempus

184 1385 392 1451 tuerit,
423 1385 478 1440 in
505 1383 670 1440 altum
706 1400 768 1441 se
799 1383 1006 1441 levabit
1033 1383 1144 1457 [ΑΙ.
1177 1381 1462 1456 erolabit],
1492 1389 1555 1454 7-24
1585 1395 1635 1442 et
1659 1384 1804 1442 deri-

186 1477 346 1533 debit
383 1475 496 1551 [ΑΙ.
540 1475 810 1550 Irridebit]
840 1478 1118 1548 equitem,
1146 1487 1199 1534 et
1239 1493 1612 1536 ascensorem.
1649 1479 1672 1548 1
1705 1469 1801 1536 'An

187 1578 243 1624 tn
277 1569 703 1628 circumdedisti
736 1586 879 1643 equo
901 1569 1198 1640 virtutem,
1241 1582 1295 1629 et
1343 1569 1624 1629 inseruisti
1661 1571 1804 1630 collo

189 1664 312 1733 ejus
347 1663 648 1731 hinnitum,
679 1673 734 1722 et
763 1665 1209 1737 circumposuisti
1243 1665 1292 1724 ei
1317 1663 1509 1722 arma?
1540 1663 1608 1721 Et
1633 1675 1655 1706 ο
1687 1666 1806 1740 glo-

189 1756 286 1812 ria:
313 1754 566 1828 pectoris
593 1756 734 1826 ejus,
757 1756 1006 1812 audacia.
1040 1757 1302 1815 Prodicus
1333 1759 1384 1814 in
1417 1773 1619 1831 eampo
1646 1759 1805 1816 luxu-

1908 547 2090 604 chium
2119 556 2306 604 contra
2340 549 2625 605 Dominum
2657 549 2755 606 tibi
2783 558 2898 617 est,
2935 560 3026 604 aut
3056 551 3277 607 vocibus
3308 563 3498 610 contra

1907 638 2060 696 illum
2090 642 2287 696 tonas?
2313 655 2532 698 assume
2561 641 2725 714 igitur
2753 642 3098 699 altitudinem
3133 651 3188 699 et
3217 644 3498 713 virtutem,

1905 731 2138 804 gloriam
2182 741 2238 790 et
2289 733 2554 790 honorem
2593 734 2818 792 vestire.
2864 735 3070 792 Emitte
3118 736 3171 791 in
3222 735 3504 794 iracundia

1907 826 2150 898 angelos,
2179 833 2234 883 et
2260 842 2478 884 omnem
2506 827 2831 900 injuriosum
2859 827 3105 886 hmuilia.
3141 830 3341 887 Vidcns
3367 846 3498 888 om-

1907 931 2032 974 nem
2060 915 2361 990 superbum
2395 920 2751 991 ettstinguito.
2785 921 3026 978 Comere
3067 919 3266 993 impios
3296 922 3505 988 statim,

1909 1022 1962 1067 et
1989 1009 2267 1069 absconde
2293 1013 2396 1068 Sub
2428 1022 2571 1070 terra
2601 1012 2784 1082 simul,
2818 1015 3092 1087 faciesque
3118 1031 3304 1072 eorum
3339 1016 3506 1087 imple

1907 1101 2206 1176 ignominia
2243 1121 2256 1161 :
2301 1101 2372 1161 ita
2417 1105 2634 1162 demum
2681 1106 3003 1178 confitebor,
3037 1109 3162 1180 quia
3208 1109 3420 1165 salvare
3448 1118 3504 1165 te

1907 1205 2089 1267 potest
2117 1197 2340 1255 dextera
2368 1208 2476 1254 tua.
2512 1197 2619 1255 Sed
2652 1213 2782 1256 ecce
2812 1197 2986 1256 bestia
3021 1216 3182 1272 quam
3225 1200 3326 1256 feci
3360 1200 3505 1270 apud

1907 1297 1983 1354 te,
2014 1288 2200 1346 fenum
2228 1287 2369 1346 sicut
2399 1291 2566 1347 boves
2593 1290 2725 1346 edit.
2756 1290 2898 1346 Ecce
2927 1291 3104 1346 virtus
3137 1291 3254 1362 ejus
3287 1291 3340 1346 in
3365 1291 3505 1347 lunt-

1905 1382 1990 1439 bis
2024 1391 2048 1432 ε
2079 1388 2142 1451 ζεῖ(
2164 1383 2282 1455 ejus
2307 1381 2329 1454 1
2359 1393 2412 1440 et
2435 1385 2679 1456 potentia
2711 1390 2773 1452 ἓξ(
2797 1383 2914 1454 ejus
2939 1385 2961 1454 1
2991 1399 3156 1456 super
3178 1386 3498 1443 umbilicum

1907 1477 2135 1532 ventris.
2171 1476 2235 1532 Et
2264 1477 2442 1534 erexit
2468 1477 2700 1534 caudam
2731 1477 2874 1533 sicut
2903 1494 3226 1550 cypressus,
3253 1487 3307 1537 et
3339 1481 3496 1538 nervi

1905 1568 2026 1639 ejus
2066 1567 2330 1638 implicati
2363 1579 2525 1638 sunt,
2555 1580 2609 1628 et
2644 1579 2808 1627 costa:
2839 1571 2959 1642 ejus
2997 1585 3164 1630 costa:
3193 1590 3354 1631 terere
3381 1618 3397 1645 ,
3444 1585 3502 1632 et

1907 1663 2060 1732 spina
2087 1658 2204 1732 ejus
2222 1660 2423 1718 ferrum
2449 1673 2531 1719 est
2559 1663 2736 1719 fusile.
2757 1663 2877 1720 lloc
2905 1673 2986 1720 est
3008 1665 3222 1721 initium
3255 1668 3501 1739 figmenti

1909 1752 2145 1822 Domini,
2165 1753 2308 1824 quod
2329 1753 2477 1813 fecit.
2502 1753 2765 1811 llludatur
2789 1756 2858 1811 ab
2887 1757 3096 1828 angelis
3124 1759 3264 1828 ejus.
3295 1763 3497 1816 Ascon.

191 1849 300 1904 riat
325 1891 342 1915 ,
389 1859 446 1906 et
473 1849 725 1920 procedit
766 1850 820 1906 in
868 1849 1112 1921 prtelium
1144 1850 1253 1922 [ΑΙ.
1298 1850 1508 1926 prndio]
1541 1868 1662 1910 cum
1691 1853 1801 1909 vir-
1832 1853 1880 1917 Β
1907 1847 2041 1904 deus
2072 1856 2253 1904 autetn
2299 1849 2350 1903 in
2395 1858 2636 1905 montem
2683 1858 3051 1922 prmwptum,
3086 1850 3216 1907 fecit
3242 1852 3498 1921 gaudium

196 1948 359 1998 tute:
389 1955 796 2014 occurrensque
819 1941 1002 2013 jaculo
1031 1943 1352 2013 contemnit,
1389 1959 1490 2001 nec
1515 1959 1576 2002 se
1607 1945 1808 2003 avertit

199 2053 225 2090 a
259 2035 435 2092 ferro.
463 2035 642 2107 Super
664 2037 838 2108 ipsum
867 2047 1048 2093 autem
1071 2037 1272 2110 gaudet
1295 2053 1457 2094 arcus
1483 2046 1537 2094 et
1564 2037 1803 2110 gladius,

202 2132 264 2192 Te"
295 2126 530 2191 lanceae,
563 2127 839 2198 hastthuc
871 2136 1131 2185 tremore.
1157 2125 1179 2197 1
1207 2128 1272 2183 Et
1298 2126 1583 2186 iracundia
1606 2131 1806 2187 evertit

200 2218 306 2291 [Αι.
340 2218 526 2291 vertit]
571 2229 806 2287 terram,
856 2236 956 2278 uec
1005 2220 1233 2286 credet,
1277 2217 1457 2279 donec
1498 2222 1807 2294 elanguerit

200 2309 316 2382 [ΔΙ.
346 2311 693 2382 clamaverit]
723 2311 866 2368 tuba.
909 2313 1042 2369 Cum
1089 2323 1271 2369 autem
1319 2313 1445 2370 tuba
1495 2313 1802 2382 cecinerit,

202 2403 371 2468 dicet,
399 2419 559 2477 euge.
589 2405 651 2460 Et
682 2404 870 2476 procul
902 2403 1164 2462 odoratnr
1194 2421 1468 2479 pugnam;
1497 2411 1802 2463 tonitruum

205 2496 405 2552 ducum
429 2507 486 2554 et
509 2497 829 2554 clamorem.
858 2497 1126 2570 Numquid
1166 2499 1220 2554 in
1258 2498 1527 2570 sapientia
1561 2506 1649 2554 tua
1685 2498 1806 2570 plu-

207 2590 402 2648 mescit
427 2592 712 2662 accipiter,
751 2589 779 2628 α
809 2593 1064 2662 expansis
1114 2592 1310 2663 pennis
1351 2591 1648 2649 immobilis
1674 2637 1689 2663 ,
1738 2597 1802 2660 ζέξέ

210 2686 514 2755 respiciens
544 2685 612 2741 ad
649 2685 932 2742 austrum?
963 2685 985 2754 1
1023 2697 1116 2741 aut
1147 2685 1255 2759 [ΑΙ.
1289 2685 1372 2758 ac]
1405 2696 1497 2743 tuo
1528 2697 1804 2758 prtccepto

210 2781 484 2836 exaltatur
522 2781 738 2852 aquila;
786 2789 843 2837 et
884 2781 1072 2838 vultur
1111 2797 1276 2853 super
1312 2781 1504 2840 nidum
1546 2799 1703 2840 suum
1750 2784 1802 2839 in

209 2883 363 2944 petra
389 2875 591 2930 sedens
619 2875 922 2932 morabitur
1042 2875 1095 2930 in
1120 2877 1432 2934 sunnuitate
1453 2885 1641 2948 petras,
1666 2883 1720 2934 et
1749 2877 1808 2934 in

208 2967 486 3026 caverna?
516 2969 540 3037 1
574 2979 626 3026 et
656 2985 779 3026 cum
810 2970 884 3026 ibi
917 2969 1106 3036 fuerit,
1135 2971 1330 3042 qua-rit
1359 2986 1516 3028 escas
1644 2973 1804 3042 longe

207 3061 350 3117 oculi
375 3063 494 3133 ejus
519 3062 856 3134 prospiciunt
886 3061 995 3137 [ΑΙ.
1023 3062 1366 3135 respiciunt],
1403 3063 1424 3131 1
1457 3071 1511 3119 ct
1532 3062 1662 3134 pulli
1686 3062 1805 3133 erS

205 3153 522 3210 volutantur
543 3157 596 3210 in
620 3156 908 3223 sanguine.
928 3153 1266 3226 Ubicumque
1294 3154 1493 3212 fuerint
1513 3155 1802 3224 cadavera,

207 3250 389 3304 statim
422 3247 532 3322 [ΑΙ.
561 3249 874 3324 confestim]
901 3250 1272 3320 reperiuntur.

277 3352 300 3378 ε
347 3341 420 3397 Et
469 3341 670 3412 adjecit
707 3341 970 3398 Dominus
997 3383 1013 3409 ,
1053 3350 1111 3398 et
1152 3341 1367 3400 locutus
1410 3349 1495 3398 est
1536 3339 1605 3398 ad
1650 3340 1796 3398 Job:

201 3436 478 3507 Numquid
503 3437 597 3507 qui
627 3436 868 3507 disputat
905 3451 1031 3492 cum
1059 3435 1477 3508 Otnnipotente,
1511 3436 1798 3508 quiescet:

205 3543 440 3601 arguens
470 3528 758 3585 Dominum
788 3527 1142 3599 respondebit
1163 3528 1273 3583 ita?

445 3655 782 3700 BESPONDENS
806 3659 992 3700 ΑυΤΕΙ
1018 3658 1129 3707 308,
1159 3658 1356 3701 DOIINO
1383 3657 1534 3700 DIXIT
1567 3659 1581 3697 ἶ

283 3767 339 3824 “ei
375 3757 518 3828 Quid
556 3757 573 3796 ί
603 3773 736 3831 ergo
769 3759 990 3830 judicor
1017 3773 1059 3814 4
1117 3758 1485 3815 commonitus
1519 3765 1575 3815 et
1617 3756 1798 3814 incre-

205 3863 360 3922 patus
389 3867 423 3908 a
458 3847 696 3908 Domino
725 3867 766 3907 σε
831 3851 1060 3907 audiens
1092 3850 1216 3907 talia
1251 3851 1274 3919 1
1305 3867 1431 3907 eum
1470 3849 1608 3907 nihil
1651 3849 1803 3906 sim?

204 3946 346 4018 quod
374 3961 703 4016 responsum
727 3945 908 4001 dabo?
938 3945 1151 4000 Manum
1173 3958 1373 4016 ponam
1403 3942 1469 3999 ad
1496 3957 1560 4000 os
1587 3958 1798 4000 meum.

202 4045 378 4102 Scmd
405 4043 624 4101 locutus
652 4059 804 4114 sum,
837 4043 1034 4100 iterum
1060 4057 1168 4100 non
1199 4040 1476 4115 adjiciam.

209 4175 546 4218 acsrosneas
582 4176 766 4218 Αυτει
811 4175 1041 4217 υοιικυε
1079 4175 1170 4216 ros
1212 4177 1280 4217 es
1323 4175 1593 4227 'l‘tlllBtNS,
1649 4163 1738 4218 air
1783 4176 1797 4215 :

273 4275 427 4349 [Cap.
458 4273 603 4350 XL]
625 4275 994 4348 Nequaquam.
1019 4273 1128 4332 Sed
1155 4273 1376 4347 accinge
1409 4283 1683 4346 tamquam
1714 4270 1798 4330 vir

206 4371 418 4427 lumbos
439 4380 587 4427 tuos.
617 4369 971 4441 interrogabo
992 4378 1070 4436 te,
1105 4379 1162 4424 tu
1183 4383 1317 4426 vero
1346 4367 1618 4440 responde
1637 4367 1795 4424 mihi.

209 4464 286 4521 An
317 4465 518 4524 abnuis
537 4464 804 4537 judicium
835 4465 1052 4522 meum?
1081 4471 1176 4520 aut
1204 4471 1366 4534 putas
1391 4477 1479 4520 me
1509 4460 1669 4520 aliter
1698 4459 1799 4518 tibi

273 4747 298 4778 ι
311 4735 394 4793 Vit
403 4737 525 4794 iose
538 4733 668 4792 Mart
678 4731 811 4804 iau.,
827 4734 882 4791 in
898 4748 1098 4802 arcam,
1112 4739 1305 4790 contra
1322 4730 1573 4789 Grazcum
1587 4737 1792 4787 textum
1819 4723 1874 4794 Ι)
1902 4729 2067 4804 Deum

206 4815 272 4872 εἰς
297 4810 467 4867 ἅλωνα
487 4850 503 4873 .
536 4817 696 4877 atque
724 4811 899 4879 ipsum
925 4807 1305 4879 Augustinum.

273 4881 300 4920 δ
330 4882 537 4937 Partim
567 4873 633 4936 ei
665 4873 1242 4948 Augustinum—partim
1287 4891 1354 4932 ex
1393 4873 1588 4948 Grtcco
1638 4879 1790 4930 textu

206 4953 378 5008 locum
413 4954 556 5008 hunc
582 4946 937 5006 restituimus.
967 4950 1173 5021 Nomen
1197 4949 1332 5021 agri,
1364 4946 1508 5021 q_uod
1535 4954 1787 5021 uterque,

205 5026 368 5081 immo
391 5035 446 5081 et
474 5023 599 5080 libri
630 5037 822 5078 omnes
846 5023 1104 5082 retinent.
1135 5015 1342 5077 deerat.
1373 5017 1643 5074 Czcterum
1675 5015 1790 5072 Au-

201 5099 452 5166 gustinus
486 5093 681 5166 minori
718 5102 946 5149 numero
971 5091 1224 5166 praefert,
1255 5091 1417 5166 bestia
1443 5091 1556 5161 agri
1581 5088 1794 5166 concul-

201 5160 354 5222 Eabit.
374 5165 754 5223 Pmeetlentes
779 5160 995 5236 quoque
1019 5164 1310 5236 asteriscos
1335 5160 1544 5236 aliquot
1568 5160 1794 5232 supple-

205 5241 411 5305 vimus,
454 5246 620 5310 atque
664 5234 810 5293 infra
844 5234 1010 5293 unum
1045 5234 1139 5307 qui
1169 5235 1538 5291 abundaverat
1580 5247 1792 5305 expun-

206 5327 402 5367 SIMIIS.

273 5396 295 5423 ε
325 5382 458 5438 Erat
483 5382 538 5436 in
563 5391 712 5439 recto
739 5382 936 5454 gloria,
960 5393 1058 5454 pro
1079 5378 1461 5454 gloriqz,quem
1486 5387 1670 5434 casum
1689 5389 1796 5434 una

205 5455 505 5526 pra-ferunt
522 5449 864 5526 Augustinus
889 5464 944 5526 et
964 5449 1196 5508 'Graéeus
1223 5449 1363 5526 δόξα.

270 5528 296 5565 ἀ
321 5520 644 5595 Ρετρεηιιιιζ
655 5543 719 5582 ac
743 5525 891 5582 nullo
914 5523 1086 5580 ferme
1102 5537 1271 5595 sensu
1291 5521 1421 5594 legit
1444 5520 1795 5595 Martianams

205 5613 266 5653 ea:
284 5591 452 5671 passis
480 5591 792 5670 pennigpro
816 5595 1080 5671 expansis,
1104 5605 1235 5657 etc.,
1255 5591 1407 5663 juxta
1433 5591 1791 5662 Augustinum

202 5681 254 5724 et
283 5668 534 5727 Grmcniu
562 5668 784 5726 sensum
813 5712 827 5735 ,
862 5668 931 5724 ad
961 5680 1102 5739 quos
1131 5674 1342 5735 textus,
1373 5675 1421 5720 et
1462 5677 1680 5735 quoque
1705 5675 1799 5719 co-

206 5743 383 5808 pulam
412 5751 532 5808 post
560 5742 884 5797 asteriseum
915 5739 1296 5809 expuuximus.

277 5823 298 5848 π
334 5805 506 5868 Αιῖιετ
539 5814 682 5882 apud
724 5805 1084 5882 Augustinum
1135 5826 1172 5882 :7
1200 5808 1481 5877 Respondit
1521 5805 1800 5882 Dominus,

202 5893 247 5938 et
275 5884 434 5956 dixit,
468 5880 762 5958 Numquid,
790 5880 925 5951 ctu;
956 5891 1067 5938 tutu
1087 5881 1322 5954 quiescit,
1354 5894 1450 5952 pro
1469 5880 1711 5952 quiescet,
1744 5887 1803 5937 cl

1906 1938 2348 2012 quadrupedibus
2369 1939 2423 1995 in
2455 1948 2680 1996 tartaro.
2713 1939 2832 1997 Sub
2859 1941 3191 1997 omnimodis
3213 1943 3503 2012 arboribus

1908 2031 2140 2100 dormit,
2174 2046 2331 2089 secus
2357 2031 2617 2104 juncum,
2645 2039 2698 2089 et
2726 2033 3024 2102 calamum,
3062 2045 3113 2090 et
3148 2034 3412 2101 cariccm;
3446 2047 3503 2093 et

1907 2126 2301 2184 obumbrantur
2327 2126 2379 2182 in
2420 2143 2485 2184 eo
2517 2119 2743 2186 arbores
2774 2145 3016 2202 magum,
3056 2145 3175 2185 cum
3211 2131 3495 2203 stirpibus,

1908 2229 1962 2276 et
1989 2219 2237 2292 virgultis
2263 2220 2546 2277 torrentis.
2579 2226 2643 2288 f-:-”_
2675 2220 2734 2277 Si
2764 2221 2927 2278 fuerit
2955 2222 3269 2295 inundatio,
3305 2217 3505 2280 nonti-

1909 2315 2078 2372 mebit
2110 2318 2175 2383 γέ
2202 2329 2432 2372 securus
2466 2322 2584 2381 est,
2612 2330 2733 2371 cum
2766 2315 2943 2371 illisus
2975 2313 3131 2372 fuerit
3160 2314 3417 2373 Jordanis
3447 2318 3502 2374 in

1907 2421 1970 2465 os
2000 2409 2140 2480 ejus.
2167 2415 2229 2475 3:4
2263 2408 2288 2446 ¹ι
2319 2407 2376 2464 in
2407 2409 2566 2464 oculo
2594 2423 2693 2463 suo
2721 2407 2985 2479 suscipiet
3009 2425 3154 2465 eum.
3185 2407 3354 2466 Torto
3382 2425 3502 2468 vcr-

1910 2501 2036 2571 tice,
2062 2499 2339 2571 pertundit
2369 2515 2552 2554 nares.
2586 2499 2602 2568 ζ
2641 2499 2893 2556 Adduces
2919 2509 3098 2556 autem
3129 2501 3423 2559 draconem
3449 2505 3504 2560 in

1910 2594 2112 2651 hamo?
2134 2593 2312 2650 Pones
2341 2593 2637 2664 capistrum
2667 2593 2816 2648 circa
2845 2607 3005 2649 nares
3027 2593 3164 2663 ejus,
3299 2593 3314 2632 ί
3345 2596 3503 2668 sigil-

1910 2688 2046 2743 labis
2093 2687 2358 2742 circulum
2415 2685 2469 2741 in
2518 2701 2613 2742 ore
2657 2685 2806 2756 ejus,
2847 2695 2903 2739 et
2961 2685 3166 2756 forcipe
3206 2687 3505 2756 pertundes

1909 2779 2114 2836 labium
2174 2778 2327 2850 ejus?
2371 2778 2651 2850 Loquetur
2678 2788 2858 2834 autem
2895 2778 2990 2834 tibi
3023 2794 3216 2850 preces
3259 2789 3316 2836 et
3344 2782 3502 2838 obse-

1909 2872 2189 2930 crationes
2219 2872 2450 2930 blande:
2482 2881 2534 2928 et
2565 2882 2729 2944 ponet
2767 2881 3160 2928 testamentum
3203 2883 3417 2944 tecum,
3451 2886 3507 2931 et

1909 2969 2145 3041 accipies
2175 2983 2296 3025 cum
2329 2982 2550 3023 servum
2582 2966 3007 3036 sempiternum;
3047 2977 3102 3024 et
3133 2968 3290 3024 ludes
3331 2968 3400 3025 de
3435 2983 3502 3025 eo

1909 3061 2050 3118 sicut
2077 3061 2147 3118 de
2185 3075 2316 3131 ave,
2352 3065 2446 3114 aut
2475 3059 2726 3132 alligabis
2765 3075 2887 3114 eum
2933 3059 3075 3116 sicut
3112 3077 3392 3132 passerem
3421 3065 3503 3116 in-

1911 3151 2153 3210 fantulo‘l
2191 3152 2519 3224 Saginantur
2557 3152 2609 3207 in
2655 3167 2721 3208 eo
2761 3152 3052 3219 nationes,
3097 3161 3153 3208 et
3195 3152 3502 3225 partiuntur

1828 3244 1874 3313 C
1908 3263 2030 3304 cum
2071 3247 2388 3304 Pltoznicum
2431 3254 2640 3316 gentes.
2676 3243 2743 3300 Et
2779 3261 2969 3303 omnes
3011 3261 3180 3302 naves
3216 3247 3260 3302 si
3305 3263 3503 3304 convc-

1909 3342 2061 3398 niant
2087 3387 2101 3410 ,
2141 3355 2252 3398 non
2292 3339 2590 3411 portabunt
2624 3338 2834 3395 corium
2873 3339 3057 3394 caudae
3097 3338 3215 3410 ejus
3271 3347 3325 3408 εξ(
3356 3351 3410 3397 et
3452 3342 3507 3397 in

1909 3435 2141 3494 navibus
2169 3435 2499 3506 piscatorum
2538 3442 2697 3502 caput
2733 3433 2870 3504 ejus.
2903 3433 2924 3500 1
2959 3433 3212 3504 lmponcs
3241 3443 3419 3491 autem
3451 3437 3504 3492 ei

1907 3543 2129 3586 manum
2162 3527 2479 3584 recordatus
2523 3541 2746 3598 pugnm,
2771 3541 2894 3596 qua:
2926 3525 2986 3579 ﬁt
3021 3526 3074 3581 in
3102 3526 3223 3596 ejus
3247 3541 3502 3599 corpore,

1907 3631 1962 3678 et
2001 3621 2236 3693 amplius
2279 3635 2384 3675 non
2426 3619 2539 3675 ﬁat.
2585 3618 2737 3690 [Cap.
2769 3616 2934 3690 XLI]
2975 3617 3094 3674 Non
3124 3620 3305 3676 vidisti
3349 3638 3502 3690 eum,

1907 3730 2086 3787 neque
2107 3714 2160 3770 in
2195 3715 2280 3770 his
2314 3729 2437 3785 qua:
2457 3711 2732 3777 dicuntur,
2762 3713 2991 3768 miratus
3017 3730 3112 3780 es;
3141 3731 3241 3771 nec
3273 3717 3502 3774 timuisti

1901 3807 2047 3880 quod
2075 3816 2440 3879 praeparatum
2470 3814 2556 3862 est
2583 3805 2737 3860 mihi.
2766 3805 2903 3873 Quis
2931 3805 3078 3861 enim
3120 3817 3206 3861 est
3244 3809 3335 3878 qui
3367 3810 3501 3866 mihi

1904 3899 2157 3966 resistat,
2201 3905 2294 3954 aut
2340 3897 2464 3969 quis
2509 3897 2638 3952 mihi
2682 3898 2934 3961 resistet,
2977 3905 3033 3952 et
3074 3898 3402 3955 sustinebit?
3448 3902 3505 3958 Si

1905 4007 2068 4049 omne
2092 3990 2235 4064 quod
2263 3989 2368 4048 sub
2393 3990 2534 4048 ctelo
2564 3997 2668 4057 est,
2701 4005 2886 4046 meum
2917 3991 3039 4047 est?
3157 3990 3275 4046 Non
3309 3995 3504 4052 tacebo

1907 4098 2129 4160 propter
2143 4102 2294 4154 eum,
2313 4091 2375 4154 ΣΞ
2395 4093 2451 4142 et
2479 4100 2662 4142 sermo
2684 4085 2949 4141 virtutum
2973 4085 3262 4141 miseretur
3282 4090 3506 4158 a‘qualis

1906 4181 2010 4237 sui.
2045 4179 2066 4250 1
2102 4179 2236 4250 Quis
2273 4177 2568 4236 deuudabit
2609 4177 2804 4233 faciem
2836 4175 3064 4233 vestitus
3106 4176 3261 4248 ejus,
3311 4189 3406 4235 aut
3449 4184 3505 4239 in

1907 4271 2280 4348 duplicatioue
2325 4270 2563 4328 thoracis
2607 4270 2726 4341 ejus
2753 4312 2767 4337 ,
2833 4269 2955 4342 quis
3005 4271 3264 4326 intrabit?
3313 4274 3507 4332 l’ortas

1905 4367 2086 4422 vultus
2111 4365 2236 4437 ejus
2260 4363 2384 4437 quis
2404 4362 2656 4434 aperiet?
2677 4361 2835 4419 Circa
2859 4361 3053 4419 dentes
3073 4363 3192 4433 ejus
3211 4375 3298 4421 est
3320 4366 3508 4436 timor,

1905 4467 1961 4518 et
1982 4459 2037 4516 in
2067 4456 2388 4534 praecordiis
2409 4457 2529 4531 ejus
2551 4465 2704 4514 scuta
2725 4469 2888 4513 aerea.
2911 4454 3205 4528 Colligatio
3229 4457 3348 4531 ejus
3370 4461 3510 4518 sicut

2075 4771 2087 4794 ,
2117 4743 2218 4794 pro
2244 4723 2548 4783 Dominum.

1973 4745 2087 4794 ’ttm,
2157 4743 2218 4785 ro
2244 4743 2548 4783 uomuntur.

1973 4801 1994 4840 ί
2032 4743 2506 4888 ﬂagravere?
2524 4800 2750 4888 testi!“
2778 4817 2895 4888 s10-
2927 4802 3083 4888 ἱειξιει.
3102 4806 3349 4866 θνατοιιιη
3372 4815 3493 4888 ea».

1897 4872 2006 4930 Pro
2025 4873 2244 4954 judicor
2267 4871 2658 4954 legit_]\u_gus}_.
2685 4871 3150 4954 judirerQOhelus
3183 4890 3360 4954 autem
3396 4871 3494 4954 pro

1893 4942 2274 5024 asterisco-Itis
2287 4942 2478 5024 verbis
2507 4945 2560 4998 in
2590 4942 3163 5024 Alekaudrinicodicis
3193 4953 3322 5024 edit.
3355 4942 3494 5024 pra:-

1900 5018 2101 5090 figitur.
2135 5015 2244 5071 Nos
2285 5015 2472 5090 llnalia‘
2506 5027 2742 5090 puncta,
2785 5033 2907 5090 qua:
2939 5020 3081 5074 male
3120 5022 3332 5090 verbis,
3355 5015 3493 5082 'rnm

1901 5085 2030 5167 nihil
2049 5089 2169 5167 sint,
2189 5085 2677 5167 postponebautur,
2712 5087 2901 5144 iisdem
2931 5085 3492 5167 prtcposuimus'juxta

1902 5159 2221 5214 llebraicam
2255 5160 2562 5213 veritatem.

1976 5241 2000 5278 ε
2034 5230 2241 5286 Finalia
2284 5239 2478 5297 puncta
2505 5271 2520 5294 ,
2556 5245 2679 5308 quze
2717 5227 3035 5308 deerantet
3065 5234 3261 5302 quibus
3301 5253 3490 5308 unum,

1900 5305 2044 5377 ejus,
2087 5317 2381 5381 pronomen
2405 5302 2668 5381 asterisco
2717 5299 2975 5357 illustrari
3018 5299 3352 5381 ostenditur,
3395 5299 3496 5372 nos

1905 5373 2134 5443 utroque
2184 5373 2237 5428 in
2262 5373 2383 5427 loco
2409 5373 2778 5440 ascripsimus.

1977 5444 2001 5483 t.
2037 5447 2272 5504 Deerant.
2317 5443 2369 5498 hi
2411 5446 2517 5516 dno
2540 5443 2869 5516 posteriores
2899 5449 3174 5516 asterisci,
3203 5461 3258 5508 et
3307 5454 3483 5511 finalia

1899 5532 2121 5643 puluere,
2143 5517 2432 5588 qutejuxta
2454 5514 2719 5570 Alexand.
2746 5514 2870 5571 cod.
2895 5514 3168 5588 nuperatn
3187 5523 3484 5584 editionem

1901 5606 1962 5643 su
2010 5603 2233 5643 ectmns.

1901 5603 2233 5645 οιιιινοιῐηιιθ.

1978 5671 1994 5698 ι
2030 5660 2134 5734 Pro
2161 5657 2544 5734 sigillabisuno
2563 5657 2756 5734 verbo,
2790 5659 2971 5734 malim
3008 5665 3257 5734 equidem
3283 5667 3495 5728 duobus

1909 5732 2138 5814 seorsitu
2172 5730 2307 5814 legi,
2341 5730 2385 5784 si
2417 5729 2600 5814 (ignitis
2625 5739 2771 5812 ,_aut
2807 5732 2933 5802 quid
2974 5729 3151 5814 simile
3177 5757 3215 5814 :_
3223 5755 3493 5814 unamque

1909 5803 2044 5857 adeo
2065 5803 2384 5870 particulam
2423 5803 2468 5853 si
2504 5801 2770 5857 asterisco
2812 5801 3124 5870 pneumari.
3177 5809 3241 5865 Et
3271 5801 3486 5871 vero'iu

1908 5876 2101 5934 Gr;ch
2129 5881 2233 5944 est,
2263 5875 2304 5928 εἰ
2333 5874 2562 5937 εἰλήσεις.
2598 5872 2822 5934 Leriora
2840 5877 2972 5934 intra
2998 5880 3346 5952 castigantur.
