4062 6356
144 377 241 434 “3

1303 377 1504 436 LIBER
1541 377 1683 437 JOB.
1725 379 2003 437 ALTERA
2042 379 2316 440 VERSIO.
2390 387 2397 393 '
2442 382 2464 438 3

3343 380 3449 439 Ηί-

143 492 358 548 rissima
403 492 533 559 Job,
567 493 744 564 magis
783 508 946 566 quam
993 494 1200 565 priora.
1227 494 1295 550 Et
1332 504 1490 551 erant
1538 511 1734 566 pecora
1766 503 1812 559 Α
1843 498 2060 568 quidem
2100 497 2374 554 habitasse
2413 496 2692 569 Ausitide,
2754 495 2812 552 in
2861 496 3058 554 ﬁnibus
3102 497 3354 556 Numam
3395 510 3451 556 et
3539 482 3542 484 ’

141 588 247 656 ejus
294 601 441 643 ores
489 587 903 658 quatuordecitn
954 587 1363 656 tnillia,cameli
1408 603 1500 643 ses
1551 589 1743 655 millia,

137 682 252 750 iuga
277 680 460 735 boum
493 681 661 747 inille,
691 682 860 736 asina:
883 682 1167 752 pascuales
1196 670 1365 738 mille.
1400 684 1464 737 Et
1490 683 1746 738 natisunt

142 777 204 829 illi
239 774 339 829 ﬁlii
377 787 614 847 septem,
639 788 696 833 et
725 777 854 832 ﬁlia:
885 786 1014 832 tres.
1043 777 1114 831 Et
1135 777 1348 834 vocavit
1372 779 1600 846 primam
1625 779 1744 848 qui-

142 871 252 924 tit-nt
294 870 490 933 Diem,
522 871 818 926 secundam
852 887 988 926 vero
1018 871 1288 937 Cassiam,
1315 872 1530 927 tertiam
1563 881 1742 928 autem

140 963 310 1015 Cornu
376 963 704 1018 Amaltheae.
737 963 802 1016 Et
842 977 946 1017 non
990 970 1121 1017 sunt
1151 963 1389 1018 inventa:
1428 963 1739 1019 mttlicresa

141 1055 350 1109 tilialius
389 1055 494 1111 Job
521 1056 624 1111 sub
648 1057 811 1113 creto.
848 1057 913 1112 Et
949 1056 1099 1112 dedit
1128 1057 1209 1112 eis
1249 1065 1405 1127 pater
1453 1058 1741 1113 hmredita-

141 1162 238 1203 tcto
295 1151 458 1206 inter
501 1155 720 1206 tratres.
766 1151 921 1206 \‘isit
971 1161 1152 1208 autem
1196 1151 1301 1208 Job
1361 1162 1480 1224 post
1529 1153 1737 1224 plagam

143 1254 409 1298 'centum
441 1244 796 1314 quadraginta
829 1244 1007 1299 annis.
1041 1259 1100 1300 -ε-
1133 1244 1201 1300 Ει
1229 1260 1418 1300 omnes
1453 1246 1580 1300 anni
1612 1246 1738 1301 vita:

143 1338 248 1404 ejus
280 1335 519 1392 fuerunt
566 1337 785 1394 ducenti
830 1337 1186 1409 quadraginta
1219 1338 1383 1406 octo:
1507 1339 1571 1393 Et
1603 1338 1738 1394 vidit

139 1430 231 1485 Job
258 1429 420 1486 ﬁlios
451 1446 603 1494 suos.
634 1435 698 1498 ᾗτε-ξ
727 1441 783 1486 et
833 1431 971 1486 ﬁlios
1002 1432 1240 1486 ﬁliorum
1283 1446 1506 1486 suorum
1543 1439 1736 1501 quarta

141 1524 497 1592 generatione
528 1525 548 1592 ζ
585 1523 635 1579 δ.
671 1526 736 1578 Et
773 1510 1062 1580 defunctus
1106 1535 1190 1580 est
1215 1524 1316 1582 Job
1343 1540 1510 1581 senex
1543 1525 1735 1595 plenus

139 1616 366 1672 dierum.
424 1628 447 1655 ε
484 1633 528 1672 ~:
579 1617 852 1688 Scriptum
912 1629 998 1674 est
1047 1628 1228 1675 autem
1298 1631 1733 1678 resurrecturum

139 1723 244 1762 eum
279 1723 417 1763 eum
451 1709 558 1776 bis,
593 1724 737 1780 quos
771 1711 1034 1766 Dominus
1059 1711 1369 1768 suscitabit.

201 1815 248 1854 os
292 1802 321 1836 ιι
359 1801 459 1858 Hic
488 1802 878 1874 interpretatur
912 1803 982 1860 de
1020 1803 1245 1876 Syriaco
1283 1805 1448 1872 libro,
1491 1804 1546 1860 in
1581 1813 1725 1864 terra

1849 593 2087 660 Arabim,
2119 604 2174 648 et
2212 601 2333 648 erat
2385 593 2437 649 ei
2480 603 2637 648 antea
2672 607 2870 650 nomen
2900 593 3098 650 Jobab.
3131 595 3197 650 Et
3228 596 3446 664 accepit

1848 699 2070 740 uxorem
2119 686 2458 741 Arabis-sam.
2503 680 2814 756 Gettttitqtte
2871 688 3061 756 tilium,
3109 691 3198 742 cui
3241 703 3438 744 nomen

1845 788 1962 834 erat
1996 780 2211 834 Ennon.
2263 779 2393 834 Erat
2422 791 2604 836 autem
2647 779 2764 852 ipse
2817 781 2954 836 ﬁlius
3007 781 3227 853 quidem
3258 782 3432 851 Zarae,

1845 871 1912 926 de
1961 874 2106 927 Esau
2154 871 2281 928 ﬁliis
2329 873 2494 942 ﬁlius,
2529 873 2596 928 de
2628 884 2799 929 matre
2831 889 2959 931 vero
2991 875 3240 943 Bosram,
3275 876 3347 930 ita
3382 885 3442 932 ut

1845 963 1910 1016 sit
1941 964 2165 1033 quintus
2189 964 2256 1018 ab
2282 963 2579 1018 Alnaham.
2610 965 2675 1019 Et
2697 965 2748 1018 lti
2782 974 2909 1021 sunt
2938 981 3096 1037 reges
3121 968 3212 1037 qui
3246 982 3440 1038 regna-

1847 1063 2039 1109 ret-unt
2082 1055 2133 1108 in
2188 1055 2381 1122 Edoni,
2414 1056 2466 1110 itt
2503 1071 2604 1124 qua
2636 1066 2687 1110 et
2722 1056 2838 1126 ipse
2891 1059 3139 1128 regnavit
3188 1055 3436 1128 regione.

1845 1149 2001 1205 Prius
2048 1150 2243 1205 Balaac
2298 1151 2439 1206 ﬁlius
2484 1151 2649 1218 Boor,
2692 1163 2746 1206 et
2790 1167 2987 1208 nomen
3036 1153 3271 1208 civitatis
3319 1154 3438 1221 ejus

1843 1245 2120 1302 Denuaba.
2163 1245 2293 1300 Post
2345 1243 2541 1302 Balaac
2581 1257 2765 1302 autem
2820 1246 3012 1314 Jobub,
3060 1247 3153 1317 qui
3209 1255 3438 1301 vocatur

1842 1336 1962 1393 Job.
1998 1337 2126 1393 Post
2169 1337 2311 1393 hunc
2351 1339 2571 1407 Casum,
2600 1341 2690 1410 qni
2725 1349 2843 1396 erat
2877 1340 2984 1394 dux
3016 1356 3079 1394 cx
3121 1340 3432 1395 Themano-

1844 1446 1960 1486 rum
1985 1431 2232 1501 regione.
2264 1431 2387 1486 Post
2417 1431 2534 1486 bmc
2566 1431 2716 1488 Adad
2760 1433 2904 1486 ﬁlius
2937 1433 3133 1498 Barad,
3157 1434 3246 1503 qtti
3287 1434 3440 1488 exci-

1843 1524 1922 1579 dit
1950 1523 2160 1579 llladian
2193 1525 2246 1580 in
2275 1515 2468 1596 campo
2505 1525 2696 1583 Moab:
2731 1535 2786 1582 et
2827 1542 3025 1582 nomen
3053 1527 3290 1583 civitatis
3316 1527 3440 1600 ejus

1840 1617 2090 1675 Gethetn.
2121 1617 2224 1684 Qui
2252 1629 2432 1674 autem
2459 1628 2726 1675 venerunt
2768 1621 2834 1675 ad
2884 1637 3007 1677 eum
3049 1621 3207 1678 amici
3244 1632 3266 1660 ε
3301 1621 3416 1678 Eli-

1841 1709 1978 1782 phaz
2005 1727 2070 1766 ex
2106 1711 2229 1766 ﬁliis
2270 1711 2412 1766 Esau
2442 1711 2846 1768 Tltetnannrum
2891 1728 3011 1779 rex,
3050 1713 3254 1770 Baldad
3293 1714 3433 1772 Sau-

1829 1803 2083 1884 lcltiorum
2116 1811 2400 1875 tyrannus,
2432 1803 2644 1875 Sophar
2675 1804 2988 1862 Minmorum
3023 1821 3137 1862 res.
3178 1807 3199 1874 ζ

1133 1936 1360 2010 Explicit
1392 1939 1522 1994 liber
1547 1939 1649 1993 Job
1680 1938 1965 1994 secundum
1991 1937 2360 2011 Septuaginta.

199 2085 220 2112 ι
237 2072 848 2142 ερριυςιεῑηιει,ί·εηιειηι
871 2071 1202 2143 septuaginta
1224 2071 1398 2126 annis.
1417 2071 1606 2126 Omnes
1630 2087 1731 2126 au-
1764 2073 1809 2134 B
1840 2069 2052 2143 Sophar
2088 2087 2182 2143 rex
2229 2069 2560 2127 Mina'orum.

143 2158 166 2199 ις
185 2164 225 2199 nt
250 2162 419 2197 asinos
443 2144 568 2197 risit
599 2144 844 2196 ducentos
870 2143 1232 2212 quadraginta.
1262 2143 1358 2196 Ms.
1392 2153 1571 2197 tamen
1599 2145 1726 2196 Ale-

146 2217 430 2270 sandrinus
461 2216 759 2268 cottcortlat
794 2228 914 2268 cum
952 2213 1192 2268 editione
1230 2223 1414 2268 nostra
1460 2215 1510 2268 itt
1544 2214 1732 2268 ultimo

141 2296 442 2352 commate,
496 2285 684 2338 Omnes
731 2294 901 2338 autent
945 2301 1140 2348 annos,
1171 2297 1320 2352 ete.,
1369 2287 1492 2353 quia
1526 2287 1728 2350 habet,

143 2363 379 2413 ducentos
423 2357 775 2427 quadraginta
815 2357 1275 2427 οειοηΟη-ιοιυυηι
1328 2359 1498 2411 notari
1546 2357 1733 2411 debuit

143 2432 319 2484 obelus
355 2428 422 2481 ad
467 2426 927 2481 istattt’anttorttm
959 2426 1061 2481 Job
1109 2443 1373 2482 summam
1411 2445 1424 2480 :
1455 2442 1562 2482 tton
1587 2427 1731 2481 enim

147 2503 332 2562 tegitur
374 2501 469 2554 ille
509 2500 811 2553 versiculus
851 2499 905 2553 itt
949 2498 1316 2554 voluminibus
1355 2498 1728 2554 Hebraeorum.

144 2574 308 2628 Mur.
672 2590 682 2598 ·

204 2645 229 2682 δ
259 2645 385 2698 "me
414 2657 684 2696 annorum
715 2640 835 2696 Jobi
876 2657 1084 2707 summa
1129 2657 1303 2713 neque
1338 2640 1390 2695 iu
1443 2639 1730 2713 llebraico,

147 2732 310 2784 neque
361 2714 502 2780 apud
537 2713 774 2782 rt-liqttos
820 2713 1046 2781 interpr.
1090 2711 1288 2778 exstat,
1319 2723 1386 2784 fut
1431 2711 1730 2784 Colbertini

145 2783 340 2842 codicis
382 2796 550 2854 atque
591 2785 818 2839 alterius
852 2784 1006 2854 Regii
1039 2783 1364 2853 llemplaris
1393 2783 1531 2851 apud
1558 2784 1734 2837 illaut-

147 2857 444 2931 ial‘lcitlliUIii
481 2869 607 2931 neta
656 2864 930 2931 tcsuttttt'_:
963 2857 1020 2931 ob
1057 2854 1307 2931 astruit-39
1345 2854 1727 2931 rc?»_'t$_€paixr;i,

283 2929 432 3006 παρὰ
466 2935 580 2989 τοῖς
596 2927 812 2988 λοιποῖς.
860 2925 969 2982 Nos
1001 2927 1181 2998 itaque
1213 2929 1361 2982 illaut
1391 2925 1551 2980 obolo
1596 2942 1729 2979 con-

145 3005 390 3054 ludimus.

208 3084 228 3110 ε
261 3074 359 3127 llic
398 3069 602 3124 desinit
651 3068 816 3123 Ilebr.
870 3069 1335 3141 archetypum,et
1385 3067 1477 3138 qui
1523 3082 1589 3123 ex
1640 3068 1730 3135 illo

147 3143 536 3197 transtulerunt
558 3142 885 3207 interpretes
915 3140 1112 3196 Gra'ci.
1142 3143 1274 3208 Quae
1295 3141 1724 3208 subsequuntur,

145 3215 294 3266 obelo
334 3213 914 3283 singulisquibuSqtte
960 3213 1211 3268 versibus
1249 3220 1550 3283 pra-notata
1585 3212 1728 3280 apud

149 3284 279 3338 LXX
310 3295 365 3338 et
410 3253 873 3344 ’fheodiitinnetit.
909 3299 971 3337 es
1021 3253 1264 3354 Syriaco3
1297 3285 1577 3351 desumpta
1624 3253 1730 3336 'ha-

147 3361 349 3410 bentur.
404 3355 594 3409 Placet
639 3369 788 3422 vero,
839 3355 1274 3424 quandoquidem
1328 3365 1382 3407 et
1427 3371 1523 3424 per
1567 3354 1727 3424 inane

147 3425 605 3520 paglinesttatiutn
639 3426 782 3508 licet,
807 3426 1007 3520 vetleris
1041 3425 1281 3496 Vulgata:
1310 3423 1442 3506 edit.
1474 3423 1724 3478 ex'Grai-
1756 3459 1801 3520 Ο

149 3514 206 3552 ρι
231 3499 314 3552 hic
345 3497 855 3565 interpretationem
890 3497 1049 3560 hujus
1078 3496 1379 3550 assunteuti
1411 3511 1724 3566 apponere:

150 3571 406 3636 Scriptum
436 3580 510 3621 est
541 3578 713 3640 autem
744 3569 992 3640 quoniam
1015 3567 1100 3620 hic
1127 3577 1354 3640 resurget
1381 3584 1495 3620 cum
1522 3567 1610 3633 iis,
1643 3568 1733 3636 qui

145 3659 171 3692 a
202 3640 414 3694 Domino
435 3639 732 3708 suscitandi
760 3650 900 3692 sunt.
930 3639 1060 3702 Qua:
1087 3639 1394 3708 sequuntur,
1415 3654 1477 3692 ea:
1508 3639 1731 3708 Syriaca

147 3714 314 3765 rduta
341 3720 466 3764 sunt
497 3727 514 3765 .'
542 3707 645 3762 Job
679 3725 794 3763 vero
822 3710 1086 3764 habitabat
1117 3707 1170 3763 in
1201 3720 1336 3762 terra
1366 3707 1607 3770 Us,inter
1628 3719 1730 3761 ter-

145 3786 292 3836 minos
324 3781 498 3835 Edam
527 3793 576 3835 et
611 3781 835 3842 Arabite,
865 3794 910 3834 et
935 3793 1087 3836 antea
1111 3782 1390 3834 vocabamr
1409 3778 1594 3832 Jobab.
1626 3779 1674 3832 11
1685 3781 1731 3831 ic

147 3855 279 3907 duxit
303 3869 522 3908 uxorem
553 3853 899 3924 alienigenam
931 3850 1237 3923 (Arabem),
1260 3852 1470 3924 ipsique
1485 3859 1635 3904 natus
1655 3860 1731 3924 est

145 3926 293 3992 ﬁlius,
339 3926 512 3976 dictus
567 3920 774 3992 Ennmt.
808 3920 910 3976 Job
941 3920 1076 3977 'vcro
1116 3935 1225 3976 erat
1255 3920 1398 3991 [ilius
1426 3921 1599 3990 Zara’,
1635 3921 1732 3988 filii

150 3998 362 4060 ﬁliorum
393 3993 568 4059 Esau,
598 4006 644 4046 et
667 3991 836 4046 Bozra
857 4010 875 4056 ;
894 4003 940 4046 et
975 3995 1082 4060 ipse
1106 4002 1213 4048 erat
1244 3998 1454 4064 quintus
1479 3993 1541 4046 ab
1566 3992 1732 4046 Abra-

147 4068 279 4138 ham
309 4067 539 4138 (Arabs,
571 4066 790 4138 sextus).
829 4066 893 4138 lit
923 4065 976 4138 hi
1004 4081 1173 4138 reges,
1198 4066 1304 4138 _qu_i
1345 4073 1630 4138 regnarultt
1676 4067 1730 4118 in

148 4124 330 4216 ridear:
351 4137 443 4190 ubi
486 4124 591 4216 J
633 4124 904 4216 t'egtiavit._
930 4124 1143 4216 Primus
1165 4124 1354 4216 ’βαίη-ιε
1380 4124 1522 4204 [ilius
1551 4132 1686 4216 B_eor
1710 4151 1726 4188 :

147 4207 202 4258 l-It
244 4224 431 4261 nomen
472 4207 616 4260 urbis
665 4205 815 4260 istius
859 4206 956 4277 t_'iri
998 4205 1264 4260 Dentmba.
1312 4205 1376 4258 Et
1418 4215 1534 4277 post
1570 4208 1725 4274 himc,
1759 4267 1766 4270 ,

142 4277 294 4331 Jubab
337 4280 436 4332 iste
477 4281 573 4349 qui
602 4275 953 4349 rgcaIttrWJob
979 4293 996 4330 :
1032 4288 1079 4332 et
1109 4287 1223 4349 post
1263 4277 1387 4339 Job,
1418 4275 1614 4340 Asomi,
1643 4277 1731 4345 qui

146 4362 243 4401 mu
269 4347 511 4420 princeps
543 4349 600 4401 in
631 4347 788 4402 Terra
815 4347 1072 4404 Theman.
1111 4347 1188 4402 Et
1227 4361 1340 4416 post
1374 4364 1531 4420 cum,
1554 4349 1727 4412 Adad,

144 4421 268 4486 ﬁlius
297 4418 490 4493 Barac,
521 4421 604 4473 hic
631 4429 704 4473 est
730 4421 820 4490 qui
843 4420 1128 4493 occidit,et
1156 4422 1357 4493 fugavit
1405 4418 1624 4493 Madian
1675 4420 1727 4472 in

145 4493 340 4559 planitie
386 4490 545 4544 Moab
577 4507 597 4543 .°
628 4499 675 4544 et
724 4489 907 4544 nomen
964 4492 1102 4544 urbis
1149 4489 1264 4562 ejus
1296 4489 1539 4562 gethem.
1577 4489 1730 4562 Elea:

145 4564 310 4633 amicis
335 4563 458 4628 Job,
491 4564 584 4633 qui
604 4578 723 4615 eum
755 4573 1126 4633 conuenerunt,
1158 4559 1265 4615 erat
1289 4559 1497 4630 Elphaz
1521 4561 1584 4614 de
1604 4561 1728 4630 ﬁliis
1773 4605 1775 4607 .

151 4631 294 4698 Esau,
323 4644 371 4688 et
407 4631 513 4688 rexi
547 4633 831 4698 Themam;
855 4631 1063 4687 Batdad
1106 4650 1196 4689 rea:
1247 4633 1647 4700 Sauclueorum,
1679 4641 1729 4686 et

1909 2141 1935 2180 ιλ
1969 2141 2473 2216 Metniuerit_lector
2503 2142 2789 2198 verborum
2831 2144 3113 2216 Origenis,
3156 2143 3352 2213 quibus
3382 2145 3436 2202 in

1837 2214 2013 2269 fronte
2041 2213 2201 2282 hujus
2235 2213 2357 2267 libri
2390 2213 3000 2286 docebanturintegrant
3035 2217 3192 2270 ista'tn
3227 2231 3436 2285 partem

1837 2287 2008 2341 obelis
2039 2293 2274 2339 natatattt
2317 2286 2508 2340 abesse
2553 2287 2604 2340 itt
2643 2287 2990 2341 llebrteorttm
3017 2287 3390 2343 voluminibus
3413 2329 3430 2353 ,

1837 2356 2083 2428 quamvis
2109 2371 2228 2412 eam
2254 2358 2524 2411 retineant
2546 2358 2900 2426 Septuaginta
2945 2357 3279 2428 lnterpretcs
3305 2374 3429 2414 cum

1837 2427 2233 2482 'l‘lteudotionc.
2287 2428 2459 2483 Porro
2503 2429 2926 2483 additamentum
2975 2431 3076 2483 hoc
3119 2431 3434 2500 antiquissi-

1838 2515 1982 2552 tttttnt
2009 2513 2131 2551 esse
2168 2501 2516 2552 consentiunt
2552 2501 2750 2554 eruditi
2785 2515 2972 2554 omnes
3005 2517 3016 2551 :
3045 2501 3168 2569 quia
3204 2505 3436 2556 mentio-

1837 2585 1960 2625 nem
2008 2569 2127 2642 ejus
2152 2569 2398 2642 faciunt,
2440 2571 2687 2625 Aristeas
2708 2611 2722 2634 ,
2752 2571 2939 2633 Philo,
2973 2582 3024 2626 ct
3067 2571 3383 2642 Polyhistor
3407 2615 3424 2638 ,

1838 2649 1974 2696 teste
2001 2639 2330 2710 Spanltetuio
2356 2642 2407 2694 itt
2436 2642 2732 2706 llist..lub.,
2757 2657 2804 2695 c.
2837 2642 2890 2697 4.
2912 2645 3135 2710 Quanta:
3160 2639 3288 2697 vero
3319 2647 3431 2698 Γυν-

1836 2712 2257 2766 ritauetoritatis
2275 2712 2668 2777 apudtirmcos,
2686 2713 2825 2766 scire
2852 2715 3054 2780 poteris
3078 2730 3141 2767 ex
3169 2715 3429 2781 prozrmio

1833 2782 2250 2838 CatenzuGrurc.
2284 2782 2385 2838 PP.
2438 2785 2490 2838 itt
2518 2783 2638 2837 Joh.
2682 2785 2756 2837 De
2800 2785 2989 2838 eodem
3036 2784 3428 2840 additamento

1836 2853 1950 2926 haec
1991 2854 2155 2909 hibet
2301 2854 2664 2926 llieronytttus
2719 2854 2856 2908 libro
2911 2857 3280 2926 Qttmstionttttt
3330 2857 3434 2910 lle-

1835 2923 2137 2980 braicarttnt
2167 2942 2178 2978 :
2213 2923 2350 2978 Male
2375 2966 2389 2988 ,
2437 2923 2607 2994 inquit
2631 2965 2646 2986 ,
2679 2926 2892 2995 quidam
2937 2927 3189 2980 wstimant
3233 2923 3332 2979 Job
3373 2927 3438 2980 de

1833 3013 2015 3068 genere
2053 3011 2160 3049 esse
2206 2995 2343 3048 Esau
2374 3012 2393 3050 :
2423 2996 2678 3067 siquidem
2727 2996 2858 3049 illud
2899 2999 3034 3066 quod
3075 2999 3127 3050 in
3175 2999 3280 3066 ﬁne
3315 2997 3436 3052 libri

1833 3069 1996 3134 ipsius
2031 3069 2280 3132 habetur,
2327 3084 2384 3120 eo
2409 3071 2547 3138 quod
2579 3068 2641 3121 de
2687 3083 2917 3120 sermone
2961 3068 3099 3137 Syro
3146 3070 3435 3122 translatus

1833 3149 1906 3193 est
1930 3155 1948 3193 :
1979 3149 2025 3192 et
2053 3147 2265 3208 quartus
2285 3142 2349 3192 sit
2371 3137 2432 3192 ab
2459 3137 2622 3202 Esau,
2649 3147 2694 3191 et
2719 3140 2934 3205 reliqua,
2951 3156 3063 3208 qua:
3077 3140 3145 3193 ibi
3167 3141 3435 3192 continen-

1834 3221 1958 3276 tur,
1992 3212 2041 3264 in
2080 3209 2311 3262 llebra'is
2350 3210 2689 3264 roluminibus
2728 3226 2830 3262 non
2866 3210 3133 3263 habentur.
3173 3211 3435 3280 lliet‘uny-

1833 3295 1922 3336 mo
1943 3281 2317 3350 :tdjttngcntltts
2343 3280 2735 3350 Polycltronins
2767 3281 2855 3350 qui
2881 3282 3238 3335 additanteuti
3277 3281 3434 3335 tidem

1832 3369 2050 3418 ιιιιοοιιιο
2079 3349 2307 3423 elevavit
2337 3353 2419 3404 his
2446 3349 2627 3406 uerbis
2653 3369 2663 3403 :
2690 3349 3074 3423 Genertlogiam,
3106 3367 3220 3423 qua:
3249 3352 3300 3404 in
3327 3353 3431 3421 [ine

1834 3433 1930 3494 est,
1959 3424 2167 3492 quidam
2191 3422 2430 3488 rcjiciunt
2450 3467 2462 3488 ,
2499 3423 2622 3491 quia
2650 3424 2702 3494 i_n
2733 3421 2955 3476 Hebraeo
2980 3439 3080 3494 non
3103 3421 3434 3494 reperitur...

1840 3493 2083 3548 Nominis
2115 3494 2510 3548 similitudinem
2543 3495 2595 3547 in
2635 3492 2951 3564 Qenealogia
2993 3493 3137 3547 Esau
3160 3492 3178 3556 ⁷,
3230 3508 3346 3564 qute
3381 3495 3436 3546 in

1838 3565 1970 3619 libro
2000 3564 2256 3618 Geucscos
2279 3575 2442 3618 e.rstat
2469 3608 2482 3630 ,
2525 3565 2611 3617 ubi
2651 3562 2841 3617 Jobabi
2895 3567 3083 3618 mentio
3129 3562 3434 3633 [iu—ansam

1837 3638 2030 3690 erroris
2069 3648 2116 3690 et
2151 3634 2458 3705 Itujustnodi
2513 3635 2698 3689 scholii
2738 3634 3048 3701 quibusdam
3109 3637 3434 3701 praebuisse:

1839 3719 2111 3778 tractuque
2165 3709 2406 3774 temporis
2465 3715 2681 3777 postea,
2734 3721 2851 3778 quia
2901 3708 3124 3778 tuargini
3165 3708 3432 3776 adscripta

1839 3777 2028 3843 erant,
2076 3778 2130 3831 in
2185 3778 2303 3830 libri
2359 3788 2649 3831 contextum
2689 3777 2752 3829 ab
2801 3779 2922 3832 aliis
2968 3777 3236 3846 assumpta
3277 3779 3426 3843 esse,

1837 3859 2091 3903 asserunt.
2133 3848 2310 3902 Msn'r.

1915 3930 1936 3957 ι’
1965 3919 2192 3975 Additur
2219 3929 2482 3988 praetcrea
2515 3918 2568 3974 in
2611 3918 2981 3974 Alexandrino
3014 3919 3204 3974 codice
3236 3917 3428 3971 is:lt:r.c

1841 4005 1948 4044 non
1980 3992 2287 4060 spernenda
2321 3990 2540 4051 lacinia,
2570 4006 2729 4059 quam
2768 3991 2955 4044 Latine
2981 3995 3171 4044 salt-ent
3207 3997 3436 4060 praestat

1840 4059 2156 4117 describere
2187 4079 2202 4116 :
2236 4062 2480 4115 'l'hcntum
2518 4063 2660 4128 [ilius
2702 4061 2950 4133 Et’iphaz,
2999 4064 3275 4133 prwlectus
3301 4059 3440 4112 ldu-

1838 4150 2001 4189 maue.
2050 4133 2152 4187 Hic
2186 4135 2568 4205 interpretatur
2615 4150 2678 4187 ex
2725 4130 2964 4205 Syriaca
2992 4130 3149 4205 libro.
3190 4130 3260 4184 In
3304 4139 3443 4205 terra

1835 4206 2042 4272 quidem
2073 4205 2309 4258 Ausitide
2337 4201 2497 4275 '(Joh)
2528 4201 2886 4275 habitabntiad
2931 4203 3058 4273 lines
3106 4201 3431 4273 Euphratis.

1843 4276 1981 4329 Olim
2028 4278 2122 4338 (uit
2169 4274 2365 4330 nomen
2393 4279 2506 4344 ejus
2551 4275 2738 4329 Jobab.
2771 4274 2898 4329 Erat
2935 4287 3104 4328 autem
3143 4282 3287 4340 pater
3315 4275 3434 4344 ejus

1837 4347 2052 4410 Zuretti,
2093 4363 2157 4401 ea:
2179 4358 2295 4400 ortu
2326 4344 2487 4402 Solis.
2519 4346 2786 4402 Caeterum
2817 4363 2938 4401 cunt
2965 4347 3034 4400 de
3075 4346 3200 4408 isto,
3233 4354 3340 4396 tum
3369 4344 3440 4396 de

1838 4420 2125 4488 superiore
2167 4417 2537 4472 additamenta
2562 4416 2882 4488 Graecorum
2925 4417 3177 4488 codicum
3207 4414 3443 4488 veteris-

1837 4486 1941 4558 que
1968 4489 2209 4557 Vulgata:
2247 4490 2471 4549 Latinae.
2505 4487 2873 4544 conferendas
2905 4489 3021 4560 ipse
3047 4497 3131 4544 est
3159 4487 3218 4542 S.
3253 4486 3433 4541 inter-

1839 4576 1960 4630 pres
1991 4560 2046 4615 in
2075 4559 2179 4628 Qu.
2213 4561 2489 4616 llebt'aicis
2518 4561 2568 4615 itt
2603 4560 2880 4617 Genesim.

812 4903 1457 4979 ADMONITIO
1530 4904 1643 4977 IN
1723 4903 1996 4977 OPUS
2077 4904 2777 4994 SUBSEQUENS.

211 5143 540 5200 I’salmorum
594 5144 832 5200 volumen
851 5146 1009 5218 juxta
1041 5146 1395 5219 Septuaginta
1450 5146 1790 5219 Interpretes,
1839 5151 1995 5204 semel
2025 5155 2181 5221 atque
2234 5151 2420 5204 iterum
2469 5150 2799 5205 emendatum
2839 5147 2902 5218 (ψ
2947 5146 3286 5218 Hieronymo,
3334 5161 3456 5203 ante

151 5254 295 5292 annos
322 5241 535 5294 circiter
557 5242 752 5306 decem,
785 5238 842 5293 J.
877 5238 999 5294 Cari
1029 5241 1316 5313 presbyteri
1332 5241 1507 5296 studio
1544 5258 1607 5294 ac
1637 5241 1834 5306 labore,
1862 5240 2042 5297 Romae
2071 5244 2293 5317 primum
2315 5244 2511 5299 editum
2541 5253 2612 5298 est
2646 5259 2665 5297 :
2687 5242 2887 5295 additis
2917 5239 3074 5293 obelis
3109 5250 3153 5294 et
3184 5241 3447 5296 asteriscis

150 5329 193 5381 in
226 5347 286 5382 eo
315 5330 600 5396 Psalterio,
633 5333 772 5402 quod
809 5329 1150 5388 Gallicanum
1189 5343 1374 5389 vocant
1415 5342 1610 5390 veteres
1645 5352 1707 5389 ac
1738 5335 2046 5390 recentiores
2077 5337 2372 5407 scriptores.
2421 5337 2596 5408 llujus
2633 5335 2825 5390 eruditi
2851 5333 2973 5388 Cari
3022 5336 3349 5405 diligentiam
3393 5337 3447 5390 in

148 5423 332 5475 edendo
372 5424 577 5493 duplici
627 5423 941 5500 Hieronymi
971 5423 1254 5494 Psalterio,
1289 5436 1345 5481 ut
1393 5427 1763 5494 imitaremur;
1814 5430 2157 5501 nonnihilqne
2203 5431 2508 5502 castigatius
2539 5441 2586 5485 et
2615 5431 2819 5483 auctius
2875 5429 3019 5499 apud
3067 5447 3161 5482 nos
3191 5430 3444 5498 prodiret,

147 5515 460 5585 quamplura
484 5516 878 5586 antiquissimos
902 5519 1109 5574 codices
1132 5537 1255 5576 mss.
1289 5523 1686 5590 perquisicimus
1715 5527 1782 5578 ad
1804 5528 2096 5600 supplenda
2126 5545 2207 5594 ea,
2257 5543 2372 5598 qua:
2420 5538 2528 5581 tum
2576 5527 2629 5581 in
2662 5537 2828 5593 textu,
2853 5536 2960 5581 tum
2991 5528 3044 5580 in
3079 5527 3241 5598 signis
3271 5526 3447 5582 οὔριο-

147 5624 249 5659 nim
276 5616 320 5661 et
359 5611 732 5663 asteriscorum
769 5611 942 5664 deesse
989 5609 1662 5669 videbantur.'Sub.idinm
1709 5633 1830 5690 ergo
1876 5621 2204 5674 ministrante
2232 5619 2374 5672 haud
2420 5619 2668 5673 mediocri
2711 5621 2860 5692 capia
2901 5628 3126 5673 veterum
3175 5619 3438 5687 codicum,

144 5696 254 5751 Cari
274 5702 407 5756 satis
444 5702 663 5773 fecimus
675 5702 800 5756 satis
823 5704 950 5773 ;qui
977 5705 1155 5760 eodem
1177 5723 1298 5760 mss.
1327 5706 1578 5762 librorum
1602 5709 1874 5766 destitutus
1889 5714 2088 5767 auxilio
2100 5713 2291 5782 fatetur
2320 5712 2620 5765 inchoatum
2642 5729 2672 5766 α
2701 5729 2754 5766 se
2767 5729 2915 5784 opus,
2938 5713 3059 5766 aliis
3072 5711 3444 5783 perliciendum

147 5793 436 5849 tradidisse.
474 5795 700 5862 Horum,
731 5797 918 5866 inquit,
951 5798 1294 5856 Psalmorutn
1338 5800 1478 5854 tituli
1511 5815 1574 5855 es
1609 5818 1740 5858 mss.
1771 5804 2048 5859 codicibus
2076 5813 2132 5859 et
2159 5802 2491 5860 Cassiodoro
2517 5848 2531 5872 ,
2578 5814 2840 5875 quantum
2887 5803 3104 5874 quidem
3138 5802 3310 5868 licuit,
3345 5801 3442 5856 scd

148 5902 244 5945 non
263 5901 523 5962 quantum
552 5891 940 5963 oportebatlac
959 5897 1281 5966 optabamus
1317 5894 1463 5967 (cum
1506 5896 1560 5951 id
1595 5898 1671 5954 rei
1702 5898 1884 5970 plures
1922 5901 2360 5972 oculatioresque
2390 5902 2554 5968 viros,
2588 5916 2651 5957 ac
2684 5901 2830 5971 ipsos
2860 5898 3258 5967 manuscriptos
3282 5896 3444 5954 codi—
