4062 6356
3724 164 3775 193 ί

475 367 584 426 H9
1442 362 1501 419 S.
1546 359 1929 419 HIERONYMI
1967 358 2204 419 DIVINA
2244 357 2726 419 BIBLIOTIIECA.
3670 354 3809 419 120

478 500 603 552 vos,
633 482 835 554 quibus
866 481 1005 537 forte
1032 480 1190 537 labor
1219 478 1323 535 iste
1359 476 1616 546 desudat,
1656 493 1819 550 quam
1859 491 1956 534 eos
1981 478 2073 549 qui
2099 479 2152 539 Λ
2177 477 2360 533 dinem
2382 476 2750 549 perspexerit,
2769 475 2839 533 de
2857 476 3101 535 llebrteis
3129 475 3504 536 voluminibus
3530 477 3782 537 additum

479 575 812 645 exemplaria
833 570 1140 627 istiusmodi
1165 569 1369 627 liabere
1399 569 1692 637 voluerint,
1723 578 1783 626 ut
1799 578 1923 642 qua:
1952 570 2077 625 dili-

476 675 672 739 genter
686 663 1007 739 emendavi,
1038 678 1162 719 cum
1186 677 1316 717 cura
1349 669 1407 717 et
1449 661 1729 732 diligentia
1763 671 1788 700 ι
1818 661 2079 718 transcri-

478 738 886 816 banturrNotet
908 756 1013 813 sibi
1045 755 1416 826 unusquisque
1444 755 1526 811 vel
1547 754 1822 825 jaceutem
1844 756 2069 822 lineam,

478 853 571 909 vel
597 854 751 924 signa
782 852 1047 909 radiantia
1079 870 1093 907 :
1120 850 1173 907 id
1196 860 1307 920 est,
1335 851 1365 892 ιι
1395 851 1480 907 vel
1513 850 1704 907 obelos
1736 865 1795 905 σει
1831 851 1913 906 vel
1936 859 2081 907 aste-

473 948 649 1004 riscos
793 947 858 1003 Et
888 947 1217 1019 ubicumque
1236 947 1435 1005 viderit
1462 946 1728 1018 virgulam
1758 944 2075 1017 praeceden-

478 1048 586 1097 tem
628 1057 711 1106 φ,
743 1038 811 1094 ab
838 1055 900 1095 ea
935 1056 1104 1111 usque
1134 1040 1200 1095 ad
1226 1038 1333 1095 duo
1362 1040 1621 1110 puncta:
1666 1052 1789 1107 quae
1827 1038 2065 1106 impres-

475 1134 670 1196 simus,
702 1132 910 1187 sciatin
944 1132 1296 1202 Septuaginta
1320 1129 1739 1186 translatoribus
1764 1128 1870 1201 [AL
1893 1128 2066 1185 inter-

473 1222 738 1296 pretibus]
764 1223 886 1292 plus
909 1222 1120 1279 baberi.
1157 1222 1255 1280 Ubi
1284 1231 1467 1279 autem
1495 1221 1672 1277 stellae
1699 1222 1764 1287 >th
1810 1220 2064 1277 similitu-

546 1388 573 1418 ι
603 1379 769 1436 Vetus
798 1379 967 1437 editio
990 1379 1117 1435 anni
1141 1376 1303 1446 υθέ,
1333 1378 1508 1435 active
1526 1374 1687 1434 habet
1714 1376 2065 1433 transcribunt

475 1452 647 1509 ferme
676 1452 898 1507 rectius.

554 1524 578 1562 ι)
606 1522 924 1578 Addidimus
950 1521 1027 1576 vel
1057 1520 1326 1583 voculam,
1351 1534 1471 1590 quae
1489 1518 1700 1588 deerat,
1725 1535 1793 1579 ex
1815 1519 2070 1589 Palatini,

477 1595 722 1665 Regium,
741 1594 1081 1665 aliorumque
1109 1593 1371 1647 librorum
1395 1593 1746 1665 auctoritate.

547 1662 581 1704 θ’
602 1665 830 1720 Palatin.
886 1662 1074 1721 mshrb
1105 1679 1266 1728 usque
1297 1662 1684 1734 prsetermittit.

541 1734 569 1773 (ι
595 1735 744 1790 Idem
774 1749 903 1800 ms.,
924 1735 1118 1791 uidere.
1148 1734 1399 1790 Diximus
1429 1750 1565 1790 vero
1587 1734 1655 1791 ad
1676 1734 1950 1806 geminam
1979 1736 2067 1792 isti

473 1808 800 1863 sententiam
852 1808 906 1862 in
946 1806 1263 1875 praelatione
1294 1806 1545 1862 Psalterii
1580 1821 1647 1862 ex
1692 1805 1962 1864 Hebraico
1996 1808 2067 1864 ad

470 1877 866 1950 Sopltrouium,
891 1876 1067 1934 videri
1097 1879 1256 1934 nobis
1278 1877 1567 1950 legendum
1594 1886 1643 1933 et
1664 1878 1896 1934 invidere
1925 1895 1945 1935 :
1975 1894 2068 1937 ea-

2164 571 2422 635 .uoverit,
2449 585 2606 642 teque
2636 580 2660 608 ο
2697 585 2869 641 usque
2897 569 2967 626 ad
2997 571 3105 626 duo
3135 580 3332 642 puncta
3358 612 3375 638 ,
3417 571 3575 641 juxta
3601 571 3785 628 Theo-

2181 661 2424 718 dotionis
2444 661 2726 744 dumtaxat
2754 662 3050 718 editionem
3086 704 3101 730 ,
3150 663 3242 735 qui
3294 663 3646 734 simplicitate
3673 679 3788 722 ser-

2183 753 2361 809 monis
2393 768 2425 809 a
2478 752 2835 825 Septuaginta
2888 754 3281 823 interpretibus
3328 769 3437 811 non
3474 754 3777 813 discordat.

2148 847 2310 904 ~lltec
2345 862 2476 918 ergo
2516 856 2574 903 et
2608 847 2763 903 vobis
2807 855 2861 903 et
2907 846 3160 903 studioso
3213 847 3412 920 cuique
3465 847 3660 905 fecisse
3690 864 3784 907 me

2180 940 2385 1008 sciens,
2415 955 2521 996 non
2553 940 2772 1011 ambigo
2793 940 2993 996 multos
3014 940 3151 1008 fore,
3179 940 3274 1013 qui
3305 941 3390 998 vel
3418 940 3619 998 invidia
3646 981 3662 1009 ,
3696 942 3783 998 vel

2188 1033 2482 1104 supercilio
2504 1032 3054 1090 malintcoutemnere
3071 1030 3099 1069 τι
3118 1032 3286 1089 videri
3321 1033 3783 1105 praeclara,quam

2190 1126 2424 1194 discere,
2447 1137 2505 1183 et
2529 1126 2599 1183 de
2625 1126 2935 1183 turbulento
2962 1126 3133 1198 magis
3156 1125 3334 1182 rivulo
3390 1124 3521 1200 [AL
3576 1124 3732 1198 rivo]
3765 1166 3780 1191 ,

2188 1235 2351 1295 quam
2380 1219 2449 1277 de
2478 1220 2771 1294 purissimo
2793 1221 2941 1277 l'ontc
2969 1230 3225 1309 potared

2174 1395 2279 1450 que
2308 1395 2431 1437 esse
2455 1378 2613 1436 Plinii
2644 1377 2829 1452 verba,
2854 1393 2977 1452 qua;
2999 1378 3052 1452 in
3085 1393 3185 1435 sua
3202 1378 3555 1452 transtulerit
3581 1377 3644 1452 Si.
3669 1378 3777 1452 Pa-

2181 1462 2284 1507 ter.
2319 1452 2386 1508 Et
2428 1467 2563 1508 vero
2603 1452 2656 1506 in
2683 1451 2787 1506 alia
2833 1450 3155 1520 praefatione
3196 1450 3425 1507 inferius
3468 1450 3783 1508 recudenda

2179 1523 2231 1579 in
2257 1524 2425 1578 libros
2446 1519 2900 1594 Paralipomenon
2936 1521 3090 1592 juxta
3133 1520 3279 1577 LXX
3309 1562 3326 1588 ,
3373 1523 3475 1577 sub
3517 1519 3681 1579 linem
3709 1522 3783 1579 de

2178 1595 2279 1667 bac
2306 1596 2420 1667 ipsa
2454 1591 2695 1667 lectione
2743 1591 3033 1667 lide_jussor
3053 1593 3596 1667 S._ipsemet_dnctor
3624 1609 3779 1650 acce-

2178 1665 2294 1730 dit,
2324 1663 2416 1721 ubi
2455 1665 2523 1720 de
2554 1666 2775 1736 nomine
2828 1663 3070 1720 Plinium
3118 1663 3340 1719 laudat:
3378 1663 3592 1736 Optima
3639 1669 3782 1720 enim

2174 1753 2414 1807 quisque,
2440 1744 2497 1791 ut
2524 1737 2600 1790 ait
2626 1733 2855 1804 Plinius,
2888 1738 3089 1791 malunt
3111 1733 3454 1803 contemnere,
3476 1746 3526 1791 et
3550 1737 3782 1792 invidere

2171 1808 2430 1881 plerique,
2453 1823 2612 1882 quam
2641 1807 2862 1863 discere.

1910 2116 2352 2205 INCIPIT

958 2294 1653 2442 LIBER
1747 2292 3239 2467 PSALMORUM

2023 2541 2231 2587 JUXTA

1318 2687 2067 2769 SEPTUAGINTA
2139 2686 2255 2762 IN
2268 2688 2338 2759 Τ
2353 2686 2792 2760 EBPRET
2802 2687 2929 2761 ES

1195 2845 1288 2897 AB
1319 2840 1768 2896 HIERONYMO
1804 2841 2054 2893 SEMEL
2087 2840 2176 2894 ET
2212 2838 2510 2891 ITERUM
2551 2838 3032 2905 EMENDA'PUS

1032 2954 1231 3034 Atque
1256 2952 1327 3013 in
1355 2926 1469 3013 hac
1498 2949 1769 3014 editione
1797 2946 2007 3011 Obelis
2036 2956 2096 3009 et
2125 2946 2461 3010 Asteriscis
2493 2946 2567 3010 ab
2598 2946 2805 3012 eodem
2826 2947 3213 3014 illustratus.

1893 3165 2255 3231 PSALMUS
2295 3165 2347 3228 Ι.

1976 3296 1985 3304 ’
2099 3303 2148 3363 Β

544 3412 738 3467 Beatus
758 3409 856 3472 vir.
876 3408 965 3480 qui
996 3423 1099 3462 non
1129 3406 1257 3462 abiit
1287 3408 1341 3461 iu
1374 3404 1596 3461 consilio
1617 3407 1920 3480 impiarum.
1952 3415 1999 3462 et
2020 3408 2076 3462 in

763 3304 789 3333 “
819 3291 1274 3353 GALLICANUM
1312 3290 1780 3351 PSALTERIUM.

2517 3303 2538 3333 ο
2563 3290 2908 3350 ROMANI”!
2949 3290 3422 3353 PSAL'I‘ERIUM.

2252 3408 2449 3464 Beatus
2477 3407 2578 3474 vir,
2603 3407 2696 3479 qui
2720 3421 2827 3462 non
2851 3406 2985 3462 abiit
3014 3407 3068 3463 in
3094 3408 3327 3465 consilio
3357 3410 3652 3483 impiorum
3670 3456 3687 3481 ,
3717 3424 3777 3472 et

473 3509 557 3561 via
581 3513 911 3580 peccatorum
941 3518 1048 3557 non
1070 3502 1211 3556 stetit
1236 3518 1254 3557 :
1277 3498 1305 3539 ι)
1335 3500 1460 3555 etin
1482 3498 1731 3556 cathedra
1771 3501 2077 3573 pestilentiae
2180 3504 2235 3561 in
2265 3505 2351 3560 via
2381 3511 2725 3575 peccatorum
2753 3517 2860 3560 non
2885 3502 3035 3560 stetit
3059 3518 3072 3557 :
3100 3512 3157 3560 et
3193 3503 3248 3560 in
3295 3506 3557 3564 cathedra
3605 3510 3777 3580 pesti-

475 3618 579 3656 non
607 3600 764 3655 sedit.

549 3691 657 3748 Sed
685 3692 740 3745 in
766 3692 877 3762 lege
901 3686 1118 3743 Domini
1157 3686 1396 3741 uoluntas
1435 3687 1548 3759 ejus
1586 3701 1605 3740 :
1638 3686 1761 3741 etin
1811 3686 1923 3759 lege
1965 3688 2077 3759 ejus

477 3785 805 3842 meditabitur
832 3785 915 3839 die
942 3800 1002 3838 ac
1027 3791 1193 3839 nocte.

556 3879 623 3934 Et
646 3880 760 3947 erit,
796 3888 1056 3950 tamquam
1082 3872 1299 3947 lignum,
1324 3890 1369 3931 οξ
1391 3874 1530 3948 quod
1563 3877 1586 3947 ζ
1618 3875 1914 3948 plumatum
1936 3890 1981 3931 σε
2004 3885 2080 3931 est

2181 3596 2364 3653 lentiae
2395 3613 2503 3653 non
2534 3596 2699 3653 sedit.

2252 3689 2360 3747 Sed
2388 3690 2440 3745 in
2474 3690 2593 3761 lege
2616 3689 2831 3745 Domini
2864 3688 2967 3745 fuit
2995 3688 3251 3747 voluntas
3280 3690 3403 3763 ejus
3430 3708 3444 3747 :
3487 3698 3543 3748 et
3571 3690 3624 3747 in
3652 3692 3775 3765 lege

2182 3782 2303 3854 ejus
2333 3781 2682 3839 meditabitur
2711 3780 2799 3838 die
2827 3794 2891 3836 ac
2920 3789 3101 3837 nocte.

2256 3878 2323 3934 Et
2349 3877 2475 3945 erit,
2503 3885 2779 3949 tamquam
2807 3877 3033 3949 llgnum,
3064 3877 3208 3952 quod
3231 3876 3536 3951 plantatum
3576 3889 3661 3937 est
3684 3893 3776 3938 se-

477 3989 626 4029 secus
646 3973 890 4028 decursus
916 3987 1171 4044 aquarum
1200 3986 1220 4027 :
1242 3970 1381 4042 quod
1410 3970 1633 4043 fructum
1661 3983 1815 4024 suum
1836 3968 1980 4024 dabit
2016 3969 2073 4024 in
2180 3987 2277 4029 cus
2303 3972 2569 4030 decursus
2591 3987 2875 4044 aquarum.

479 4078 704 4139 tempore
730 4082 847 4121 suo.

2252 4065 2405 4135 Quod
2430 4065 2662 4122 fructum
2693 4081 2851 4121 suum
2884 4065 3034 4122 dabit
3072 4065 3125 4123 in
3158 4074 3408 4139 tempore
3428 4083 3527 4124 suo
3559 4087 3571 4123 :
3607 4078 3662 4124 et
3693 4067 3776 4124 lo-

550 4160 621 4214 Et
640 4159 825 4226 [otium
854 4162 967 4232 ejus
1004 4174 1107 4214 non
1133 4157 1327 4231 deﬂuat
1370 4170 1391 4214 :
1426 4164 1474 4214 et
1517 4156 1693 4213 omnia
1737 4173 2076 4231 quacumque
2175 4157 2309 4215 lium
2333 4157 2452 4229 ejus
2483 4174 2592 4215 non
2622 4156 2855 4230 decidet,
2884 4166 2940 4215 et
2964 4158 3146 4216 omnia
3173 4174 3529 4233 quatcumque
3553 4158 3769 4229 fecerit,

478 4256 651 4325 faciet,
682 4251 1143 4327 prosperabuntur.

551 4423 576 4452 α
607 4416 663 4470 lu
694 4428 795 4468 ms.
830 4411 1000 4483 Regio
1036 4411 1271 4483 556l4ac
1315 4410 1384 4483 ini
1407 4404 1725 4483 Colbe‘rtino
1743 4408 1903 4483 2200_
1930 4409 2071 4483 banc

482 4488 712 4559 legimus
735 4479 1063 4559 epigru'plten
1090 4484 1141 4559 in
1172 4481 1358 4559 fronte
1374 4480 1533 4550 hujus
1557 4481 1812 4559 editionis
1838 4499 1851 4534 :
1878 4479 2070 4554 Incipit

2179 4249 2662 4321 prosperabuntur.

2172 4410 2335 4483 igitur
2362 4409 2431 4467 de
2456 4410 2558 4467 hac
2587 4411 2701 4483 ipsa
2728 4410 3103 4483 recognitione
3123 4410 3374 4468 Psalterii
3398 4410 3475 4469 ait
3514 4411 3575 4470 S.
3610 4412 3774 4470 Pater

2174 4481 2270 4538 lib.
2307 4494 2573 4537 xtcnntra
2592 4481 2844 4537 Ruﬁnum
2874 4523 2888 4542 .
2932 4481 3251 4537 Psalterium
3293 4484 3772 4540 emendatissimum

477 4549 798 4613 Psalterium
828 4549 905 4626 'de
928 4549 1290 4626 translatione
1319 4549 1661 4626 Septuaginta
1700 4549 2068 4626 Interpretunt,
2164 4558 2321 4625 juxta
2366 4551 2518 4608 LXX
2565 4554 2871 4626 interpretes
2912 4563 3090 4608 nostra
3134 4553 3313 4609 labore
3348 4554 3559 4626 dudum
3597 4554 3771 4612 Roma

477 4628 802 4685 emendatum
822 4644 854 4681 a
875 4625 934 4682 S.
965 4624 1286 4696 Hieronymo
1309 4624 1620 4696 presbytero,
1644 4625 1698 4678 in
1719 4639 1868 4678 novo.
1886 4624 2074 4696 Poste-

478 4702 681 4756 l'iut'em
713 4698 1008 4753 editionem
1056 4694 1321 4751 vocabant
1369 4694 1689 4752 Psalterium
1719 4694 2069 4754 emendatum

481 4789 514 4825 a
545 4786 697 4837 novo,
723 4770 773 4823 id
795 4782 900 4829 est.
930 4769 993 4822 de
1023 4783 1173 4822 nouo.
1206 4767 1386 4837 Many.

2174 4626 2439 4697 suscepit:
2465 4640 2573 4679 nun
2607 4625 2676 4697 ita
2704 4624 3054 4694 accipiendas
3084 4636 3202 4691 est,
3232 4625 3385 4697 quasi
3424 4625 3484 4697 in
3515 4625 3633 4697 ejus
3664 4628 3769 4684 Ec-

2173 4694 2356 4752 clesia:
2381 4710 2553 4779 .usum
2611 4695 2989 4781 bocﬂqunque.
3026 4694 3322 4781 acceptum
3360 4694 3557 4781 fuisse'
3574 4697 3720 4754 dicat
3751 4716 3767 4754 :

2173 4783 2295 4836 qua!
2317 4776 2498 4836 priore
2517 4776 2854 4822 οοννθριίοηθ
2867 4776 3143 4830 contenta.
3169 4781 3289 4823 eam
3309 4777 3455 4823 tenet
3467 4776 3766 4826 etiamnum

554 4818 1172 4912 s“ii;.'e.;iu.:ii..'..;,;;
1200 4818 1517 4912 ξεξδσζὶηηω
1545 4838 1937 4912 "meum...
1970 4851 2069 4906 ιντο
2096 4818 2143 4885 c
2174 4818 3089 4912 i1.vatiuatimagistua
3120 4818 3288 4895 uti;
3311 4818 3767 4912 aputanti};

478 4913 858 4983 conjunctione
885 4921 1092 4981 et,qure
1120 4909 1317 4983 legitur
1340 4909 1394 4964 in
1422 4910 1669 4983 Hebrteo.
1692 4908 1944 4983 Similem
1965 4923 2069 4965 ms.

477 4978 666 5053 habuit
692 4984 885 5050 Carus,
910 4978 1004 5052 qui
1024 4978 1349 5053 prrenotavit
1368 4989 1425 5036 et
1438 4982 1553 5053 ipse
1581 4981 1799 5053 obelum
1830 4978 1896 5034 ad
1918 4993 2070 5053 eain-

477 5051 615 5110 dem'
632 5051 973 5121 particulam.
1005 5052 1110 5107 Alii
1134 5067 1264 5108 mss.
1291 5068 1422 5121 pure
1445 5051 1632 5123 legunt
1655 5052 1861 5123 absque
1882 5051 2068 5106 obelo.

479 5128 658 5183 Mam.

556 5208 579 5235 α
612 5197 913 5251 Romanum
942 5198 1045 5251 lioe
1073 5195 1292 5262 dicitur,
1321 5194 1467 5265 quod
1498 5194 1616 5249 sive
1657 5193 1904 5265 Damasi,
1953 5192 2069 5265 sive

478 5269 710 5324 aliorum
753 5269 913 5321 etiam
963 5266 1031 5322 de
1080 5266 1223 5323 Urbe
1270 5264 1570 5319 amicorum
1622 5276 1811 5334 rogatu
1853 5264 1907 5318 in
1946 5264 2067 5332 ejus

475 5349 626 5394 certe
654 5338 907 5393 Ecclesia:
938 5340 1166 5407 gratiam
1198 5347 1361 5406 atque
1390 5351 1545 5391 usum
1582 5336 1742 5407 interit
1772 5335 1843 5389 ab
1871 5335 2062 5407 lliero-

479 5406 1117 5482 nymoielaboratiunput
1146 5423 1210 5482 es
1246 5407 1434 5482 primis
1466 5406 1648 5482 statim
1691 5406 1902 5482 prologi
1933 5419 2064 5460 ver-

476 5476 561 5536 bis
588 5480 903 5535 didicimus:
930 5478 1249 5533 Psalterium
1274 5476 1451 5531 Romae
1470 5476 1666 5547 dudum
1680 5476 1873 5547 positus
1893 5492 2066 5531 emen-

481 5554 665 5606 daram
689 5562 735 5607 et
747 5554 902 5623 juxta
931 5549 1021 5604 LX
1029 5549 1076 5603 Χ
1108 5550 1432 5623 interpretes,
1462 5546 1800 5623 licet_cursim
1824 5587 1840 5612 ,
1880 5564 2070 5618 magna

478 5623 613 5678 illud
644 5640 707 5677 ea;
736 5618 879 5692 parte
907 5636 1252 5677 correxerunt.
1286 5618 1529 5692 Alterum
1553 5618 1726 5675 ubelis
1741 5629 1902 5690 atque
1918 5629 2063 5692 aste-

477 5694 635 5750 rlscis
665 5690 1003 5749 distinctum.
1027 5702 1083 5748 et
1109 5690 1395 5762 posteriori
1421 5692 1856 5760 accuratinrique
1883 5690 2066 5762 studio

476 5782 506 5818 a
539 5766 596 5821 S.
622 5766 855 5822 Doctore
881 5765 945 5818 ad
970 5761 1216 5821 Graecum
1239 5763 1542 5833 llexaplare
1554 5761 2063 5829 emendatum,Gal-

2179 4919 2242 4983 et_
2260 4910 2484 4983 Romam
2517 4909 2759 4964 laborem
2773 4910 2930 4983 _buttc
2964 4924 3120 4983 suum
3133 4909 3769 4983 irattsmiserittqtt'em-

2177 4980 2469 5035 admodum
2506 4989 2563 5035 et
2601 4980 2855 5049 superius
2890 4981 3089 5035 laudati
3133 4979 3366 5035 Palatini
3403 4979 3608 5037 codicis
3640 4992 3766 5038 nota

2174 5051 2400 5107 indicat.
2429 5051 2543 5107 Hoc
2572 5066 2734 5121 porro
2758 5049 3091 5107 Gallicanum
3125 5051 3448 5107 Psalterium
3477 5066 3604 5108 cum
3632 5053 3770 5109 obe-

2177 5122 2245 5196 iis
2282 5131 2447 5196 eique
2473 5123 2751 5196 asteriscis
2786 5123 3182 5179 commentario
3209 5122 3477 5178 Brunonis
3524 5124 3768 5196 episcopi

2174 5192 2580 5265 llerbipolensis
2617 5192 2941 5248 illustratum
2990 5196 3166 5259 primo
3198 5196 3339 5263 typis
3370 5192 3647 5265 vulgatum
3677 5192 3767 5251 est

2173 5280 2318 5319 anno
2345 5263 2505 5329 1694,
2536 5279 2601 5319 ac
2619 5264 2820 5320 deinde
2845 5279 2990 5320 anno
3019 5265 3192 5331 l6l8,
3219 5267 3272 5319 in
3301 5263 3637 5321 Bibliotheca
3658 5266 3766 5322 Pa-

2173 5344 2316 5391 trum
2338 5334 2680 5401 Coloniensi,
2709 5347 2858 5390 tomn
2885 5350 2937 5389 xl
2964 5350 3213 5391 recusant
3242 5350 3307 5392 ex
3334 5334 3563 5392 Joannis
3587 5336 3770 5392 Cocli-

2175 5408 2256 5478 l:ei
2287 5406 2681 5478 recognitione.
2706 5406 3070 5478 Alianrhujus
3097 5406 3395 5463 editionem
3444 5408 3575 5478 anni
3624 5407 3765 5465 1559

2175 5476 2361 5533 laudat
2384 5475 2637 5533 Usserius
2665 5478 2735 5532 de
2757 5475 2902 5533 LXX
2929 5479 3201 5543 versione,
3225 5481 3405 5549 capite
3431 5477 3488 5534 9.
3518 5478 3765 5548 Denique

2172 5550 2336 5621 aliam
2368 5563 2495 5621 ven.
2518 5552 2729 5604 eardin.
2755 5549 3078 5621 'l‘bomasius
3102 5591 3119 5618 ,
3158 5549 3262 5604 sub
3284 5550 3505 5605 nomine
3538 5549 3765 5621 Joseplti

2170 5619 2349 5692 Mariae
2370 5620 2494 5692 Cari
2524 5619 2827 5692 presbyteri
2851 5634 2884 5677 e
2911 5618 3188 5676 Vaticanis
3225 5635 3356 5678 mss.
3396 5634 3612 5675 summo
3648 5618 3766 5674 stu-

2169 5690 2262 5746 dio
2282 5705 2346 5747 ac
2375 5690 2650 5764 diligentia
2672 5690 3019 5764 concinnavit
3043 5731 3059 5757 ,
3079 5707 3267 5764 quam
3320 5702 3378 5748 et
3419 5692 3763 5747 Martianteus

2170 5760 2556 5829 usurpavit,“
2583 5776 2684 5819 nos
2714 5761 2783 5819 de
2814 5764 2984 5821 verbo
3026 5762 3096 5820 ad
3122 5760 3367 5821 'verbum
3412 5764 3763 5821 continenter

476 5837 709 5892 lieanum
738 5852 802 5892 ea
831 5836 899 5892 de
925 5850 1087 5892 causa
1132 5836 1331 5906 dicitur
1355 5879 1368 5903 ,
1398 5832 1568 5905 quod
1617 5850 1684 5891 eo
1737 5834 2061 5906 jampridem
2166 5832 2542 5906 expendimus.

481 5908 756 5965 Gallicana
801 5908 1040 5964 Ecclesia
1080 5908 1132 5963 in
1171 5905 1370 5962 divinis
1397 5903 1595 5964 ciliciis
1638 5903 1751 5964 usa
1779 5903 1884 5963 est.
1924 5903 2060 5961 Cum
