4062 6356
207 376 308 435 121

1505 356 1708 416 LIBER
1745 352 2189 413 PSALMORUM.

3410 356 3518 413 1‘23

274 491 402 546 Non
443 489 514 544 sie
532 487 685 558 impii
732 500 791 541 οε-
837 501 941 540 non
983 484 1057 538 sic
1090 484 1112 551 1
1147 480 1261 546 sed,
1310 489 1569 547 tamquam
1610 474 1803 547 putris,
1833 474 1889 533 Α
1979 470 2095 527 Non
2148 472 2231 526 sic
2271 470 2446 542 impii,
2499 484 2607 527 non
2637 470 2715 526 sic
2755 468 2922 543 :sed,
2974 477 3248 540 tamquam
3306 470 3510 542 pulvis,

202 602 347 654 quem
373 582 585 656 projicit
615 591 789 635 ventus
820 594 861 634 σε
907 596 938 631 α
971 577 1106 647 {acie
1128 587 1279 630 terra!
1311 575 1333 642 1

268 675 402 730 Ideo
429 691 531 728 non
563 682 589 711 ³
617 679 884 744 resurgent
910 670 1057 742 impii
1087 670 1139 722 in
1161 666 1389 739 judicio,
1424 678 1586 735 neque
1627 677 1806 734 pecea-

201 778 329 822 tores
353 768 410 820 in
440 766 661 820 concilio
673 769 937 836 justorum
963 778 981 816 :

268 860 527 926 Quoniam
556 860 696 913 norit
730 857 983 912 Dominus
1005 854 1139 909 viam
1151 856 1419 926 justorunt
1450 866 1471 906 :
1500 862 1546 906 et
1577 848 1672 905 iter
1700 848 1801 903 int-

201 954 401 1024 piorum
426 952 638 1024 peribit.

1908 582 2071 637 quem
2105 567 2320 637 projicit
2351 574 2542 621 ventus
2574 582 2604 620 a
2634 564 2775 621 facie
2805 574 2985 620 terrae.

1981 659 2107 713 Ideo
2135 674 2241 713 non
2268 668 2556 729 resurgunt
2584 658 2735 728 impii
2762 659 2815 712 in
2835 657 3042 728 judicio
3073 673 3086 713 :
3113 671 3288 728 neque
3316 671 3508 727 pecca-

1909 762 2055 810 tores
2083 764 2107 801 8
2138 754 2191 808 in
2214 754 2446 809 concilio
2472 753 2765 824 jnstorum.

1977 850 2243 917 Quoniam
2276 850 2422 903 novit
2462 847 2723 904 Dominus
2757 847 2900 902 viam
2937 845 3211 916 iustorum
3256 864 3267 899 :

1911 942 2201 1013 impiorum
2235 942 2450 1013 peribit.

3319 854 3372 902 et
3404 845 3506 901 iter

1606 1036 1971 1100 PSALMUS
2014 1038 2095 1100 ll.

771 1156 1009 1198 PSALIUS
1040 1156 1217 1200 DAVID.

268 1238 441 1306 Quare
485 1237 809 1309 fremuerunt
837 1244 1015 1310 gentes
1057 1252 1074 1289 :
1116 1245 1162 1289 et
1191 1232 1370 1305 pepuli
1407 1230 1641 1285 meditati
1682 1241 1802 1285 sunt

201 1334 415 1388 inania?

263 1427 551 1480 Astiternnt
586 1440 731 1495 reges
771 1434 943 1488 terrte,
992 1430 1039 1476 et
1064 1420 1327 1493 principes
1368 1428 1707 1475 convenerunt
1746 1418 1801 1473 in

198 1538 350 1577 unum
375 1538 395 1575 :
424 1519 676 1573 adrersus
708 1517 986 1573 Dominum
1017 1527 1063 1572 et
1095 1515 1336 1570 adversus
1367 1512 1631 1569 Christum
1688 1514 1799 1584 ejus

203 1633 255 1672 σθ
291 1616 603 1671 Disrsstus
632 1614 654 1682 1

263 1707 638 1778 Dirumpamus
663 1708 869 1760 uincula
899 1720 1076 1759 eorum
1106 1719 1123 1757 :
1153 1710 1201 1758 et
1227 1700 1565 1772 projieiamus
1592 1698 1620 1739 δ
1650 1715 1681 1753 a
1710 1715 1803 1753 no-

200 1803 269 1856 bis
278 1804 473 1873 jugunt
495 1802 746 1871 ipsorum.
978 1868 985 1871 Α

264 1910 321 1950 +
354 1893 460 1961 Qui
487 1896 507 1963 1
535 1895 738 1948 habitat
762 1894 817 1947 in
836 1892 999 1960 costis,
1027 1905 1083 1946 -τ-
1114 1891 1161 1944 ir
1191 1889 1213 1957 1
1242 1888 1426 1943 ridebit
1456 1901 1515 1943 -θ
1550 1902 1633 1942 eos
1659 1902 1677 1942 :
1699 1896 1746 1940 et
1774 1886 1795 1955 1

203 1989 449 2043 Dominus
478 1986 817 2042 subsannabit
848 2002 957 2041 eos.

266 2080 406 2135 Tunc
438 2081 680 2152 loquetur
705 2080 775 2133 ad
804 2095 907 2143 eos,
954 2078 1008 2132 in
1033 2077 1113 2131 ira
1148 2092 1244 2132 sua
1283 2091 1301 2130 :
1328 2086 1375 2131 et
1409 2076 1463 2130 in
1490 2077 1667 2145 furore
1706 2089 1800 2128 suo

204 2174 523 2231 conturbabit
552 2189 658 2228 eos.

263 2266 370 2340 Ego
410 2275 587 2320 autem
636 2264 944 2319 constitutus
990 2279 1105 2317 sum
1134 2276 1229 2316 rex
1277 2275 1338 2316 -εν
1381 2260 1445 2314 ab
1477 2276 1536 2313 eo
1576 2258 1597 2326 1
1644 2274 1800 2327 super

203 2358 320 2415 Sion
341 2369 570 2413 montem
592 2368 829 2412 sanetum
846 2357 958 2426 ejus
978 2372 995 2409 :
1015 2355 1306 2427 praedicans
1322 2360 1639 2425 proruptum
1662 2354 1797 2422 ejus.

267 2451 522 2505 Dominus
550 2450 685 2504 dixit
711 2447 782 2502 ad
814 2464 914 2515 me,
946 2444 1118 2501 Filius
1149 2461 1289 2500 meus
1318 2459 1370 2498 es
1400 2453 1455 2497 tu
1484 2458 1503 2496 :
1532 2458 1625 2513 ego
1644 2440 1799 2495 hodie

204 2543 345 2615 genui
376 2556 449 2597 te.
486 2552 509 2580 ο

266 2633 489 2689 Postulo
538 2649 573 2687 α
616 2648 715 2700 me,
764 2640 812 2685 et
854 2630 987 2685 dabo
1038 2630 1129 2684 tibi
1172 2638 1347 2701 gentes
1380 2668 1395 2694 ,
1448 2626 1799 2681 Iucreditatetn

207 2737 334 2782 tuaru
368 2743 385 2781 :
419 2736 470 2782 et
499 2728 873 2799 possessionem
897 2733 1063 2790 tuam,
1090 2724 1333 2776 terminos
1356 2730 1524 2775 terrw.

269 2819 435 2888 Reges
466 2834 553 2871 eos
577 2818 633 2872 in
662 2817 803 2887 virga
848 2817 1013 2887 ferrea
1044 2830 1062 2870 :
1101 2813 1129 2851 ά
1172 2828 1231 2869 +
1272 2823 1322 2868 et
1357 2812 1377 2881 1
1414 2821 1677 2882 tamquam
1714 2826 1803 2865 vas

204 2911 337 2983 ﬁguli
361 2912 665 2982 eonfringes
692 2927 799 2966 eos.

267 3002 330 3058 Et
356 3021 522 3071 nunc,
558 3021 726 3075 reges,
765 3003 1037 3075 intelligite
1064 3018 1079 3057 :
1110 3000 1387 3057 erudimini
1418 3013 1475 3054 -θ
1512 2998 1601 3069 qui
1642 2999 1664 3067 1

208 3095 379 3150 dicatis
411 3107 628 3151 terram.

268 3190 472 3245 Servite
498 3190 724 3245 Domino
767 3189 821 3243 in
868 3192 1050 3243 timore
1086 3203 1107 3244 :
1150 3198 1197 3244 et
1226 3197 1251 3227 ε
1283 3186 1536 3243 επδυιωιε
1581 3202 1641 3242 -ξο
1685 3186 1731 3242 ei
1776 3186 1798 3254 1

207 3298 308 3336 61111
338 3295 587 3339 tremore.

1705 3001 1802 3072 1'“-

2478 1153 2713 1193 I‘SALIIUS
2751 1152 2930 1193 DAVID.

1981 1230 2159 1298 Quare
2199 1228 2226 1267 ιι
2278 1230 2611 1287 fremuerunt
2662 1241 2871 1302 gentes,
2925 1238 2980 1285 et
3028 1228 3211 1300 populi
3262 1228 3503 1287 meditati

1910 1331 2040 1376 sunt
2069 1320 2288 1375 inania?

1979 1412 2282 1469 Astiterunt
2310 1426 2465 1483 reges
2497 1420 2677 1479 terrae,
2710 1421 2765 1467 et
2806 1411 3079 1483 principes
3135 1420 3506 1467 convenerunt

1907 1508 1962 1563 in
1994 1526 2157 1565 unum
2193 1529 2203 1562 :
2236 1508 2501 1565 adversus
2530 1510 2844 1576 Dominum,
2892 1518 2947 1565 et
2986 1506 3000 1544 ί
3048 1508 3310 1563 adversus
3339 1505 3499 1563 Cbri-

1906 1614 2048 1659 stum
2073 1604 2216 1674 ejus.
2250 1604 2577 1661 Drusum.

1982 1696 2363 1766 Dirmupamus
2407 1696 2622 1752 vincula
2665 1710 2854 1752 eorum

1906 1788 2064 1843 nobis
2092 1788 2279 1859 jugum
2311 1788 2579 1858 ipsorum.

1975 1880 2076 1947 Qui
2120 1880 2327 1935 habitat
2369 1880 2421 1935 in
2453 1879 2628 1950 caelis,
2676 1878 2924 1935 irridebit
2970 1894 3067 1936 eos
3106 1897 3119 1935 :
3151 1888 3206 1936 et
3243 1877 3505 1936 Dominus

2905 1711 2918 1752 :
2968 1704 3025 1751 et
3074 1693 3426 1766 projiciamus
3472 1708 3503 1750 a

1834 1966 1881 2026 B
1908 1974 2264 2029 subsannabit
2286 1988 2403 2030 eos.

1975 2067 2127 2123 Tunc
2159 2068 2408 2139 loquetur
2450 2068 2516 2123 ad
2558 2083 2675 2137 eos,
2709 2067 2760 2123 in
2800 2068 2883 2123 ira
2914 2083 3012 2124 sua
3044 2086 3054 2121 :
3087 2075 3143 2124 et
3182 2067 3275 2123 ini
3318 2067 3502 2124 lurore

1904 2174 2003 2215 suo
2030 2161 2381 2216 conturbabit
2408 2175 2523 2216 eos.

1976 2255 2089 2326 Ego
2122 2266 2299 2312 autem
2328 2258 2659 2312 constitutus
2688 2270 2805 2311 sum
2836 2270 2931 2311 rex
2961 2254 3029 2309 ab
3051 2268 3139 2322 eo,
3177 2268 3344 2324 super
3371 2253 3502 2309 Sion

1904 2357 2143 2405 montem
2165 2360 2413 2405 sanctum
2431 2350 2548 2420 ejus
2570 2369 2581 2404 :
2600 2349 2905 2421 praedicans
2920 2356 3249 2418 praeceptum
3268 2346 3501 2402 Domini.

1978 2441 2241 2495 Dominus
2270 2441 2410 2497 dixit
2440 2443 2505 2496 ad
2536 2457 2641 2508 me,
2678 2440 2847 2495 Filius
2878 2454 3033 2496 meus
3061 2453 3120 2495 es
3151 2448 3208 2495 tu
3242 2456 3254 2492 :
3284 2452 3384 2509 ego
3407 2437 3505 2494 lio-

1908 2534 2000 2591 die
2029 2538 2191 2606 genui
2225 2545 2300 2593 te.
3251 2583 3259 2591 .

1978 2626 2197 2682 Postula
2246 2642 2276 2682 a
2310 2642 2416 2692 me,
2447 2636 2502 2682 et
2546 2625 2686 2681 dabo
2719 2624 2814 2680 tibi
2860 2633 3071 2696 gentes,
3130 2623 3503 2681 hereditatem

1906 2726 2053 2773 tuam
2089 2737 2100 2772 :
2129 2729 2184 2775 et
2216 2718 2240 2756 κ
2270 2719 2668 2789 possessionem
2703 2728 2872 2784 tuam,
2898 2718 3161 2772 terminos
3193 2726 3374 2772 terrae.

1978 2811 2265 2882 [legeseos
2294 2812 2347 2867 in
2380 2812 2525 2884 virga
2557 2811 2731 2868 ferrea
2759 2820 2873 2876 :et,
2902 2821 3176 2881 tamquam
3209 2824 3301 2865 vas
3330 2810 3500 2881 llguli,

1906 2903 2217 2974 conlringes
2246 2919 2363 2960 eos.

1983 3000 2049 3054 Et
2093 3014 2255 3065 nunc,
2313 3014 2492 3069 reges,
2540 2997 2826 3069 iutelligite
2868 3014 2883 3055 :
2926 2995 3241 3065 erudimini,
3289 3011 3504 3067 omnes,

1908 3092 1998 3164 qui
2017 3091 2276 3161 judicatis
2305 3100 2531 3147 terram.
2596 3086 2601 3091 ’

1980 3185 2195 3241 Servite
2247 3184 2483 3241 Domino
2522 3183 2575 3239 in
2624 3183 2819 3239 timore
2854 3200 2867 3238 :
2911 3193 2965 3239 et
2997 3183 3264 3240 exsultate
3303 3182 3353 3239 ei
3384 3197 3506 3238 cum

1909 3286 2166 3334 tremore.

267 3378 652 3450 Appreliendite
688 3377 1047 3449 disciplinam,
1087 3392 1151 3430 ne
1189 3374 1397 3447 quando
1438 3373 1697 3427 irascatur
1737 3386 1783 3427 -ξ
1833 3356 1877 3420 C
1981 3368 2391 3441 Apprebendite
2449 3368 2819 3440 disciplinam,
2863 3382 2933 3423 ne
2973 3365 3191 3439 quando
3240 3366 3508 3423 irascatur

210 3468 457 3524 Dominus
484 3470 504 3537 1
534 3482 583 3524 et
611 3470 833 3539 pereatis
864 3472 927 3523 de
948 3470 1030 3523 via
1061 3483 1119 3522 αθ
1146 3471 1296 3540 justo
1322 3466 1344 3533 1

269 3562 394 3615 Cum
434 3562 689 3617 exarserit
720 3564 773 3616 in
814 3562 947 3616 brevi
988 3562 1067 3615 ira
1105 3563 1217 3633 ejus
1248 3577 1265 3614 :
1297 3558 1433 3613 beati
1469 3573 1668 3625 omnes,
1712 3557 1800 3628 qui

208 3656 465 3725 conﬁdunt
491 3657 543 3709 in
576 3671 659 3711 eo.

1914 3463 2181 3518 Dominus
2209 3480 2222 3517 :
2258 3459 2275 3501 ι
2309 3478 2379 3519 ne
2408 3462 2644 3534 pereatis
2669 3461 2738 3517 de
2761 3461 2846 3515 via
2872 3461 3041 3531 justa.

1980 3555 2114 3612 Cum
2160 3556 2508 3613 exarserit‘in
2532 3556 2679 3613 brevi
2712 3556 2789 3612 ira
2815 3556 2934 3625 ejus
2964 3570 2977 3607 :
3013 3552 3159 3610 beati
3190 3566 3379 3609 omnes
3409 3550 3501 3624 qui

1907 3651 2189 3708 conﬁdunt
2216 3651 2270 3707 in
2300 3666 2389 3709 eo.

1596 3746 1958 3810 PSALMUS
2000 3748 2114 3809 Ill.

280 3868 517 3909 PSALIUS
567 3868 753 3918 DAVID,
791 3867 897 3908 CUI
929 3867 1173 3906 FL'GERB‘I'
1220 3868 1251 3906 Δ
1284 3865 1438 3908 FACIE
1475 3866 1712 3919 ΑιιεΑιοκ

870 3939 994 3979 FILII
1027 3939 1133 3978 SUI.

222 3996 237 4011 ’
266 4016 511 4083 Domine,
544 4017 671 4088 quid
709 4016 1042 4087 multiplicati
1083 4024 1222 4081 sunt,
1258 4015 1346 4085 qui
1390 4014 1642 4069 tribulant
1686 4014 1805 4069 me?

206 4105 350 4163 Nulli
376 4109 659 4181 insurgunt
688 4109 961 4163 adversum
992 4124 1094 4163 me.

268 4203 427 4258 Multi
454 4206 631 4259 dicunt
661 4205 851 4259 anima:
881 4219 1045 4259 mete:
1075 4202 1199 4258 Non
1219 4211 1291 4257 est
1320 4204 1461 4259 salus
1482 4203 1580 4275 ipsi
1600 4204 1651 4257 in
1686 4201 1797 4258 Deo

207 4310 259 4350 -ξι
293 4302 408 4370 ejus
436 4297 459 4365 1
489 4296 508 4335 ί
546 4297 873 4353 Drusum.

270 4425 293 4452 ⁸
322 4417 391 4471 Et
422 4430 555 4471 vero
583 4419 961 4477 ἀναστήσονται
990 4415 1211 4472 ϐτωουε
1232 4430 1448 4486 quoque
1473 4415 1642 4486 liabet
1674 4424 1793 4472 tex-

207 4494 284 4558 tus
305 4529 321 4552 ,
353 4503 521 4558 quem
557 4490 801 4558 plerique
826 4489 920 4542 alii
948 4488 1162 4542 codices
1192 4485 1375 4541 Latini
1399 4485 1660 4541 referunt.
1697 4488 1797 4542 Pa-

206 4557 394 4613 latinus
425 4557 737 4613 tamen-ms.
771 4560 823 4614 in
856 4559 1074 4613 instanti
1108 4559 1321 4612 mavult
1342 4566 1635 4625 resurgunt.

268 4629 293 4667 δ
316 4631 455 4684 Tuta
492 4646 613 4699 pars
642 4631 832 4684 istlta‘e
855 4630 1111 4685 versiculi
1160 4640 1415 4697 corrupte
1466 4638 1796 4697 praenotatur

205 4700 354 4756 obelo
411 4703 465 4755 in
512 4703 660 4755 edito
699 4718 761 4757 ac
802 4717 932 4755 mss.
984 4700 1096 4769 jam
1125 4700 1308 4755 dictis.
1343 4704 1453 4752 Duo
1485 4715 1616 4754 vero
1642 4702 1792 4770 signa

204 4772 481 4827 obelorum
542 4773 850 4827 immediate
907 4770 1190 4841 sequentia
1248 4771 1495 4841 suppleta
1546 4779 1673 4825 sunt
1728 4786 1791 4825 ex

211 4857 331 4897 mss.
364 4844 651 4898 codicibus
688 4844 905 4898 nostris.
934 4844 1112 4897 Mser.

267 4915 521 4969 -—\t'erba
549 4914 822 4970 dumtaxat
846 4931 877 4966 a
908 4915 1053 4968 nobis
1097 4913 1375 4968 Palatinus
1400 4927 1502 4967 ms.
1531 4913 1798 4982 obeloju-

204 4985 380 5053 gulat:
427 4984 595 5040 editio
636 4994 813 5041 autem
856 4984 978 5039 Cari
1023 4984 1182 5039 etiam
1226 4999 1349 5051 quire
1394 4985 1800 5055 subsequuntur

204 5057 324 5119 duo,
341 5058 535 5126 jagizm
558 5056 810 5125 ipsorum.
837 5055 1037 5110 Neuter
1057 5056 1217 5111 bene.
1241 5056 1346 5110 Sed
1369 5067 1422 5111 et
1444 5057 1797 5125 sobsequenti

206 5142 356 5181 versu
405 5130 457 5181 in
498 5127 674 5181 obelis
713 5127 1077 5196 pramotandis
1109 5128 1331 5189 fallitur,
1370 5128 1460 5196 qui
1493 5127 1793 5182 Palatinum

205 5200 447 5253 codicem
480 5198 551 5251 ita
582 5198 871 5264 descripsit
902 5213 943 5251 -ξ
991 5198 1091 5264 Qui
1121 5198 1320 5251 habitat
1350 5198 1401 5250 in
1425 5199 1563 5253 caelis
1595 5213 1637 5253 αξ
1682 5198 1737 5253 in
1769 5200 1790 5267 1

205 5270 384 5323 ridebit
410 5285 496 5322 eos
527 5283 583 5323 σξη
618 5280 663 5322 et
693 5268 944 5324 Dominus
979 5270 998 5336 1
1033 5268 1370 5322 subsannabit
1397 5285 1505 5322 eos.

275 5351 296 5379 ε
328 5340 491 5395 Addit
542 5339 768 5395 Palatin.
820 5354 922 5395 tus.
976 5339 1302 5411 Diapsalma,
1350 5340 1491 5409 quod
1534 5340 1655 5396 libri
1704 5340 1796 5397 alii

207 5424 389 5466 omnes
438 5412 688 5466 reticent.

272 5480 296 5517 ἀ
329 5482 472 5537 idem
504 5498 604 5536 ms.
635 5492 924 5551 utrumque
954 5481 1318 5554 praetermittit
1348 5481 1587 5547 obelum,
1633 5492 1796 5554 atque

209 5562 253 5605 et
279 5554 550 5620 copulant.
580 5554 749 5607 Carus
773 5554 986 5607 ubelum
1020 5553 1326 5606 dumtaXat.

276 5633 300 5661 ε
326 5626 510 5696 Neque
541 5624 625 5679 hic
651 5624 783 5679 satis
813 5622 953 5679 bene
983 5624 1212 5679 Palatio.
1248 5640 1351 5679 ms.
1380 5626 1635 5680 exsultate
1654 5625 1700 5681 ei
1729 5640 1789 5681 +

211 5693 260 5746 in
291 5696 312 5763 1
338 5693 576 5751 tremore.

282 5765 301 5803 ί
332 5766 446 5822 Νοη
477 5765 624 5840 addit
661 5765 932 5840 Palatinus
954 5780 1058 5840 ms.
1092 5764 1417 5840 Diapsalma,
1447 5767 1589 5838 quod
1622 5783 1796 5840 neque

211 5834 259 5889 in
289 5839 560 5895 vetustiori
585 5838 835 5911 versione
872 5838 1167 5902 exstitisse,
1199 5834 1557 5911 VveronenSis,
1594 5834 1792 5911 aliique

214 5921 337 5966 mss.
375 5911 589 5968 codices
618 5907 818 5967 indicio
863 5919 1006 5965 sunt.
1036 5911 1214 5981 Atque
1247 5909 1333 5967 bic
1360 5927 1491 5969 sane
1528 5907 1790 5967 asterisco

1904 3864 2139 3907 PSALIUS
2183 3865 2372 3917 DAV'ID,
2426 3865 2531 3906 CUI
2595 3864 2839 3906 FUGBBBT
2894 3864 2927 3903 Δ
2984 3862 3139 3903 1⁷Λοῐεῖ
3204 3858 3508 3903 ΑΒΕΒεΛΙᾸὶΙ

2572 3936 2696 3975 FILII
2727 3936 2832 3976 SUI.

1980 4017 2230 4087 Domine,
2280 4026 2319 4054 ιιι
2364 4015 2492 4087 quid
2534 4015 2877 4085 multiplicati
2918 4022 3066 4080 sunt,
3110 4012 3199 4084 qui
3250 4011 3510 4067 lribulant

1905 4115 2032 4171 me?
2078 4114 2228 4169 Multi
2284 4113 2569 4182 insurgunt
2617 4111 2907 4167 adversum
2960 4126 3070 4177 me,
3120 4107 3274 4163 multi
3322 4107 3512 4163 dicunt

1908 4207 2106 4263 anima:
2159 4220 2296 4263 mete
2334 4222 2348 4260 :
2394 4204 2513 4263 Non
2544 4212 2627 4261 cst
2653 4203 2801 4260 salus
2848 4200 2925 4258 illi
2957 4200 3012 4258 in
3058 4200 3171 4256 Deo
3201 4200 3339 4271 ejus.
3384 4197 3514 4256 DM-

1902 4315 2106 4356 ΡεΑιιίΑ
2115 4340 2130 4355 .

1902 4416 2315 4487 praenotandum
2340 4424 2485 4487 erat,
2516 4412 2973 4487 quemadmodum
3004 4412 3055 4468 in
3086 4412 3274 4487 (ξι-πω
3306 4410 3509 4487 codicis

1902 4484 2252 4543 Alexandrini
2285 4484 2549 4543 editione
2578 4488 2669 4553 ﬁt,
2706 4496 2760 4540 ut
2803 4485 2970 4540 scires
3016 4484 3300 4538 Sulleetum
3342 4484 3509 4538 luisse

1901 4560 1970 4614 ab
2000 4561 2233 4629 Origene
2266 4560 2317 4613 in
2368 4560 2621 4621 llexaidis
2658 4574 2723 4613 ex
2762 4556 3092 4627 Symmacho
3122 4563 3215 4629 aut
3255 4554 3508 4629 Tlteodo-

1902 4632 2074 4693 liene,
2103 4626 2224 4685 cum
2254 4632 2304 4684 in
2336 4628 2576 4700 Vulgatis
2596 4626 3020 4699 exemplaribus,
3052 4626 3353 4700 cujusmudi
3382 4635 3501 4679 erat

1900 4700 2173 4765 Aldtnum,
2208 4695 2627 4756 desideraretur.
2668 4695 2821 4763 Vide,
2856 4700 2900 4753 si
2928 4700 3078 4763 libet,
3110 4697 3269 4767 epist.
3303 4695 3357 4749 in
3397 4711 3494 4749 uo-

1902 4780 2013 4827 stra
2047 4773 2364 4827 recensioae
2392 4773 2485 4836 ‘28,
2521 4774 2586 4826 ad
2616 4772 2942 4826 Mat-cellarii.

1826 4838 1878 4900 D
1972 4854 1997 4891 8
2031 4845 2131 4898 Alii
2159 4845 2274 4898 libri
2295 4845 2347 4896 in
2371 4835 2939 4911 eoneilio:qu'odidem
2964 4850 3048 4895 est
3071 4835 3494 4893 tamenbieloci.

1974 4912 2001 4951 δ
2036 4913 2334 4969 Veronens.
2361 4917 2553 4970 codex.
2588 4914 2655 4969 Ut
2690 4914 2839 4983 quid.

1981 4984 1994 5021 ί
2026 4985 2318 5054 Perpcram
2352 4986 2492 5040 idem
2528 4987 2680 5045 liber.
2702 4976 2852 5055 "quod
2885 4989 3005 5038 erat
3028 4987 3217 5055 notata
3250 4976 3499 5055 dignum.-

1902 5054 1992 5110 bie
2021 5048 2240 5125 apponit
2278 5055 2613 5127 Diapsalttta,
2644 5048 2785 5127 quod
2828 5056 2999 5108 fuerat
3027 5053 3077 5106 in
3113 5052 3216 5105 line
3251 5048 3505 5104 versiculi

1905 5128 2363 5197 subjungendum.

1976 5200 1990 5269 ᾇ
2032 5198 2178 5253 Idem
2210 5215 2314 5255 ms.
2342 5204 2397 5254 in
2421 5198 2777 5269 indignatione
2799 5213 2916 5250 sua.

1976 5267 1997 5306 ¹ί
2026 5270 2313 5325 Manifesta
2354 5262 2640 5341 antiquarii
2680 5269 2875 5323 mendo
2904 5274 3022 5341 erat
3066 5264 3119 5319 in
3161 5262 3503 5341 eodem__ms.

1901 5349 2041 5407 tuas,
2070 5358 2171 5411 pro
2196 5354 2358 5405 tuam,
2385 5334 2651 5411 quodnon
2679 5353 2845 5393 ausus
2872 5337 3139 5405 eaStigare
3162 5336 3280 5405 ejus
3303 5334 3504 5411 editor,

1905 5408 2217 5481 praecedens
2250 5408 2449 5471 nomen
2490 5414 2632 5481 quod
2678 5411 2869 5469 tnittOri
2903 5423 3127 5481 numero
3156 5419 3305 5481 recte
3336 5408 3500 5460 babe-

1901 5479 2014 5549 ltat,
2048 5484 2347 5552 depravare
2391 5479 2578 5538 maluit
2608 5484 2658 5537 iu
2689 5482 3057 5553 possessiones,
3097 5479 3356 5549 deditque
3402 5492 3500 5547 pro

1905 5567 1967 5609 se
1982 5556 2186 5628 Avadem
2219 5558 2497 5628 Syriacum
2528 5554 2903 5628 interpretetur.

1978 5625 1991 5663 ¹
2049 5620 2396 5693 Veronensis,
2444 5627 2645 5695 aliique
2675 5620 2874 5691 passim
2906 5621 3148 5678 Psalterii
3178 5620 3398 5677 codices
3441 5630 3490 5676 et

1899 5711 1998 5767 pro
2028 5715 2112 5763 ne,
2144 5699 2285 5769 quod
2307 5706 2425 5753 erat
2452 5697 3012 5769 animadvertendum.

1971 5778 2010 5804 ιιι
2038 5768 2180 5826 Idem
2216 5786 2341 5837 ms.,
2391 5772 2474 5836 qui
2505 5784 2598 5838 pro
2625 5770 2749 5840 quid
2782 5768 2929 5836 legit.
2956 5775 3069 5840 tum
3105 5780 3263 5840 super
3285 5777 3490 5840 mepro

1897 5839 2169 5895 adversum
2206 5859 2285 5897 me
2307 5834 2336 5910 ,⁷
2371 5834 2602 5911 denique
2638 5834 3045 5911 Diapsalma,_in
3097 5834 3202 5891 line
3235 5835 3490 5893 venienti

1896 5913 2284 5982 prmtermittit,
2308 5908 2450 5984 quod
2483 5908 2773 5984 pixstabat
2800 5908 3095 5968 monuisse.
