4062 6356
251 333 358 390 H9

1563 329 1769 386 LIBER
1808 327 2252 387 PSALMORUM.

3439 327 3545 389 150

317 447 486 515 Deus,
527 447 698 519 judex.
722 448 917 518 justus,
953 446 1104 518 [ortis
1133 460 1183 501 ιθ
1217 454 1265 501 et
1291 447 1494 518 patiens
1531 446 1554 516 ζ
1595 445 1844 517 numquid
1869 447 1924 507 Α
2021 444 2187 515 Deus,
2216 442 2380 514 judex
2405 441 2609 514 justus,
2664 442 2825 498 furtis
2852 452 2912 500 et
2949 441 3278 516 longanimis
3311 460 3325 501 :
3377 460 3544 503 num-

247 541 491 596 irascitur
516 560 606 614 per
627 542 860 614 singulos
887 541 994 596 dies
1019 541 1044 595 .’

315 634 442 688 Nisi
467 636 693 690 conversi
719 636 947 707 fueritis,
979 635 1221 705 gladium
1257 652 1408 690 suum
1447 635 1662 690 vibrabit
1697 650 1715 690 :
1754 653 1839 690 ar-

242 745 356 783 cum
381 746 538 784 suum
564 729 796 797 tetendit,
823 741 870 784 et
902 733 1099 799 paravit
1121 728 1292 784 illum.

308 819 378 875 Et
409 821 463 874 in
495 837 554 876 eo
585 821 790 894 paravit
818 838 939 877 rasa
976 822 1157 876 mortis
1186 837 1204 882 ;
1230 821 1446 894 sagittas
1483 835 1602 876 snas
1651 819 1838 876 arden-

241 912 374 967 tibus
403 911 598 979 eﬂ'ecit.

205 1036 208 1039 -
307 1002 447 1060 Ecce
475 1005 721 1075 parturiit
767 1006 1078 1077 iniustitiam
1112 1012 1178 1076 ‘,-e{
1223 1017 1246 1045 ο
1277 1017 1324 1064 et
1357 1007 1378 1076 ζ
1414 1008 1647 1079 concepit
1690 1005 1840 1062 dolo-

237 1115 361 1162 rem,
395 1109 446 1152 et
472 1101 668 1172 peperit
697 1100 1047 1169 iniquitatem.

303 1189 506 1245 Locum
528 1193 757 1262 aperuit,
783 1201 830 1247 et
859 1191 1039 1261 eﬂ‘odit
1065 1209 1215 1262 eum;
1244 1204 1294 1249 et
1323 1192 1505 1249 incidit
1535 1194 1586 1248 in
1613 1200 1833 1265 foveam,

235 1304 386 1359 quem
415 1288 559 1359 fecit.

304 1379 645 1437 Conuertetur
668 1382 822 1438 dolor
841 1386 954 1456 ejus
980 1384 1033 1439 in
1062 1395 1217 1458 caput
1245 1385 1358 1456 ejus
1384 1401 1403 1452 ;
1425 1393 1471 1439 et
1512 1385 1564 1439 in
1594 1384 1829 1442 verticem

237 1475 398 1546 ipsius
427 1477 680 1548 iniquitas
707 1479 820 1549 ejus
843 1477 1134 1534 descendet.

301 1568 605 1639 Conﬁtebor
659 1569 884 1626 Domino
932 1573 1214 1627 secundant
1260 1573 1522 1644 justitiam
1563 1572 1673 1644 ejus
1717 1585 1736 1625 :
1783 1578 1831 1625 el

234 1663 456 1733 psallam
489 1664 687 1719 nomini
709 1662 921 1719 Domini
945 1665 1209 1721 altissimi.

1949 536 2078 608 quid
2110 537 2365 592 irascitur
2396 553 2495 607 per
2525 536 2767 608 singulos
2796 536 2950 593 dies?

2017 628 2132 684 Nisi
2160 629 2578 695 convertamini,
2610 629 2848 699 gladium
2880 646 3039 684 suum
3067 628 3321 699 vibravit,
3353 643 3540 686 arcum

1946 736 2103 778 suum
2132 723 2383 788 tetendit,
2433 733 2487 779 et
2521 723 2728 793 paravit
2758 723 2930 779 illum.
3527 777 3536 782 -

2018 818 2086 873 Et
2109 818 2160 874 in
2193 818 2310 888 ipso
2342 820 2552 888 paravit
2586 834 2711 874 vasa
2736 819 2928 875 mortis
2963 839 2978 876 :
3023 819 3247 892 sngittas
3279 833 3406 876 suas
3455 835 3542 875 ar-

1946 908 2205 966 dentibus
2231 919 2256 957 8
2289 908 2492 966 effecit.

2018 1005 2161 1059 Ecce
2208 1004 2458 1073 parturiit
2493 1003 2811 1075 injustitiam
2841 1022 2858 1063 :
2891 1005 3142 1077 concepit
3183 1004 3452 1074 dolorem,
3483 1014 3540 1063 et

1947 1097 2163 1168 peperit
2195 1096 2558 1169 iniquitatem.

2016 1191 2218 1247 Lacum
2263 1191 2497 1262 aperuit.
2536 1203 2587 1247 et
2629 1191 2819 1250 ellodit
2850 1209 2972 1250 eum
3006 1211 3020 1250 :
3050 1203 3106 1251 et
3130 1193 3334 1250 incidet
3373 1195 3427 1250 in
3460 1195 3541 1252 fo-

1943 1299 2123 1353 veam,
2156 1300 2316 1356 quam
2366 1285 2520 1341 fecit.

2012 1377 2376 1435 Couvertetur
2404 1376 2429 1414 ιι
2459 1377 2621 1435 dolor
2650 1378 2768 1451 ejus
2792 1381 2843 1436 in
2873 1389 3037 1452 caput
3065 1381 3217 1452 ejus;
3250 1391 3303 1436 et
3333 1380 3386 1437 in
3417 1397 3538 1438 vcr-

1946 1470 2108 1528 licem
2143 1471 2267 1544 ejus
2299 1473 2555 1543 iniquitas
2579 1472 2697 1543 ejus
2725 1474 3042 1530 descendet.

2012 1566 2329 1623 Coulitebor
2376 1566 2606 1623 Domino
2645 1568 2944 1632 secundum
2987 1569 3251 1640 justitiam
3283 1567 3405 1639 ejus
3441 1585 3453 1623 :
3483 1575 3539 1624 et

1946 1657 2173 1728 psallam
2207 1657 2412 1714 nomini
2445 1657 2660 1715 Domini
2692 1659 2980 1717 Altissimi.

1601 1752 1959 1821 PSALMUS
2001 1752 2169 1814 VIII.

299 1877 350 1917 IN
376 1860 403 1900 ι’
428 1879 594 1918 FINEII
619 1905 634 1931 ,
691 1878 791 1918 ιιιιο
830 1876 1259 1932 roncuumuus,
1304 1876 1540 1918 essemus
1578 1876 1757 1917 ιδῃ-ιι).

301 1954 550 2022 Domine,
585 1954 840 2010 Dominus
869 1965 1064 2020 noster,
1089 1971 1244 2026 quant
1289 1952 1601 2008 admirabile
1631 1960 1706 2006 est
1740 1966 1833 2004 no-

240 2065 345 2104 men
371 2061 524 2104 tuum
553 2052 608 2104 in
636 2049 880 2104 universa
908 2059 1043 2103 terra
1069 2049 1090 2102 .'

307 2143 572 2211 Quoniam
598 2141 802 2198 elevata
831 2152 904 2198 est
932 2141 1316 2215 magniﬁcentia
1343 2149 1431 2195 tua
1461 2156 1614 2213 super
1657 2137 1829 2194 crelos.

304 2323 386 2380 Ex
413 2341 507 2380 ore
526 2325 810 2396 infantium
831 2331 877 2378 el
914 2334 936 2363 ο
972 2323 1290 2390 lactentium,
1315 2320 1575 2394 perfecisti
1601 2318 1830 2385 laudem,

244 2429 446 2493 propter
467 2419 708 2474 inimicos
751 2427 918 2474 tuos:
952 2426 1004 2472 ut
1057 2418 1296 2473 destruas
1342 2415 1611 2470 inimicum
1656 2422 1703 2468 et
1752 2412 1835 2466 ul-

243 2523 418 2569 torem.

305 2607 572 2672 Quoniam
616 2606 793 2661 videbo
833 2604 988 2660 cmlos
1014 2601 1041 2642 ά
1170 2612 1284 2657 tuos
1315 2602 1334 2672 ζ
1368 2618 1525 2674 Opera
1552 2600 1834 2672 digitorum

240 2709 436 2755 tuorum
464 2717 483 2766 ;
514 2701 696 2756 lunam
723 2708 772 2754 et
797 2697 976 2754 stellas
1005 2713 1121 2769 qua:
1151 2711 1200 2752 -ἑ
1240 2707 1293 2751 tu
1322 2696 1344 2764 ζ
1377 2696 1636 2768 fundasti.

306 2796 449 2861 Quid
475 2807 551 2850 est
575 2797 752 2862 homo,
782 2797 922 2866 quod
949 2813 1145 2852 memor
1173 2812 1226 2852 es
1251 2796 1364 2867 ejus
1387 2796 1414 2850 ζ)
1438 2805 1528 2850 aut
1565 2795 1706 2865 [ilius
1735 2793 1832 2849 Ito-

236 2889 404 2952 minis,
441 2889 693 2960 quoniam
719 2891 896 2944 risitas
923 2906 1041 2944 eum
1063 2891 1089 2945 ?

300 2981 553 3039 Minuisti
596 3001 714 3040 eum
757 2982 917 3051 paulo
965 2985 1136 3040 minus
1183 2985 1246 3039 ab
1277 2984 1476 3058 angelis
1519 2999 1538 3037 .°
1567 2983 1740 3057 gloria
1786 2991 1834 3036 et

235 3075 421 3132 honore
447 3077 711 3132 coronasti
740 3093 858 3132 eum
891 3092 907 3130 :
955 3091 1014 3132 μιν
1055 3086 1078 3115 θ
1108 3086 1154 3131 et
1183 3076 1205 3145 ζ
1239 3077 1560 3133 constituisti
1588 3093 1708 3131 eum
1744 3092 1836 3130 su-

234 3184 316 3236 ρετ
340 3185 505 3238 opera
529 3185 782 3224 manuum
810 3179 1036 3228 tuarum.

299 3262 493 3318 Omnia
517 3263 780 3333 subjecisti
829 3263 920 3319 sub
977 3263 1191 3334 pedibus
1219 3266 1382 3337 ejus:
1431 3279 1544 3320 oves
1588 3271 1636 3318 el
1680 3262 1829 3318 boves

232 3355 519 3424 universas,
549 3357 764 3428 insuper
794 3366 842 3411 et
889 3373 1079 3427 pecora
1105 3358 1299 3426 campi.

296 3446 554 3504 Volucres
575 3451 710 3516 cteli,
737 3459 790 3505 et
819 3452 984 3520 pisces
1007 3451 1166 3505 maris
1193 3466 1212 3504 :
1241 3449 1330 3521 qui
1362 3449 1719 3523 perambulant
1747 3467 1827 3506 se-

229 3541 364 3594 mitas
406 3543 592 3599 maris.
844 3607 854 3616 ,

292 3631 535 3701 Domine,
565 3633 822 3691 Dominus
848 3646 1042 3703 noster,
1069 3652 1227 3709 quant
1253 3635 1563 3692 admirabile
1600 3645 1676 3692 est
1723 3652 1822 3692 no-

225 3740 330 3780 men
361 3736 511 3782 tuum
544 3728 597 3783 in
625 3729 866 3786 universa
893 3730 1068 3784 terra!

1863 1858 1912 1920 Β
2118 1869 2170 1908 ut
2213 1867 2410 1919 manu,
2453 1869 2553 1910 eno
2602 1850 2617 1890 ί
2663 1867 2861 1923 usus,
2903 1868 3136 1910 essurus
3176 1869 3357 1909 nmo.

2018 1947 2270 2018 Domine,
2322 1949 2581 2005 Dominus
2625 1960 2834 2014 ttOSlel‘,
2881 1964 3042 2018 quam
3083 1946 3404 2004 admirabile
3453 1955 3538 2004 est

1939 2055 2141 2098 nomen
2175 2051 2327 2098 tuum
2356 2043 2409 2098 in
2443 2043 2700 2099 universa
2732 2044 2907 2098 terra!

2009 2134 2280 2202 Quoniam
2333 2135 2540 2192 elevata
2594 2145 2678 2192 cst
2742 2135 3145 2207 magniﬁcentia
3195 2144 3320 2205 tua,
3373 2151 3537 2206 super

1943 2228 2134 2284 custos.

2014 2321 2090 2376 Ex
2122 2337 2220 2378 ore
2247 2321 2530 2378 infantium
2558 2331 2611 2378 et
2639 2322 2949 2380 laetantium
2983 2321 3257 2393 periecisti
3285 2321 3528 2389 laudem,

1936 2425 2162 2486 propter
2183 2414 2436 2473 inimicos
2465 2426 2626 2474 tuos:
2660 2426 2719 2472 ut
2746 2417 3001 2473 destruas
3034 2416 3314 2472 inimicum
3356 2425 3410 2471 et
3436 2416 3532 2472 de-

1937 2506 2234 2564 fensorem.
2897 2557 2910 2564 -
2991 2564 2994 2566 .

2007 2602 2277 2668 Quoniam
2305 2601 2499 2658 videbo
2523 2602 2714 2671 cmlos,
2749 2617 2913 2673 opera
2944 2603 3237 2674 digitorum
3274 2611 3487 2658 tuorum
3517 2617 3532 2658 ε

1935 2691 2120 2750 lunam
2149 2703 2205 2750 et
2242 2695 2457 2760 stellas,
2491 2709 2626 2765 quas
2656 2705 2710 2749 tu
2741 2695 3002 2751 fundasti.

2007 2789 2145 2856 Quid
2179 2799 2265 2845 est
2316 2789 2500 2856 homo,
2553 2789 2860 2862 uttodjllls.
2910 2789 3193 2863 quoniam]
3224 2807 3432 2847 memor
3474 2806 3536 2847 es

1936 2881 2098 2953 ejus?
2127 2893 2221 2937 aut
2247 2881 2391 2938 [ilius
2421 2881 2683 2949 hominis,
2715 2882 2972 2953 quoniam
3005 2881 3190 2937 visitas
3221 2882 3391 2938 eum?

2009 2974 2246 3030 Minuisti
2275 2991 2396 3031 eum
2431 2975 2597 3046 paulo
2620 2975 2796 3030 minus
2819 2975 2887 3030 ab
2910 2975 3328 3047 angeliszgloria
3356 2985 3410 3031 et
3439 2973 3536 3032 bo-

1936 3081 2072 3122 nore
2119 3067 2395 3123 coronasti
2445 3082 2569 3122 eum
2624 3084 2638 3120 :
2693 3077 2749 3123 et
2805 3067 3138 3124 constituisti
3192 3083 3316 3124 eum
3370 3084 3537 3140 super

1936 3176 2105 3232 opera
2135 3176 2391 3216 manuum
2420 3171 2656 3217 tuarum.

2010 3253 2202 3309 Omnia
2234 3254 2520 3324 subjecisti
2545 3253 2647 3310 sub
2672 3254 2899 3324 pedibus
2921 3254 3040 3324 eius
3067 3272 3082 3315 :
3123 3269 3252 3311 oves
3279 3265 3333 3311 et
3369 3255 3538 3313 boves
3637 3268 3649 3276 ‘

1939 3350 2245 3419 universas,
2270 3349 2498 3422 insuper
2521 3359 2576 3408 et
2604 3367 2800 3421 pecora
2833 3351 3032 3422 campi.

2009 3445 2273 3502 Volucres
2298 3445 2450 3512 caeli,
2485 3455 2541 3502 et
2571 3447 2750 3518 pisces
2781 3445 2984 3511 maris;
3019 3444 3112 3516 qui
3155 3444 3538 3517 perambulant

1939 3540 2164 3596 semitas
2195 3541 2385 3595 maris.

2007 3633 2258 3702 Domine,
2293 3633 2553 3689 Dominus
2587 3633 2711 3707 [Ms.
2749 3633 2913 3704 Deus]
2959 3641 3172 3700 noster,
3223 3648 3385 3704 quam
3431 3631 3531 3689 ad-

1934 3728 2185 3785 mirabile
2209 3721 2294 3785 est
2321 3744 2522 3784 nomen
2559 3737 2707 3784 tuum
2742 3728 2796 3783 in
2829 3727 3081 3784 universa
3116 3729 3297 3783 terra!

1613 3822 1878 3886 PSALM
1885 3823 1976 3886 US
2019 3823 2106 3886 IX
2123 3869 2136 3883 .

251 3933 297 3974 l8
335 3936 536 3990 ΙΊΧΕΙ,
598 3938 700 3979 ΡΜ)
738 3939 995 3982 οοςυιτιε
1039 3925 1057 3963 ί
1100 3941 1259 3995 “LII,
1320 3941 1558 3983 ΡΞΑωιυε
1599 3943 1779 3986 DAVID.

282 4012 584 4084 Conﬁtebor
622 4032 672 4073 οξ
733 4019 824 4073 tibi
873 4018 894 4087 ζ
934 4018 1176 4088 Domine,
1225 4021 1279 4076 in
1322 4031 1428 4076 toto
1476 4023 1633 4077 corde
1661 4038 1774 4078 meo
1801 4039 1822 4078 :

219 4107 438 4162 narrabo
469 4110 645 4164 omnia
677 4111 940 4166 mirabilia
967 4122 1077 4168 tua.

273 4195 520 4256 Lartabor
547 4212 592 4258 et
621 4204 885 4260 exsultabo
913 4205 967 4260 in
997 4217 1044 4261 te
1067 4219 1088 4261 .°
1107 4205 1328 4278 psallam
1353 4207 1551 4263 nomini
1576 4216 1691 4277 tuo,
1726 4208 1818 4265 Al-

209 4287 419 4346 tissime.

275 4382 338 4439 ln
365 4389 716 4444 cortvertendo
740 4391 1006 4447 inimicum
1038 4409 1204 4448 meum
1228 4401 1532 4467 retrorsum,
1567 4395 1811 4466 inﬁrma-

209 4473 391 4531 buntur
417 4487 462 4534 e.‘
489 4480 726 4551 peribunt
752 4500 785 4534 η
812 4483 946 4553 facie
967 4494 1076 4539 tua.

271 4569 536 4635 Quoniam
571 4576 743 4645 fecisti
767 4578 1031 4648 judicium
1058 4595 1226 4636 meum
1267 4591 1317 4637 et
1343 4594 1552 4639 causam
1592 4601 1757 4640 meam
1787 4601 1808 4640 :

204 4663 369 4718 sedisti
396 4681 555 4738 super
584 4666 849 4739 thronum,
886 4686 940 4726 4—
974 4673 1063 4742 qui
1097 4673 1118 4743 ζ
1149 4675 1352 4744 iudicas
1372 4658 1667 4748 justitiam.

1929 3943 1981 3982 IN
2025 3931 2262 3994 FlNEII,’
2303 3942 2545 3985 PROPTER
2584 3943 2822 3983 OCCliLTA
2862 3943 3027 3994 FILII,
3072 3942 3308 3982 Po'ALIIUS
3346 3941 3524 3982 ωνιυ.

1996 4019 2314 4075 Conlitcbor
2358 4019 2488 4087 tibi,
2535 4019 2782 4088 Domine,
2836 4020 2889 4076 in
2948 4029 3063 4075 toto
3112 4019 3278 4076 corde
3332 4033 3460 4075 meo
3513 4034 3526 4073 :

1924 4111 2162 4168 narrabo
2202 4111 2384 4167 omnia
2420 4110 2686 4167 mirabilia
2717 4121 2827 4167 tua.

1993 4204 2245 4262 Laatabor
2281 4215 2338 4262 et
2384 4205 2666 4264 exsultabo
2712 4207 2762 4263 iu
2793 4217 2845 4263 te
2875 4223 2887 4261 :
2921 4206 3143 4278 psallam
3179 4204 3381 4261 nomini
3409 4213 3532 4276 tuo,

1921 4297 2199 4356 Alt'ssimc
2231 4316 2244 4354 :

1996 4392 2054 4447 In
2083 4389 2450 4448 convertenda
2488 4390 2764 4448 inimicum
2797 4405 2976 4446 meum
3009 4400 3331 4457 retrorsum,
3371 4389 3524 4445 inllr-

1922 4484 2216 4541 mabuutur
2243 4495 2297 4541 et
2320 4484 2534 4555 perient
2564 4502 2590 4537 a
2624 4483 2759 4541 faeie
2791 4493 2901 4540 tua.

1989 4580 2256 4650 Quoniam
2278 4581 2452 4637 fecisti
2480 4579 2744 4652 judicium
2771 4595 2946 4637 meum
2974 4588 3029 4634 et
3053 4593 3268 4635 causam
3301 4592 3475 4632 meam
3506 4592 3521 4631 :

1913 4675 2072 4733 sedes
2099 4675 2228 4748 [Με.
2253 4674 2469 4746 sedisti]
2499 4690 2663 4746 super
2687 4675 2963 4744 thronum,
2991 4673 3084 4748 qui
3106 4673 3323 4745 jutlicas
3353 4672 3523 4742 a'qtti-

1910 4781 2098 4828 tatem.

270 4949 294 4975 ³
326 4941 538 5024 lterum
568 4954 616 5000 et
652 4946 935 5026 copulam,
969 4950 1196 5019 prmﬁxo
1221 4953 1385 5026 etiam
1418 4954 1706 5026 asreriseo,
1738 4973 1803 5012 ex
1833 4965 1888 5026 D
1917 4953 2224 5026 let'prelibus
2255 4954 2494 5009 additum
2519 4965 2592 5010 est
2641 4957 2735 5010 sub
2781 4958 3046 5022 asterisco,
3077 4965 3183 5012 etc.

211 5007 398 5096 Regio,
430 5031 601 5096 quem
649 5007 995 5096 Mai-[iuuans
1051 5007 1800 5096 respuit,rtiisfsulleeiititts‘,

202 5095 428 5159 {egente
453 5103 553 5142 nos
587 5089 810 5159 insuper
839 5090 1070 5148 Hebrteo
1101 5089 1424 5156 textumn.
1467 5097 1574 5154 Sed
1608 5107 1666 5153 et
1704 5089 1805 5152 Ριιὲ

202 5150 584 5244 [ξξίξιψςγςδριιὰ
629 5150 812 5244 noset
858 5166 1102 5220 voculam
1149 5150 1803 5237 przepoiiit,‘tatnenetsi

199 5237 524 5285 asreriscum
557 5237 784 5287 omittit.

264 5294 292 5380 ξ’
330 5297 496 5380 Iacet
524 5301 763 5380 Palatio.
793 5319 894 5380 ms.
926 5306 979 5359 iu
1005 5308 1184 5376 ﬁnem.

268 5377 289 5407 ε
333 5371 478 5452 idem
509 5371 1014 5452 ms._,_lactantium,'
1053 5389 1164 5434 tum
1195 5383 1636 5452 praepositionem
1671 5383 1800 5442 sub-

201 5441 662 5548 sequiu‘t'isuvezhi
692 5447 762 5502 de
792 5463 949 5548 more
964 5441 1273 5548 j'ugutat'+
1311 5441 1402 5548 per
1438 5455 1476 5548 ζ.
1493 5457 1685 5548 fecisti.

327 5515 812 5594 .Auuotandatlua:
856 5528 913 5574 et
960 5515 1322 5594 Martianzeus
1351 5515 1558 5592 laudat,
1602 5527 1801 5583 Hiero-

200 5586 443 5661 pﬁymipd
479 5586 624 5642 hunc
656 5589 1028 5661 locumrverba
1058 5592 1111 5646 in
1139 5595 1299 5661 epist.
1331 5597 1399 5652 ad
1445 5586 1708 5654 Suuniam
1742 5612 1798 5653 et

202 5647 486 5735 Ereti-lam.
509 5674 676 5735 _num.
699 5661 740 5735 _7
774 5660 1084 5735 :__Quouiam
1120 5647 1307 5735 ridebo
1335 5647 1718 5724 “c1213;

196 5723 520 5806 dicitis‘qttod
540 5739 661 5806 tuos
692 5731 745 5784 in
773 5723 955 5786 Graeco
981 5750 1084 5788 non
1107 5734 1310 5792 habeat.
1347 5739 1537 5794 Verum
1567 5723 1640 5794 est
1655 5757 1674 5806 ;
1701 5723 1794 5795 sed

199 5793 246 5880 in
273 5793 492 5853 Hebraeo
511 5801 723 5880 legitur
749 5817 1018 5880 Siluanus.
1048 5807 1185 5880 quod
1219 5793 1792 5880 interpretalut'et’elos

201 5872 313 5924 tuos
343 5884 357 5938 ε
401 5880 449 5924 et
487 5874 550 5926 de
573 5872 800 5930 editione
828 5873 1198 5935 Tlteodotionis
1230 5879 1285 5934 in
1329 5872 1679 5956 Septuaginta
1711 5887 1793 5939 in-

1989 5036 2012 5063 θ
2052 5024 2159 5080 Pro
2181 5026 2343 5080 obelo
2363 5028 2681 5082 asteriscum
2706 5045 2905 5097 nupera
2923 5028 3123 5084 codicis
3150 5024 3509 5082 Alexandrini

1911 5095 2082 5170 editio
2113 5098 2196 5151 hic
2225 5099 2465 5170 apponit.
2498 5095 2836 5154 Palatinuse
2865 5102 3083 5170 regione
3107 5098 3358 5170 sensiculi
3378 5098 3508 5170 Ilia-

1911 5169 2116 5242 psalma
2166 5169 2424 5237 ascribit,
2459 5180 2747 5242 utrumque
2794 5169 2982 5226 contra
3030 5169 3352 5225 hodiernum
3403 5169 3510 5226 lle-

1909 5241 2116 5294 brteum
2149 5249 2374 5294 textum.

1986 5310 2004 5348 ί
2051 5311 2213 5383 Deest
2238 5311 2288 5365 in
2321 5311 2569 5366 Palatino
2599 5327 2698 5367 ms.
2737 5328 2839 5367 vox
2866 5312 2984 5383 ﬁlii.

1984 5393 2010 5429 8
2051 5382 2198 5438 Idem
2243 5398 2370 5450 ms.,
2416 5393 2660 5454 operatus
2691 5395 2788 5450 est,
2835 5382 2942 5450 quo
2972 5385 3098 5439 item
3131 5383 3299 5438 vetbn
3337 5383 3510 5438 utitur

1909 5451 2142 5526 inferius
2193 5469 2288 5522 pro
2319 5451 2462 5524 fecit,
2494 5470 2616 5508 eum
2651 5455 2969 5526 Augustino.
3008 5470 3114 5511 etc.

1986 5522 2013 5561 ιι
2060 5528 2135 5579 lix
2187 5522 2518 5595 Augustino,
2553 5536 2608 5580 et
2641 5522 2882 5594 pressius
2922 5527 3112 5584 Graeco
3141 5529 3310 5595 niam,
3361 5527 3507 5581 labor

1911 5605 1997 5652 est.
2027 5595 2082 5650 in
2130 5596 2430 5668 Veronensi
2480 5611 2583 5650 ms.
2618 5613 2717 5668 pro
2755 5598 2931 5665 dolor,
2978 5611 3032 5655 ct
3079 5616 3201 5654 tnox
3232 5598 3508 5653 descendat

1908 5683 2012 5738 pro
2045 5667 2342 5738 descendet.

1993 5738 2003 5774 ί
2049 5740 2222 5813 Elei“,
2262 5735 2369 5813 Pro
2393 5739 2740 5796 torcularibus
2772 5739 3020 5796 I’salnms
3051 5744 3152 5813 ip-i
3188 5741 3376 5795 David.

1983 5809 2603 5885 JA'l‘otutuVet-encus.
2667 5829 2772 5870 ms.
2843 5813 2934 5870 hic
3005 5809 3219 5871 titulum
3283 5820 3507 5884 [racter-

1891 5881 2088 5940 mittit.
