4062 6356
547 328 646 392 ﬁt

1557 335 1613 392 S.
1668 326 2042 391 HIERONYMI
2082 331 2317 394 DIVINA
2355 332 2829 397 BlBLlOTllECA.
2860 334 2881 375 ἰ

3750 341 3865 404 ηε

616 447 904 523 Incr'epasti
926 453 1121 524 gentes,
1161 458 1221 502 -εν
1252 450 1303 503 et
1338 444 1362 516 1
1394 444 1549 518 periit
1576 446 1765 521 impius
1794 461 1812 502 :
1843 458 2027 504 nomen
2058 463 2147 503 eo-
2172 452 2222 511 Α
2322 448 2621 521 lncrepasti
2648 455 2858 524 gentes,
2911 458 2967 509 et
2991 448 3152 523 periit
3178 451 3415 525 impius:
3444 466 3642 514 nomen
3669 464 3861 516 eurum

540 561 656 600 rum
683 544 896 612 delesti,
928 543 983 599 in
1009 549 1279 610 (sternunt,
1307 547 1354 597 et
1386 549 1413 580 ιι
1447 556 1509 598 +
1541 542 1596 597 in
1627 540 1649 612 1
1678 540 1923 599 saeuiunt
1957 554 2018 598 -εν
2053 554 2151 598 ste-

540 639 644 693 culi
677 637 699 707 1

2256 541 2474 608 delesti,
2505 544 2557 599 in
2581 552 2846 601 :eternum
2876 553 2931 601 et
2954 543 3009 600 in
3039 546 3535 605 saeculumsaeeull.

2330 634 2530 691 Inimici
2555 635 2917 693 defccerunts
2942 635 3164 697 framete
3211 640 3267 697 in
3310 638 3473 699 tinem
3508 659 3521 697 :
3553 649 3608 699 et
3655 641 3855 701 civita-

612 731 823 797 Inimici
870 731 1167 805 defecerunt
1213 733 1424 805 frameas
1471 728 1527 787 in
1565 730 1722 803 ﬁnem
1762 747 1781 787 :
1821 737 1868 787 et
1922 729 2153 787 ciuita'es
2257 737 2338 785 tes
2368 743 2556 785 corum
2597 728 2937 787 destruxisti.

450 850 461 855 α
541 824 866 882 destruxisti.

612 916 779 973 Periit
824 914 1071 973 memoria
1109 933 1287 974 eorum
1333 935 1451 974 cum
1477 917 1649 975 sonitu
1679 933 1696 972 :
1725 924 1773 974 et
1800 910 2055 973 Dominus
2096 912 2149 972 in

539 1018 789 1067 trteruum
824 1020 1104 1081 permanet.
1653 1061 1656 1066 .

611 1103 828 1159 Paravit
858 1104 913 1159 in
935 1103 1138 1179 judicio
1164 1104 1410 1162 thronum
1448 1119 1643 1161 suum:
1672 1112 1719 1159 et
1746 1103 1853 1176 ipse
1887 1101 2148 1177 judicabit

537 1199 709 1256 orbem
739 1215 797 1256 +
828 1198 857 1240 ι’
904 1209 1053 1256 terra:
1102 1199 1125 1271 1
1152 1198 1206 1257 in
1253 1186 1497 1274 wqttitatc
1523 1217 1542 1256 :
1564 1195 1825 1274 judicabit
1847 1197 2068 1271 populos
2094 1197 2147 1254 in

559 1296 761 1351 nstitia.
1470 1368 1474 1372 Δ
1622 1298 1625 1299 ⁷

606 1380 676 1444 Et
705 1390 874 1462 factus
912 1398 987 1446 est
1025 1384 1278 1445 Dominus
1327 1388 1588 1463 refugium
1649 1388 1865 1462 pauperi
1893 1403 1911 1443 :
1936 1386 2149 1460 adjutor

535 1482 589 1537 in
617 1480 1109 1554 opportunitatibus,
1142 1482 1195 1535 in
1227 1480 1573 1549 tribulatione.

609 1572 676 1628 Et
702 1558 906 1646 sperent
945 1574 1001 1628 in
1052 1583 1120 1643 te,
1149 1574 1236 1645 qui
1268 1585 1518 1630 nouerunt
1569 1592 1757 1632 nomen
1798 1583 1990 1631 tuum:
2020 1590 2149 1646 quoe

534 1668 673 1722 uiam
697 1683 797 1722 non
822 1666 1143 1740 dereliquisti
1170 1676 1454 1739 quterentes
1478 1677 1549 1737 te,
1578 1664 1817 1727 Domine.

603 1758 825 1814 Psallite
870 1756 1120 1829 Domino,
1169 1774 1227 1815 ~:—
1266 1770 1289 1797 ο
1316 1762 1404 1831 qui
1434 1760 1457 1830 1
1498 1760 1696 1817 habitat
1726 1776 1788 1817 +
1817 1761 1871 1815 in
1903 1756 1927 1829 1
1962 1758 2094 1817 Sion
2124 1772 2144 1813 .'

531 1851 856 1919 annuntiate,
890 1851 1022 1907 inter
1046 1861 1245 1922 gentes,
1278 1852 1453 1908 studia
1477 1853 1611 1922 ejus.

605 1943 884 2013 Quoniam,
936 1944 1203 2016 requirens
1245 1945 1550 2018 sanguinem
1591 1961 1789 2017 eorum,
1843 1943 2147 2002 recordatus

531 2038 605 2117 est
633 2052 652 2091 :
676 2054 777 2093 non
797 2048 872 2093 est
902 2036 1090 2092 oblitas
1116 2037 1391 2093 clamorem
1416 2050 1727 2110 pauperum.

605 2129 851 2187 Miserere
895 2132 1015 2200 mei,
1049 2126 1273 2188 Domine
1297 2147 1317 2188 :
1337 2130 1452 2188 vide
1483 2132 1827 2189 humilitatem
1867 2144 2056 2199 meum,
2079 2130 2144 2187 de

526 2221 752 2280 inimicis
775 2224 921 2280 meis.

602 2314 626 2355 ἀ
678 2318 779 2386 Qui
823 2319 1020 2375 exultas
1068 2334 1148 2373 me
1186 2316 1249 2373 de
1289 2319 1453 2392 portis
1479 2317 1662 2383 mortis
1695 2333 1711 2372 :
1744 2328 1803 2373 ut
1834 2317 2141 2373 annuntietn

534 2427 707 2468 omnes
731 2411 1057 2468 laudationes
1089 2422 1223 2483 tuas,
1253 2411 1307 2467 in
1331 2410 1496 2483 portis
1519 2412 1646 2483 filiae
1676 2410 1827 2468 Sion.

601 2504 889 2561 Exsultabo
925 2506 977 2561 in
1003 2506 1224 2562 salutari
1253 2515 1339 2562 tuo
1360 2521 1380 2562 :
1422 2506 1606 2577 inﬁxa:
1624 2515 1745 2562 sunt
1762 2493 1948 2579 gentes
1974 2504 2031 2561 in
2055 2505 2137 2561 in-

527 2598 704 2671 teritu,
740 2609 764 2638 °
787 2611 936 2673 quem
960 2598 1209 2671 fecerunt.
1867 2648 1871 2652 _

598 2694 667 2751 In
710 2696 888 2767 laqueo
937 2695 1037 2751 isto
1057 2711 1205 2768 quem
1253 2692 1666 2765 absconderant,
1724 2690 2130 2764 comprehensus

523 2798 598 2846 est
625 2805 712 2863 pes
741 2805 946 2847 eorum.

592 2880 939 2954 Cognoscetur
986 2877 1262 2949 Dominus,
1305 2879 1514 2954 judicia
1562 2878 1757 2951 faciens
1799 2895 1819 2935 :
1862 2879 1916 2933 in
1958 2877 2132 2951 operi-

516 2970 608 3033 bus
640 2988 891 3032 manuum
915 2991 1127 3032 suarum
1150 2974 1548 3049 comprehensus
1574 2983 1649 3031 est
1680 2982 1945 3046 peccator.

969 3168 1231 3213 CAN'I‘ICUM
1276 3166 1681 3212 DIAPSALHATIS.

2327 818 2499 877 Periit
2522 820 2784 879 memoria
2810 836 2999 881 eorum
3028 832 3154 881 eum
3178 825 3359 883 sonitu
3385 824 3516 900 [ιιι.
3550 826 3811 901 strepitu]
3843 846 3861 886 :

2262 922 2320 971 et
2347 914 2609 971 Dominus
2641 915 2693 971 in
2722 927 2985 973 aeternum
3017 926 3318 989 permanet.
3808 934 3813 941 ·

2326 1003 2548 1065 Paravit
2587 1007 2638 1065 in
2685 1004 2891 1081 judicio
2928 1007 3114 1068 sedem
3140 1018 3295 1067 suam
3325 1029 3339 1066 :
3367 1016 3427 1069 et
3450 1010 3569 1084 ipse
3603 1010 3869 1083 iudicabit

2260 1101 2389 1177 [Μδ.
2434 1101 2722 1174 judicavit]
2775 1104 2965 1161 orbem
3006 1112 3168 1161 terra:
3195 1102 3250 1161 in
3281 1103 3574 1178 equitate:
3597 1101 3865 1178 iudicabit

2225 1195 2485 1268 populos
2513 1210 2633 1252 cum
2660 1195 2893 1268 insutis.

2328 1288 2399 1344 Et
2441 1287 2615 1345 factus
2662 1296 2746 1346 est
2791 1288 3051 1348 Dominus
3092 1291 3357 1363 refugium
3387 1300 3682 1364 pauperum
3714 1304 3727 1348 t
3759 1290 3866 1350 tul—

2255 1376 2403 1451 jutor
2433 1381 2485 1436 in
2514 1382 3035 1453 Opportunitatibus,
3065 1382 3120 1439 in
3151 1384 3521 1441 tribulatione.

2332 1475 2396 1529 Et
2443 1483 2667 1545 sperent
2712 1475 2765 1531 in
2811 1484 2862 1531 te
2913 1474 2937 1513 ¹³
2983 1490 3195 1546 omnes,
3237 1478 3335 1549 qui
3368 1487 3635 1536 noverunt
3663 1489 3867 1538 nomen

2257 1575 2404 1624 tuum
2437 1580 2453 1624 :
2485 1568 2738 1640 quoniam
2787 1582 2897 1627 non
2943 1569 3279 1644 derelinquis
3322 1570 3450 1645 [ηδ.
3482 1571 3859 1647 demlinques]

2252 1672 2559 1735 quaerentes
2584 1674 2659 1733 te,
2690 1664 2936 1723 Domine.
2976 1739 2981 1743 _

2325 1756 2548 1814 Psallite
2581 1757 2836 1828 Domino,
2889 1759 2980 1831 qui
3014 1758 3221 1817 habitat
3249 1759 3304 1816 in
3334 1760 3466 1818 Sion
3495 1777 3509 1815 :
3539 1759 3865 1819 annuntiate

2177 1858 2221 1920 Β
2251 1849 2391 1907 inter
2418 1859 2608 1921 gentes
2631 1849 2763 1926 [ιιι.
2794 1852 2846 1907 in
2878 1850 3151 1924 gentibus]
3180 1852 3447 1908 mirabilia
3474 1851 3618 1924 (sius.

2324 1945 2592 2015 Quoniam
2621 1946 2904 2016 requirens
2930 1945 3248 2019 sanguinem
3273 1960 3485 2013 eorum,
3513 1952 3855 2002 memoratus

2247 2049 2354 2107 est,
2405 2047 2461 2095 et
2513 2054 2622 2095 non
2666 2047 2751 2096 est
2796 2038 2998 2096 oblitus
3042 2038 3309 2097 orationis
3355 2038 3484 2113 [ινα.
3523 2035 3856 2109 clamorem]

2246 2147 2564 2205 pauperum.

2316 2228 2575 2287 Miserere
2620 2227 2750 2285 milii
2773 2227 2900 2303 [Ms.
2932 2227 3085 2301 mei],
3111 2227 3367 2299 Dom'ine,
3389 2237 3445 2286 et
3474 2227 3597 2286 vide
3623 2226 3856 2285 humili-

2242 2329 2407 2379 tatem
2460 2338 2660 2390 meam,
2709 2322 2778 2380 de
2808 2322 3041 2381 inimicis
3071 2324 3229 2392 meis,
3279 2323 3373 2395 qui
3425 2322 3634 2381 exultas
3660 2336 3751 2379 me
3776 2320 3849 2379 de

2240 2417 2408 2491 portis
2453 2418 2649 2475 mortis
2680 2432 2693 2471 :
2725 2424 2783 2474 ut
2807 2416 3123 2475 annuntiem
3171 2432 3363 2476 ornnes
3413 2417 3602 2475 laudes
3641 2424 3763 2474 tuas
3790 2415 3850 2474 in

2241 2510 2417 2581 portis
2450 2510 2573 2565 ﬁliae
2602 2510 2755 2567 Sion.

2312 2601 2607 2659 Exsultabo
2644 2600 2663 2643 ί
2707 2599 2760 2657 in
2788 2598 3012 2659 salutari
3045 2608 3173 2658 tuo:
3202 2598 3389 2658 initam
3422 2609 3547 2658 sunt
3575 2606 3767 2674 gentes
3793 2601 3852 2659 in

2241 2697 2488 2765 interitu,
2538 2711 2698 2769 quem
2746 2695 2990 2753 fecerunt
3020 2712 3033 2751 :
3063 2696 3119 2752 In
3147 2696 3343 2769 laqueo
3368 2695 3501 2766 isto,
3549 2711 3709 2769 quem
3750 2710 3853 2755 oc-

2238 2792 2581 2849 cultaverunt
2604 2789 2758 2859 mihi,
2808 2788 3235 2859 comprehensus
3260 2798 3347 2847 est
3374 2804 3469 2862 pes
3489 2804 3701 2846 coruus.

2319 2884 2692 2955 Cognoscetur
2739 2882 2869 2955 Uis.
2913 2881 3278 2955 cognoscitur]
3308 2883 3592 2950 Dominus,
3636 2883 3849 2956 judicia

2236 2976 2444 3034 iaciens
2477 2996 2491 3033 :
2524 2978 2579 3033 in
2629 2975 2886 3048 operibus
2932 2990 3187 3050 manuum
3217 2989 3438 3034 suarum
3480 2976 3849 3050 comproben-

2235 3086 2330 3130 sus
2360 3078 2444 3129 est
2488 3077 2760 3143 peccator.

2676 3176 2941 3218 CANTICUI
2994 3174 3398 3219 DIAPBALIA‘I‘IS.

587 3264 965 3328 Convertuntur
989 3279 1282 3341 peccatores
1319 3271 1372 3326 in
1396 3271 1656 3343 infernum
1681 3286 1699 3327 :
1724 3286 1899 3327 omnes
1924 3276 2123 3344 gentes,
2150 3253 2201 3320 α
2306 3272 2706 3331 Convertuntur
2737 3279 3056 3345 peccatores
3080 3271 3134 3328 in
3163 3272 3431 3330 internum
3457 3289 3472 3328 :
3494 3280 3688 3330 omnes
3708 3282 3849 3345 gen-

513 3383 630 3441 qute
659 3367 1025 3423 obliviscuntur
1048 3362 1238 3423 Deum.
1311 3430 1314 3435 ,

587 3461 847 3530 Quoniam
870 3470 973 3516 non
999 3463 1053 3516 in
1078 3461 1234 3531 finem
1263 3459 1450 3515 oblivio
1476 3460 1571 3515 erit
1595 3460 1840 3533 pauperis
1873 3474 1893 3514 :
1920 3447 2121 3530 patieno

509 3553 583 3610 tia
606 3569 893 3626 pauperum
920 3570 1023 3609 non
1054 3552 1240 3626 peribit
1267 3553 1320 3606 in
1344 3553 1522 3624 ﬁnem.

584 3663 647 3705 σε-
700 3646 787 3703 Ea:
838 3647 860 3716 1
915 3663 1088 3722 surge,
1136 3646 1381 3715 Domine,
1430 3663 1533 3702 non
1579 3648 1893 3720 confortetur
1918 3644 2121 3703 homo:

501 3740 807 3813 iudicentur
828 3751 1021 3814 gentes,
1041 3741 1096 3796 in
1122 3749 1402 3813 conspectu
1432 3750 1543 3797 tuo.

584 3834 871 3904 Constitue,
892 3835 1146 3906 'Domine,
1177 3836 1522 3909 legislatorem
1543 3855 1696 3911 super
1722 3855 1808 3894 eos
1836 3853 1855 3894 :
1886 3836 1906 3876 τ
1934 3839 2103 3894 sciunt

510 3940 684 4003 gentes
717 3944 773 3986 -ε-
813 3930 1052 4002 quoniam
1086 3928 1109 3999 1
1147 3929 1374 3986 homines
1413 3938 1550 3986 sunt.
1586 3936 1651 4001 χ
1682 3928 1988 3987 Βιλινελιιιλ
2024 3930 2046 4000 1

583 4022 652 4081 Ut
681 4023 827 4096 quid,
852 4019 1107 4093 Domine,
1140 4023 1394 4079 recessisti
1439 4020 1633 4097 longe?
1658 4023 1879 4097 despicis
1924 4024 1979 4079 in
2018 4040 2112 4096 op-

504 4117 926 4187 portunitatibus,
956 4117 1007 4171 in
1035 4115 1408 4173 tribulatione?

577 4206 715 4266 Dum
757 4210 981 4284 superbit
1024 4210 1244 4283 impius,
1286 4210 1577 4268 incenditur
1615 4222 2110 4286 pauper-mamme-

505 4304 801 4363 hsnduntur
822 4305 877 4362 in
906 4305 1158 4376 consiliis,
1187 4305 1370 4380 quibus
1395 4307 1643 4381 cogitant.

581 4594 608 4627 ι
636 4586 866 4644 Obelum
914 4586 970 4643 in
1015 4586 1243 4653 voculte.
1278 4601 1441 4659 quem
1473 4584 1807 4659 prseceilenti
1832 4590 1880 4642 et
1908 4585 2107 4643 Palatia

503 4670 606 4717 nus
632 4659 1009 4731 praeponebat,
1035 4660 1102 4716 ab
1130 4660 1249 4731 ipso
1278 4656 1402 4730 ejus
1423 4656 1611 4715 errore
1637 4658 1812 4714 edocti
1843 4672 1945 4713 nos
1966 4671 2116 4730 prte-

504 4729 983 4802 ﬁximusJCarus,
1026 4729 1377 4803 subsequenti
1425 4745 1607 4800 versu,
1656 4731 1895 4803 ciuitates
1930 4729 1990 4786 σιὲ
2022 4746 2113 4786 σοι·

499 4815 617 4857 rum
654 4800 1027 4873 :pracnotato,
1075 4811 1137 4859 ut
1179 4800 1352 4871 vides,
1407 4803 1566 4859 obelo
1612 4800 1859 4873 praefert;
1907 4804 2006 4873 sed
2051 4812 2109 4858 et

498 4874 661 4943 paulo
710 4872 969 4944 superius
1019 4877 1074 4930 in
1124 4874 1275 4930 hisce
1325 4873 1665 4944 apponendis
1713 4872 1855 4944 notis
1897 4872 2108 4944 fallitur

498 4942 622 5000 cum
650 4942 895 5017 Palatino
944 4961 1045 5000 ms.
1097 4961 1216 5015 quae
1246 4945 1473 5017 singulis
1507 4942 1812 5017 quibusque
1840 4942 1976 5000 locis
2000 4959 2103 5000 an-

498 5024 689 5072 notare
719 5015 853 5074 nihil
882 5015 1129 5073 interest.

571 5107 600 5180 lt
630 5109 686 5167 in
713 5109 944 5166 Hebraeo
974 5120 1056 5166 est
1083 5093 1217 5174 θὶς-ι,
1236 5109 1380 5180 quod
1408 5125 1515 5165 non
1550 5107 1872 5180 simpliciter
1904 5108 2096 5178 orbem,

500 5178 595 5254 sed
614 5180 786 5254 orbem
811 5191 982 5249 terrm,
1010 5184 1125 5238 sive
1146 5191 1203 5237 ut
1223 5178 1446 5254 Gratcns
1475 5178 1670 5254 habet,
1688 5186 1778 5242 τὴν
1808 5183 2105 5254 οἰκουμένην

495 5251 771 5378 ῗὶειιὶίὶεειι
805 5269 820 5307 :
851 5260 913 5310 ut
945 5255 1059 5311 fere
1094 5253 1484 5325 expungendus
1523 5252 1713 5310 obelus
1760 5254 1866 5310 iste
1914 5251 2103 5311 videa-

519 5337 604 5378 ur.

519 5337 604 5379 υτ.

570 5405 594 5436 ο
623 5394 795 5451 Palat.
824 5411 928 5452 ms.
960 5406 1016 5453 et
1040 5394 1164 5454 Cari
1193 5395 1359 5455 editio
1385 5395 1571 5453 obelos
1600 5394 1702 5453 bos
1726 5395 1998 5453 nesciunt.

566 5464 594 5504 ἀ
627 5466 724 5523 llic
772 5483 904 5524 vero
946 5468 1165 5526 obelum
1213 5468 1355 5526 idem
1397 5483 1502 5525 ms.
1546 5466 1779 5540 praeﬁgit
1824 5482 1887 5524 +
1930 5466 2035 5536 Qui
2071 5464 2094 5537 1

523 5538 719 5594 saltas.
758 5549 866 5594 etc.

493 5548 719 5605 exultas,
758 5549 866 5596 etc.

570 5619 594 5647 ο
628 5610 921 5694 l’rtestabat
946 5627 1096 5683 quem
1126 5626 1255 5667 veru
1287 5609 1602 5694 praenotari,
1637 5626 1666 5666 a
1692 5625 1814 5694 quo.
1831 5625 1931 5666 nos
1949 5609 2095 5694 .sub-

496 5681 743 5749 sequenti
791 5681 973 5738 statim
1022 5698 1182 5739 versu
1221 5681 1521 5740 exemimus
1562 5697 1747 5740 vocem
1796 5682 1916 5749 ista,
1945 5681 2099 5749 juxta

497 5750 801 5825 Quintilium
832 5769 938 5809 Itis.
968 5764 1020 5811 et
1051 5753 1175 5810 Cari
1202 5752 1520 5823 editionem,
1564 5752 1735 5811 facem
1773 5756 2101 5825 prwiercnte

494 5820 740 5893 lltcbrzeo
771 5832 940 5893 textu,
970 5833 1249 5887 ἰτ-ηιυ-πει.

570 5891 592 5934 ⁸
632 5894 716 5954 Ad
761 5910 866 5956 ms.
901 5891 1156 5970 Palatini,
1208 5907 1319 5957 tum
1358 5893 1577 5956 llcbrtei
1605 5902 1782 5957 textus
1822 5903 1877 5954 ct
1917 5892 2094 5954 Graeci

572 6079 689 6090 M'.
713 6085 722 6089 .

2233 3378 2339 3437 tes,
2367 3383 2487 3441 qua:
2515 3365 2644 3441 [‘Ms.
2679 3365 2792 3440 qui]
2824 3364 3220 3423 obliviscuntur
3246 3365 3555 3423 Dominum.

2299 3460 2564 3531 Quoniam
2612 3474 2719 3516 non
2764 3458 2818 3516 in
2861 3458 3063 3516 tinem!
3103 3457 3305 3516 oblivio
3344 3459 3447 3516 erit
3490 3472 3794 3533 pauperum
3828 3474 3846 3516 :

2226 3554 2487 3629 patientia
2518 3568 2813 3626 pauperqu
2844 3552 3181 3624 uonpcribit
3208 3552 3263 3608 in
3296 3553 3480 3610 tinem.

2308 3648 2551 3721 Exsurge
2584 3664 2598 3705 :
2629 3638 2879 3715 Domine,
2904 3660 3011 3703 non
3042 3642 3331 3718 prtevaleat
3359 3643 3522 3703 homo
3553 3660 3566 3700 :
3589 3641 3847 3718 judicen-

2227 3752 2316 3802 tur
2344 3752 2534 3815 gentes
2566 3739 2619 3797 in
2650 3750 2943 3813 conspectu
2974 3749 3088 3795 tuo.

2301 3833 2603 3903 Constitue,
2660 3833 2909 3902 Domine,
2959 3830 3320 3902 legislatorem
3361 3845 3524 3902 super
3548 3844 3644 3887 eos
3673 3848 3688 3886 :
3720 3827 3745 3868 ¹ι
3779 3839 3847 3888 ut

2228 3930 2404 3986 sciant
2429 3935 2641 4000 gentes,
2668 3925 2923 3997 quoniam
2955 3923 3205 3981 inaniines
3247 3933 3392 3980 sunt.
3427 3925 3759 3982 Diarssua.

2295 4020 2526 4094 thuid,
2544 4017 2788 4087 Domine,
2806 4018 3079 4076 recessisti
3110 4017 3241 4094 ιΜσ.
3273 4018 3596 4094 discessisti]
3625 4021 3793 4093 longe
3818 4021 3844 4077 ἲ

2230 4115 2468 4187 despicis
2496 4114 2548 4170 in
2577 4111 3089 4185 opportunitatibus,
3117 4111 3171 4168 in
3196 4110 3548 4169 tribulatione
3572 4111 3598 4167 τ

2298 4214 2436 4273 Dum
2464 4208 2593 4286 Uis.
2625 4207 2771 4281 cum]
2818 4208 3063 4280 superbit
3089 4207 3310 4279 impius,
3362 4205 3670 4265 incenditur
3692 4221 3841 4279 pau-

2223 4319 2320 4377 per
2368 4321 2381 4357 :
2433 4300 2453 4341 1
2502 4300 3032 4374 comprehenduntur
3101 4298 3159 4359 in
3210 4298 3630 4374 cogitationibus
3689 4300 3839 4374 suis,

2218 4410 2357 4473 quas
2381 4395 2643 4469 cogitant.

2226 4579 2388 4639 tidem
2435 4590 2491 4636 ut
2529 4579 2778 4638 vocatam
2809 4581 3195 4653 exprimimus.
3234 4579 3406 4638 Carus
3430 4580 3849 4653 subsequentes'

2224 4654 2363 4711 duas
2384 4653 2529 4710 obeli
2563 4660 2731 4721 atque
2760 4652 3011 4710 asterisci
3052 4661 3209 4710 notas
3240 4667 3365 4709 cum
3392 4652 3591 4712 eodm
3619 4652 3833 4714 Palati-

2224 4741 2298 4783 uo
2318 4725 2442 4781 cod.
2471 4725 2692 4781 omittit.

2291 4808 2317 4846 ε
2349 4798 2406 4853 in
2439 4797 2726 4852 reronensi
2755 4794 2965 4863 codice,
3012 4797 3353 4871 frame_a,_qui
3381 4805 3439 4854 et
3465 4799 3665 4856 rectius
3694 4815 3831 4871 pro.

2216 4884 2412 4997 uirgineo
2469 4883 2646 4923 eorum
2674 4881 2796 4923 mox
2831 4876 2971 4924 tacet
2999 4883 3122 4925 cum
3152 4868 3429 4926 Gallicana
3456 4879 3512 4927 et
3547 4868 3830 4945 pleriéque

2216 4950 2244 4996 a
2274 4954 2359 4997 us.

2210 4942 2359 4998 aliis.

2284 5011 2313 5051 ιι
2344 5012 2573 5085 Rursum
2605 5019 2757 5085 tacet
2790 5009 2933 5085 idem
2963 5024 3066 5085 ms.
3096 5023 3286 5067 vocem
3314 5024 3512 5085 omnes,
3546 5026 3674 5085 qua:
3702 5022 3759 5071 et
3788 5031 3826 5073 η

2210 5084 2417 5141 Gnccis
2450 5083 2593 5138 .olim
2637 5082 2919 5138 codicibus
2965 5084 3192 5139 aberat:
3225 5092 3339 5139 tum
3386 5078 3584 5141 ferme'
3614 5087 3821 5144 rectius

2211 5165 2499 5227 agnoscunt
2528 5166 2628 5225 pro
2654 5163 2901 5227 nouerunt
2919 5190 2933 5215 ,
2958 5168 3083 5208 enm
3108 5156 3227 5209 solo
3255 5154 3561 5225 Augustino
3593 5156 3743 5226 legit.

2275 5225 2290 5266 ί
2314 5228 2456 5283 [dem
2486 5242 2617 5296 ms.,
2644 5242 2795 5298 super
2819 5225 3229 5298 salutaretuum,
3257 5234 3366 5280 tum
3391 5229 3443 5281 in
3468 5225 3820 5298 corruptione,

2216 5315 2314 5355 oro
2331 5301 2383 5353 in
2399 5292 2612 5354 interitu
2625 5313 2644 5352 :
2661 5292 2795 5367 quas
2814 5310 2879 5351 ex
2897 5292 3016 5367 solo
3032 5292 3332 5367 Augustino
3349 5300 3610 5354 mutuavit
3622 5292 3819 5356 lectio-'-

2210 5386 2312 5428 nes
2338 5378 2398 5425 ut
2418 5378 2472 5425 et
2498 5372 2551 5423 in
2574 5366 2865 5440 muscipula
2902 5366 3001 5421 ista
3036 5366 3210 5440 quam,
3233 5378 3368 5440 ele.,
3398 5380 3496 5440 pro
3520 5370 3575 5424 in
3602 5368 3813 5440 laqueo,

2212 5454 2345 5512 etc._.
2392 5441 2556 5496 etiam
2598 5437 2989 5512 praetermisso,
3018 5438 3163 5507 (ιιιθὰ
3196 5437 3284 5495 hic
3308 5437 3543 5508 additur,
3572 5439 3721 5512 mihi,
3753 5437 3814 5499 et

2207 5515 2263 5568 in
2300 5508 2492 5570 Graeco
2518 5507 2638 5581 ipso
2668 5518 2813 5564 textu
2839 5507 3201 5565 desideratur.

2286 5587 2300 5635 t
2341 5584 2488 5640 idem
2536 5585 2591 5635 in
2639 5581 2891 5656 obliuione
2916 5581 3011 5634 erit
3048 5594 3246 5656 pauper
3277 5598 3303 5656 :1
3324 5588 3471 5652 tum,
3516 5598 3620 5639 non
3649 5583 3811 5656 periet

2207 5659 2265 5710 in
2290 5665 2540 5710 internum
2570 5667 2589 5724 ς
2615 5653 2962 5724 continentur
2984 5652 3058 5724 ex:
3080 5652 3403 5724 Augustino.

2286 5724 2312 5764 ¹ί
2345 5723 2412 5781 Ut
2433 5723 2672 5779 vocatam
2700 5737 2822 5779 cum
2837 5721 3138 5795 Augustino
3155 5721 3207 5779 et
3231 5724 3502 5795 plerisque
3526 5725 3648 5782 aliis
3664 5723 3813 5781 Lati-

2192 5797 2300 5868 nis
2328 5795 2610 5850 codicibus
2638 5802 2695 5850 et
2724 5795 2915 5868 (ἐνίει-ρ
2939 5832 2956 5857 ,
2994 5793 3335 5868 Veronensis
3361 5793 3579 5868 quoque
3607 5805 3769 5853 tacet.

2289 5866 2306 5909 ι
2336 5868 2482 5927 idem
2508 5865 3161 5941 ms.,.eomprchendentur
3180 5867 3233 5923 in
3256 5865 3653 5941 cogitetitmibus
3673 5869 3805 5940 suis,

2186 6070 2229 6081 ...
2978 6084 2981 6087 ,
3845 6048 3897 6089 κ
