4062 6356
203 304 296 362 155

265 413 513 486 Quoniam
541 410 790 468 laudatur
815 417 1052 483 peccator
1073 409 1124 465 in
1149 405 1417 464 desideriis
1442 406 1630 464 animte
1646 423 1787 476 suto:
1816 409 1870 470 Α

203 520 242 568 et
266 511 459 581 iniquus
481 506 823 563 benedicitur.

210 672 224 688 ’
259 688 584 745 Exacerbavit
636 689 915 748 Dominum
960 698 1244 760 peccator:
1275 685 1557 742 secundum
1610 682 1790 740 atulli-

201 782 406 836 tudinem
437 781 532 836 ira:
561 797 687 848 suae,
718 796 820 836 non
845 791 1056 852 qureret.

259 875 371 930 Non
416 885 494 930 est
547 874 691 930 Deus
730 876 785 930 in
827 882 1103 946 conspectu
1156 879 1267 946 ejus
1306 890 1320 930 :
1358 874 1640 946 inquinata:
1675 880 1792 929 sunt

201 972 278 1028 riae
305 971 467 1038 illius,
497 969 553 1025 in
582 969 725 1026 omni
756 979 1002 1043 tempore.

257 1063 573 1134 Auferuntur
617 1062 814 1130 judicia
863 1072 952 1116 tua
994 1077 1026 1115 a
1065 1061 1198 1134 facie
1228 1062 1338 1134 ejus
1370 1075 1388 1116 :
1420 1061 1648 1117 omnium
1694 1059 1794 1115 ini-

203 1157 429 1211 micorum
459 1172 674 1211 suorum
699 1155 1070 1212 dominabitur.

261 1248 393 1302 Dixit
418 1263 485 1304 οε-
516 1259 543 1287 ιι
561 1248 698 1302 enim
729 1245 750 1317 ζ
781 1249 835 1304 in
866 1249 1022 1305 corde
1046 1263 1139 1307 suo
1171 1267 1190 1305 :
1219 1247 1345 1306 Non
1366 1248 1620 1319 movebor,
1649 1265 1681 1303 a
1709 1261 1796 1321 ge-

202 1341 446 1398 neratione
476 1339 530 1396 in
563 1339 968 1414 generationem,
999 1343 1113 1399 sine
1135 1343 1292 1398 malo.

261 1517 434 1590 Cujus,
483 1516 868 1584 maledictione,
917 1532 973 1572 os
1003 1517 1215 1590 plenum
1240 1528 1333 1585 est,
1365 1526 1412 1574 et
1443 1515 1794 1572 amaritudine

205 1620 246 1666 et
261 1611 373 1664 dolo
395 1625 415 1664 :
447 1611 544 1664 sub
575 1608 751 1682 lingua
773 1609 907 1682 ejus,
935 1609 1080 1664 labor
1107 1620 1154 1664 et
1191 1611 1358 1666 dolor.

261 1702 406 1758 Sedet
432 1702 491 1755 in
519 1701 749 1770 insidiis,
777 1718 892 1756 cum
917 1702 1182 1770 divitibus,
1212 1703 1267 1758 in
1294 1701 1531 1770 occultis,
1558 1711 1611 1758 ut
1637 1703 1797 1757 inter-

209 1798 326 1867 ﬁciat
349 1799 700 1853 innocentem.

268 1890 412 1946 Oculi
479 1892 594 1962 ejus
655 1893 707 1944 in
754 1907 1035 1964 pauperem
1074 1892 1359 1962 respiciunt
1394 1907 1413 1946 :
1440 1891 1717 1946 insidiatur
1744 1892 1798 1945 in

208 1985 506 2051 abeandito,
537 1984 689 2055 quasi
719 1983 799 2040 leo
820 1985 874 2040 in
901 1983 1145 2056 spelunca
1175 1999 1235 2040 ἀρ
1265 2000 1360 2040 sua
1391 1986 1437 2056 ζ.

265 2078 576 2145 lnsidiatur,
618 2087 674 2134 ut
721 2079 894 2150 rapiat
940 2096 1243 2151 pauperem,
1281 2096 1463 2152 rapere
1489 2095 1801 2152 pauperem;

208 2174 309 2227 dum
334 2172 556 2226 attrahit
579 2190 714 2228 eum.

265 2266 324 2321 In
365 2266 556 2339 laqueo
597 2284 692 2324 suo
729 2267 1025 2324 humiliabil
1055 2284 1171 2324 eum
1193 2285 1213 2323 :
1233 2267 1504 2324 inclinabit
1533 2283 1610 2339 se,
1640 2278 1686 2322 et
1715 2283 1804 2323 ca-

209 2361 402 2414 ducum
433 2360 732 2415 dominatus
771 2359 924 2432 fuerit
956 2376 1260 2431 pauperum.

265 2449 400 2506 Dixit
461 2467 524 2508 -ε-
577 2453 714 2506 enim
766 2452 876 2519 εἰη
904 2436 1058 2507 corde
1088 2468 1202 2519 suo,
1243 2449 1450 2507 Oblitus
1497 2459 1572 2507 est
1619 2449 1801 2505 Deus:

209 2545 364 2598 avertit
393 2544 592 2613 facient
622 2560 792 2614 suam,
823 2561 886 2599 ne
913 2544 1081 2598 videat
1102 2545 1158 2598 in
1179 2545 1356 2614 finem.

269 2650 321 2690 σθ
349 2634 437 2690 Ea:
462 2636 484 2703 ζ
512 2651 685 2707 surge,
720 2635 940 2691 Domine
969 2635 1132 2703 Deus,
1163 2636 1422 2692 exaltetur
1446 2651 1630 2690 atauus
1668 2644 1757 2690 tua
1783 2649 1802 2688 :

211 2745 260 2782 ne
285 2728 600 2784 obliviscaris
643 2745 954 2802 pauperum.
1374 2757 1377 2762 -
1795 2797 1797 2800 η

267 2821 485 2895 Propter
530 2823 658 2894 quid
687 2823 900 2878 irritavit
927 2823 1116 2897 impius
1143 2823 1360 2880 Deum?
1387 2821 1536 2879 Dixit
1573 2822 1715 2879 enim
1749 2823 1803 2877 in

208 2914 342 2980 corde
363 2932 460 2972 suo
484 2930 504 2970 .'
535 2912 666 2970 Non
685 2914 929 2986 requiret.

272 3115 446 3189 l'ides,
494 3121 738 3190 quoniam
783 3127 840 3175 tu
884 3120 1109 3176 laborem
1139 3129 1185 3177 et
1213 3119 1446 3176 dolorem
1485 3120 1799 3190 consideras,

212 3220 256 3265 at
283 3213 456 3267 tradas
490 3229 576 3268 eos
603 3214 658 3268 in
701 3229 884 3269 manus
914 3222 1050 3269 tuas.

271 3304 375 3359 Tibi
400 3305 682 3361 derelictus
707 3315 781 3361 est
805 3322 1005 3378 pauper
1033 3320 1050 3360 .'
1081 3307 1316 3378 orphano
1347 3314 1404 3362 tu
1432 3308 1533 3362 eris
1564 3309 1798 3380 adjutor.

275 3396 489 3452 Contere
519 3397 791 3452 brachium
827 3400 1107 3470 peccatoris
1150 3409 1196 3454 et
1235 3398 1454 3474 maligni
1482 3417 1499 3453 :
1539 3409 1803 3472 qutcretur

218 3504 471 3561 peccatum
492 3492 660 3558 illius,
687 3503 734 3548 et
766 3509 869 3548 non
893 3494 1194 3548 invenietur.

278 3583 530 3640 Dominus
555 3586 790 3659 regnabit
815 3587 870 3642 in
892 3594 1164 3655 teter-num,
1189 3597 1234 3642 et
1267 3588 1318 3643 in
1340 3587 1590 3644 saeculum
1621 3603 1678 3644 -ξ-
1710 3602 1808 3644 διες

220 3678 314 3732 culi
342 3679 363 3746 ζ
400 3680 638 3750 per-ibitis
662 3688 837 3752 geutes
862 3680 927 3736 de
947 3690 1084 3736 terra
1109 3679 1136 3718 ι)
1165 3681 1327 3736 illius.

276 3768 604 3828 Desiderium
642 3787 930 3846 pauperum
975 3789 1036 3829 vt.
1074 3789 1140 3829 ea:
1186 3773 1207 3841 ζ
1258 3774 1456 3829 audivit
1507 3772 1813 3836 Dominus:

218 3867 648 3936 pmparationem
676 3867 848 3922 cordis
877 3883 1053 3923 eorum
1079 3866 1278 3922 audivit
1303 3867 1448 3924 auris
1474 3875 1584 3924 tua.

279 4047 531 4108 Judicare
581 4051 788 4124 pupillo
828 4061 874 4107 et
914 4051 1142 4108 humili:
1185 4063 1239 4124 ut
1277 4069 1380 4108 non
1414 4059 1642 4125 apponat
1681 4051 1820 4107 ultra

217 4143 541 4214 magnificare
562 4161 617 4200 se
645 4144 799 4200 homo
820 4160 977 4216 super
1000 4153 1210 4202 terram.

1489 293 1698 351 LIBER
1746 287 2193 350 PSALMORUM.

3405 261 3508 340 ist

1965 400 2228 469 Quoniam
2288 394 2536 453 laudatur
2575 403 2827 468 peccator
2869 395 2924 450 in
2970 391 3256 451 desideriis
3312 395 3507 450 animus

1891 509 2003 551 suae
2039 513 2052 552 :
2083 503 2138 551 et
2165 493 2260 567 qui
2298 493 2476 565 iniqua
2526 493 2689 565 gerit,
2740 491 3091 549 benedicetur
3120 488 3247 565 [31s.
3281 485 3510 547 Benedi-

1898 585 2087 656 citur].

1964 680 2197 734 lrritavit
2248 679 2531 736 Dominum
2581 689 2834 750 peccator
2875 675 3214 735 :seeundum
3264 675 3512 733 multitu-

1892 776 2071 834 dinem
2099 775 2191 831 irse
2219 789 2330 831 sua:
2358 790 2462 830 non
2493 775 2723 846 inquiret
2745 772 2874 848 [Ms.
2900 770 3190 846 exquiret].

1965 869 2080 926 Non
2108 878 2188 926 est
2233 869 2376 924 Deus
2407 869 2462 924 in
2493 879 2788 941 conspectu
2818 869 2936 940 ejus
2969 886 2983 926 :
3017 880 3037 907 ε
3067 868 3382 941 polluuntur
3406 865 3508 923 via:

1895 962 2034 1035 ejus,
2067 962 2119 1017 in
2154 971 2420 1031 tempore.

1966 1055 2301 1110 Auieruntur
2324 1053 2528 1123 judicia
2560 1063 2646 1110 tua
2696 1067 2724 1109 a
2759 1052 2897 1111 facie
2929 1049 3046 1125 ejus
3080 1071 3094 1111 :
3126 1053 3368 1111 omnium
3399 1049 3507 1109 ini-

1895 1148 2158 1204 micorum
2200 1161 2421 1203 suorum
2451 1146 2843 1203 dominabitur.

1969 1242 2112 1297 Dixit
2157 1240 2300 1297 enim
2353 1242 2407 1297 in
2435 1241 2601 1298 corde
2631 1257 2774 1300 suo.:
2803 1242 2916 1297 Non
2944 1242 3225 1309 movebor,
3277 1241 3344 1299 de
3372 1237 3504 1315 lMs.

1897 1331 1974 1406 in]
1997 1334 2349 1406 generatione
2371 1335 2422 1391 in
2445 1335 2849 1407 generationem
2876 1333 3002 1410 [31s.
3029 1346 3083 1392 et
3104 1333 3503 1407 generatione],

1899 1434 2017 1490 sine
2053 1433 2214 1488 malo.

1968 1527 2135 1596 Cujus
2165 1541 2250 1593 os,
2291 1525 2672 1583 maledictione
2702 1534 2758 1583 ct
2782 1526 3143 1584 amaritudine
3173 1525 3388 1599 plenum
3421 1532 3506 1581 est

1900 1629 1953 1677 et
1982 1619 2108 1676 dolo
2138 1637 2154 1677 :
2188 1620 2288 1676 sub
2320 1619 2500 1691 lingua
2531 1619 2670 1690 ejus,
2706 1617 2859 1682 labor
2890 1629 2943 1676 et
2969 1617 3146 1676 dolor.
3441 1688 3447 1692 ι

1970 1711 2134 1770 Sedet
2180 1712 2233 1768 in
2282 1713 2513 1780 insidiis,
2563 1728 2690 1768 cum
2734 1711 3015 1784 divitibus,
3069 1713 3122 1768 in
3167 1711 3416 1782 occultis,
3449 1717 3510 1767 ut

1828 1812 1876 1873 Β
1903 1805 2196 1862 interﬁciat
2218 1805 2562 1862 innocentem
2587 1805 2611 1859 ?

1975 1899 2129 1955 Oculi
2181 1898 2296 1971 ejus
2346 1899 2397 1955 in
2432 1913 2726 1970 pauperem
2777 1897 3112 1971 respiciunt:
3143 1895 3511 1957 iusidiaturin

1903 1997 2140 2059 occulto,
2172 1995 2311 2050 sicut
2332 1995 2418 2051 leo
2447 1995 2498 2050 in
2531 1994 2691 2050 cubili
2719 2009 2842 2050 suo.

1979 2089 2285 2155 lnsidiatur,
2321 2095 2378 2144 ut
2427 2089 2604 2159 rapiat
2632 2101 2919 2158 pauperem
2965 2083 3097 2158 [Μδ.
3132 2084 3389 2159 inopem],
3420 2100 3508 2144 ra-

1905 2199 2034 2255 pere
2063 2199 2392 2254 pauperem,
2425 2182 2550 2238 dum
2580 2181 2804 2236 attrahit
2833 2197 2979 2237 eum.

1977 2275 2032 2330 lu
2065 2272 2092 2312 ά
2123 2275 2316 2346 laqueo
2360 2291 2455 2330 suo
2486 2274 2791 2330 bumiliablt
2819 2287 2942 2330 eum
2975 2289 2989 2330 :
3022 2271 3303 2330 inclinabit
3347 2285 3429 2343 se,
3459 2280 3517 2330 et

1909 2367 2090 2434 cadet,
2122 2367 2248 2422 dum
2281 2365 2650 2423 dominabitur
2671 2366 2946 2438 pauperis.

1981 2459 2124 2514 Dixit
2153 2460 2295 2515 enim
2330 2462 2380 2515 in
2417 2459 2580 2515 corde
2607 2473 2729 2526 suo,
2758 2459 2970 2515 Oblitus
2995 2468 3077 2515 est
3105 2455 3244 2515 Deus
3278 2475 3290 2513 :
3321 2456 3521 2516 avertit

1910 2551 2101 2607 faciem
2131 2567 2282 2607 suam
2305 2594 2318 2618 ,
2355 2568 2422 2608 ne
2453 2552 2632 2608 videat
2655 2567 2826 2621 usque
2855 2552 3123 2606 in-linem.

1981 2645 2244 2716 Exsurge,
2296 2644 2524 2700 Domine
2555 2643 2698 2699 Deus
2730 2658 2903 2712 meus,
2956 2651 3012 2700 et
3032 2641 3302 2700 exaltetur
3327 2655 3518 2700 manus

1908 2750 2114 2796 tuazue
2142 2740 2478 2796 obliviscaris
2511 2750 2532 2778 ι’
2566 2749 2856 2812 pauperem
2891 2740 2942 2795 in
2973 2739 3157 2794 llnetn.

1977 2832 2211 2902 Propter
2255 2832 2385 2905 quid
2438 2831 2566 2905 [Ms.
2598 2831 2763 2903 quod]
2806 2833 3039 2888 irritavit
3085 2832 3284 2904 impius
3326 2833 3516 2888 Domi-

1906 2941 2034 2982 num
2086 2926 2214 3000 [01s.
2270 2925 2508 2996 Deum]?
2556 2926 2700 2983 Dixit
2729 2927 2872 2984 enim
2918 2925 2972 2982 in
3017 2925 3183 2984 corde
3213 2941 3313 2982 suo
3348 2943 3362 2984 :
3393 2925 3511 2982 Non

1907 3018 2149 3092 requiret
2187 3018 2206 3057 ί
2250 3020 2414 3076 Deus.
3379 3011 3382 3014 ’

1986 3113 2171 3183 Vides,
2201 3114 2454 3185 quoniam
2513 3123 2566 3170 tu
2599 3115 2840 3171 laborem
2915 3121 2969 3171 et
3008 3113 3247 3171 dolorem
3275 3111 3525 3171 conside-

1835 3203 1880 3269 C
1914 3225 2003 3266 ras
2038 3227 2051 3264 :
2079 3220 2134 3265 ut
2169 3210 2349 3266 tradas
2380 3225 2472 3267 eos
2512 3210 2564 3266 in
2593 3211 2840 3268 manibus
2879 3211 2984 3266 tuis
3017 3228 3028 3262 :
3061 3209 3154 3266 tibi
3188 3209 3334 3265 enim
3363 3209 3524 3268 dere.

1906 3305 2067 3362 lictus
2097 3312 2180 3361 est
2210 3320 2412 3376 pauper
2443 3322 2456 3359 :
2491 3303 2692 3375 pupillo
2721 3309 2775 3358 tu
2813 3303 2920 3360 eris
2962 3301 3198 3374 adjutor.

1990 3399 2255 3454 Conteres
2286 3397 2563 3452 brachium
2595 3398 2899 3468 peccatoris
2937 3404 2994 3453 et
3031 3395 3251 3468 maligni
3285 3412 3300 3452 ;
3335 3395 3519 3469 requi-

1918 3501 2072 3548 retur
2100 3489 2360 3548 delictum
2394 3491 2532 3561 ejus,
2566 3505 2664 3546 nec
2694 3489 3019 3545 invenietur.
3056 3498 3082 3537 ε

1989 3585 2256 3656 Regnabit
2283 3584 2411 3657 [tlls.
2445 3584 2732 3656 Regnavit]
2765 3585 3027 3639 Dominus
3060 3583 3112 3639 in
3145 3593 3408 3640 aeternum
3462 3590 3519 3640 et

1893 3664 1975 3735 \in
2001 3679 2260 3734 saeculum
2291 3676 2496 3741 smcnli,
2535 3676 2778 3747 peribitis
2801 3683 2992 3748 gentes
3019 3675 3087 3732 de
3133 3683 3279 3732 terra
3311 3675 3453 3747 ejus.

1999 3774 2336 3830 Desiderium
2371 3787 2665 3844 pauperum
2702 3771 2987 3828 exaudivit
3030 3771 3296 3826 Dominus
3330 3789 3344 3825 ;
3377 3770 3524 3826 desi-

1923 3867 2071 3925 deria
2120 3866 2247 3939 [:lls.
2300 3865 2770 3939 prmjitirationcni]
2802 3865 2982 3923 cordis
3031 3881 3218 3923 eorum
3252 3864 3530 3922 exaudivit

1925 3958 2074 4031 auris
2106 3969 2218 4013 tua.

1997 4051 2252 4109 Judicare
2283 4043 2488 4123 pupillo
2514 4062 2570 4108 et
2600 4051 2793 4107 bumili
2822 4067 2838 4106 :
2872 4058 2930 4107 ut
2972 4063 3078 4109 non
3116 4058 3355 4124 apponat
3381 4049 3523 4109 ultra

1929 4144 2284 4217 magnificare
2314 4160 2376 4202 se
2405 4145 2569 4202 homo
2590 4159 2758 4218 super
2787 4153 3012 4203 terram.

1621 4281 1984 4348 PSALMUS
2034 4282 2117 4346 Χ.

620 4423 674 4466 ΙΝ
716 4424 910 4479 ΗΝΕᾺΙ,
951 4422 1186 4466 ΡεΑωωε
1222 4424 1404 4466 Μνω.

289 4520 351 4576 In
385 4522 615 4580 Domino
647 4524 887 4591 conﬁdo,
924 4523 1182 4597 quomodo
1219 4525 1392 4580 dicitis
1426 4523 1615 4581 animat
1653 4541 1778 4582 inca:
1798 4540 1820 4582 :

226 4617 529 4690 transmigra
559 4617 613 4671 in
637 4625 887 4683 montem,
906 4617 1038 4672 sicut
1067 4619 1288 4688 passer?

2071 4426 2123 4466 IN
2163 4424 2324 4466 rtucu
2347 4450 2362 4479 ,
2405 4424 2640 4468 remus
2678 4425 2837 4469 osvm
2875 4410 3004 4486 [Με.
3047 4429 3146 4472 ipsi
3185 4415 3392 4489 DAVID].

2002 4525 2059 4582 In
2092 4525 2322 4580 Domino
2349 4524 2584 4592 conﬁdo,
2617 4527 2890 4598 quomodo
2917 4527 3100 4585 dicitis
3130 4530 3335 4586 animae
3362 4545 3534 4587 mete:

1936 4619 2258 4690 transmigra
2290 4618 2345 4675 in
2378 4629 2616 4676 montem
2655 4620 2784 4693 [Ms.
2813 4622 3076 4694 montes],
3105 4624 3243 4680 sicut
3274 4626 3504 4696 passer?

294 4706 587 4776 Quoniam,
616 4724 733 4764 ecce
748 4718 1039 4781 peccatores
1070 4709 1391 4766 intenderunt
1421 4724 1637 4767 areum:
1665 4727 1824 4784 para-
1906 4721 1919 4726 '
2007 4713 2294 4783 Quoniam,
2323 4728 2452 4770 ecce
2477 4725 2794 4785 peccatores
2828 4703 3171 4775 tetenderunt
3201 4719 3326 4792 [Με.
3361 4719 3540 4776 inten-

225 4914 407 4984 quibus
438 4915 685 4988 cogitant.
717 4914 820 4973 Ubi
850 4931 956 4988 uno
984 4917 1154 4974 verbo
1184 4915 1702 4988 comprehendantur,
1730 4929 1829 4985 pro
1861 4924 1914 4985 Ι)
1941 4930 2099 4970 versu
2127 4917 2278 4985 iram,
2311 4932 2409 4985 pro
2436 4917 2692 4984 dolorem,
2723 4919 2867 4985 legit.
2904 4921 3040 4977 Infra
3071 4924 3233 4978 etiam
3263 4938 3382 4979 cum
3409 4926 3541 4983 Gal.

224 4985 730 5068 comprehenduntur
757 4989 833 5068 ah_
861 4987 1006 5044 edito
1035 4985 1536 5068 Augustino-variat
1561 5002 1593 5068 :_
1635 4997 1834 5042 extera
1940 4989 2114 5044 licano
2159 4989 2210 5068 in
2260 5005 2442 5068 atauus
2482 5000 2597 5044 luas
2641 5005 2659 5044 :
2696 4992 2787 5044 tibi
2809 4994 3080 5049 derelictus
3117 5005 3192 5050 est
3229 5013 3426 5068 pauper
3459 5009 3546 5055 :et

223 5073 341 5126 qua:
367 5057 752 5132 subnotamus,
785 5060 903 5128 ejus
931 5071 1056 5132 sunt
1091 5057 1420 5116 adamussim
1448 5061 1649 5114 omnia.
1684 5129 1705 5132 _
1942 5069 2148 5132 contere
2171 5061 2462 5128 brachium,
2493 5077 2592 5132 pro
2624 5072 2872 5128 conteres,
2899 5073 3003 5120 etc.
3229 5057 3239 5063 ’
3333 5057 3345 5068 ’
3521 5093 3527 5102 ι

295 5135 324 5164 ⁸
355 5128 526 5210 ⁸ΙΙιιξιει
575 5143 789 5199 quoque
838 5131 1055 5187 obelum
1105 5131 1380 5188 Palatinus
1427 5147 1531 5186 ms.
1577 5141 1632 5187 et
1669 5129 1840 5186 Carus
2019 5131 2399 5210 EVeronensis
2443 5128 2640 5210 Ius._et
2677 5151 2794 5210 nou_
2830 5137 3112 5210 invenitur,
3164 5138 3546 5210 subjungilque

225 5199 496 5278 lle-sciunt:
621 5267 635 5278 .
772 5270 807 5278 μ
847 5273 860 5278 -
906 5265 920 5272 -
958 5274 968 5278 Δ
991 5273 1005 5278 -
1182 5272 1194 5278 -
1232 5273 1243 5278 Δ
1291 5274 1302 5278 μ
1651 5271 1686 5278 ῃ
1720 5273 1731 5278 Δ
1947 5213 2158 5278 propter
2182 5203 2494 5278 illud,_qu:n
2543 5204 2650 5260 duo
2679 5205 2853 5278 νίψω
2894 5223 3014 5259 ('lllll
3049 5199 3167 5278 θῙὶιε
3195 5199 3548 5269 ΘίΙίΙΟΓυΡεΞιίέ

294 5268 322 5308 b
357 5267 919 5351 l_n_Gr:eci__lcodicis'
945 5272 1303 5351 Alexandrini
1351 5287 1558 5344 nupera
1603 5271 1844 5330 editione
1948 5267 2237 5351 'te‘riidicat
2269 5267 2463 5351 deleta
2492 5291 2522 5330 a
2567 5276 2856 5351 recentiori
2900 5267 3392 5351 rnanu'ruendose,
3419 5267 3545 5350 quid

229 5356 328 5396 vox
357 5342 590 5422 jstbac,
635 5341 800 5409 illius,
834 5344 1100 5422 acteriseo
1133 5341 1484 5422 praenotatur:
1679 5416 1690 5422 _

1959 5343 2055 5398 sibi
2107 5344 2274 5410 velit,
2325 5346 2466 5400 haud
2519 5345 2768 5415 equidem
2817 5347 3077 5422 intelligo,
3114 5350 3217 5406 nisi
3268 5341 3546 5422 nietidose,

298 5424 322 5452 ε
355 5412 505 5469 Idem
562 5426 670 5467 ms.
723 5412 1143 5471 contaminamur
1171 5417 1268 5472 vite
1315 5420 1428 5490 ejus
1467 5415 1519 5470 in
1551 5416 1690 5472 omni
1730 5423 1804 5470 ten

1965 5430 2064 5490 pro
2111 5424 2338 5490 temere,
2375 5426 2472 5490 aut
2506 5412 2784 5484 perperam
2814 5418 2970 5488 dixit,
2991 5412 3187 5478 nostra
3237 5436 3416 5481 autem
3450 5412 3553 5484 hoc

233 5500 382 5558 pore:
403 5555 415 5558 _
720 5555 730 5558 _
1337 5489 1340 5490 ⁷
1632 5557 1636 5558 ί
1966 5489 2106 5542 scire
2137 5489 2418 5543 intererat.
2449 5489 2526 5541 Ac
2550 5496 2882 5558 suntrevera
2905 5493 3152 5558 quendam
3177 5496 3340 5552 etiam
3365 5497 3552 5555 Gra'cn

296 5552 326 5641 d-
361 5555 510 5641 ldctn
543 5569 676 5641 ηιξ..
712 5555 766 5640 in
795 5559 1084 5641 muscipula
1111 5577 1228 5624 sua.
1273 5569 1387 5618 tum
1419 5557 1780 5625 inclinabitur,

1965 5558 2488 5641 exemplaria-(11mm
2525 5556 2729 5641 addunt
2763 5552 3039 5641 δι’ὶαύξτήν,
3083 5565 3134 5620 id
3167 5577 3270 5641 est.
3303 5552 3554 5641 spumis-4

229 5627 412 5705 cadet_,_
436 5628 564 5682 dum
593 5623 1286 5705 dominabiturpauperum.
1544 5701 1556 5705 _
1629 5701 1640 5705 Α
1765 5623 1772 5625 ⁷

1967 5623 2178 5705 prapter
2208 5623 2511 5705 illudlscil.
2533 5630 2865 5705 peccatum),
2899 5623 3084 5705 sicque
3113 5623 3275 5692 etiam
3306 5623 3358 5693 si.
3389 5623 3558 5696 vei-6'.

304 5697 586 5781 inurens
629 5699 799 5767 idem,
846 5697 1153 5773 pauperum,
1199 5703 1292 5758 ubi
1321 5713 1377 5761 et
1405 5701 1643 5776 sequiori
1695 5715 1858 5757 manu
1967 5697 2154 5755 pensis
2185 5713 2284 5781 ius.
2317 5697 2508 5781 G‘raaca
2533 5698 2738 5756 Latinis
2771 5697 2971 5781 litteris
2998 5697 3263 5763 "columna
3293 5711 3554 5781 scriptum

233 5767 454 5842 “qi—[ur
483 5780 712 5842 (agrum?
846 5767 855 5771 -
953 5767 970 5842 ί
1139 5767 1147 5770 '
1485 5767 1498 5776 '
1967 5788 2088 5842 esse
2120 5769 2302 5842 velini,
2335 5770 2390 5824 di
2419 5779 2598 5836 auten,
2628 5789 2732 5827 rion
2767 5775 2822 5828 di
2851 5786 3030 5842 auton,
3059 5788 3115 5832 ut
3137 5795 3269 5836 vere
3298 5767 3558 5841 mendoso.

311 5837 469 5899 ‘Non
491 5839 644 5902 addit
670 5839 1007 5908 Veronensis
1035 5857 1255 5919 nomen,
1276 5847 1439 5920 Deus,
1468 5856 1578 5905 tum
1606 5845 1856 5918 sequenti
1967 5841 2191 5915 legitur.
2228 5839 2380 5916 Piget
2409 5850 2658 5915 repetere
2686 5843 2966 5919 Augustini
2995 5837 3110 5906 lucc
3135 5865 3276 5910 esse.
