4062 6356
565 309 666 371 135
1555 308 1613 366 S.
1657 305 2044 363 IIIERUNYMI
2086 303 2319 362 DIVINA
2360 303 2836 362 BIBLIOTIIECA.
3773 302 3882 358 136

548 430 727 485 verunt
764 427 979 499 sagittas
1003 436 1028 466 θ
1058 442 1180 482 suas
1211 425 1262 481 in
1291 424 1534 499 pharetra
1568 439 1588 480 :
1618 433 1672 479 ut
1701 425 1944 496 sagitteut
1975 424 2031 478 in
2065 421 2154 477 ob-
2182 424 2234 484 Α
2261 419 2479 494 derunt]
2510 435 2695 475 arcum
2728 435 2743 472 :
2777 424 3102 488 paraverunt
3133 415 3356 487 sagittas
3380 413 3404 453 ι
3432 429 3557 473 suas
3596 415 3646 471 in
3677 415 3880 488 phare-

544 541 698 579 scuro
723 533 888 578 rectos
917 521 1094 577 corde.
2261 520 2344 568 tra
2373 531 2384 566 :
2417 521 2477 567 ut
2505 513 2762 583 sagittent
2791 512 2844 565 in
2871 511 3105 566 obscuro
3129 518 3307 564 rectos
3333 507 3521 563 corde.

621 616 917 682 Quoniam,
947 631 1063 687 qua:
1099 615 1383 688 perfecisti,
1422 615 1787 669 destruxcrunt
1831 625 1850 666 :
1881 612 2059 682 justus
2087 623 2148 664 οξ-
2331 605 2622 677 Quoniam,
2673 622 2835 676 quem
2865 604 3156 677 {perfecisti
3187 649 3202 673 ,
3253 603 3641 660 destruxerunt
3685 603 3880 674 justus

556 718 729 764 autem
758 709 777 776 ζ
811 708 939 776 quid
965 709 1133 780 fecit?
2263 707 2445 755 autem
2477 698 2604 769 quid
2630 698 2803 754 fecit?

625 802 884 858 Dominus
910 804 964 858 in
985 803 1174 875 templo
1202 812 1382 858 sancto
1409 819 1504 858 suo
1529 819 1548 857 :
1573 799 1828 856 Dominus
1854 799 1908 854 in
1931 799 2058 854 caelo
2081 813 2160 853 se-
2338 793 2602 848 Dominus
2633 791 2685 848 in
2712 791 2917 863 templo
2956 800 3146 848 sancto
3175 806 3313 848 suo:
3347 788 3608 847 Dominus
3639 788 3691 844 in
3721 789 3876 847 εωιυ

564 898 656 953 des
684 900 820 971 ejus.
2269 887 2429 942 sedes
2455 886 2595 957 ejus.

627 989 779 1045 ()culi
803 992 916 1064 ejus
954 1005 1015 1046 -εκ
1054 989 1108 1046 in
1145 1007 1426 1063 pauperem
1473 991 1495 1060 ζ
1525 988 1808 1062 respiciunt
1845 1004 1864 1042 :
1891 985 2156 1060 palpebra:
2333 977 2488 1035 Oculi
2518 978 2636 1048 ejus
2666 978 2719 1034 in
2745 993 3040 1050 pauperem
3071 977 3372 1050 respiciunt
3403 996 3416 1033 :
3447 977 3722 1050 palpebrae
3754 976 3877 1048 ejus

551 1084 666 1154 ejus
688 1083 1011 1155 interrogant
1041 1082 1182 1153 ﬁlios
1205 1083 1493 1138 hominum.
1649 1083 1652 1087 ’
2266 1072 2605 1144 interrogant
2637 1073 2776 1128 lilius
2809 1073 3113 1128 hominum.

627 1175 882 1231 Dominus
913 1178 1198 1249 interrogat
1232 1177 1436 1248 justum
1471 1186 1519 1231 et
1554 1176 1777 1244 impium
1809 1191 1828 1229 .'
1863 1181 1916 1229 -ξῖ
1957 1172 1985 1212 ι’
2014 1172 2102 1244 qui
2129 1171 2150 1240 ζ
2348 1166 2606 1223 Dominus
2637 1168 2935 1238 interrogat
2959 1166 3165 1236 justqu
3195 1175 3250 1221 et
3274 1163 3497 1234 impium
3525 1179 3540 1218 :
3571 1163 3663 1236 qui
3687 1171 3875 1221 autem

551 1277 722 1322 autem
750 1267 922 1338 diligit
945 1267 1288 1338 iniquitatem,
1316 1267 1422 1322 odit
1444 1267 1669 1322 animam
1689 1283 1858 1322 suam.
1889 1280 1892 1283 '
2267 1260 2446 1330 diligit
2470 1259 2834 1330 iniquitatem,
2867 1259 2984 1314 odit
3013 1258 3253 1313 animam
3286 1272 3468 1312 suam.

628 1358 781 1415 Pluet
832 1377 986 1431 super
1028 1369 1316 1430 peccatores
1354 1359 1598 1431 laqueos,
1647 1359 1783 1429 ignis
1916 1365 1963 1411 et
1995 1355 2017 1424 ζ
2048 1354 2156 1411 sul-
2340 1353 2482 1409 Pluit
2517 1351 2644 1425 [Με.
2681 1351 2856 1422 Pluet]
2885 1366 3047 1422 super
3076 1359 3391 1420 peccatores
3412 1349 3634 1420 laqueos
3661 1366 3674 1401 :
3699 1347 3874 1420 ignis,

548 1452 755 1524 phurfe'ef
771 1453 1090 1524 etjspiritus
1121 1449 1497 1523 procellarum,
1526 1467 1648 1524 pars
1676 1449 1863 1505 colicis
1886 1466 2081 1505 eorum.
2265 1445 2494 1518 sulphur
2541 1443 2673 1516 lMs.
2734 1453 2792 1501 et
2831 1444 3082 1517 sulphur]
3127 1454 3182 1500 et
3228 1443 3452 1514 spiritus
3502 1442 3874 1513 procellarum

2262 1537 2394 1611 [Μσ.
2429 1535 2732 1608 procellazj,
2766 1552 2890 1607 pars
2933 1535 3121 1592 calicis
3149 1551 3363 1592 eorum.

627 1630 889 1698 Quoniam
919 1633 1098 1704 justus
1137 1629 1426 1700 Dominus,
1470 1641 1493 1670 ο
1542 1646 1592 1686 -:~
1635 1641 1682 1686 et
1726 1631 1748 1699 ζ
1786 1631 2025 1705 justitias
2053 1631 2152 1696 ,di-
2331 1633 2596 1702 Quoniam
2621 1630 2802 1702 justus
2831 1630 3096 1688 Dominus
3119 1628 3386 1702 justitiam
3409 1629 3604 1686 dilexit
3656 1647 3669 1682 :
3711 1629 3876 1700 tequi-

550 1723 676 1779 lexit
708 1739 728 1779 :
747 1724 1040 1794 (equitatem
1068 1725 1191 1780 vidit
1217 1724 1386 1780 vultus
1414 1727 1550 1798 ejus.
2261 1734 2425 1782 tatem
2449 1725 2588 1781 vidit
2615 1725 2792 1781 vultus
2818 1724 2958 1796 eius.

1949 1816 2309 1880 PSALMUS
2353 1818 2468 1880 XI.

750 1938 800 1978 IN
840 1937 1038 1991 FINEM,
1078 1937 1179 1979 PRO
1217 1936 1462 1992 OCTAVA,
1503 1935 1740 1978 PSALIIUS
1779 1934 1960 1976 D.\V|Do
2177 1949 2222 2010 Β
2357 1934 2410 1975 IN
2470 1933 2632 1973 FIDE!
2674 1932 2776 1973 ιιιιο
2811 1931 3020 1974 OCTAVA
3070 1915 3080 1952 ί
3122 1930 3246 1982 DIE,
3289 1930 3522 1972 ιιεΑωιυε
3563 1930 3758 1970 υλνιιι.

624 2036 839 2094 Salvum
874 2052 920 2093 σθ
957 2038 1079 2106 me:
1113 2038 1215 2108 fac,
1245 2037 1488 2105 Domine,
1522 2038 1771 2108 quoniam
1819 2035 2006 2106 defecit
2036 2051 2158 2088 san-
2331 2031 2553 2091 Salvum
2583 2045 2670 2088 me
2695 2031 2800 2098 fac,
2828 2029 3078 2097 Domine,
3101 2029 3357 2100 quoniam
3380 2027 3574 2084 deiecit
3597 2035 3826 2083 sanctus
3853 2041 3868 2082 :

555 2139 664 2185 ctus
695 2146 714 2184 :
736 2130 986 2202 quoniam
1021 2130 1292 2186 diminuta:
1329 2139 1448 2186 sunt
1486 2131 1724 2184 veritates
1759 2146 1793 2183 a
1821 2128 1947 2199 [iliis
1980 2126 2151 2180 Itomi-
2263 2125 2521 2199 quoniam
2552 2125 2836 2181 diminuta:
2865 2133 2991 2180 sunt
3016 2124 3277 2180 veritates
3305 2137 3335 2177 a
3369 2122 3492 2178 liliis
3521 2121 3829 2178 hominum.

554 2239 699 2278 num.
1691 2288 1701 2298 ,
2334 2219 2487 2275 Vana
2523 2219 2686 2274 loculi
2731 2227 2860 2274 sunt
2902 2216 3032 2290 [Ms.
3069 2217 3284 2272 locutus
3329 2215 3458 2288 est],
3493 2215 3870 2287 unusquisque

631 2315 783 2370 Vana
807 2317 966 2372 locuti
988 2327 1129 2383 sunt,
1163 2317 1518 2389 unusquisque
1537 2316 1604 2370 ad
1627 2315 1928 2388 proximum
1953 2329 2104 2369 suum
2139 2329 2158 2376 ,°
2263 2313 2331 2369 ad
2358 2314 2664 2384 proximum
2697 2328 2855 2368 suum
2883 2327 2898 2367 :
2931 2311 3072 2368 labia
3101 2311 3292 2367 dolosa
3342 2309 3394 2365 iu
3423 2309 3589 2366 corde
3615 2319 3670 2366 et
3703 2310 3868 2366 corde

554 2409 691 2465 labia
716 2410 917 2480 dolosa,
945 2412 996 2465 in
1020 2411 1174 2466 corde
1197 2421 1247 2466 et
1266 2405 1427 2466 corde
1455 2409 1479 2448 ἀ
1506 2409 1665 2465 locuti
1695 2419 1813 2464 sunt
1847 2410 1868 2478 ζ
2264 2405 2429 2463 locuti
2463 2416 2589 2462 sunt
2628 2405 2793 2461 mala.

628 2501 911 2572 Dispetdat
937 2503 1188 2560 Dominus
1210 2504 1446 2560 universa
1469 2503 1605 2558 labia
1627 2503 1831 2572 dolosa,
1859 2511 1904 2557 et
1927 2502 2157 2576 linguam
2335 2499 2624 2570 Disperdat
2684 2497 2946 2554 Dominus
2984 2496 3238 2552 universa
3278 2494 3419 2552 labia
3443 2493 3631 2551 dolosa
3673 2502 3733 2550 et
3768 2494 3864 2548 lin—

559 2595 970 2666 magnitoquam,
2261 2607 2363 2664 gua
2373 2609 2420 2646 ιιι
2457 2591 2882 2662 magniloquam.

633 2686 736 2752 Qui
761 2686 1003 2741 dixerunt
1047 2702 1066 2739 :
1100 2685 1360 2759 Linguam
1401 2695 1628 2742 nostram
1672 2686 2156 2760 magniﬁcabimus,
2332 2686 2432 2754 Qui
2461 2684 2719 2741 dixerunt
2750 2700 2763 2739 :
2794 2684 3062 2754 Linguam
3112 2691 3354 2739 nostram
3398 2680 3865 2752 magniﬁcabimus

559 2777 695 2834 labia
725 2789 940 2848 nostra,
973 2797 1005 2832 a
1043 2780 1190 2835 nobis
1216 2793 1378 2836 sunt:
1403 2782 1515 2850 quis
1557 2789 1730 2835 noster
1761 2779 2016 2834 Dominus
2043 2780 2158 2835 est?
2265 2778 2392 2853 [,lls.
2429 2775 2939 2848 magnilicavimus],
2977 2775 3118 2830 labia
3140 2783 3348 2844 nostra,
3381 2772 3394 2824 i
3437 2790 3466 2828 a
3496 2773 3654 2829 nobis
3697 2783 3817 2828 sunt
3847 2786 3860 2827 :

2264 2871 2385 2942 quis
2417 2878 2603 2925 noster
2629 2878 2713 2924 est
2741 2867 3044 2924 Dominus?

633 2959 854 3030 Propter
896 2962 1154 3017 miseriam
1198 2962 1413 3034 inopum
1451 2970 1498 3016 et
1539 2962 1778 3035 gemitum
1837 2977 2158 3034 pauperum,
2336 2964 2562 3034 Propter
2594 2961 2868 3018 miseriam
2891 2962 3133 3030 inopum,
3166 2967 3222 3015 et
3250 2958 3511 3030 gemitum
3539 2973 3860 3029 pauperum,

563 3070 696 3108 nunc
723 3071 1022 3126 exsurgant,
1053 3056 1176 3109 dicit
1207 3052 1487 3110 Dominus.
2263 3068 2407 3110 nunc
2433 3066 2744 3124 cxsurgam,
2775 3053 2910 3108 dicit.
2935 3051 3218 3106 Dominus.

631 3145 836 3203 Ponant
859 3149 912 3202 in
943 3147 1163 3203 salutari
1193 3162 1211 3201 :
1238 3146 1560 3218 ﬁducialiter
1585 3164 1739 3222 agam
1769 3148 1820 3202 in
1846 3163 1925 3203 eo.
2336 3150 2539 3206 Ponam
2573 3164 2737 3220 super
2770 3145 2794 3186 ¹ι
2823 3147 3062 3204 salutare
3088 3159 3267 3202 meum
3301 3159 3314 3197 :
3349 3142 3678 3202 liducialiter
3710 3155 3860 3214 agam

2265 3241 2320 3297 in
2346 3257 2435 3298 eo.

634 3325 857 3398 Eloquia
884 3324 1115 3394 Domini,
1147 3326 1351 3399 eloquia
1381 3336 1526 3382 casta
1549 3342 1567 3381 :
1589 3336 1862 3401 argentum
1887 3328 2005 3400 igne
2030 3344 2156 3384 exa-
2187 3348 2234 3412 ρ
2339 3333 2566 3406 Eloquia
2602 3334 2840 3401 Domini,
2891 3332 3106 3404 eloquia
3153 3341 3306 3388 casta
3342 3350 3354 3384 :
3405 3339 3715 3402 argentum,
3750 3331 3862 3401 ἱέμε

558 3419 836 3485 minatum,
873 3419 1146 3488 probatum
1175 3431 1198 3458 ο
1228 3432 1398 3488 terraz,
1427 3432 1710 3494 purgatum
1730 3423 2046 3494 εειριιῳιιιιιι.
2259 3427 2628 3482 examinatum
2657 3436 2852 3495 terrae,
2880 3439 3168 3498 purgatum
3200 3424 3535 3495 sepluplum.

633 3510 732 3580 Tu,
760 3509 1000 3580 Domine,
1032 3513 1254 3569 serrabfs
1277 3530 1394 3581 nos,
1413 3524 1460 3569 et
1487 3513 1747 3571 custodics
1798 3531 1893 3570 nos
1945 3533 1976 3571 a
2001 3531 2155 3588 geue-
2335 3519 2437 3588 Tu,
2468 3518 2986 3584 Domine,servabis
3002 3529 3170 3575 noset
3199 3517 3474 3574 custodies
3506 3531 3625 3584 nos,
3655 3532 3684 3570 a
3703 3531 3862 3589 gene-

556 3603 759 3657 ratione
788 3604 885 3658 Itac
909 3604 962 3658 in
988 3615 1260 3660 cateruam.

2257 3612 2476 3668 ratione
2504 3613 2606 3669 hac
2633 3614 2688 3667 iu
2723 3611 2853 3685 [31s.
2883 3621 2939 3668 et
2965 3609 3041 3682 in]
3070 3620 3356 3667 aeternum.

629 3696 698 3752 In
720 3697 939 3753 circuitu
971 3699 1120 3771 impii
1153 3700 1419 3756 ambulant
1451 3718 1469 3756 :
1495 3702 1782 3757 secundum
1823 3699 2155 3756 altitudinem
2328 3705 2386 3760 In
2412 3705 2645 3762 circuitu
2688 3704 2839 3772 impii
2868 3702 2884 3741 ι
2927 3704 3211 3759 ambulant
3243 3721 3256 3758 :
3290 3700 3588 3760 secundum
3616 3699 3858 3758 altitudie

555 3809 696 3853 tuam
719 3799 1074 3872 multiplicasti
1100 3800 1239 3870 ﬁlios
1267 3799 1560 3856 hominum.
2262 3813 2383 3854 nem
2415 3808 2560 3854 tuam
2585 3798 2954 3870 multiplicasti
2990 3797 3132 3855 ﬁlios
3160 3796 3469 3854 hominum.

1933 3894 2292 3959 PSALMUS
2335 3893 2502 3956 Xll.‘

961 4013 1014 4053 IN
1053 4013 1244 4063 FINEI,
1285 4012 1520 4054 l‘SALIUS
1557 4013 1741 4054 DAVID.
2406 4013 2458 4054 IN
2498 4013 2565 4053 ΗΣ

2406 4013 2458 4054 ιιι
2498 4011 2680 4064 manu,
2722 4010 2960 4052 PSALNUS
2997 4010 3158 4051 ωνιι)
3197 3995 3326 4068 [Με.
3371 4009 3470 4052 IP51
3508 3992 3718 4065 DAVID].

630 4109 927 4183 Usquequo,
960 4110 979 4148 τ
1012 4108 1265 4178 Domine,
1307 4112 1623 4167 Oblivisceris
1660 4127 1741 4168 me
1766 4111 1818 4166 in
1844 4111 2046 4183 ﬁnem?
2073 4130 2159 4169 us-
2339 4109 2629 4183 Usquequo
2652 4152 2668 4178 ,
2717 4109 2967 4175 Domine,
3021 4107 3364 4165 Oblivisceris
3408 4125 3496 4166 me
3549 4107 3600 4164 in
3650 4107 3812 4162 linem
3843 4123 3853 4158 :

556 4219 756 4275 quoquo
782 4202 968 4258 avertis
991 4203 1174 4274 faciem
1200 4211 1344 4257 tuam
1373 4220 1404 4256 a
1429 4219 1510 4260 me
1533 4205 1560 4259 ι
2262 4219 2548 4276 quousque.
2575 4200 2703 4276 [Μσ.
2729 4203 3035 4276 usquequo]
3064 4202 3268 4269 avertis
3295 4201 3481 4259 faciem
3511 4210 3654 4257 luam
3673 4217 3704 4254 a
3739 4199 3858 4256 me?

631 4294 894 4361 Quanuliu
937 4310 1127 4364 ponam
1155 4295 1373 4350 consilia
1414 4295 1469 4350 in
1505 4295 1681 4350 anima
1721 4312 1834 4352 mea
1866 4310 1885 4352 :
1922 4294 2156 4353 dolorem
2332 4297 2600 4366 Quamdiu
2625 4312 2822 4370 ponam
2845 4296 3135 4353 consilium
3156 4297 3207 4352 in
3231 4296 3410 4352 anima
3441 4311 3557 4352 mea
3583 4292 3716 4367 Ws.
3743 4292 3854 4348 ani-

557 4388 610 4442 iu
631 4385 785 4441 corde
811 4402 925 4442 meo
953 4403 1044 4457 per
1065 4387 1200 4442 diem
1222 4389 1248 4442 ἵ
2261 4405 2404 4446 mam
2435 4371 2635 4462 meam]
2662 4405 2676 4442 :
2710 4386 2956 4444 dolorem
2991 4388 3045 4442 in
3077 4387 3240 4444 corde
3263 4402 3384 4443 meo
3417 4401 3513 4456 per
3535 4385 3678 4441 diem
3696 4387 3723 4439 3

633 4477 908 4551 Usquequo
933 4480 1249 4535 exaltabitur
1269 4480 1509 4536 inimicus
1539 4497 1680 4537 meus
1701 4499 1856 4554 super
1879 4485 2001 4539 me?
2026 4483 2152 4540 Res-
2331 4483 2626 4556 Usquequo
2653 4482 2983 4540 exaltabilur
3032 4482 3286 4539 inimicus
3337 4496 3492 4536 meus
3533 4494 3695 4550 super
3730 4477 3856 4534 me?

558 4572 670 4642 pice
703 4587 754 4627 αξ
797 4583 845 4627 et
879 4572 900 4642 ζ
929 4573 1120 4629 exaudi
1143 4589 1245 4640 me,
1274 4572 1496 4630 Domine
1529 4573 1672 4631 Deus
1693 4593 1854 4633 meus.
1881 4587 1906 4624 ε
2251 4576 2489 4648 Respice
2517 4592 2529 4629 :
2561 4586 2616 4632 et
2644 4575 2841 4632 exaudi
2871 4589 2980 4642 me,
3002 4573 3230 4630 Domine
3261 4573 3402 4629 Deus
3431 4585 3609 4628 meus.

630 4721 656 4750 ι
687 4711 912 4803 Videtpr
941 4712 1204 4803 asterisco
1248 4713 1628 4803 illustrandpm
1668 4731 1968 4787 pronomen
2003 4715 2108 4773 hoc
2133 4757 2147 4783 ,
2181 4741 2235 4803 Β
2332 4712 2554 4800 “.Tacet
2584 4714 2885 4803 Yeronpons.
2921 4728 3222 4803 pronomen
3254 4729 3377 4766 suas
3402 4727 3421 4765 :
3443 4711 3510 4766 de
3539 4727 3644 4794 quo
3677 4708 3731 4803 in
3761 4723 3850 4774 op-

561 4801 703 4849 ηαδ,
728 4782 870 4858 qm-d
895 4783 1240 4858 in_hodierno
1262 4786 1478 4858 quidem
1510 4782 1741 4842 llebrfeo
1765 4798 2009 4855 resonat,
2042 4782 2150 4844 non
2181 4782 2233 4803 "
2262 4787 2432 4858 posita
2461 4786 2715 4842 versione
2753 4782 3011 4842 diximus.
3048 4785 3219 4858 llaln-t
3246 4783 3605 4858 prater-eain
3639 4783 3850 4834 Obat'lll'“

559 4853 828 4931 autem—et
852 4857 902 4910 in
934 4854 1126 4931 Grzceo
1151 4865 1250 4913 τῶν
1274 4856 1440 4925 LXX,
1471 4866 1527 4912 et
1555 4858 1715 4915 lacile
1742 4875 1809 4916 ex
1838 4853 2033 4931 Aquila
2059 4869 2155 4916 aut
2257 4853 2401 4923 luna,
2434 4873 2535 4928 pro
2573 4859 2626 4911 in
2667 4858 2894 4931 obscuro
2913 4867 3123 4912 tantum
3156 4873 3179 4931 :_
3205 4857 3366 4931 idque
3397 4871 3459 4931 ex
3497 4853 3692 4931 Graece
3733 4873 3850 4931 exo-

561 4925 885 5002 Symmaeho
916 4928 1218 5002 suppletur.
1390 4998 1419 5002 Α
1467 4999 1479 5002 _
1548 5001 1555 5002 γ
1906 4925 1942 5002 ’γ

2259 4925 2450 5002 coniugi
2492 4932 2832 5002 gnitentiose
2873 4927 3082 5002 factum
3131 4927 3344 4982 videtur
3395 4927 3463 4980 ab
3523 4925 3845 4995 Augustino.

635 4997 662 5036 δ
687 4998 914 5054 Obelum
949 4992 1362 5065 prmtermittunt
1390 4998 1665 5056 Palatinus
1697 5015 1797 5056 ms.
1830 5010 1885 5057 et
1922 5001 2112 5057 Carus.
2261 4992 2476 5056 Vides'is
2504 4999 2660 5056 Tomi
2691 5000 2850 5064 hujus
2880 4999 3272 5068 prtelatinnmu.

639 5069 790 5152 ο.
817 5079 1012 5141 praeter
1039 5069 1254 5125 obelum
1281 5071 1444 5126 etiam
1488 5081 1535 5126 et
1575 5075 1824 5142 copulam
1875 5072 2016 5129 idem
2046 5089 2149 5130 ms.
2337 5071 2532 5152 fidem
2564 5087 2693 5152 ms.)
2727 5071 2835 5126 Pro
2858 5067 3037 5152 octavo
3068 5067 3313 5152 Psalinus
3347 5069 3445 5137 ipsi
3480 5067 3668 5152 David:

563 5139 784 5214 omittit.
818 5135 834 5141 ’
895 5212 903 5214 _
933 5212 942 5214 4
1029 5212 1041 5214 _
1213 5213 1237 5214 ί
1298 5213 1305 5214 7
1372 5212 1383 5214 _
1645 5135 1660 5142 ’
2335 5142 2350 5193 i
2377 5135 2708 5198 Veronensis
2735 5159 2863 5210 ms,
2895 5144 3036 5214 apud
3064 5159 3155 5196 nos
3185 5157 3203 5193 :
3231 5135 3426 5196 iterum
3461 5155 3568 5194 uno
3593 5156 3622 5194 c
3645 5135 3846 5194 Latinis

628 5210 654 5249 ἰ
687 5212 870 5278 Neque
895 5212 980 5268 hic
1027 5212 1168 5268 bene
1212 5212 1492 5269 Palatinus
1542 5229 1645 5269 ms.
1699 5223 1755 5270 et.
1803 5215 1976 5270 Carus
2027 5213 2148 5272 sine
2223 5210 2933 5283 'Augustinoconcinente.

561 5283 822 5339 asterisco
849 5284 1050 5348 legunt.
2329 5284 2351 5322 κ
2384 5285 2552 5348 Ideni,
2578 5284 2631 5338 in
2664 5285 2880 5339 salutari
2903 5284 3206 5346 dumtaxat,
3235 5283 3436 5352 alisque
3466 5298 3598 5336 meo.

635 5367 660 5390 σε
683 5354 782 5423 Qui
813 5354 1112 5427 Palatinum
1139 5353 1385 5409 codicem
1411 5354 1724 5427 descripsit,
1757 5365 1984 5424 temere,
2015 5371 2146 5413 suo-
2331 5353 2350 5393 ι
2381 5357 2435 5409 1η
2461 5357 2639 5409 futuro
2669 5356 2810 5427 idem
2843 5370 2969 5422 ms.,
3015 5349 3374 5427 ambnlnlmnt,
3421 5369 3542 5427 quia:
3583 5349 3844 5427 "cmpla-

560 5442 665 5499 que
693 5441 788 5494 pro
813 5435 974 5496 captu
996 5426 1158 5482 verba
1183 5427 1298 5480 haec
1323 5437 1568 5499 nectens,
1598 5425 1678 5481 sic
1699 5427 1960 5497 depravat
1986 5447 1999 5482 :
2027 5445 2150 5499 pro—
2255 5427 2396 5499 rium
2423 5437 2508 5482 est
2533 5427 2698 5499 lectio
2726 5426 3109 5499 [nt_erprelum.
3135 5426 3280 5499 _'l'nm
3307 5426 3588 5479 secundum
3614 5425 3843 5499 multitu-

560 5495 734 5571 batum
775 5495 897 5569 per,
933 5506 1266 5571 repurgatunt
1315 5495 1628 5571 septuplum,
1673 5495 1793 5569 qua:
1839 5500 2000 5554 lectio
2027 5495 2149 5556 'He-
2256 5498 2450 5571 dinem,
2485 5514 2581 5571 pro
2604 5495 2957 5571 altitudinem,
2989 5513 3108 5564 qme
3134 5496 3295 5571 hujus
3327 5499 3482 5550 unice
3509 5506 3591 5571 est
3621 5495 3836 5554 CO-“CIS,

558 5566 1002 5641 {iraiunrtextum
1047 5566 1160 5622 sive
1191 5569 1354 5641 etiam
1383 5566 1631 5626 Griecum
1665 5566 1770 5626 non
1823 5571 2146 5641 attendeuti,
2255 5572 2377 5641 sive
2410 5569 2593 5641 lectio,
2624 5569 2759 5633 sive,
2787 5577 2843 5641 ut
2876 5580 3064 5635 putare
3096 5570 3303 5632 malim,
3327 5582 3501 5622 error.
3531 5566 3694 5641 Tacet
3717 5576 3838 5641 vero

561 5638 718 5695 facile
749 5639 919 5693 fraudi
951 5655 1072 5693 esse
1104 5639 1386 5708 potuisset.
2131 5637 2140 5641 ’
2258 5640 2345 5693 hie
2375 5640 2571 5700 editor,
2605 5641 2692 5705 qui
2742 5638 3132 5694 minutissimas
3182 5654 3425 5704 tutasque
3459 5638 3728 5692 variantes
3761 5637 3836 5686 le-

638 5711 655 5749 ί
691 5711 877 5786 Denuo
907 5709 1117 5786 fallitur
1152 5709 1355 5766 codicis
1407 5711 1634 5767 Palatini
1679 5711 2013 5782 descriptur,
2048 5713 2138 5786 qui
2251 5710 2481 5786 stiones,
2514 5712 2678 5786 immo
2705 5722 2758 5766 et
2787 5712 3087 5781 scripturas
3111 5710 3173 5766 ad
3209 5709 3482 5764 fastidium
3513 5723 3682 5779 usque
3709 5720 3834 5760 con-

555 5797 742 5857 vocem
772 5781 931 5857 hanc,
966 5780 1204 5857 Domine,
1232 5798 1363 5857 veru
1399 5791 1684 5857 praztiotat.
1725 5855 1738 5857 _
1775 5856 1779 5857 ν
1869 5780 1879 5782 “
1925 5856 1930 5857 γ
2066 5780 2082 5786 ’
2107 5848 2133 5857 _
2254 5782 2405 5838 linuo
2447 5781 2662 5853 ingerit.

626 5864 652 5903 ε
685 5854 728 5910 Ε
758 5853 974 5925 regione
1003 5852 1217 5924 ponitur
1239 5853 1292 5910 iu
1323 5854 1550 5911 l’alatin.
1583 5870 1686 5913 tus.
1711 5855 2040 5929 Diapsalma.
2063 5852 2146 5931 ,ᾖ

3570 5907 3594 5923 Α
