4062 6356
193 323 282 383 137

193 540 337 587 morte
366 547 385 584 :
411 547 473 583 ne
491 529 702 602 quando
727 530 868 584 dicat
899 531 1147 585 inimicus
1168 547 1312 585 meus
1335 548 1354 585 :
1378 529 1642 586 Prwvalui
1670 533 1769 588 ad-

191 644 344 683 ιτα-δας
364 644 501 683 eum.

252 720 346 788 Qui
364 718 617 775 tribulant
645 736 723 775 me
743 761 759 787 ,
788 720 1146 788 exsultabant,
1179 721 1228 776 si
1266 728 1437 777 motus
1459 724 1606 793 fuero
1639 737 1659 778 :
1684 738 1776 795 ego

192 826 342 869 autem
361 814 417 868 in
450 815 813 869 misericordia
838 825 925 869 tua
955 817 1175 886 speravi.

251 908 540 964 Exsultabit
573 925 663 962 cor
684 924 853 962 meum
883 910 937 963 in
960 908 1182 964 salutari
1213 917 1333 977 tuo;
1357 910 1576 965 cantabo
1601 908 1781 964 Domi-

192 1022 267 1069 no,
287 1005 369 1073 qui
398 1019 455 1058 σε»
487 1012 514 1041 ⁸
552 1002 685 1058 bona
717 1002 740 1071 1
767 1004 951 1058 tribuit
982 1003 1108 1059 mihi
1140 1019 1196 1060 -t~
1237 1014 1285 1060 et
1318 1004 1540 1077 psallam
1570 1003 1769 1059 nomini

194 1097 382 1153 Domini
405 1095 653 1151 altissimi
685 1096 707 1165 1

1450 317 1655 378 LIBER
1692 316 2139 384 PSALMORUM.

252 435 499 493 lltumina
528 434 709 492 oculos
752 449 925 503 meos,
962 451 1027 492 ne
1066 449 1310 508 umquam
1354 435 1681 492 obdormiam
1718 440 1771 493 in
1798 443 1851 500 Α

1874 548 2052 594 morte
2102 539 2231 612 [Ms.
2280 540 2588 612 mortem]:

1876 646 2033 687 meus
2061 648 2076 687 :
2107 632 2373 704 Praevalui
2402 633 2664 691 adversus
2697 652 2841 693 eum.

3320 302 3332 315 ’
3359 333 3467 393 158

1948 442 2200 499 Illumina
2228 443 2419 501 oculos
2448 456 2625 513 meos,
2656 458 2726 502 ne
2753 454 3008 518 umquam
3040 445 3381 508 obdormiam
3413 456 3469 510 in

2636 555 2705 599 ne
2756 545 2972 614 quando
3022 546 3169 602 dicat
3224 548 3471 604 inimicus

1945 722 2047 790 Qui
2097 724 2357 781 tribulam
2401 740 2511 790 me,
2545 726 2918 798 exsultabant,
2968 730 3013 786 si
3046 740 3229 787 motus
3262 732 3420 790 fuero
3451 750 3467 788 :

1879 830 1981 886 ego
2009 827 2187 873 autem
2215 818 2267 873 iu
2294 828 2381 874 tua
2404 820 2778 878 misericordia
2800 826 3034 893 sperabo
3060 825 3186 897 [Με.
3212 828 3476 900 speravi].

1953 909 2260 966 Exsultabit
2292 912 2420 985 [Ms.
2454 915 2778 989 exsultavit]
2811 934 2907 974 cor
2951 936 3130 975 meum
3163 922 3215 976 in
3251 923 3476 979 salutari

1874 1009 2001 1071 tuo;
2052 1005 2283 1061 cantabo
2334 1006 2588 1074 Domino,
2635 1010 2725 1080 qui
2773 1010 2914 1067 bona
2964 1014 3157 1070 tribuit
3202 1016 3381 1073 mihi:
3424 1026 3482 1074 et

1877 1098 2101 1154 psallam
2132 1099 2336 1154 nomini
2368 1100 2577 1157 Domini
2606 1103 2881 1162 altissimi.

1540 1165 1900 1232 PSALMUS
1934 1168 2111 1230 XIII.

574 1294 628 1334 ιη
656 1293 850 1345 manu,
890 1289 1129 1333 PSALIIUS
1160 1290 1341 1332 DAVID.

251 1365 387 1421 Dixit
414 1367 668 1441 insipiens
688 1373 743 1426 in
767 1371 921 1426 corde
949 1387 1045 1424 suo
1073 1385 1092 1423 :
1126 1367 1246 1423 Non
1272 1376 1345 1422 est
1392 1365 1557 1422 Deus.

253 1458 489 1533 Corrupti
515 1474 637 1518 sunt
669 1480 728 1519 —:—
755 1473 803 1519 et
830 1464 853 1533 1
885 1462 1256 1518 abominabiles
1270 1460 1394 1532 facti
1417 1470 1534 1516 sunt
1562 1461 1616 1515 in
1666 1469 1780 1515 stu-

195 1555 278 1609 diis
329 1551 354 1592 δ
400 1556 513 1611 suis
539 1556 563 1625 1
597 1575 699 1613 non
726 1568 800 1613 est
827 1558 918 1630 qui
936 1557 1095 1629 faciat
1118 1556 1338 1622 bonum,
1369 1572 1472 1611 non
1504 1564 1582 1610 est
1616 1572 1775 1627 usque

195 1649 251 1702 ad
282 1664 441 1703 unum
475 1652 498 1720 1

253 1741 500 1796 Dominus
532 1742 598 1797 de
623 1742 750 1798 caelo
781 1742 1045 1815 prospexit
1076 1757 1227 1815 super
1278 1741 1415 1810 ﬁlios
1455 1740 1771 1798 hominum:

201 1836 446 1903 strideat,
477 1837 522 1890 si
554 1846 628 1891 est
671 1835 969 1908 intelligens
996 1850 1055 1891 -ξ-
1089 1843 1181 1890 aut
1216 1834 1240 1903 1
1269 1835 1532 1905 requirens
1588 1834 1777 1890 Deum.

258 1927 439 1984 Omnes
468 1928 882 1997 declinaverunt,
915 1927 1078 1983 simul
1102 1927 1314 1982 inutiles
1341 1927 1467 1998 facti
1491 1935 1611 1982 sunt
1638 1943 1657 1982 :
1681 1944 1785 1982 non

198 2024 357 2094 estqui
384 2024 541 2094 faciat
563 2024 773 2089 bonum,
799 2040 901 2078 non
924 2032 1000 2077 est
1028 2039 1189 2093 usque
1213 2024 1281 2075 ad
1310 2038 1493 2076 unum.
1520 2031 1543 2060 ο

259 2111 285 2151 ἀ
316 2130 371 2169 -:—
397 2114 710 2188 Sepulcrum
739 2127 922 2188 patens
947 2124 1021 2170 est
1043 2124 1221 2186 guttur
1251 2131 1429 2170 eorum
1456 2113 1559 2181 1-:~—
1588 2111 1785 2184 linguis

198 2208 290 2264 suis
326 2208 504 2265 dolose
533 2209 803 2281 agebant1
836 2224 894 2265 -:—
924 2208 1172 2265 venenum
1201 2208 1445 2279 aspidum
1498 2207 1591 2262 sub
1632 2207 1785 2261 labiis

201 2322 353 2361 eorum
394 2305 420 2375 1

262 2415 315 2455 σξη
349 2398 589 2466 Quorum
613 2415 671 2454 os
701 2397 1062 2453 maledictione
1090 2404 1141 2453 et
1196 2394 1547 2451 amaritudine
1576 2394 1790 2467 plenum

201 2496 304 2564 est1
348 2509 408 2551 —:—
439 2496 637 2553 veloces
678 2495 835 2568 pedes
883 2511 1062 2551 eorum
1114 2496 1182 2550 ad
1235 2493 1612 2563 effundendum
1664 2508 1791 2549 san-

201 2590 384 2659 guinem
412 2588 438 2655 1

262 2698 315 2737 αθ
341 2681 605 2738 Contritio
627 2690 673 2736 et
698 2681 980 2752 infelicitas
1006 2680 1061 2736 in
1095 2680 1194 2735 viis
1223 2696 1399 2736 eorum
1432 2683 1453 2752 1
1486 2694 1547 2735 οε-
1580 2687 1628 2734 et
1656 2680 1792 2734 viam

201 2776 322 2846 pacis
345 2792 457 2831 non
485 2787 834 2848 cognoverunt
863 2776 886 2845 1
922 2792 981 2832 ψ
1002 2792 1105 2831 non
1129 2784 1203 2831 est
1230 2776 1383 2831 timor
1410 2775 1508 2830 Dei
1533 2784 1650 2830 ante
1671 2791 1793 2829 ocu-

200 2867 265 2923 los
308 2884 490 2923 eorum
526 2867 550 2935 1

259 2960 445 3016 Nonne
466 2968 777 3033 cognoscent
799 2975 996 3027 omnes,
1018 2961 1109 3031 qui
1133 2966 1411 3032 operantur
1427 2959 1751 3027 iniquitatem
1773 2975 1793 3015 :

200 3053 274 3123 qui
300 3053 550 3108 devorant
580 3051 777 3124 plebem
807 3069 994 3118 meam,
1024 3053 1157 3107 sicut
1180 3068 1350 3107 escam
1376 3051 1527 3124 panis
1554 3051 1580 3105 .9

264 3154 285 3181 ε
313 3143 604 3200 Dominum
638 3162 740 3199 non
765 3145 1129 3199 invocaverunt
1148 3145 1289 3200 :illic
1320 3144 1701 3216 trepidaverunt
1725 3145 1791 3198 ti-

200 3256 324 3295 more
350 3255 415 3295 +
442 3239 533 3294 ubi
564 3255 671 3294 non
697 3246 805 3294 erat
831 3239 987 3294 timor
1012 3239 1033 3307 1
1269 3233 1283 3247 ⁵

263 3333 523 3401 Quoniam
574 3331 826 3386 Dominus
856 3333 911 3386 in
956 3332 1283 3403 generatione
1303 3334 1453 3405 justa
1476 3342 1550 3387 est
1584 3346 1604 3386 :
1633 3332 1803 3386 consi-

203 3426 314 3482 lium
339 3427 514 3499 inopis
538 3425 1145 3498 confudistis:quonium
1158 3422 1414 3480 Dominus
1443 3441 1557 3497 spes
1570 3428 1682 3499 ejus
1703 3433 1796 3480 est.

266 3630 389 3697 Quis
420 3629 569 3684 dabit
598 3645 665 3685 es:
695 3628 827 3686 Sion
855 3627 1084 3685 salutare
1108 3625 1335 3685 "Israel?
1381 3626 1511 3685 Cum
1554 3627 1794 3683 averterit

202 3722 443 3780 Dominus
475 3724 826 3797 captivitatem
855 3722 1018 3796 plebis
1042 3738 1168 3793 stuc,
1220 3722 1496 3780 exsultabit
1538 3720 1700 3776 Jacob
1726 3736 1790 3777 ot—

202 3827 244 3875 ct
273 3820 293 3889 1
325 3819 592 3876 lwtabitur
637 3815 831 3874 Israel.

1564 3884 1926 3963 PSALMUS
1965 3873 2142 3939 XIV-

762 3985 996 4028 PSALIIUS
1043 3986 1227 4028 DAVID.

264 4060 507 4132 Domine,
538 4062 654 4134 quis
677 4060 931 4119 habitabit
958 4064 1010 4119 in
1039 4062 1372 4120 tabernaculo
1402 4066 1536 4120 tuo?
1572 4077 1634 4119 ὴ
1658 4063 1791 4133 aut:

202 4157 304 4226 quis
330 4159 613 4229 requiescet
640 4158 695 4211 in
736 4165 906 4212 monte
935 4168 1111 4213 sancto
1135 4160 1263 4213 tuo?

267 4284 293 4313 ι
316 4274 474 4344 Quod
507 4281 593 4331 est
620 4274 673 4329 in
701 4274 931 4329 Πρω-προ
955 4274 1185 4330 verbum
1299 4315 1315 4341 ,
1346 4288 1469 4330 cum
1503 4273 1656 4342 alibi,
1681 4281 1794 4328 tum

206 4345 287 4401 hic
313 4356 468 4402 certe
491 4346 622 4412 loci,
655 4346 923 4417 signiﬁcat
951 4347 1264 4415 benefacere,
1296 4348 1633 4401 remunerari.
1664 4346 1798 4399 For-

207 4427 340 4473 tasse
370 4419 514 4473 adeo
558 4434 713 4485 veru,
743 4434 853 4489 quo
885 4431 1011 4484 va,
1045 4418 1208 4487 bona,
1238 4427 1595 4490 praenotatur,
1628 4418 1796 4472 satius

206 4497 341 4544 esset
366 4490 631 4559 expungi.

1803 1688 1854 1749 B

2038 1286 2092 1326 1N
2122 1288 2287 1330 manu
2318 1289 2553 1332 essurus
2580 1294 2737 1334 mmo
2776 1278 2795 1353 [
2823 1278 2927 1338 Ms.
2960 1296 3059 1338 IPSI
3085 1286 3299 1359 eum].
3382 1294 3385 1295 ⁷
3441 1288 3471 1297 ’“

1954 1362 2138 1419 Dixitf
2167 1366 2434 1437 insipiens
2462 1369 2515 1423 in
2542 1371 2711 1426 corde
2733 1387 2863 1428 suo:
2888 1373 3006 1430 Non
3034 1386 3117 1432 est
3140 1378 3306 1436 Deus.
3347 1379 3474 1437 Cors

1882 1458 2192 1529 ruptisunt,
2215 1469 2268 1515 et
2292 1460 2690 1519 abominabiles
2717 1463 2841 1521 facti
2875 1478 3003 1523 sunt
3028 1469 3083 1525 in
3113 1472 3483 1531 voluntatibus

1882 1563 2017 1606 SUIS.

1956 1642 2073 1698 Non
2106 1654 2187 1700 est
2207 1646 2299 1717 qui
2328 1645 2493 1703 faciat
2518 1648 2747 1706 bonum:
2772 1667 2880 1708 non
2898 1662 3164 1728 estusque
3195 1660 3260 1715 ad
3289 1677 3486 1718 unum.

1955 1738 2220 1796 Dominus
2251 1740 2320 1797 de
2346 1742 2488 1799 caelo
2514 1747 2794 1815 prospexit
2818 1763 2982 1819 super
3008 1751 3148 1806 tilias
3174 1753 3483 1811 hominum:

1886 1841 1945 1886 ut
1966 1831 2175 1900 videat,
2218 1834 2264 1889 si
2317 1843 2400 1890 est
2445 1837 2789 1909 intelligens,
2847 1851 2940 1895 aut
2970 1844 3251 1914 requirens
3291 1847 3482 1904 Deum.

1957 1923 2160 1980 Omnes
2210 1926 2643 1997 declinaverunt,
2702 1932 2863 1986 simul
2916 1934 3134 1990 inutiles
3160 1936 3282 1991 lacti
3317 1950 3482 1994 sunt:

1888 2032 1992 2071 non
2025 2026 2109 2073 est
2137 2019 2227 2087 qui
2257 2018 2418 2074 faciat
2446 2021 2670 2089 bonum,
2697 2039 2805 2079 non
2833 2037 2916 2080 est
2943 2042 3113 2099 usque
3132 2028 3197 2084 ad
3225 2046 3411 2085 unum.

1958 2110 2277 2180 Sepulcrum
2312 2120 2502 2183 patens
2529 2125 2613 2170 est
2634 2124 2820 2187 guttur
2868 2132 3090 2189 eorum,
3149 2120 3347 2192 linguis
3377 2123 3491 2179 suis

1888 2202 2076 2261 dolose
2104 2205 2333 2277 agebant
2352 2223 2365 2261 :
2387 2223 2655 2265 venenum
2682 2212 2931 2282 aspidum
2955 2214 3057 2269 sub
3089 2216 3247 2272 labiis
3274 2232 3483 2278 eorum.

1961 2399 2202 2469 Quorum
2235 2415 2297 2457 os
2328 2402 2744 2474 maledictione,
2778 2416 2829 2461 et
2883 2408 3245 2465 amaritudine
3272 2410 3493 2482 plenum

1891 2504 1974 2552 est
1992 2513 2003 2549 :
2022 2496 2238 2552 veloces
2253 2498 2422 2567 pedes
2436 2513 2624 2555 eorum
2652 2501 2719 2556 ad
2739 2500 3124 2560 ell'undeudum
3143 2508 3460 2578 sanguinem
3473 2547 3490 2564 .

1962 2674 2233 2733 Contritio
2282 2688 2337 2733 et
2395 2677 2687 2735 infelicitas
2724 2680 2788 2755 in
2844 2682 2949 2737 viis
2999 2698 3187 2740 eorum
3217 2696 3304 2741 :et
3350 2687 3496 2744 viam

1894 2772 2041 2841 pacis
2089 2786 2201 2827 non
2252 2781 2627 2844 cognoverunt
2671 2790 2824 2831 :nou
2879 2784 2967 2832 est
2995 2777 3161 2833 timor
3210 2778 3308 2834 Dei
3364 2789 3496 2837 ante

1894 2863 2082 2919 oculos
2104 2879 2320 2920 eorum.

1964 2956 2154 3012 Nonne
2170 2967 2505 3027 cognoscent
2526 2973 2742 3028 omnes,
2772 2960 2864 3032 qui
2907 2972 3211 3033 operantur
3238 2963 3502 3036 iniquita-

1820 3077 1867 3143 ρ
1898 3057 2037 3105 tem:
2059 3050 2149 3119 qui
2166 3047 2470 3105 devoranta
2494 3051 2705 3121 plebem
2727 3068 2926 3123 meam,
2944 3055 3089 3110 sicut
3107 3071 3285 3111 escam
3310 3057 3501 3128 panis?

1975 3141 2144 3198 Deum
2174 3140 2319 3213 [Ms.
2344 3141 2665 3216 Dominum]
2688 3160 2793 3201 non
2811 3145 3199 3203 invocaverunt
3220 3164 3233 3202 :
3256 3149 3364 3206 illic
3387 3158 3502 3206 tre~

1902 3235 2226 3306 pidaverunt
2255 3236 2469 3303 timore,
2502 3237 2590 3294 tibi
2622 3253 2727 3294 non
2759 3247 2879 3294 erat
2918 3239 3103 3298 timor.

1974 3330 2240 3398 Quoniam
2264 3331 2407 3387 Deus
2437 3331 2491 3387 in
2521 3332 2881 3411 generatione
2900 3334 3041 3405 justa
3069 3344 3152 3391 est
3177 3353 3190 3390 :
3214 3337 3503 3394 consilium

1906 3424 2082 3496 inopis
2106 3421 2134 3461 ¹ι
2154 3425 2476 3482 confudistis
2499 3466 2516 3495 ,
2569 3428 2823 3497 quoniam
2856 3429 2998 3486 Deus
3022 3429 3041 3502 [
3068 3429 3173 3484 Ms.
3207 3431 3505 3505 Dominus]

1904 3534 2033 3590 spes
2063 3517 2180 3589 ejus
2205 3527 2311 3575 est.

1973 3612 2107 3681 Quis
2133 3612 2284 3668 dabit
2308 3626 2373 3667 ex
2400 3611 2530 3668 Sion
2563 3612 2802 3671 salutare
2845 3613 3051 3673 Israel?
3079 3616 3255 3674 Duml
3292 3626 3506 3677 avertet

1901 3708 2163 3763 Dominus
2188 3706 2557 3776 captivitatem
2587 3708 2759 3777 plebis
2787 3722 2919 3763 suae.

1971 3801 2209 3857 Laetetur
2236 3798 2429 3867 Jacob,
2468 3808 2521 3857 et
2547 3801 2786 3857 exsultet
2832 3802 3025 3858 Israel.

2281 3970 2333 4012 IN
2369 3968 2564 4022 FINEII,
2603 3965 2616 4004 1
2656 3967 2893 4011 PSALHUS
2932 3970 3115 4013 DAVID.

1978 4053 2237 4123 Domine,
2291 4048 2415 4120 quis
2454 4047 2725 4103 habitabit
2755 4049 2810 4103 in
2864 4048 3212 4107 tabernaculo
3255 4052 3386 4109 tuo?
3415 4062 3511 4111 aut

1901 4154 2029 4225 quis
2049 4148 2354 4222 requiescet
2382 4146 2435 4201 in
2468 4154 2655 4201 monte
2684 4154 2875 4200 sancto
2904 4145 3038 4200 tuo?

1902 4278 2094 4340 patens
2142 4261 2947 4340 est,guttur_eorum,__lioguis
2992 4265 3106 4320 suis
3137 4265 3327 4340 dolose
3365 4283 3500 4339 age-

1904 4332 2051 4407 Iiant,
2081 4339 2248 4412 quinti
2270 4332 2465 4412 psalmi
2492 4344 2628 4412 sunt:
2660 4332 2806 4412 llud
2832 4332 3005 4389 autem
3051 4339 3189 4404 quod
3217 4332 3454 4412 sequitur
3481 4358 3504 4393 .-

1903 4406 2181 4485 Venenum
2206 4406 2448 4485 aspidum
2481 4407 2581 4485 sub
2613 4406 2769 4459 labiis
2796 4422 3008 4485 eorum,
3047 4406 3313 4485 centesirni
3342 4414 3501 4485 trige—

1898 4485 2015 4539 simi
2041 4484 2162 4537 noni
2186 4477 2371 4553 psalmi
2393 4487 2487 4532 est.
2519 4477 2842 4553 Rursumque
2862 4478 3001 4553 quod
3023 4480 3212 4534 dicitur
3230 4477 3503 4550 :Quoritm

268 4538 632 4631 L‘séii'iiéiiiié
651 4560 704 4615 in
728 4560 918 4617 Grazco
942 4560 1160 4617 additur
1180 4561 1314 4616 suis:
1336 4538 1600 4618 Hebraice
1622 4570 1800 4615 autem
1830 4562 1885 4623 D
1909 4574 1969 4611 os
1998 4538 2379 4631 malediClioue
2408 4559 2461 4604 et
2483 4538 2844 4631 amaritudine
2873 4538 3251 4631 plenumnest,
3271 4538 3341 4607 71c
3370 4571 3506 4609 nono

204 4665 279 4708 est
296 4636 465 4717 ὢηὸ’]
493 4670 506 4705 :
534 4653 629 4708 sed
653 4653 743 4724 qui
782 4655 889 4709 suis
912 4656 1142 4724 primum
1176 4652 1404 4719 addidit,
1438 4653 1652 4709 videtur
1682 4653 1812 4707 sub-

205 4756 519 4816 sequentem
534 4745 786 4801 IIebraici
809 4757 1100 4802 contextus
1125 4762 1310 4804 vocem
1335 4756 1443 4825 rte,
1467 4750 1563 4802 lien
1583 4746 1812 4815 negandi

206 4839 529 4912 particulam
562 4854 659 4903 pro
687 4839 805 4893 hem
833 4841 1031 4895 sufﬁxo
1060 4842 1363 4912 accepisse,
1400 4854 1566 4910 atque
1594 4856 1698 4895 una
1728 4855 1815 4896 se-

205 4912 280 4985 rie
299 4911 679 4985 continuasse.
715 4912 997 4985 Palatinus
1023 4911 1373 4985 supra’atque
1402 4913 1539 4968 infra
1564 4914 1615 4967 in
1641 4912 1815 4967 versi-

203 4982 303 5036 bus
332 4982 678 5037 ascribeudis
705 4998 811 5037 non
836 4984 1002 5039 semel
1032 4994 1237 5052 peccat.

276 5064 299 5090 ε
322 5053 383 5108 In
416 5053 663 5125 Palatino
686 5052 803 5109 haec
833 5055 1125 5124 apponitur
1141 5070 1208 5110 ex
1237 5054 1425 5119 minio,
1456 5063 1509 5111 et
1551 5053 1814 5125 grandio-

205 5123 359 5179 ribus
390 5126 555 5195 paulo
585 5124 780 5179 litteris
823 5123 949 5180 nota
986 5143 1000 5183 :
1035 5125 1109 5180 Hi
1150 5136 1261 5181 octo
1290 5143 1463 5181 versus
1499 5123 1815 5181 iii—Hebrteis

206 5196 604 5268 codicibusnon
632 5195 922 5251 habentur:
954 5208 1007 5254 et
1052 5208 1449 5268 consequenter
1472 5199 1666 5267 singuli
1696 5199 1813 5252 sin-

209 5268 345 5334 gulis
369 5266 548 5322 obelis
570 5268 977 5324 conlodiuntur.
1003 5267 1200 5324 Notum
1231 5266 1287 5323 et
1309 5266 1624 5338 Hieronymi
1646 5268 1814 5337 ipsius

211 5338 582 5392 testimonium
611 5340 939 5396 Prmlatione
984 5341 1106 5395 libri
1147 5357 1232 5395 xvt
1262 5340 1723 5395 Commentarior.
1759 5340 1812 5394 in

207 5404 397 5463 Isaiam
422 5426 437 5465 :
473 5408 667 5481 Omnes
714 5409 931 5466 Crescite
958 5409 1314 5481 Tfactatores,
1347 5413 1434 5481 qui
1460 5411 1606 5465 nobis
1635 5411 1814 5464 erudi-

210 5487 365 5535 ttonis
397 5497 507 5554 suae
549 5483 604 5535 in
637 5479 875 5537 Psalmos
916 5479 1324 5538 Commentarios
1352 5479 1692 5554 reliquerunt,
1723 5483 1816 5554 hos

211 5552 485 5626 versiculos
531 5569 664 5626 verti
691 5562 973 5626 annotant,
1020 5563 1172 5626 atque
1228 5552 1587 5623 praetereunt:
1616 5552 1815 5620 liquido

209 5623 513 5692 conﬁtentes
536 5626 590 5677 in
617 5623 869 5680 llebraico
900 5643 999 5679 non
1022 5623 1218 5691 haberi,
1250 5642 1340 5679 nec
1367 5641 1472 5679 esse
1500 5626 1555 5679 in
1600 5634 1814 5692 septua-

212 5694 261 5761 gi
297 5705 351 5745 ta
373 5691 767 5770 Interpretibus,
793 5697 882 5751 sed
904 5699 956 5750 in
980 5699 1202 5770 editione
1232 5695 1480 5770 Vulgata,
1498 5712 1615 5767 qua:
1637 5691 1815 5751 Graece

213 5785 270 5818 κο
291 5771 351 5824 νὴ
381 5767 592 5833 dicitur,
629 5776 674 5821 et
704 5769 758 5821 in
785 5776 893 5823 toto
913 5769 1033 5822 orbe
1056 5769 1259 5822 diversa
1279 5767 1372 5822 est.
1400 5767 1817 5824 Docucratvero

215 5838 378 5909 patilo
429 5841 704 5909 superius,
752 5855 819 5893 ex
845 5856 952 5909 quo
992 5840 1224 5909 quisque
1269 5840 1389 5894 loco
1422 5854 1612 5894 versus
1670 5849 1815 5895 esset

215 5906 418 5964 ascitus
450 5926 463 5963 :
496 5908 659 5978 Nam,
694 5906 890 5981 inquit,
929 5906 1034 5964 duo
1067 5906 1221 5979 primi
1250 5926 1422 5967 versus
1447 5927 1465 5969 :
1490 5910 1811 5984 Sepulcrum

501 6004 779 6070 Ps'rnon.
830 6004 1073 6070 XXIX.

1916 4628 2121 4697 psalmo,
2144 4632 2404 4697 sumptum
2434 4627 2527 4675 est.
2560 4619 2684 4674 Tres
2707 4630 2877 4674 autem
2900 4623 3134 4697 versiculi
3163 4627 3251 4693 qui
3280 4641 3509 4697 sequun-

1916 4692 2020 4762 tur,
2046 4692 2269 4751 veloces
2289 4692 2454 4763 pedes
2477 4707 2691 4763 eorum,
2720 4709 2901 4763 usque,
2936 4693 3077 4748 viam
3105 4692 3254 4763 pacis
3280 4692 3387 4749 non
3413 4694 3508 4751 cd-

1913 4761 2239 4839 gnoverunt,
2262 4761 2325 4839 in
2346 4763 2490 4839 Isoia
2509 4761 2758 4839 praplteta
2777 4761 2964 4839 reperi,
2989 4773 3094 4820 etc.
3108 4761 3508 4839 'Supposititius

1916 4835 2281 4911 Hieronymus
2312 4836 2364 4911 in
2398 4836 2751 4911 Breviarioin
2798 4835 3236 4911 psalmosetiam
3259 4837 3508 4911 de_Deu-

1916 4906 2198 4967 terononiio
2229 4909 2447 4963 asciscit
2469 4949 2486 4975 ,
2537 4907 2681 4976 quod
2712 4922 2739 4960 a
2766 4908 2878 4961 veri
2912 4906 3058 4962 omni
3091 4910 3273 4975 SpCCie
3317 4908 3507 4963 distat.

1987 4982 2013 5021 ά
2045 4983 2121 5038 De
2148 4991 2270 5037 octo
2298 4978 2543 5033 versibus
2573 4978 2732 5032 obelo
2765 4978 2849 5032 hic
2883 4979 3193 5047 prtenotutis
3226 4980 3347 5033 fuse
3396 4980 3511 5035 dis-

1915 5064 2070 5128 putat
2120 5054 2484 5128 lIieronym_us
2500 5050 2954 5128 _re5p0ndens._ad
2984 5049 3192 5128 objecta
3228 5050 3510 5128 Eustocbii

1915 5120 2163 5198 virginis,
2200 5120 2465 5195 prochmio
2492 5120 2801 5198 Comment.
2838 5120 3050 5198 l_ib._3_m
3072 5120 3513 5180 inlsaiam.Con-

1917 5191 2057 5253 sulat
2086 5191 2262 5253 locum
2289 5198 2513 5251 citatum
2541 5194 2630 5263 qui
2658 5193 2908 5263 voluerit.
2941 5191 3115 5246 MART.

1992 5280 2015 5307 ο
2040 5271 2280 5324 Alterum
2312 5269 2396 5322 hic
2445 5274 2500 5322 et
2532 5262 2653 5335 post
2707 5262 3131 5335 subsequentem
3183 5266 3511 5324 versiculum

1919 5340 2249 5408 Diapsalma,
2279 5340 2345 5393 ad
2371 5340 2493 5394 libri
2526 5351 2676 5391 oram
2706 5334 2934 5408 Palatin.
2970 5351 3075 5390 IIIS.
3118 5340 3343 5406 apponit

1996 5405 2348 5466 f'Veronens.
2378 5426 2479 5464 ms.
2504 5405 2830 5478 imprudens,
2863 5414 2918 5460 et
2946 5423 3075 5480 mox
3107 5405 3469 5475 afflictionibus
3493 5453 3512 5480 ,

1918 5500 2018 5555 pro
2048 5480 2397 5555 voluntatibus
2427 5498 2443 5534 :
2468 5481 2807 5555 continenter
2836 5492 2904 5533 ex
2948 5479 3273 5555 Augustino.

1994 5566 2018 5603 ε
2047 5555 2190 5609 Idem
2207 5569 2309 5607 ms.
2331 5553 2573 5603 devorant
2598 5549 2848 5619 populum
2869 5549 3061 5619 meum,
3083 5552 3322 5605 utcibum
3345 5556 3519 5621 panis.

1993 5623 2021 5663 1³
2056 5626 2258 5680 V‘itiose
2287 5623 2484 5677 lectum
2526 5622 2719 5676 minori
2750 5637 2983 5679 numero
3014 5638 3045 5678 e
3071 5622 3377 5679 Veronensi
3410 5642 3517 5684 ms.

1919 5695 2220 5767 confudisti.

2001 5763 2028 5805 i'
2050 5767 2108 5821 In
2155 5765 2347 5821 eodem
2382 5777 2483 5818 ms.
2517 5765 2701 5819 avertit
2729 5779 2747 5819 :
2774 5776 2827 5820 et
2858 5766 2910 5820 in
2940 5765 3066 5835 ﬁne,
3104 5763 3397 5821 Exsultabit
3423 5766 3528 5822 Ja-

1920 5839 2034 5905 cob,
2062 5847 2108 5893 et
2134 5837 2389 5893 (relabitur
2418 5834 2607 5891 Israel.

2000 5912 2012 5963 i
2052 5910 2265 5978 Verbis,
2294 5910 2345 5964 in
2370 5909 2560 5982 ﬁnem,
2595 5907 3016 5979 praetermissis,
3064 5908 3118 5964 in
3168 5907 3369 5966 Veron.
3424 5927 3507 5969 ms

3047 6004 3087 6071 5
3515 5980 3535 6005 .
