4062 6356
552 272 553 275 Ύ
619 318 727 378 iis

1612 313 1672 373 S.
1713 310 2092 372 HIERONYMI
2131 309 2364 375 DlVlNA
2404 313 2885 374 BlBlJOTllECA.

3820 314 3940 374 ιιι

693 432 1156 493 Circumdederunt
1179 445 1259 487 me
1280 428 1488 485 dolores
1509 430 1691 483 mortis
1719 446 1737 483 :
1765 439 1813 483 el
1840 438 2092 484 torrentes
2111 428 2216 483 ini-
2240 430 2297 494 Α
2388 426 2885 484 Circumdcderunt
2906 439 2991 483 me
3016 424 3249 500 gemitus
3274 423 3402 500 [Ηε.
3429 423 3670 499 dolores]
3691 430 3888 485 mortis
3912 446 3933 487 :

616 536 832 609 quitatis
860 530 1291 588 conturbauerunt
1320 543 1420 582 me.

690 626 916 685 Dolores
945 621 1136 694 inferni
1176 617 1630 675 circumdederunt
1657 633 1739 675 me
1768 633 1787 674 :
1818 632 2215 691 pra'occupave-

615 728 740 777 runt
769 733 848 773 me
874 716 1046 789 laquei
1073 714 1277 770 mortis.

691 826 753 868 -:~
789 808 901 864 ιιΕε
932 806 1001 878 ξι)
1031 808 1084 861 in
1117 806 1453 862 tribulatione
1479 821 1595 862 mea
1617 805 1853 861 invocavi
1884 803 2166 861 Dominum
2192 820 2212 861 :

613 914 662 959 et
691 903 759 957 ad
780 901 949 956 Deum
972 914 1143 955 meum
1168 897 1414 954 clamavi.

689 1010 749 1051 σθ
786 992 944 1049 Elea:
976 993 1000 1063 ζ
1028 990 1229 1047 audivit
1253 990 1318 1045 de
1342 988 1534 1062 lemma
1564 1003 1623 1046 σε»
1656 1000 1842 1045 sancto
1870 988 1895 1058 ζ
1920 1003 2012 1044 suo
2039 984 2215 1043 vocem

584 1102 811 1155 ‘meam,
840 1094 888 1143 et
917 1086 1114 1141 clamor
1138 1100 1283 1139 meus
1321 1084 1375 1139 in
1403 1080 1691 1156 conspectu
1736 1086 1850 1155 ejus
1887 1080 2122 1137 introibit
2159 1080 2216 1134 in

609 1198 766 1238 aures
796 1182 930 1254 ejus.

682 1279 950 1335 Commota
986 1284 1085 1346 est,
1129 1284 1177 1332 et
1214 1273 1527 1332 contremuit
1556 1283 1738 1330 terra:
1779 1280 1830 1329 et
1870 1272 2216 1345 fundamenta

609 1374 865 1430 montium
894 1371 1200 1429 conturbata
1236 1379 1359 1426 sunt
1388 1379 1436 1425 et
1475 1377 1731 1425 commota
1772 1377 1923 1439 sunt,
1965 1368 2215 1439 quoniam

606 1468 775 1525 iratus
803 1477 879 1523 est
911 1482 974 1523 οξ-
1022 1466 1119 1521 eis.

679 1560 927 1618 Ascendit
966 1560 1157 1632 fumus
1179 1557 1233 1612 in
1272 1557 1355 1613 ira
1394 1559 1555 1629 ejus:
1601 1563 1649 1611 et
1680 1553 1817 1628 ignis
1859 1570 1892 1609 a
1928 1552 2064 1627 facie
2099 1554 2215 1626 ejus

606 1658 824 1728 exarsit,
854 1654 1101 1711 carbones
1122 1653 1359 1709 succensi
1389 1661 1507 1707 sunt
1529 1649 1595 1706 ab
1620 1666 1700 1706 eo.

2315 529 2374 578 et
2401 529 2673 577 torrentes
2701 518 3007 592 iniquitatis
3032 517 3499 576 eonturbaverunt
3522 535 3630 577 me.
3799 585 3804 589 _

2389 614 2615 671 Dolores
2645 607 2840 671 inferni
2871 613 3356 671 circumdederunt
3391 627 3483 669 me
3516 627 3535 666 :
3565 623 3622 669 et
3651 602 3783 687 [ιιι.
3819 621 3935 671 tac.

2316 706 2395 782 et]
2421 718 2808 779 praevenerunt
2832 725 2921 766 me
2948 709 3134 781 laquei
3162 708 3375 765 monis.

2388 803 2457 859 Et
2501 804 2558 860 in
2603 804 2955 859 tribulatione
3002 802 3131 877 [Hs.
3182 800 3466 876 pressura]
3512 817 3634 860 mea
3674 803 3940 862 invocavi

2317 896 2607 956 Dominum
2637 911 2654 952 :
2682 907 2737 953 et
2763 895 2831 952 ad
2862 896 3036 953 Deum
3063 912 3248 954 meum
3274 895 3529 955 clamavi.

2386 990 2459 1048 Et
2482 989 2782 1058 exaudivit,
2808 990 2877 1047 de
2900 990 3104 1062 templo
3128 999 3323 1049 saneto
3351 1008 3474 1057 suo,
3502 1008 3693 1052 vocem
3716 1009 3938 1067 meam,

2316 1092 2374 1142 et
2397 1084 2608 1142 clamor
2635 1098 2792 1141 meus
2822 1084 2876 1140 in
2905 1091 3202 1156 conspectu
3231 1084 3376 1156 ejus,
3411 1086 3657 1144 introivit
3684 1087 3742 1145 in
3764 1103 3943 1145 aures

2315 1180 2456 1252 ejus.

2388 1275 2461 1332 Et
2484 1284 2766 1334 commota
2787 1283 2893 1342 est,
2917 1284 2973 1333 et
2996 1274 3329 1332 contremuit
3353 1283 3533 1333 terra:
3563 1275 3941 1334 fundamenta

2316 1368 2584 1426 montium
2608 1369 2936 1426 conturbata
2959 1379 3087 1427 sunt
3108 1377 3165 1426 et
3183 1378 3459 1425 commota
3480 1378 3609 1426 sunt
3631 1369 3941 1442 :quoniam

2316 1462 2486 1519 iratus
2509 1471 2594 1520 est
2618 1463 2698 1519 eis
2730 1463 2893 1519 Deus.

2388 1556 2650 1613 Ascendit
2689 1553 2870 1613 fumus
2899 1552 2955 1613 in
2995 1555 3078 1613 ira
3106 1555 3270 1626 ejus:
3308 1562 3366 1614 et
3393 1555 3537 1629 ignis
3566 1570 3596 1612 a
3643 1556 3782 1613 facie
3807 1557 3939 1627 ejus

2316 1648 2626 1708 exardescit
2647 1649 2778 1725 [Με.
2807 1649 3184 1724 exardescet],
3215 1650 3489 1709 carbones
3513 1652 3764 1709 succensi
3793 1663 3935 1710 sunt

2317 1744 2387 1800 ab
2416 1758 2506 1800 eo.

679 1836 1164 1906 Inclinavitcoelos,
1190 1842 1239 1892 et
1266 1832 1580 1891 descendit:
1605 1840 1654 1888 et
1684 1831 1854 1905 caligo
1875 1828 1970 1886 sub
1997 1827 2215 1904 pedibus
2243 1806 2294 1870 Β
2392 1837 2461 1893 Et
2501 1835 2790 1894 inclinavit
2828 1835 2999 1895 caelos
3032 1835 3160 1911 [31s.
3191 1832 3451 1910 calum],
3496 1845 3556 1894 et
3589 1835 3886 1895 descendit
3916 1855 3931 1894 :

607 1939 742 2006 eius.

680 2027 749 2082 Et
769 2026 1003 2084 ascendit
1024 2039 1181 2097 super
1201 2022 1503 2093 Cherubim,
1527 2031 1574 2077 et
1597 2020 1825 2077 volavit:
1850 2017 2041 2075 volavit
2059 2032 2219 2090 super

606 2135 801 2192 pennas
827 2130 1116 2174 uentorum.

685 2230 749 2271 -εκ
774 2213 843 2268 Et
878 2210 902 2283 ζ
932 2213 1102 2285 posuit
1127 2211 1385 2279 tenebras“,
1410 2209 1687 2265 latibulum
1706 2224 1857 2264 suum
1878 2222 1897 2262 :
1918 2205 1974 2262 in
1996 2204 2217 2261 circuitu

602 2310 715 2383 ejus
761 2308 1155 2364 tabernaculum
1197 2306 1311 2377 ejus
1336 2347 1352 2373 ,
1394 2302 1666 2361 tenebrosa
1713 2318 1850 2375 aqua
1893 2301 1949 2357 in
1992 2299 2216 2355 nubibus

609 2404 763 2461 aeris.

671 2500 796 2556 Pro:
834 2497 1041 2573 fulgore
1082 2496 1139 2552 in
1182 2499 1457 2568 conspectu
1496 2492 1610 2565 ejus
1652 2491 1812 2547 nubes
1866 2487 2211 2556 transierunt,

608 2603 632 2635 ε
660 2593 863 2665 grando
889 2603 935 2647 et
965 2588 1216 2644 carbones
1245 2587 1403 2659 ignis.

674 2687 746 2742 Et
784 2685 1012 2742 intonuit
1046 2683 1114 2738 de
1147 2680 1276 2737 ctelo
1312 2680 1613 2736 Dominus:
1651 2687 1700 2735 et
1742 2677 2043 2734 Altissimus
2071 2674 2214 2730 dedit

602 2796 776 2836 uocem
795 2793 986 2835 suam:
1016 2780 1083 2846 3K
1105 2775 1307 2849 grando
1335 2783 1381 2831 et
1410 2774 1659 2828 carbones
1687 2773 1823 2845 ignis
1852 2772 1876 2842 ζ

672 2871 741 2926 Ει
781 2870 919 2925 misit
959 2870 1185 2943 sagittas
1229 2883 1375 2932 suas,
1408 2875 1458 2921 et
1498 2865 1777 2937 dissipauit
1806 2881 1894 2920 eos
1935 2880 1955 2920 :
1996 2862 2212 2937 fulgura

608 2961 993 3037 multiplicauit,
1022 2970 1071 3014 et
1100 2958 1429 3014 conturbavit
1459 2973 1569 3012 eos.

675 3058 747 3114 Et
787 3064 1143 3131 apparuerunt
1188 3054 1360 3127 fontes
1390 3066 1687 3124 aquarum:
1735 3061 1785 3107 et
1826 3049 2051 3106 revelata
2090 3056 2213 3105 sunt

607 3153 957 3228 fundamenta
976 3150 1117 3205 orbis
1149 3163 1210 3205 σε·
1245 3143 1274 3185 ἀ
1306 3154 1568 3202 terrarum
1603 3144 1626 3215 ζ

677 3246 754 3301 Ab
785 3241 1140 3315 increpatione
1168 3246 1280 3310 tua,
1314 3236 1561 3307 Domine,
1610 3237 1676 3293 ab
1718 3236 2066 3309 inspiratione
2104 3233 2214 3308 spi-

602 3339 740 3393 ritus
767 3337 862 3393 ira:
886 3344 1010 3391 tute.

677 3430 822 3487 Misit
844 3430 909 3485 de
942 3443 1168 3499 summo,
1200 3435 1252 3483 et
1281 3423 1480 3500 accepit
1504 3439 1624 3479 me:
1649 3432 1700 3479 et
1728 3421 2012 3493 assumpsit
2040 3436 2122 3478 me
2149 3419 2216 3476 de

616 3524 771 3598 aquis
795 3522 995 3579 multis.

678 3617 893 3689 Eripuit
929 3630 1011 3672 me
1040 3614 1105 3671 de
1142 3612 1372 3670 inimicis
1398 3612 1529 3667 meis
1567 3608 1894 3684 fortissimis,
1936 3614 1986 3664 et
2021 3606 2085 3662 ab
2125 3605 2215 3673 iis,

601 3712 693 3785 qui
718 3711 936 3767 oderunt
966 3725 1047 3765 me
1072 3725 1091 3764 :
1123 3708 1371 3778 quoniam
1395 3706 1680 3777 confortati
1707 3712 1830 3760 sunt
1850 3717 2011 3773 super
2039 3716 2141 3755 me.

677 3803 1055 3859 Prcevenerunt
1076 3817 1159 3855 me
1184 3801 1239 3856 in
1267 3799 1353 3854 die
1368 3797 1676 3870 offlictionis
1699 3812 1850 3866 mea,
1875 3804 1921 3852 et
1945 3796 2119 3868 {actus
2140 3799 2222 3849 est

617 3895 879 3953 Dominus
904 3902 1166 3966 protector
1190 3910 1333 3949 meus
1356 3908 1378 3948 :

683 3991 752 4047 Et
779 3991 967 4047 eduxit
996 4006 1079 4045 me
1105 3989 1163 4045 in
1185 3987 1521 4044 latitudinem
1544 4001 1564 4041 :
1591 3984 1793 4041 salvum
1820 3998 1901 4038 me
1922 3981 2065 4056 fecit,
2091 3994 2222 4052 quo-

618 4087 759 4142 niam
786 4086 952 4142 voluit
980 4100 1082 4141 me.

689 4197 749 4238 σξη
780 4180 851 4236 Et
885 4178 1184 4251 :retribuet
1214 4178 1341 4234 mihi
1365 4177 1624 4233 Dominus
1647 4176 1939 4232 secundum
1953 4170 2225 4246 justitiam

618 4290 827 4332 meam:
861 4290 924 4332 -ξ-
957 4282 1007 4330 et
1041 4273 1064 4345 ζ
1091 4274 1377 4331 secundum
1405 4272 1687 4345 puritatem
1716 4284 1968 4325 manuum
1993 4281 2226 4323 mearum

619 4368 867 4426 retribuet
886 4366 1039 4423 mihi.

692 4465 832 4531 Quia
857 4462 1114 4518 custodiui
1138 4460 1251 4517 uias
1294 4458 1550 4518 Domini:
1576 4476 1671 4516 nec
1694 4458 1851 4532 impie
1888 4456 2025 4531 gessi
2049 4472 2083 4511 a
2112 4453 2224 4513 Deo

625 4574 763 4614 meo.

590 4681 627 4719 ,-
698 4649 960 4720 Quoniam
987 4647 1164 4705 omnia
1178 4646 1393 4719 judicia
1429 4646 1542 4720 ejus
1581 4646 1639 4703 in
1677 4656 1955 4719 conspectu
1984 4661 2139 4703 meo:
2179 4656 2228 4703 et

614 4746 851 4822 justitias
871 4746 983 4819 ejus
1009 4759 1111 4799 non
1132 4742 1305 4816 repuli
1323 4757 1356 4797 a
1377 4756 1479 4798 me.

704 4898 733 4928 ιι
770 4886 976 4946 Aberat
1000 4883 1211 4954 obelus,
1241 4881 1467 4954 ipsaque
1495 4888 1551 4936 et
1576 4879 1769 4954 copula
1788 4896 1956 4954 ,“quee
1983 4881 2229 4954 origina-

631 4962 714 5018 les
743 4961 834 5013 alii
863 4956 986 5014 libri
1015 4951 1327 5011 sufﬁciunt:
1360 4951 1495 5007 infra
1530 4952 1735 5007 leviora
1766 4951 1870 5006 alia
1903 4951 2228 5010 eorumdem

632 5048 736 5099 ope
757 5029 1097 5093 emendatur,
1127 5035 1187 5099 ut
1212 5033 1297 5078 est
1316 5026 1479 5094 paulo
1508 5034 1631 5093 post
1653 5023 1890 5099 introibit
1917 5038 2017 5091 pro
2039 5026 2230 5079 introi-

630 5094 698 5157 vit
732 5120 751 5158 :
800 5111 912 5156 tum
944 5109 992 5155 et
1038 5096 1415 5170 fundamenta,
1460 5103 1568 5151 etc.
1609 5109 1735 5151 cum
1778 5094 1999 5152 deesset
2036 5104 2085 5151 et
2133 5110 2235 5153 co-

635 5175 1019 5311 pulaéfgtgusis
1042 5254 1143 5297 ms.
1176 5238 1653 5311 codexrl‘mmm
1698 5238 2142 5311 pmposimonem
2181 5244 2238 5294 in

638 5309 900 5372 asterisco
934 5333 947 5368 :
982 5318 1047 5382 ῖς(
1071 5312 1138 5368 1η
1170 5310 1549 5382 ζινὶὸωιαιὶοηο
1581 5325 1718 5382 mea,
1746 5319 1855 5382 etc.
1887 5309 1994 5366 Alii
2027 5311 2238 5382 nullum

636 5389 851 5457 signum
896 5380 1188 5452 adhibent:
1234 5387 1376 5440 sicut
1424 5395 1526 5438 nec
1565 5380 1736 5437 editio
1790 5381 2034 5437 Romana
2086 5381 2237 5439 Cari.

637 5460 821 5517 Msnr.

718 5562 743 5591 ο
774 5548 896 5608 Non
913 5549 1054 5607 bene
1083 5546 1251 5620 fulget
1275 5546 1366 5620 llic
1397 5546 1452 5603 in
1471 5541 1864 5620 editione_Cari
1894 5543 2075 5616 imago
2102 5542 2239 5620 stel-

644 5622 714 5679 lae
748 5627 836 5691 Χ.
861 5621 1048 5690 Neque
1084 5615 1215 5691 vero
1244 5619 1421 5691 abfuit
1441 5618 1580 5691 apud
1611 5615 1758 5673 LXX
1784 5615 2028 5691 praesens
2052 5617 2243 5691 versi-

642 5686 835 5761 culus;
867 5686 974 5749 sed'
990 5690 1253 5762 repetitio
1267 5686 1537 5762 ejusdem,
1560 5689 1714 5762 juxta
1735 5687 1880 5762 quod
1905 5688 2091 5744 docuit
2112 5686 2240 5762 Hie-

643 5758 1094 5838 ronymus_episi.
1126 5758 1328 5838 saepius
1357 5760 1573 5838 laudata
1604 5759 1659 5838 in
1701 5759 1906 5838 nostris
1931 5758 2237 5838 ann0tatio-

641 5829 807 5895 nibus
838 5856 851 5893 :
882 5835 951 5892 Et
972 5829 1236 5907 quaeritis,
1270 5831 1464 5907 inquit,
1488 5848 1581 5907 cur
1607 5829 1821 5907 Graecus
1866 5830 2026 5907 istum
2079 5830 2239 5907 versi-

643 5908 816 5970 culum
849 5901 1074 5968 secutido
1123 5921 1229 5963 non
1260 5902 1465 5971 habeat,
1495 5902 1817 5976 interpositis
1849 5901 2053 5960 duobus
2077 5902 2236 5963 versi.

2239 3199 2287 3266 C

2317 1937 2378 1988 et
2400 1931 2579 2003 caligo
2606 1929 2710 1986 sub
2732 1930 2963 2002 pedibus
2990 1930 3131 2002 ejus.

2390 2024 2456 2080 Et
2484 2023 2739 2081 ascendit
2768 2038 2937 2096 super
2967 2021 3295 2095 Cherubim,
3333 2031 3392 2081 et
3418 2022 3627 2080 volavit
3659 2039 3674 2079 :
3714 2021 3936 2080 volavit

2316 2133 2485 2191 super
2510 2133 2720 2190 pennas
2746 2126 3061 2175 ventorum.

2389 2212 2457 2268 Et
2499 2212 2685 2284 posuit
2712 2210 3319 2289 tenebrashlatibulum
3364 2225 3522 2269 suum
3552 2227 3569 2270 :
3601 2211 3659 2268 in
3686 2210 3932 2269 circuitu

2317 2303 2435 2376 ejus
2463 2304 2880 2361 tabernaculum
2910 2303 3063 2376 ejus,
3095 2304 3389 2362 tenebrosa
3417 2318 3561 2375 aqua
3590 2304 3646 2360 in
3677 2304 3931 2360 nubibus

2315 2398 2483 2455 aeris.

2391 2492 2511 2547 Prae
2543 2489 2756 2564 fulgore
2785 2490 2843 2547 in
2873 2499 3174 2563 conspectu
3202 2489 3323 2563 ejus
3353 2491 3529 2549 nubes
3560 2490 3928 2563 transierunt,

2318 2585 2530 2658 grando
2559 2593 2617 2643 et
2634 2586 2904 2643 carbones
2927 2583 3093 2657 ignis.

2389 2678 2456 2733 Et
2479 2677 2719 2734 intonuit
2742 2676 2812 2735 de
2837 2678 2979 2736 ctelo
3007 2677 3273 2736 Dominus
3298 2695 3313 2735 :
3334 2687 3390 2736 et
3416 2678 3731 2737 Altissimus
3771 2678 3935 2737 dedit

2314 2785 2505 2827 vocem
2535 2785 2687 2827 suam
2698 2811 2713 2827 .

2391 2862 2543 2919 Misit
2586 2872 2611 2901 ο
2644 2861 2873 2935 sagittas
2899 2878 3055 2932 suas,
3096 2873 3153 2923 et
3200 2863 3488 2937 dissipavit
3526 2879 3659 2924 eos:
3706 2864 3932 2938 fulgura

2315 2953 2723 3028 multiplicavit,
2759 2965 2817 3014 et
2842 2955 3193 3014 conturbavit
3213 2972 3335 3013 eos.

2388 3052 2459 3107 Et
2491 3061 2866 3122 apparuerunt
2894 3053 3072 3110 fontes
3093 3047 3400 3126 aquarum:
3437 3063 3492 3111 et
3523 3052 3767 3110 revelata
3794 3061 3934 3110 sunt

2316 3143 2669 3203 fundamenta
2698 3146 2851 3203 orbis
2885 3155 3068 3204 terrae.

2387 3237 2473 3295 Ab
2501 3238 2880 3310 increpatione
2907 3248 3024 3311 tua,
3049 3238 3303 3313 Domine,
3326 3240 3397 3297 ab
3418 3237 3782 3311 inspiratione
3810 3237 3938 3311 spi-

2318 3330 2458 3390 ritus
2486 3333 2582 3389 irte
2610 3342 2736 3390 tum.

2392 3425 2541 3483 Misit
2577 3425 2646 3483 de
2686 3440 2925 3494 summo,
2952 3437 3006 3485 et
3038 3425 3248 3500 accepit
3272 3441 3393 3485 me:
3424 3435 3480 3484 et
3508 3425 3811 3497 assumpsit
3841 3440 3940 3482 me

2318 3520 2390 3578 de
2419 3519 2768 3577 multitudine
2789 3534 3082 3593 aquarum.

2394 3614 2606 3684 Eripuit
2634 3610 2763 3687 [ηε.
2792 3611 2958 3686 eruit]
2991 3628 3079 3671 me
3107 3612 3177 3671 de
3224 3612 3463 3670 inimicis
3506 3612 3645 3670 meis
3687 3612 3942 3669 fortissi-

2320 3704 2447 3773 mis,
2479 3706 2630 3763 etab
2657 3704 2743 3762 bis
2791 3705 2882 3778 qui
2920 3706 3156 3764 oderunt
3185 3723 3310 3765 me:
3343 3706 3605 3780 quoniam
3632 3703 3940 3762 eonfortati

2321 3810 2450 3860 sunt
2478 3814 2647 3874 super
2676 3815 2786 3856 me.

2393 3895 2790 3951 Prmveuerunt
2815 3906 2903 3949 me
2926 3890 2981 3948 in
3008 3890 3100 3947 die
3128 3890 3440 3948 alﬂictionis
3465 3906 3627 3959 mea,
3658 3898 3714 3947 et
3753 3890 3943 3947 factus

2323 3997 2409 4046 est
2432 3988 2696 4043 Dominus
2730 3984 2752 4025 τ
2782 3994 3061 4057 protector
3089 3999 3246 4041 meus
3270 4000 3284 4038 :
3307 3993 3362 4040 et
3387 3981 3577 4041 eduxit
3601 3997 3689 4039 me
3722 3985 3777 4038 in
3806 3982 3946 4038 lati-

2324 4082 2590 4155 tudinem,
2621 4081 2828 4138 salvum
2854 4094 2942 4136 me
2969 4078 3121 4144 fecit,
3152 4079 3408 4149 quoniam
3440 4077 3609 4133 voluit
3635 4092 3745 4133 me.

2398 4177 2466 4234 Et
2507 4174 2781 4233 retribuet
2826 4172 2961 4229 mibi
3015 4171 3278 4227 Dominus
3320 4167 3622 4226 secundum
3663 4166 3947 4238 justitiam

2327 4287 2529 4341 meam,
2569 4280 2628 4327 et
2667 4267 2967 4326 secundum
3012 4262 3383 4322 innocentiam
3433 4262 3562 4336 uls.
3612 4261 3950 4335 puritatem]

2327 4378 2585 4423 manuum
2618 4374 2865 4418 mearum
2895 4356 3165 4414 retribuet
3192 4356 3351 4412 mihi.

2400 4456 2538 4527 Quia
2562 4451 2837 4512 custodivi
2867 4450 2984 4507 vias
3014 4448 3262 4505 Domini:
3285 4462 3388 4506 nec
3413 4445 3581 4519 impie
3601 4443 3746 4517 gessi
3770 4459 3801 4501 a
3826 4443 3952 4501 Deo

2334 4566 2479 4611 meo.

2407 4644 2677 4717 Quoniam
2716 4639 2900 4699 omnia
2941 4638 3147 4711 judicia
3191 4637 3331 4710 ejus,
3379 4637 3435 4694 in
3467 4644 3761 4707 conspectu
3809 4648 3948 4690 meo

2333 4748 2463 4800 sunt
2487 4748 2513 4789 ε
2542 4749 2793 4807 semper:
2830 4742 2885 4791 et
2909 4730 3174 4804 justitiam
3202 4729 3321 4802 ejus
3349 4743 3458 4785 non
3486 4726 3664 4800 repuli
3692 4741 3721 4782 a
3753 4739 3876 4781 me.

2331 4877 2463 4934 bus?
2487 4874 2599 4931 Sed
2618 4870 2885 4927 sciendum
2905 4866 3112 4940 quia_de
3131 4864 3392 4940 Hebraico
3411 4871 3461 4918 et
3483 4863 3547 4940 de
3570 4860 3957 4940 Theodotionis

2335 4932 2563 5005 editione
2582 4945 2635 5000 in
2650 4932 2997 5015 Septuaginta
3016 4935 3395 5007 Interpretibus
3413 4934 3507 4991 sub
3518 4935 3766 4988 asterisco
3789 4932 3959 4987 addi-

2338 5032 2449 5076 tum
2477 5021 2566 5073 sit.
2603 5015 2781 5071 Manr.

2413 5073 2441 5129 ἆ
2475 5086 2717 5145 Diximus
2743 5094 2796 5141 ct
2824 5082 2988 5157 paulo
3019 5080 3271 5153 superius
3291 5120 3308 5147 ,
3338 5076 3485 5150 quod
3508 5084 3594 5133 est
3633 5076 3687 5132 in
3716 5073 3960 5132 Hebraeo

2335 5168 2471 5245 Sun.
2508 5195 2617 5238 non
2648 5179 2836 5235 orbem
2872 5177 3068 5241 ἁπλῶς.
3105 5173 3199 5230 sed
3245 5183 3515 5245 terrarum
3557 5171 3747 5245 orbem
3779 5169 3961 5245 s_igni-

2346 5229 2742 5323 alia'ic'fiidué
2754 5229 3088 5323 Restitit;
3109 5259 3272 5317 posse
3300 5244 3518 5300 obelum
3547 5229 3961 5323 induci._I_’ala-

2346 5329 2495 5383 tinus
2516 5313 2678 5395 paulo
2701 5330 2821 5395 post
2849 5328 2898 5375 et
2918 5313 3171 5395 Voculam
3200 5332 3336 5372 veru
3372 5324 3664 5387 praenatat,
3700 5313 3849 5369 misit
3889 5313 3959 5367 de

2346 5391 2551 5454 summo
2579 5410 2642 5451 -t—
2675 5391 2725 5448 et
2754 5393 2777 5463 ζ
2804 5391 3003 5463 accepit
3025 5406 3127 5444 me.

2424 5479 2448 5509 ε
2479 5455 2812 5525 Veronensis
2840 5455 2944 5517 ms'.
2973 5462 3124 5531 juxta
3154 5459 3541 5532 Augustinum,
3568 5464 3618 5512 et
3653 5455 3831 5532 emisit
3860 5471 3957 5532 sa-

2349 5542 2527 5615 gittas,
2557 5548 2603 5593 et
2629 5535 2885 5615 dispersit
2912 5527 3029 5615 eos).
3053 5544 3099 5587 et
3136 5527 3956 5615 coruscationesmultiplicauit.

2428 5610 2448 5651 ί
2481 5600 2601 5667 Duo
2629 5600 2799 5663 iidem
2828 5604 2954 5660 libri
2990 5604 3294 5659 Veronens.
3327 5613 3383 5657 et
3414 5601 3730 5671 Augustiu..
3768 5600 3962 5666 ﬁrma-

2350 5693 2581 5738 mentum
2609 5693 2803 5744 meum,
2835 5687 2890 5732 et
2919 5691 3043 5734 mox
3066 5686 3235 5745 eruet,
3268 5676 3386 5730 sive
3416 5674 3551 5729 eruit
3578 5689 3679 5742 me,
3714 5685 3815 5743 pro
3847 5671 3962 5724 sal-

2352 5772 2473 5811 uum
2496 5770 2575 5807 me
2597 5751 2737 5821 fecit.

2425 5835 2451 5875 κ
2483 5811 2652 5881 Tacet
2678 5822 2732 5877 in
2757 5818 3060 5876 Veronensi
3087 5832 3193 5874 ms.
3224 5832 3446 5887 semper,
3470 5822 3533 5871 ut
3558 5824 3614 5871 et
3645 5814 3699 5870 in
3741 5811 3962 5887 Augus-

2352 5897 2575 5965 tinianis
2602 5892 2851 5955 melioris
2879 5900 3025 5952 notae
3055 5890 3210 5949 libris
3247 5905 3262 5947 :
3295 5885 3411 5949 tum
3446 5887 3684 5964 justitias
3714 5900 3815 5961 pro
3829 5885 3960 5961 jus-
