4062 6356
143 367 244 426 “5

137 579 324 648 quitate
346 592 481 629 mea.

211 670 272 724 Et
319 670 565 724 retribuet
615 668 744 724 mihi
802 668 1062 724 Dominus
1123 669 1410 725 secundant
1463 673 1732 745 justitiam

139 781 293 821 meam
315 781 332 816 :
367 778 429 818 -θ
459 773 510 818 et
543 762 566 831 ζ
597 761 880 816 secundum
912 763 1192 836 puritatem
1222 780 1474 818 manuum
1500 781 1731 820 mearum

134 859 182 910 in
206 865 481 927 conspectu
510 854 784 910 oculorum
810 858 944 929 ejus.

202 949 324 1004 Cum
348 957 531 1003 sancto
553 957 765 1002 sanctus
787 948 906 1016 eris,
935 955 986 1003 et
1007 963 1124 1002 cum
1146 946 1254 1003 viro
1276 948 1548 1005 innocente
1569 950 1726 1007 iuno-

135 1063 251 1101 rens
276 1046 397 1100 eris.

207 1156 262 1195 -εν
291 1139 359 1193 Et
392 1139 417 1208 ζ
464 1155 583 1194 cum
617 1138 779 1203 electo
819 1138 1010 1194 electus
1042 1138 1142 1194 eris
1167 1154 1186 1193 :
1227 1147 1276 1192 et
1313 1155 1431 1212 cum
1461 1158 1726 1214 perverso,

134 1233 453 1304 perueneris.

201 1328 453 1396 Quoniam
503 1336 561 1380 tu
602 1325 852 1399 pepulum
891 1325 1138 1381 humilem
1184 1325 1389 1382 salvum
1435 1328 1632 1399 facies;
1666 1338 1728 1384 et

134 1421 300 1478 oculos
321 1421 670 1493 superborum
698 1418 1025 1475 humiliabis.

199 1516 459 1583 Quoniam
510 1525 564 1568 tu
615 1514 884 1568 illuminas
927 1513 1192 1568 lucernam
1238 1531 1423 1586 meam,
1473 1514 1727 1573 Domine:

136 1607 259 1660 Deus
278 1623 446 1673 meus,
479 1606 722 1660 illumina
752 1607 988 1660 tenebras
1017 1622 1183 1662 meas.

198 1699 450 1767 Quoniam
470 1699 525 1753 in
561 1711 607 1753 te
631 1699 826 1771 eripiar
854 1715 886 1752 a
917 1701 1233 1756 tentutione:
1264 1709 1288 1736 ⁸
1317 1709 1366 1756 et
1395 1701 1447 1756 in
1477 1701 1589 1757 Deo
1612 1719 1724 1759 meo

136 1793 478 1864 transgredior
502 1809 733 1846 murum.

1407 371 1613 430 LIBER
1650 375 2100 439 PSALMORUM.

211 483 274 537 Et
298 498 382 536 cro
410 481 778 537 immaculatus
799 497 914 537 cum
937 498 1034 539 eo:
1063 491 1112 540 et
1133 483 1411 542 observabo
1439 503 1520 542 me
1541 487 1726 545 abini-
1751 496 1802 554 Α
1901 493 1971 550 Ει
1999 510 2094 552 ero
2125 496 2503 558 immaculatus
2531 516 2718 563 coram
2761 521 2828 565 eo
2855 525 2870 564 :
2913 517 2972 568 et

3326 405 3437 465 146

3001 512 3308 574 observabo
3352 534 3442 577 mc

1835 585 1905 642 ab
1931 587 2220 659 iniquitate
2249 608 2394 650 mea.

1906 679 1976 734 Et
2029 683 2302 739 retribuet
2350 685 2482 742 mihi
2536 688 2797 748 Dominus
2836 695 3134 752 secundum
3171 699 3438 769 justitiam

1834 787 2050 829 meam:
2100 786 2155 832 et
2201 780 2505 836 secundum
2549 783 2916 842 innocentiam
2962 789 3094 861 [51s.
3126 795 3438 870 puritatem]

1832 881 2094 924 manuum
2126 887 2371 928 mearum
2405 885 2454 945 ε,
2491 877 2547 933 in
2577 891 2876 951 conspectu
2907 885 3192 942 oculorum
3223 889 3360 959 ejus.

1902 961 2040 1018 Cum
2082 975 2276 1022 sancto
2302 978 2528 1026 sanctus
2571 972 2700 1040 eris,
2745 984 2947 1032 etcum
2992 978 3116 1034 viro
3145 981 3440 1041 innocente

1831 1052 2093 1112 innocens
2121 1058 2230 1113 eris
2272 1077 2286 1114 :
2333 1071 2542 1117 etcum
2591 1065 2769 1122 electo
2799 1068 3006 1126 electus
3053 1072 3188 1144 eris,
3227 1085 3436 1134 etcum

1832 1162 2112 1217 perverso,
2142 1151 2486 1211 subverteris
2511 1155 2640 1229 [51s.
2671 1173 2962 1230 perversos
2989 1163 3147 1236 eris.]

1902 1243 2176 1311 Quoniam
2202 1254 2256 1302 tu
2289 1249 2550 1320 pupulum
2591 1250 2855 1310 humilem
2886 1255 3097 1313 salvum
3126 1258 3335 1318 iacies:
3381 1272 3437 1320 et

1829 1337 2018 1394 oculos
2039 1340 2398 1410 superborum
2429 1340 2459 1381 ιι
2484 1344 2800 1402 humiliabis
2833 1363 2849 1402 :

1901 1431 2168 1499 Quoniam
2200 1443 2255 1488 tu
2285 1435 2560 1492 illuminas
2601 1438 2878 1495 lucernam
2921 1457 3124 1513 meam,
3159 1443 3432 1506 Domine:

1828 1523 1975 1581 Deus
2000 1541 2176 1592 meus,
2208 1527 2453 1584 illumina
2483 1531 2735 1586 tenebras
2766 1548 2938 1590 meas.

1894 1614 2168 1684 Quoniam
2199 1620 2252 1674 in
2277 1629 2326 1676 te
2349 1623 2599 1693 eripiare
2633 1627 2932 1686 tentatione
2959 1645 2970 1681 :
3005 1637 3062 1686 et
3091 1629 3145 1687 in
3169 1631 3281 1689 Deo
3311 1647 3434 1689 meo

1843 1714 2216 1785 transgrediar
2245 1732 2483 1774 murum.

1899 1805 2042 1861 Deus
2073 1821 2247 1872 meus,
2279 1807 2564 1878 impolluta
2594 1809 2723 1882 [Μδ.
2757 1809 3126 1886 immaculata]
3159 1814 3242 1870 via
3275 1817 3428 1886 ejus;

194 1886 327 1942 Deus
354 1903 415 1942 σε·
445 1903 616 1954 meus,
649 1886 926 1955 impolluta
958 1887 1042 1941 υἱα
1072 1886 1222 1954 eius;
1253 1887 1459 1959 eloquia
1489 1886 1727 1958 Domini,
1763 1890 1809 1950 B
1835 1895 2053 1967 eloquia
2082 1897 2325 1966 Domini,
2360 1901 2480 1972 igne
2502 1902 2814 1958 examinata
2843 1920 2856 1957 :
2889 1913 3166 1976 protector
3199 1918 3282 1963 est
3309 1923 3430 1962 oru-

133 1984 238 2055 igne
280 1982 576 2037 examinata
607 1997 627 2037 :
680 1991 938 2052 protector
983 1990 1060 2037 est
1113 1981 1346 2036 omnium
1397 1984 1720 2052 spcrantium

137 2078 183 2130 in
203 2094 272 2131 se.

195 2167 444 2236 Quoniam
477 2167 596 2238 quis
631 2165 791 2230 Deus,
824 2174 1015 2236 printer
1062 2165 1389 2223 Dominum?
1427 2167 1457 2206 ι)
1489 2175 1580 2222 aut
1603 2169 1718 2240 quis

137 2260 284 2327 Deus,
311 2271 499 2334 prater
526 2259 698 2315 Deum
727 2260 999 2314 nostrum?

193 2356 344 2421 Deus,
368 2354 464 2422 qui
490 2354 768 2424 prarcinxit
795 2369 876 2408 me
901 2354 1110 2424 virtute,
1135 2361 1182 2409 et
1206 2353 1382 2424 posuit
1407 2352 1719 2408 immacula-

134 2459 224 2502 tum
247 2450 376 2502 riam
399 2463 590 2503 meum.

195 2545 290 2612 Qui
335 2543 553 2613 perfecit
597 2543 753 2613 pedes
797 2559 958 2611 meos,
1011 2552 1278 2616 tamquam
1315 2559 1628 2600 ceruorum:
1668 2553 1715 2600 et

132 2655 268 2706 super
293 2636 502 2692 excelsa
533 2645 766 2692 statuens
787 2650 889 2690 me.

191 2731 285 2799 Qui
312 2732 460 2785 docet
488 2747 675 2786 manus
717 2746 856 2785 meas
881 2729 952 2784 ad
978 2730 1220 2803 praelium
1259 2745 1280 2785 :

133 2835 177 2878 ut
204 2841 374 2878 arcum
400 2840 622 2889 a’reum,
644 2823 859 2878 brachia
889 2840 1022 2878 mea.

191 2916 254 2971 Et
278 2916 469 2972 dedisti
497 2915 628 2971 mihi
665 2917 1036 2990 protectionem
1075 2914 1264 2971 salutis
1293 2915 1321 2954 ά
1351 2927 1487 2974 tute:
1514 2929 1562 2973 et
1587 2917 1714 2975 dex-

133 3018 223 3062 tera
246 3020 335 3063 tua
363 3009 596 3081 suscepit
623 3025 723 3063 me.

192 3104 249 3157 Et
279 3104 570 3176 disciplina
599 3112 687 3158 tua
715 3104 944 3160 correxit
975 3119 1054 3159 me
1083 3120 1143 3161 ~:—
1173 3104 1230 3160 in
1250 3105 1407 3176 finem
1433 3120 1453 3160 :
1479 3115 1526 3160 et
1556 3107 1713 3162 disci-

134 3196 256 3266 plina
275 3207 362 3251 tua
393 3200 508 3269 ipsa
555 3197 755 3251 docebit
789 3197 811 3266 ζ

1322 2739 1372 2786 et
1406 2740 1429 2770 ο
1467 2731 1710 2803 posuisti,

1827 1990 1978 2045 nium
2007 1993 2343 2062 sperautium
2377 1994 2429 2048 in
2455 2009 2537 2051 se.

1894 2085 2163 2155 Quoniam
2186 2088 2308 2158 quis
2338 2088 2482 2144 Deus
2511 2099 2709 2161 praeter
2737 2089 3024 2148 Dominum
3051 2092 3180 2166 [Ms.
3204 2093 3434 2167 Deum]?

1819 2187 1914 2233 aut
1938 2181 2059 2249 quis
2091 2179 2233 2234 Deus
2262 2190 2462 2251 praeter
2497 2183 2662 2238 Deuru
2695 2187 2987 2241 nostrum?

1896 2271 2060 2337 Deus,
2093 2273 2185 2344 qui
2217 2275 2501 2342 praecinxit
2529 2275 2658 2348 [Ms.
2693 2279 2998 2354 praecingit]
3029 2297 3116 2339 me
3136 2284 3426 2340 virtutem:

1820 2365 2002 2436 posuit
2041 2366 2442 2422 immaculatam
2475 2369 2616 2426 viam
2650 2387 2851 2428 meam.

1891 2458 1994 2526 Qui
2028 2460 2241 2530 perlicit
2273 2461 2442 2532 pedes
2465 2479 2636 2531 meos,
2667 2475 2941 2538 tamquam
2972 2469 3118 2525 cervi
3146 2486 3157 2522 :
3183 2479 3238 2527 et
3261 2485 3427 2542 super

1817 2552 2032 2607 excelsa
2065 2555 2256 2608 statuit
2279 2553 2409 2627 [Ms.
2435 2556 2705 2629 statuens]
2735 2575 2843 2616 mc.

1888 2645 1988 2714 Qui
2016 2644 2179 2701 docet
2201 2661 2391 2702 manus
2420 2663 2571 2705 meas
2595 2651 2660 2706 ad
2677 2653 2926 2721 praelium
2953 2653 3080 2726 [Ms.
3102 2654 3156 2710 in
3178 2657 3386 2729 pra-lio]

1815 2749 1870 2797 et
1899 2742 2100 2811 posuit,
2130 2751 2186 2798 ut
2216 2741 2344 2816 [Μσ.
2376 2753 2432 2802 et
2460 2745 2690 2816 posuisti
2719 2747 2798 2821 ut]
2825 2765 3010 2806 arcum
3042 2752 3412 2820 tereum,bra-

1815 2833 1937 2888 chia
1969 2849 2112 2888 mea.

1887 2925 1957 2980 Et
1977 2925 2177 2982 dedisti
2198 2927 2331 2983 mihi
2353 2930 2750 2996 protectionem
2777 2933 2970 2989 salutis
2996 2934 3013 2972 ι
3043 2943 3183 2990 tusc:
3210 2947 3266 2993 et
3288 2937 3422 2993 dex-

1815 3027 1931 3074 tera
1972 3029 2061 3076 tua
2096 3021 2340 3092 suscepit
2363 3038 2483 3095 .tne,
2524 3034 2580 3080 et
2601 3007 2893 3098 disciplina
2926 3037 3018 3084 tua
3054 3030 3169 3101 ipsa
3201 3047 3291 3088 me
3318 3034 3421 3090 do-

1813 3113 1981 3170 cebit.

1888 3208 2132 3265 Dilatasti
2155 3222 2375 3278 gressus
2403 3226 2554 3268 meos
2577 3213 2768 3270 subtus
2790 3213 2916 3287 [ῌε.
2949 3218 3138 3274 subter
3159 3218 3245 3274 hic
3265 3230 3418 3294 atque

193 3288 440 3343 Ditatasti
461 3305 670 3362 gressus
693 3305 832 3346 meos
859 3289 1042 3346 subtus
1069 3306 1170 3360 me,
1204 3299 1251 3345 et
1281 3307 1386 3346 non
1414 3300 1532 3347 sunt
1564 3291 1712 3362 inﬁr-
1739 3289 1783 3352 C
1817 3301 1984 3375 infra]
2007 3319 2122 3360 me:
2154 3313 2211 3360 et
2235 3319 2342 3359 non
2374 3313 2502 3360 sunt
2533 3305 2802 3362 inﬁrmata
2825 3309 3049 3381 vestigia
3080 3327 3222 3368 mea.

133 3391 253 3434 mata
276 3381 497 3452 vestigia
529 3397 660 3436 mea.
723 3432 728 3436 .

191 3471 480 3544 Persequar
503 3473 746 3528 inimicos
769 3489 929 3543 meos,
961 3483 1006 3528 et
1047 3475 1479 3544 commehendam
1512 3486 1535 3515 θ
1562 3477 1716 3534 illos:

133 3577 172 3621 et
193 3585 284 3622 non
310 3578 615 3632 conrertur,
646 3568 808 3623 donec
834 3569 1105 3640 deﬁciant.

191 3659 530 3734 Confringam
552 3660 698 3730 illos,
722 3679 812 3717 nec
831 3670 1112 3734 potuerunt
1133 3671 1271 3720 stare
1294 3679 1313 3718 :
1339 3663 1524 3719 cadent
1539 3664 1719 3720 subtus

137 3754 270 3820 pedes
294 3769 462 3808 meos.

196 3843 253 3898 Et
283 3846 612 3916 praxinxisti
640 3863 721 3902 me
746 3848 934 3903 virtute
957 3849 1019 3904 ab
1041 3849 1234 3905 bellum
1261 3863 1282 3906 :
1317 3851 1336 3888 τ
1362 3850 1719 3924 supplantain

137 3936 442 4012 insurgentes
466 3941 524 3995 in
551 3956 652 4010 me,
685 3940 867 3998 subtus
892 3958 994 3998 ms.

139 4218 284 4270 titiam
315 4217 541 4290 legitur.
570 4227 624 4277 et
650 4219 793 4291 quod
821 4217 1176 4290 subsequenti
1204 4234 1368 4276 versu
1398 4219 1465 4277 ad
1491 4221 1724 4278 verbum

139 4291 400 4345 observabo
425 4292 645 4346 additur
671 4310 770 4360 me,
807 4306 1021 4346 rursum
1048 4299 1216 4349 tacet.

201 4371 221 4395 ⁸
250 4361 610 4418 Desideratur
639 4367 691 4420 in
725 4362 972 4419 Palatino
1005 4378 1110 4418 ms.
1142 4372 1187 4417 et
1215 4363 1433 4417 vocula.

197 4429 220 4468 δ
251 4432 563 4503 Rescripsit
591 4437 817 4504 sequior
847 4450 1041 4489 manus
1072 4435 1124 4489 in
1173 4435 1367 4490 eodem
1399 4435 1611 4502 codice,
1657 4435 1729 4492 Et

139 4506 254 4570 quis,
285 4521 392 4575 pro
420 4516 547 4580 aut,
587 4518 694 4563 etc.
725 4507 920 4563 Graece
947 4508 1109 4562 etiam
1143 4517 1224 4561 est
1267 4511 1372 4561 καὶ.
1420 4509 1461 4562 Ε
1504 4509 1726 4580 regione

139 4580 380 4633 versiculi
409 4577 720 4645 Diapsalma
753 4582 973 4646 insuper
1001 4586 1321 4633 annotatur.

199 4649 480 4723 fifalatin.
512 4665 614 4723 ms.
636 4652 829 4723 posuit,
863 4651 1101 4720 sequiori
1129 4660 1305 4723 tamen
1333 4665 1518 4705 manu.

197 4718 219 4756 ἀ
237 4721 524 4777 Maluisset
543 4718 886 4776 Martianrcus
906 4718 1050 4786 mete,
1070 4720 1296 4776 rescribi
1314 4737 1409 4791 pro
1432 4721 1718 4791 tute,jttxta

139 4789 371 4868 Quicum
420 4792 1124 4868 rigeat-npiagpotiaScd
1174 4789 1533 4868 prmtcrquam
1567 4789 1722 4864 quod

141 4860 296 4935 (ἱππί
326 4866 662 4935 exemplaris
690 4860 946 4920 t'ttend'um
993 4864 1119 4920 illud
1150 4860 1234 4919 est
1265 4860 1637 4930 manifestum,
1663 4881 1727 4920 ac

141 4933 279 4991 facile
307 4933 558 5003 obvium,
594 4938 682 4992 ubi
711 4958 808 4993 σου
837 4947 892 4993 et
922 4958 1018 5008 μου
1049 4937 1246 5002 smpius
1271 4951 1299 4988 a
1330 4936 1563 4992 librariis
1586 4938 1730 4992 male
1763 4992 1768 4996 _

141 5016 438 5080 permutata
475 5017 606 5064 sunt
644 5026 682 5080 εΔ
705 5010 756 5064 id
799 5013 976 5080 ipsum
1011 5008 1442 5080 luculentissime
1485 5018 1729 5080 notatum

144 5076 469 5152 ltlreronymo
519 5082 571 5134 in
601 5078 763 5151 epist.
797 5076 864 5135 ad
907 5080 1172 5152 Suuniam
1213 5088 1267 5133 et
1298 5078 1568 5152 Frelclani
1606 5095 1624 5152 _:
1659 5079 1728 5133 ln

144 5147 308 5222 ljrteco
333 5147 424 5206 eos
451 5147 890 5222 legisse—dixistis,
915 5149 1108 5206 salutis
1127 5165 1293 5205 mete:
1316 5152 1407 5205 sed
1431 5152 1483 5204 in
1512 5150 1733 5205 Hebra'o

143 5220 350 5295 ἐξέλω,
409 5220 599 5278 salutis
638 5234 768 5289 tum,
817 5222 1102 5295 signiﬁcat,
1153 5239 1258 5277 non
1303 5237 1462 5293 meae,
1497 5223 1640 5293 quod
1684 5232 1734 5278 et

147 5309 299 5350 omnes
319 5294 641 5364 lnterpretes
670 5294 1068 5350 transtulerunt.

208 5373 229 5401 ε
252 5363 550 5436 Perperam
577 5366 811 5422 Palatio.
841 5382 946 5421 ms.
971 5379 1269 5434 pronomen
1301 5363 1421 5419 illos
1443 5380 1574 5420 veru
1598 5381 1735 5435 prae-

149 5445 312 5503 tmtat;
343 5438 445 5492 sed
477 5446 532 5493 et
560 5439 813 5507 superius
837 5440 887 5492 itt
917 5438 1066 5493 hisce
1085 5436 1424 5491 ascribeudis
1455 5438 1596 5490 notis
1626 5453 1735 5492 non

151 5511 303 5565 semel
335 5520 548 5579 peccat,
579 5525 700 5581 qua:
729 5510 1019 5567 manifesta
1060 5507 1256 5563 menda
1297 5508 1442 5562 scire
1489 5508 1625 5563 nihil
1655 5510 1737 5563 in-

158 5590 332 5634 ιοτοει.

215 5649 230 5685 ί
265 5651 331 5706 Ει
361 5651 616 5722 copulam
649 5653 719 5707 ad
749 5653 978 5722 Palatini
1011 5667 1114 5706 ms.
1155 5661 1265 5706 tum
1297 5650 1512 5705 ltebraii
1557 5658 1739 5707 textus

153 5730 197 5772 cl
222 5722 399 5778 Graeci
438 5721 600 5780 ﬁdem
642 5721 767 5778 hinc
799 5727 1127 5780 amovimus.
1162 5721 1300 5778 Male
1329 5735 1509 5777 autem
1541 5725 1736 5779 subsc.

155 5799 324 5857 quanti
355 5799 537 5851 statim
563 5812 722 5852 versu
753 5796 898 5853 idem
931 5811 1033 5851 ms.
1065 5802 1122 5850 et
1145 5795 1314 5852 Carus
1342 5794 1560 5850 obelum
1598 5809 1740 5865 pra:-

157 5876 362 5920 notaut:
398 5883 456 5923 αξ-
492 5866 558 5921 Et
593 5868 616 5936 ζ
651 5868 888 5923 inimicos
919 5884 1080 5934 meos,
1107 5876 1213 5923 etc.

224 5946 245 5982 ε
276 5938 594 5997 Addebatur
624 5940 677 5997 in
717 5939 912 5999 eodem
956 5956 1060 5999 ms.
1094 5939 1291 5997 iterum
1322 5938 1560 5996 retribuit
1591 5938 1740 6010 mihi,

1888 3396 2195 3466 Persequar
2215 3397 2468 3453 inimicos
2496 3413 2668 3466 meos,
2693 3409 2749 3455 et
2767 3403 3234 3472 comprehendant
3256 3405 3421 3467 illos:

1820 3499 1877 3545 ct
1911 3505 2016 3544 non
2047 3501 2361 3559 convertar,
2387 3491 2562 3547 donec
2592 3491 2869 3550 deﬁciant.

1891 3581 2138 3654 Afﬂigam
2180 3583 2308 3656 Ws.
2341 3583 2652 3657 conﬂigam]
2700 3586 2845 3655 illos,
2878 3605 2976 3644 nec
3008 3600 3263 3660 poterunt
3294 3592 3424 3664 [11s.

1821 3675 2135 3748 potuerunt]
2160 3687 2341 3732 stare:
2371 3678 2567 3733 cadent
2595 3681 2787 3736 subtus
2815 3682 2982 3752 pedes
3014 3699 3187 3741 meos.

1896 3769 1960 3824 Et
1993 3769 2323 3839 pnccinxisti
2369 3786 2455 3827 me
2486 3773 2765 3840 virtutem,
2807 3777 2873 3831 ad
2903 3775 3032 3849 [Μδ.
3067 3778 3144 3852 itt]
3175 3780 3374 3838 bellum
3408 3799 3425 3840 :

1818 3861 2189 3934 supplantasti
2227 3877 2420 3921 omnes
2457 3863 2800 3938 insurgentes
2847 3868 2902 3925 in
2935 3885 3043 3939 me,
3087 3873 3281 3931 subtus
3309 3890 3419 3932 me.

1828 4224 1972 4295 quod
2001 4225 2222 4296 sequior
2252 4240 2444 4282 manus
2474 4243 2597 4284 cum
2625 4229 2735 4295 hic,
2763 4241 2876 4288 tum
2906 4233 2959 4290 in
2983 4235 3215 4292 adversa
3239 4239 3430 4296 Graeca

1829 4299 2080 4376 columna
2118 4297 2324 4376 delevit
2371 4300 2956 4376 ad_At_tgustiniauum
3005 4309 3317 4376 exemplar:
3369 4327 3434 4366 ac

1827 4384 1962 4447 sane
2003 4369 2167 4424 etiam
2212 4370 2264 4422 in
2295 4370 2508 4447 codicis
2537 4369 2893 4447 Alexandrini
2946 4369 3434 4447 nupera'editione

1826 4441 2010 4565 albiquol
2063 4443 2357 4564 pq-zenotari
2409 4445 2566 4514 signo
2614 4446 2916 4516 debuisset,
2964 4441 3088 4506 cum
3140 4453 3432 4510 manifesto

1827 4527 1856 4565 θ
1905 4527 1996 4565 "nl
2020 4526 2085 4565 en
2121 4552 2134 4565 ι

1827 4526 2134 4565 abunuent.

1901 4580 1943 4662 h_
1981 4582 2278 4662 Exciderat
2335 4585 2645 4662 Antiquariii
2695 4604 2883 4645 errore
2938 4603 3275 4662 postremum
3326 4597 3429 4651 hnc

1751 4653 1806 4714 D
1833 4656 2055 4738 verbum
2079 4655 2132 4709 in
2164 4653 2688 4738 veroncnsﬁmszin
2713 4676 2819 4738 quo
2846 4653 3170 4720 itluininabis
3197 4676 3432 4738 utroque

1833 4726 1886 4779 in
1915 4727 2032 4799 loco
2061 4741 2184 4780 mox
2211 4727 2408 4797 legitur
2437 4744 2535 4799 pro
2574 4726 2820 4786 illumina
2845 4751 2863 4788 :
2896 4745 3004 4790 tum
3036 4737 3087 4791 in
3127 4748 3176 4791 te
3201 4726 3358 4793 eruat:
3400 4757 3431 4793 a

1831 4797 2132 4878 tentatione,
2174 4813 2294 4868 quae
2321 4797 2507 4878 omnia
2552 4817 2617 4857 ex
2655 4805 2960 4875 Augustino
2987 4809 3258 4878 descripta
3284 4822 3430 4866 sunt.

1831 4868 1986 4935 Quod
2013 4879 2193 4924 autem
2223 4871 2424 4948 verbis,
2458 4872 2566 4948 I)eo_
2592 4868 2965 4941 meo,additur
2985 4868 3224 4948 sperans,
3259 4883 3434 4938 nostri

1832 4950 1924 5013 est
1947 4941 2302 5013 amanuensis
2337 4941 2706 5013 iuterpolatio.

1914 5009 1925 5048 ί
1959 5011 2309 5090 Mavultcum
2340 5009 2639 5084 Augustino
2669 5019 3003 5076 Veronensis
3034 5038 3134 5077 ms.
3165 5040 3320 5090 mem,
3348 5033 3429 5078 ta-

1839 5085 2071 5162 menetsi
2103 5083 2284 5162 minus
2318 5083 2504 5162 recte;
2549 5105 2672 5144 nam
2702 5094 2844 5162 quml
2879 5105 2934 5147 et
2964 5093 3150 5148 Graeca
3183 5083 3430 5162 qua-dam

1838 5158 2173 5224 exemplaria
2198 5157 2277 5231 sic
2297 5158 2602 5224 prtelerant,
2627 5157 2773 5231 saepe
2804 5165 2998 5218 obvius
3020 5157 3434 5223 anmmiensium

1839 5241 1997 5304 error
2037 5237 2140 5290 cst,
2189 5226 2302 5296 qui,
2353 5238 2408 5282 ut
2439 5232 2598 5298 paulo
2639 5226 2888 5303 superius
2927 5236 3437 5304 animadvertimus,

1837 5298 2070 5372 voculas
2084 5319 2182 5370 μου
2209 5308 2266 5354 et
2295 5321 2391 5356 σου
2423 5316 2675 5372 perquam
2711 5298 2928 5360 'similes
2956 5306 3096 5362 inter
3119 5323 3178 5363 se
3201 5298 3433 5365 confuni

1839 5370 1995 5447 dunt.
2030 5369 2147 5424 Mox
2188 5373 2340 5447 quod
2363 5369 2579 5447 repetit,
2623 5382 2668 5427 et
2698 5375 2977 5447 disciplina
3019 5386 3108 5432 tua
3137 5381 3328 5436 direxit
3359 5399 3439 5435 me

1838 5443 1892 5516 in
1916 5441 2104 5516 ﬁnem,
2137 5449 2184 5494 et
2210 5442 2487 5512 disciplina
2523 5455 2610 5497 tua
2640 5446 2754 5516 ipsa
2785 5441 2864 5502 me
2893 5450 3116 5512 docebit,
3147 5467 3441 5508 commune

1842 5512 2026 5589 habet,
2057 5522 2117 5589 ut
2145 5522 2199 5566 et
2243 5525 2438 5569 cmtera
2470 5512 2677 5589 omnia,
2710 5533 2833 5573 cum
2871 5522 3198 5589 Augustino,
3236 5526 3437 5579 iterum

1840 5583 2022 5639 minus
2071 5584 2241 5652 bene;
2293 5601 2414 5639 nam
2453 5587 2779 5644 alterutrum
2831 5607 2897 5647 ex
2948 5583 3034 5648 his
3075 5583 3437 5650 hemistieltiis

1841 5655 2119 5732 abundat:
2165 5656 2328 5732 immo
2356 5666 2584 5732 etvetus
2616 5661 2872 5719 Scholion
2913 5676 3119 5732 monet,
3143 5668 3201 5722 τὸ
3238 5686 3256 5718 ι
3296 5672 3385 5724 Καὶ
3412 5671 3443 5727 ἡ

1843 5727 2052 5785 παιδεία
2081 5749 2176 5783 σου
2217 5729 2342 5800 αὐτή
2370 5750 2430 5796 με
2461 5728 2670 5797 διδάξει,
2704 5753 2722 5786 1
2756 5735 3066 5800 Θεοδοτίονὸς
3108 5727 3280 5798 νέστιν.
3331 5743 3445 5794 ἀντὶ

1845 5806 1960 5862 τοῦ,
1991 5803 2109 5888 sttui
2126 5799 2500 5888 'rilrratésiaa'ou
2525 5806 2814 5888 ἁγὼρθωσέγ
2825 5831 2885 5880 με
2909 5799 3164 5888 fieri)“,
3190 5829 3208 5862 ι
3237 5813 3412 5888 εξρημέ
3429 5837 3444 5849 ο

1846 5893 1932 5950 νᾳυ
1954 5879 2058 5950 τρῖς
2084 5870 2380 5950 Οὀ,(ἒυηίο[
2405 5888 2523 5950 (ΨΒ
2551 5876 2603 5930 in
2626 5870 2876 5950 lipposiia
2901 5870 3163 5939 Gallicani
3193 5870 3445 5940 coliuitna

1849 5943 2026 6001 obelis
2056 5943 2222 6002 verba
2250 5943 2653 6020 confodiuntur.

2771 6022 2786 6026 --
2828 6014 2874 6029 -.ι
