4062 6356
599 291 702 348 147

1595 289 1654 346 8.
1698 289 2085 362 HIERONYMI
2125 289 2357 348 DIVINA
2396 289 2878 350 BIBLIOTHECA.

3790 301 3908 360 188

666 406 736 462 Et
767 409 1000 464 inimicos
1028 423 1165 465 meos
1193 407 1380 463 dedisti
1417 406 1544 463 mihi
1583 407 1834 462 dorsum:
1880 415 1926 460 et
1959 405 2190 463 odientes
2221 408 2270 469 Α
2368 405 2438 460 Et
2479 405 2824 461 inimicorum
2860 418 3105 463 meorum
3145 407 3273 482 [Μδ.
3304 409 3552 468 inimicos
3589 411 3764 486 meos]
3793 411 3900 470 de-

597 519 680 558 me
702 503 1027 572 disperdisti.

667 597 1030 650 Clantarerunt
1061 595 1177 663 (nec
1205 603 1317 650 erat
1342 594 1432 667 qui
1458 593 1628 650 salvos
1657 591 1870 666 faceret)
1915 591 1984 647 ad
2009 589 2193 647 Domi—

594 707 737 755 num,
770 705 862 744 nec
886 687 1151 743 exaudit-it
1179 704 1286 743 cos.

665 783 738 838 Et
763 784 1108 838 comminuam
1131 799 1238 850 eos,
1271 789 1326 836 ut
1354 780 1615 852 pulverem
1645 789 1763 836 ante
1791 781 1980 854 [aciem
2008 779 2146 836 venti
2171 796 2190 836 .'

590 887 650 933 ut
679 878 845 932 lutum
870 877 1163 949 platearum
1183 874 1364 930 delebo
1387 891 1490 930 eos.

663 967 872 1040 Eripies
901 985 980 1022 nte
1009 967 1072 1022 de
1099 966 1596 1023 contradictionibus
1627 965 1807 1038 populi
1830 981 1870 1021 .:
1914 965 2192 1022 constitues

592 1078 675 1119 nte
701 1064 758 1117 in
788 1070 946 1132 caput
975 1062 1221 1130 gentium.
1624 1076 1627 1080 ·
1843 1064 1852 1076 “

664 1154 925 1226 Populus,
949 1170 1102 1226 quem
1125 1171 1227 1209 non
1250 1154 1484 1228 cognovi,
1512 1152 1717 1208 servivit
1739 1151 1865 1206 mihi
1885 1168 1904 1208 :
1927 1151 1978 1207 in
2001 1153 2192 1207 auditu

590 1250 734 1304 auris
763 1248 986 1303 obedivit
1012 1233 1160 1302 milii.

661 1339 793 1396 Filii
837 1341 998 1395 alieni
1030 1341 1228 1395 mentiti
1253 1349 1372 1395 sunt
1404 1337 1572 1394 mihi:
1613 1337 1717 1409 ﬁlii
1740 1336 1896 1393 alieni
1921 1337 2193 1394 inveterati

589 1444 730 1498 sunt,
759 1442 807 1487 et
834 1433 1257 1487 claudicaverunt
1287 1449 1319 1485 a
1341 1431 1537 1486 sentitis
1558 1432 1692 1486 suis.

672 1525 809 1581 Vivit
835 1525 1110 1598 Dominus,
1143 1534 1191 1580 et
1221 1524 1515 1580 benedictus
1545 1522 1688 1582 Deus
1709 1543 1898 1583 meus:
1923 1537 1972 1583 et
1996 1524 2191 1584 exalte-

591 1631 673 1676 tur
702 1619 846 1675 Deus
875 1620 1060 1674 salutis
1087 1634 1234 1674 mete.
1263 1627 1290 1656 ⁸

660 1711 827 1781 Deus,
859 1714 949 1785 qui
965 1713 1059 1768 das
1088 1713 1344 1768 vindictas
1375 1711 1525 1781 mihi,
1559 1721 1609 1768 et
1636 1712 1814 1769 subdis
1844 1711 2067 1786 populos
2095 1713 2190 1769 sub

2295 500 2421 556 disti
2450 500 2578 555 mihi
2606 500 2857 556 dorsum:
2889 510 2945 558 et
2976 511 2996 540 ο
3027 501 3278 560 odientcs
3307 521 3392 562 me
3421 505 3825 578 disperdidisti.

2365 593 2749 649 (Ilamaverunt
2782 593 2909 665 (nec
2939 604 3057 652 erat
3097 597 3187 668 qui
3219 598 3399 654 salvos
3432 599 3668 672 faceret)
3691 600 3756 655 ad
3786 601 3906 655 Do-

2296 687 2528 753 mitium,
2553 703 2653 743 nec
2681 688 2964 744 exaudivit
2989 705 3107 746 eos.

2368 779 2437 835 Et
2483 782 2846 837 comminuam
2899 781 3045 849 illos,
3099 792 3156 837 ut
3203 785 3480 852 pulverem
3522 795 3650 844 ante
3699 787 3907 844 faciem

2293 875 2438 930 venti
2475 892 2488 928 :
2520 883 2578 928 ut
2610 874 2782 930 lutum
2819 875 3117 945 platearum
3148 876 3346 933 delebo
3378 895 3495 934 eos.

2367 965 2582 1035 Eripies
2625 967 2754 1039 [Ms.
2797 967 2980 1040 erues]
3021 984 3106 1025 me
3143 969 3210 1024 de
3248 971 3776 1030 contradictionibus
3807 991 3912 1044 po-

2295 1059 2411 1130 puli
2443 1078 2455 1113 :
2489 1061 2796 1116 constitues
2825 1078 2912 1117 mc
2957 1063 3009 1118 iu
3041 1073 3204 1134 caput
3236 1064 3363 1138 [Ms.
3393 1068 3594 1141 capite]
3623 1070 3903 1141 genitium.

2365 1153 2628 1224 POpqus,
2652 1169 2811 1225 quem
2837 1171 2944 1210 non
2973 1159 3222 1228 cognovi,
3256 1159 3482 1217 servivit
3499 1162 3664 1217 mihi:
3686 1161 3710 1200 ἀ
3732 1165 3908 1219 obau-

2293 1245 2408 1303 ditu
2441 1246 2588 1302 auris
2617 1248 2860 1305 obedivit
2889 1249 3045 1305 mihi.

2366 1337 2490 1395 Filii
2523 1339 2684 1395 alieni
2713 1340 2927 1397 mentiti
2953 1351 3080 1398 sunt
3111 1343 3242 1401 mihi
3269 1363 3281 1399 :
3313 1343 3409 1402 lilii
3441 1345 3605 1404 alieni
3628 1349 3908 1407 invetera-

2295 1443 2508 1494 verunt,
2540 1442 2595 1488 et
2619 1434 3066 1491 claudicaverunt
3092 1452 3120 1492 a
3151 1438 3365 1494 semitis
3387 1440 3524 1496 suis.

2366 1523 2511 1580 Vivit
2535 1526 2822 1595 Dominus,
2842 1535 2900 1584 et
2922 1528 3244 1588 benedictus
3279 1532 3423 1589 Deus
3443 1549 3597 1591 meus
3622 1553 3637 1592 :
3667 1547 3722 1593 et
3744 1537 3906 1594 exal-

2295 1623 2440 1670 tetur
2470 1615 2614 1671 Deus
2644 1616 2841 1672 salutis
2871 1634 3027 1674 meat.

2365 1707 2529 1774 Deus,
2560 1709 2650 1780 qui
2678 1708 2776 1767 das
2797 1710 3093 1769 vindictam
3117 1715 3288 1772 mihi:
3320 1725 3375 1773 et
3405 1717 3699 1776 subdidisti
3731 1736 3907 1794 popu-

589 1822 712 1864 me:
757 1804 1004 1861 liberator
1028 1821 1171 1861 meus
1197 1805 1262 1861 de
1289 1805 1518 1861 inimicis
1557 1806 1686 1862 meis
1719 1821 1781 1864 σξ-
1813 1805 1841 1846 ιτ
1869 1807 2137 1862 iracundis
2166 1805 2188 1877 ζ
2224 1810 2273 1872 Β
2299 1801 2380 1859 los
2405 1802 2508 1858 sub
2539 1819 2646 1862 tne.

663 1903 728 1968 )K
770 1897 836 1956 Et
867 1897 890 1968 ζ
921 1898 986 1954 ab
1008 1899 1386 1972 insurgentibus
1405 1899 1458 1955 in
1480 1915 1581 1970 me,
1610 1899 1862 1957 exultabis
1889 1916 1995 1955 me:
2019 1917 2052 1955 a
2077 1899 2190 1956 viro

591 1999 768 2072 iniquo
794 1998 982 2068 eripies
1005 2013 1107 2054 me.

660 2176 949 2252 PrOpterea
1002 2179 1286 2252 conﬁtebor
1308 2179 1398 2235 tibi
1427 2181 1481 2236 in
1503 2179 1819 2246 nationibus,
1865 2177 2104 2248 Domine,
2137 2187 2188 2236 et

587 2272 783 2328 nomini
811 2281 900 2327 tuo
946 2271 1208 2342 psalmum
1236 2271 1428 2328 dicant.

659 2363 1007 2437 Magniﬁcam
1031 2365 1227 2420 salutes
1254 2367 1391 2438 regis
1419 2367 1532 2439 ejus
1557 2382 1576 2426 :
1597 2374 1644 2422 et
1668 2365 1864 2438 faciens
1888 2365 2184 2421 misericor-

587 2460 731 2514 diam
759 2458 966 2516 Christo
987 2475 1103 2530 suo,
1135 2457 1308 2515 David
1336 2468 1384 2515 et
1413 2445 1593 2516 semini
1617 2462 1750 2533 ejus,
1779 2475 1940 2531 usque
1965 2459 2019 2514 in
2033 2474 2188 2514 siccu-

588 2553 718 2609 lum.

2363 1895 2649 1954 Liberator
2670 1914 2846 1970 meus,
2873 1909 2897 1940 ο
2927 1900 3210 1970 Dominus,
3237 1903 3303 1962 de
3329 1905 3584 1978 gentibus
3615 1907 3902 1966 iracundis

2292 1996 2348 2046 et
2373 1989 2442 2046 ab
2466 1993 2870 2063 insurgentibus
2899 1993 2954 2050 in
2984 2009 3092 2062 me,
3125 1996 3394 2055 exaltabis
3426 2014 3515 2056 me
3543 2015 3610 2058 :a
3641 2000 3760 2058 viro
3795 2000 3905 2058 ini-

2290 2097 2398 2154 quo
2420 2083 2626 2156 eripies
2650 2101 2758 2144 me.

2363 2178 2658 2250 Propterea
2693 2180 3002 2261 conﬁtebor
3045 2184 3140 2241 tibi
3188 2185 3240 2241 in
3287 2187 3503 2260 populis
3529 2185 3664 2263 [διε.
3707 2191 3900 2264 genti-

2295 2269 2450 2346 bus],
2482 2272 2734 2343 Domine,
2768 2286 2821 2331 et
2848 2276 3053 2334 nomini
3086 2288 3178 2335 tuo
3205 2277 3225 2318 ί
3257 2281 3524 2350 psalmum
3557 2283 3762 2342 dicam.

2369 2363 2716 2436 Magnificam
2758 2367 2998 2426 salutare
3039 2371 3185 2441 regis
3217 2371 3389 2436 ipsius
3425 2383 3521 2431 :et
3551 2375 3760 2432 faciens
3802 2379 3904 2434 mi-

2293 2456 2648 2513 sericordiam
2676 2456 2896 2516 Christo
2918 2475 3040 2530 suo,
3077 2462 3242 2519 David
3271 2471 3326 2521 et
3347 2465 3541 2522 semini
3565 2465 3702 2539 ejus,
3724 2483 3902 2541 usque

2293 2549 2348 2607 in
2375 2551 2660 2608 saeculum.

1907 2668 2270 2735 PSALMUS
2311 2668 2548 2734 XVIII.

945 2793 997 2835 ω
1028 2793 1212 2846 ΠΝΕΠ,
1240 2790 1476 2834 ΡεΑιιιυε
1501 2790 1682 2832 DAVID.

658 2893 790 2952 Caeli
816 2903 1066 2950 enarrant
1107 2893 1334 2965 gloriam
1361 2892 1500 2948 Dei:
1522 2899 1570 2947 et
1597 2907 1754 2963 opera
1797 2905 2049 2947 manuum
2067 2893 2183 2963 ejus

587 2989 866 3043 annuntiat
891 2987 1300 3056 firmamentum.

656 3081 785 3138 Dies
807 3079 910 3135 diei
930 3088 1127 3135 eructat
1151 3077 1357 3134 verbum
1380 3093 1400 3134 :
1429 3085 1475 3133 et
1501 3093 1606 3132 uox
1635 3077 1778 3133 nocti
1803 3076 1998 3132 indicat
2019 3075 2186 3132 scien-

585 3176 730 3232 tiam.

2709 2787 2762 2830 IN
2791 2787 2976 2840 pinsit,
3008 2787 3244 2830 essucs
3271 2789 3459 2832 unto.

2363 2889 2500 2947 Casii
2519 2897 2779 2945 enarrant
2798 2889 3028 2961 gloriam
3055 2888 3186 2947 Dei:
3211 2899 3268 2947 et
3289 2905 3456 2963 opera
3482 2906 3744 2949 manuum
3778 2893 3900 2966 ejus

2290 2982 2580 3038 annuntiat.
2611 2982 3032 3038 ﬁrmamentum.
3107 3039 3110 3044 _

2363 3073 2490 3130 Dies
2527 3074 2635 3131 diei
2663 3083 2688 3123 δ
2718 3082 2936 3133 eruetat
2975 3074 3204 3132 verbum
3241 3095 3252 3131 :
3285 3085 3340 3134 et
3375 3092 3484 3134 nox
3509 3079 3658 3136 nocti
3691 3079 3901 3138 indicat

2292 3167 2607 3224 scientiam.

659 3305 685 3332 ε
713 3293 814 3350 Hic
851 3299 1078 3365 annotat
1118 3291 1352 3365 Palatio.
1388 3289 1515 3348 cod.
1556 3289 1864 3365 Diapsalma
1899 3305 1919 3344 :
1964 3296 2084 3346 tum
2132 3295 2180 3344 ct

2311 3299 2491 3365 unum,
2518 3285 2610 3356 qui
2639 3301 2747 3340 non
2782 3285 2952 3340 solam
2980 3301 3170 3365 vocem
3222 3287 3516 3365 iracundis,
3570 3289 3667 3365 sed
3697 3292 3894 3365 etiam

587 3367 774 3423 subdes
801 3380 900 3436 pro
928 3363 1110 3419 subdis
1142 3364 1290 3436 legit.

660 3438 688 3478 δ
718 3439 776 3494 S.
803 3432 1096 3504 interpres
1127 3432 1374 3490 ad’ltunc
1414 3434 1598 3491 locum
1643 3433 1695 3489 in
1725 3433 1886 3505 epist.
1934 3432 2003 3487 ad
2037 3433 2181 3488 Sun-

589 3511 736 3566 niam
785 3518 840 3564 et
867 3506 1170 3570 Fretelam.
1195 3507 1354 3576 cujus
1385 3507 1580 3572 verba,
1613 3516 1802 3574 utpote
1830 3505 2028 3558 sinceri
2062 3520 2184 3574 pec-

589 3582 728 3636 toris
753 3594 816 3636 ac
847 3578 1125 3634 modestia:
1154 3577 1365 3647 insigne
1398 3577 1795 3639 testimonium,
1839 3576 2183 3630 Martiauteus

589 3668 804 3724 qttoque
831 3649 1012 3724 laudat
1037 3666 1050 3701 :
1079 3647 1235 3724 Quia,
1261 3648 1457 3724 inquit,
1480 3649 1639 3702 semel
1665 3649 1872 3724 veritati
1892 3650 2179 3724 studemus,

661 3719 786 3806 quid
813 3722 893 3776 vel
941 3721 1296 3802 transferentis
1328 3721 1695 3806 festinatione,”
1729 3719 1805 3800 vel
1851 3721 2182 3806 scribentium

583 3791 712 3850 vitio
734 3794 1074 3860 depravatum
1098 3800 1196 3857 est,
1227 3791 1533 3858 sitnpliciier
1559 3791 1796 3860 conﬁteri
1841 3803 1886 3844 ct
1917 3793 2183 3844 ent-'mlare

587 3867 848 3921 debemus.
869 3863 934 3918 In
965 3862 1184 3917 Heber
1217 3864 1348 3918 nihil
1365 3863 1511 3917 aliud
1540 3864 1716 3922 habes.
1743 3862 1842 3915 nisi
1871 3861 1990 3925 hoc,
2020 3861 2181 3916 Libc~

586 3948 736 3992 ratur
759 3951 913 3993 meus
937 3935 1006 3989 ab
1035 3935 1268 3988 inimicis
1301 3937 1455 3988 iocis.
1484 3934 1833 4006 Septuaginta
1863 3943 2035 3986 autent
2063 3933 2183 4006 ira-

589 4009 782 4064 cundis
809 4007 1145 4061 addiderunt.
1173 4006 1297 4061 Hiec
1324 4005 1535 4061 scilicet
1558 4003 1725 4062 causa
1757 4017 1862 4071 ρει,
1897 4020 1994 4058 cur
2023 4003 2184 4060 oheio

589 4096 694 4136 vox
738 4081 838 4134 ista
859 4077 1190 4132 confoditur.
1217 4077 1598 4145 Nihilosecius,
1640 4077 1684 4131 si
1709 4090 1823 4131 rem
1856 4075 1982 4130 licet
2006 4085 2184 4131 atten-

590 4154 699 4206 tius
720 4149 1054 4220 expendere,
1092 4149 1240 4218 quod
1269 4150 1320 4220 in
1352 4147 1582 4202 laudatae
1615 4147 1787 4220 cpist._
1811 4148 2183 4218 recognitione

591 4238 700 4277 n0n
739 4217 1242 4290 animadvertimus,
1263 4217 1425 4274 facile
1452 4234 1512 4290 se
1534 4217 1737 4290 queant
1765 4217 2121 4289 Septuaginta
2151 4234 2182 4274 a

589 4295 650 4348 S.
685 4295 859 4348 Patris
880 4289 1258 4345 criminatione
1288 4291 1449 4355 tueri,
1489 4289 1798 4361 falsumque
1829 4291 1959 4344 illud
1991 4303 2180 4345 osten-

591 4365 742 4428 dere,
774 4363 920 4435 quod
949 4363 1018 4417 de
1045 4375 1143 4416 suo
1165 4362 1443 4433 quidpiam
1475 4363 1807 4435 addiderint.
1833 4361 2035 4435 Nempe
2061 4375 2183 4432 quae

588 4434 896 4492 inllehrteo
927 4443 1078 4488 textu
1103 4443 1222 4503 post
1270 4449 1460 4488 vocent
1521 4441 1698 4494 uim:
1747 4434 1973 4487 inimicis
2025 4435 2179 4499 meis,

591 4523 694 4562 vox
727 4519 806 4595 ἢκ
828 4505 1137 4561 immediate
1164 4506 1538 4576 subsequitur,
1574 4507 1620 4560 si
1650 4506 1883 4564 alterum
1907 4521 1970 4560 ex
1996 4521 2056 4560 ea
2089 4505 2182 4561 hc-

588 4603 924 4658 ntistichium
951 4600 1284 4666 exordiaris,
1314 4599 1583 4672 signiﬁcat
1609 4602 1788 4666 etiam,
1831 4611 1880 4654 et
1923 4609 2182 4656 verumta-

587 4693 702 4756 men
731 4676 824 4756 :.si
858 4672 1560 4756 pr.ecedenti_subjungas,
1611 4689 1807 4756 nomen
1857 4683 1978 4756 est,
2027 4672 2170 4756 quod
2200 4690 2252 4751 D

585 4749 718 4801 iram
743 4743 984 4810 denotat,
1013 4760 1078 4801 ac
1103 4747 1147 4801 si
1172 4744 1328 4800 alteri
1359 4743 1702 4800 substantivo
1728 4743 1994 4812 jungitur,
2029 4746 2174 4800 vices

587 4819 837 4888 adjectivi
878 4818 1047 4888 gerit,
1069 4831 1133 4871 ac
1177 4825 1337 4872 sonat
1360 4816 1692 4870 iracundum.
1724 4813 1816 4872 Sic
1849 4816 2006 4888 Prov.
2041 4831 2175 4877 xxii,

586 4886 691 4961 24}:
716 4886 1003 4977 9181:7333,
1027 4886 1226 4942 homini
1253 4888 1530 4956 iracundo,
1557 4897 1613 4943 et
1641 4904 1787 4956 XXIX,
1813 4887 1915 4943 22:
1940 4895 2177 4973 riu-true

586 4986 661 5038 vir
687 4980 993 5047 iracundus,
1044 4981 1114 5036 ab
1158 4980 1394 5050 ipsumet
1420 4981 1757 5053 Hieronymo
1788 4981 2176 5052 interpretatur

585 5071 706 5125 qua:
755 5066 880 5109 ante
933 5066 1032 5109 nos
1087 5054 1203 5125 loca
1263 5068 1501 5123 uuperus
1550 5053 1758 5108 codicis
1799 5053 2171 5125 Alexandrini

585 5123 760 5202 editor
784 5127 1082 5202 annotavit.
1113 5123 1280 5195 Igitur
1325 5140 1430 5202 non
1461 5125 1527 5180 de
1556 5139 1656 5202 suo
1683 5124 1812 5179 illud
1844 5125 2104 5202 pyriten,
2122 5123 2174 5180 id

580 5207 664 5254 est
691 5197 980 5261 iracundis,
1010 5208 1302 5252 assuerant
1328 5196 1718 5266 Septuaginta;
1763 5197 1860 5252 sed
1892 5196 2041 5252 satis
2093 5198 2166 5252 ita

577 5281 727 5326 recte
757 5285 826 5324 ex
859 5269 1084 5324 llebneo
1113 5278 1265 5325 textu
1291 5284 1478 5324 vocem
1509 5269 1656 5322 illam
1688 5283 1786 5335 pro
1829 5268 2048 5324 nomine
2075 5283 2166 5322 ac-

579 5348 862 5412 ceperunt,
887 5355 998 5394 non
1030 5339 1310 5396 adverbio.
1343 5341 1422 5397 Re
1467 5350 1646 5394 autem
1677 5341 1792 5408 ipsa
1823 5340 2164 5411 subsequens

583 5412 985 5468 hemistichium
1033 5429 1139 5467 non
1169 5429 1198 5469 a
1224 5417 1330 5477 καὶ.
1363 5423 1433 5478 et,
1463 5413 1580 5468 sive
1606 5415 1712 5467 alia
1749 5413 2035 5480 particula,
2067 5423 2165 5467 aut

579 5486 836 5541 adverbio
857 5485 1115 5540 inchoant.
1146 5503 1161 5539 :
1188 5487 1282 5541 sed
1309 5484 1630 5554 simpliciter
1667 5485 1786 5540 Ἀπὸ
1812 5494 1910 5540 τῶν
1953 5487 2164 5541 erravis-

582 5561 810 5629 ταμένων
841 5575 853 5608 :
882 5557 958 5630 Ab
982 5558 1384 5630 insurgentibus,
1439 5570 1544 5612 etc.
1596 5557 1802 5611 Placuit
1836 5559 2162 5629 Hieronymo

580 5629 755 5700 magis
806 5629 1007 5685 habere
1037 5629 1141 5699 pro
1160 5641 1228 5695 et,
1252 5631 1368 5686 sive
1396 5631 1549 5683 etiam
1604 5629 1865 5684 adverbio
1891 5646 1902 5682 :
1936 5643 2157 5699 oratque

583 5701 686 5756 hoc
706 5703 778 5756 illi
806 5701 1098 5771 integrum;
1133 5710 1344 5757 tantum
1370 5701 1803 5772 interpolatiouis
1830 5701 2158 5771 redarguen-

579 5774 647 5830 da
677 5773 1231 5846 Septuagintaviralis
1245 5774 1424 5831 versio
1455 5789 1561 5846 non
1584 5782 1720 5846 erat.
1746 5772 2158 5846 Ateratrcvera

616 5860 676 5904 tta
705 5843 765 5907 εξ
799 5843 972 5906 Pot—ris
1003 5846 1173 5906 editio
1204 5847 1460 5905 mendosa
1491 5844 1575 5901 hic
1605 5845 1710 5901 loci
1761 5860 1927 5918 penes
1947 5843 2162 5901 Martia—

2293 3358 2714 3428 subseqnentem
2743 3367 2791 3412 et
2823 3373 2960 3411 novo
3009 3359 3170 3414 obelo
3199 3360 3540 3416 confuderat.
3592 3360 3740 3418 Satis
3801 3380 3898 3416 au-

2288 3441 2396 3484 tem
2429 3439 2578 3485 recte
2628 3429 2941 3485 econtrario
2995 3429 3168 3486 Carus
3219 3443 3276 3487 et
3304 3432 3582 3490 Palatinus
3612 3448 3716 3488 ms.
3745 3444 3898 3490 aste-

2287 3501 2489 3573 riscum
2520 3500 2570 3554 ei
2604 3500 2807 3554 V0cul:e
2840 3504 3210 3568 prtclixerunt,
3236 3519 3396 3573 quem
3428 3515 3482 3558 ct
3516 3519 3614 3558 nos
3641 3506 3895 3560 restitui-

2287 3587 2408 3645 mus
2433 3571 2587 3640 juxta
2620 3576 2791 3645 sancti
2821 3573 3133 3642 interpretis
3163 3571 3423 3639 mentem,
3456 3575 3546 3645 qui
3593 3575 3757 3630 aliter
3792 3592 3895 3632 nec

2288 3644 2394 3717 sibi
2419 3653 2720 3698 constaret.
2747 3643 3084 3717 Quamquam
3115 3662 3220 3700 non
3253 3647 3324 3700 ita
3351 3643 3592 3702 arbitror
3623 3651 3894 3717 scriptqu

2285 3713 2339 3769 in
2363 3716 2690 3784 Origonianu
2703 3713 3134 3783 exetnplari,sed
3149 3729 3240 3772 aut
3262 3721 3558 3785 repositum
3592 3717 3646 3773 in
3693 3713 3896 3774 Latino

2286 3797 2470 3858 postea
2500 3786 2568 3838 ah
2601 3785 2952 3858 Hieronymo,
2985 3797 3077 3842 aut
3111 3791 3341 3842 ittt'lﬂSS'.
3392 3790 3553 3844 etiam
3605 3790 3671 3841 ah
3731 3792 3882 3853 aliis.

2285 3860 2374 3928 qtti
2411 3859 2678 3912 laudatum
2715 3859 2875 3914 modo
2899 3859 3144 3927 epistola:
3174 3860 3295 3929 ejus
3324 3860 3390 3915 ad
3420 3859 3681 3916 Snitniaut
3709 3861 3892 3916 locutu

2287 3929 2805 3984 animadverterunt.
2867 3931 2944 3983 Ad
3007 3931 3121 3985 haec
3180 3943 3308 4000 puto
3368 3935 3569 3986 rectius
3618 3933 3745 3987 olim
3783 3952 3892 3988 noti

2287 4005 2403 4056 voci
2433 4001 2714 4064 iracundis,
2764 4001 2856 4055 sed
2893 4004 3216 4069 [incendendi
3274 4007 3394 4058 uiuis
3448 4005 3666 4059 obelunt
3718 4005 3894 4060 fuisse

2287 4071 2663 4144 praepositum.
2695 4074 2786 4128 Sic
2815 4083 2966 4128 certe
2997 4076 3219 4130 exhibet
3244 4074 3524 4129 Palatinus
3555 4091 3658 4131 ms.
3694 4077 3757 4130 ab
3792 4079 3895 4130 ini-

2286 4145 2519 4217 ttticisj»
2554 4144 2678 4217 meis
2704 4145 2725 4213 ζ
2753 4145 3046 4208 iracundis,
3075 4157 3182 4200 etc.
3215 4147 3554 4216 Augustinus
3584 4163 3809 4217 quoque
3837 4151 3888 4202 in

2285 4232 2382 4272 sua
2440 4215 2857 4282 Emendatione,
2906 4232 3068 4286 quant
3127 4215 3380 4288 religiose
3431 4215 3741 4274 Veronens.
3782 4236 3888 4274 ms.

2285 4297 2660 4356 repraesentat,
2691 4302 2991 4358 pronomen
3017 4289 3141 4343 meis
3173 4290 3378 4356 resltuit
3407 4306 3420 4343 :
3455 4289 3598 4359 quod
3627 4305 3654 4344 a
3679 4289 3892 4347 Gut-cis

2287 4359 2532 4430 melioris
2582 4371 2723 4414 nota:
2775 4360 3181 4430 exemplaribus
3217 4361 3484 4417 abesset:
3522 4373 3788 4430 respuunt
3837 4372 3892 4417 et

2286 4429 2466 4485 Latini
2525 4431 2612 4485 alii
2654 4430 2871 4486 codices
2921 4429 3351 4501 Hieronytniani,
3382 4449 3524 4502 quos
3570 4429 3711 4486 inter
3741 4448 3888 4502 prte-

2287 4503 2657 4557 stantissimus
2705 4505 2909 4573 regina:
2960 4503 3282 4566 Succttruui,
3343 4520 3505 4574 quem
3558 4505 3608 4558 iu
3643 4507 3791 4559 uotis
3823 4505 3888 4559 ad

2285 4589 2405 4629 cant
2451 4575 2741 4646 epistolam
2795 4575 3095 4629 laudamus.
3153 4574 3400 4646 Denique
3453 4576 3716 4630 Hebraeus
3763 4578 3891 4646 ipse

2289 4655 2486 4715 textus,
2510 4644 2954 4718 aliissubstratis
2983 4648 3222 4716 punctis,
3252 4644 3623 4702 co'neinnnius
3652 4644 3802 4718 leget
3831 4649 3882 4703 in

2277 4726 2420 4772 Statu
2469 4716 2746 4786 regiminis
2795 4732 2918 4773 cum
2971 4719 3218 4788 sequenti
3272 4733 3405 4772 voce
3451 4729 3576 4807 Ἴθι,
3635 4716 3836 4775 ἱᾶέει
3866 4761 3884 4787 ,

2279 4819 2598 4898 ηκ·’;ινκγ;,
2626 4811 2691 4866 ab
2716 4811 2940 4866 inimicis
2965 4811 3248 4879 iracundis,
3277 4825 3375 4883 pro
3397 4819 3594 4881 9-783,
3628 4812 3889 4868 absoluto

2281 4907 2424 4978 quod
2456 4908 2576 4977 ejus
2602 4908 2798 4978 lingua:
2831 4908 3074 4979 magistri
3111 4924 3216 4964 non
3242 4909 3640 4966 diiiitebuutur.

2356 4989 2378 5018 ε
2429 4979 2728 5048 Rescripsit
2770 4981 3104 5048 Augustinus
3147 4983 3319 5051 magis
3355 4981 3566 5043 bitiae.
3612 4981 3734 5037 odio
3780 4981 3886 5037 Ita-

2281 5053 2473 5126 bentes,
2517 5052 2661 5126 quod
2692 5059 2745 5107 et
2779 5052 3108 5126 Veronensis
3153 5068 3255 5108 ius.
3302 5054 3491 5108 refert.
3535 5053 3608 5108 Ita
3642 5062 3699 5110 et
3734 5053 3883 5126 quod

2281 5124 2418 5194 intra
2447 5132 2554 5191 est,
2570 5125 2728 5194 juxta
2753 5125 2944 5194 faciem
2972 5124 3124 5189 venti,
3161 5140 3257 5192 pro
3285 5135 3425 5188 ante,
3455 5134 3561 5180 etc.

2349 5193 2375 5233 ά
2409 5193 2692 5251 Ιᾱθιηίιης.
2724 5193 2777 5250 in
2807 5195 3058 5250 obauditu
3087 5199 3233 5250 auris
3266 5197 3530 5252 obaudivit
3550 5195 3698 5252 mihi.

2343 5277 2367 5306 ο
2394 5267 2564 5323 Tacet
2605 5269 2659 5321 in
2701 5268 2895 5322 eodem
2931 5282 3035 5321 ius.
3067 5265 3325 5324 Dominus
3355 5286 3372 5324 :
3402 5279 3513 5324 tum
3549 5267 3613 5322 de
3652 5269 3879 5324 inimicis

2266 5339 2557 5406 iracundis,
2585 5339 2656 5392 ab
2680 5340 3229 5412 insurgentibustetc.
3256 5341 3346 5396 ubi
3376 5357 3537 5412 quam
3566 5351 3714 5396 recte
3739 5357 3881 5411 pra:-

2265 5412 2456 5468 sertim
2479 5422 2524 5465 et
2555 5412 2750 5478 copula
2786 5409 3152 5477 re‘ticetuﬂx
3183 5409 3538 5468 ann0taiione
3563 5414 3614 5467 in
3644 5409 3875 5482 opposi-

2266 5485 2723 5555 tamrcolumnam
2765 5482 2960 5555 disces.
3006 5483 3253 5552 Denique
3293 5502 3445 5540 erues
3476 5486 3546 5540 de
3577 5498 3730 5539 more
3775 5500 3875 5555 pro

2265 5554 2452 5621 eripies
2481 5556 2675 5624 legitur
2703 5571 2715 5608 :
2751 5563 2912 5621 atque
2945 5552 3061 5608 haec
3089 5557 3270 5611 omnia
3300 5572 3364 5613 ex
3390 5555 3719 5624 Augustino.

2343 5625 2361 5664 τ
2409 5625 2738 5681 Veronensis
2787 5641 2916 5691 ms.,
2961 5627 3204 5695 psallam,
3259 5629 3598 5700 magniﬁcans
3649 5628 3870 5682 salutem

2263 5701 2424 5770 regis,
2455 5706 2560 5754 etc.

2340 5781 2365 5819 ε
2404 5770 2551 5825 Idem
2583 5784 2714 5836 ms.,
2758 5780 2978 5836 eructat,
3003 5781 3057 5826 ct
3088 5775 3385 5840 annuntiat,
3412 5787 3512 5842 pro
3542 5771 3761 5838 indicat,
3795 5785 3862 5826 ex

2270 5840 2559 5918 Augustini
2591 5843 2996 5918 emendatione,
3029 5854 3171 5902 utet
3198 5863 3318 5916 qua:
3344 5840 3664 5918 sequuntur.
