4062 6356
205 301 292 361 M9
1471 298 1677 357 LIBER
1716 299 1841 360 PSA
1851 300 2163 360 LMURUM.

3375 319 3484 379 150

258 416 376 472 Non
404 425 525 471 sunt
554 415 776 487 loquela:
804 432 967 495 neque
992 430 1531 488 sermones:quorum
1555 430 1776 470 nouau-
1802 418 1855 481 Λ
1958 417 2075 474 Non
2103 426 2233 475 sunt
2260 419 2488 490 loquelae
2529 434 2705 493 neque
2742 435 3025 481 sermones
3058 442 3073 485 :
3109 443 3340 500 quorum
3370 450 3481 493 non

196 514 386 567 diantur
414 528 563 568 voces
589 529 785 567 eorum.

261 604 323 659 In
371 622 576 661 omnem
626 616 821 661 terram
872 608 1029 662 exivit
1054 624 1213 664 sonus
1239 624 1421 669 eorum
1450 623 1470 664 :
1497 617 1543 663 et
1569 609 1622 663 in
1649 608 1779 678 lines

196 700 317 753 orbis
342 714 400 753 +
438 700 469 729 ⁸
493 712 645 755 ιιι-ηε
672 700 694 769 ζ
730 701 882 755 verba
912 718 1115 757 eorum.

258 808 305 849 ὲ
345 792 414 847 1η
443 794 467 862 ζ
497 794 608 849 sole
646 796 815 864 posuit
866 796 1259 851 tabernaculum
1313 813 1509 853 suum:
1538 807 1586 853 et
1644 799 1774 867 ipse,

193 899 441 959 tamquam
469 906 712 961 sponsus,
742 891 1024 960 procedens
1054 893 1119 947 de
1144 892 1378 947 thalamo
1406 910 1523 947 suo.

253 979 572 1047 Exsultarit,
588 992 640 1034 ut
670 982 839 1053 gigas,
856 982 923 1035 ad
939 983 1402 1037 currendamviatn
1428 982 1454 1021 δ
1475 998 1493 1038 :
1518 992 1551 1039 a
1574 1000 1774 1040 summa

189 1074 302 1129 cazlo
322 1077 549 1147 egressio
572 1078 705 1148 ejus.

251 1168 315 1223 Et
348 1184 597 1224 occursus
629 1174 765 1244 ejus,
800 1186 963 1241 usque
997 1171 1066 1227 ad
1099 1187 1357 1229 summum
1386 1171 1501 1242 ejus
1530 1187 1550 1227 :
1579 1190 1672 1229 nec
1700 1184 1775 1231 est

186 1263 335 1334 quise
360 1261 649 1315 abscondat
671 1280 701 1316 a
724 1264 895 1317 calore
917 1266 1051 1337 ejus.

248 1351 351 1406 Lex
378 1350 601 1407 Domini
627 1354 982 1421 immaculata,
1010 1362 1310 1411 conuertens
1356 1358 1559 1413 animas
1592 1375 1610 1413 :
1635 1361 1779 1421 testi-

187 1446 400 1500 monium
424 1445 641 1502 Domini
666 1447 820 1517 ﬁdele
843 1464 862 1503 ε
883 1448 1192 1522 sapientiam
1240 1458 1497 1521 prtcslans
1520 1452 1772 1524 parvulis.

241 1621 474 1681 Iustitia:
500 1622 716 1682 Domini
766 1635 939 1699 recite,
990 1627 1317 1699 ltetificantes
1347 1630 1510 1685 corda
1538 1646 1775 1704 :prtece-

188 1728 312 1791 ptum
336 1718 553 1789 Domini
576 1712 830 1787 lucidum,
860 1720 1164 1776 illuminans
1193 1722 1390 1778 oculos.

244 1810 419 1867 Timor
467 1811 684 1868 Domini
723 1823 955 1880 sanctus,
1000 1831 1304 1887 permanens
1341 1816 1396 1870 in
1431 1816 1680 1874 swculum
1708 1832 1767 1874 -εν
1804 1811 1851 1873 Β

188 1906 341 1960 seculi
377 1904 403 1973 ζ
428 1903 643 1977 judicia
670 1902 887 1962 Domini
912 1923 1052 1977 vera,
1072 1908 1369 1981 justiﬁcata
1398 1910 1449 1965 in
1474 1910 1772 1981 semetipsa.

250 2090 624 2147 Desiderabilia
663 2110 818 2167 super
857 2110 1047 2149 aurum
1100 2104 1152 2150 et
1202 2095 1431 2169 lapidem
1486 2097 1776 2169 pretiosum

189 2186 394 2238 multum
424 2202 437 2238 :
474 2194 523 2239 et
554 2186 798 2241 dulciora
826 2204 985 2261 super
1014 2188 1115 2243 ntel
1136 2197 1185 2243 et
1214 2189 1414 2261 favum.

248 2276 311 2330 Et
342 2288 364 2316 τ
386 2278 530 2333 enim
565 2278 587 2347 ζ
619 2295 790 2333 servus
814 2288 933 2334 tuus
953 2281 1178 2335 custodit
1199 2297 1260 2336 ea
1290 2298 1309 2336 :
1335 2282 1389 2337 in
1421 2282 1774 2339 custodiendis

186 2369 277 2423 illis
300 2372 571 2425 retributio
618 2373 806 2428 multa.

247 2461 447 2517 Delicta
472 2464 593 2530 quis
622 2463 904 2538 intelligit?
927 2462 1002 2519 Ab
1028 2465 1243 2521 occultis
1278 2481 1331 2522 vt-
1363 2466 1493 2522 meis
1526 2466 1549 2536 ζ
1576 2467 1773 2522 ntunda

188 2570 256 2607 me
281 2570 298 2607 :
328 2565 374 2606 et
404 2554 469 2608 ab
494 2555 684 2609 alienis
710 2572 867 2627 parce
889 2574 1035 2610 δενιό
1066 2565 1175 2612 tuo.

249 2648 305 2703 Si
326 2649 422 2702 mei
450 2666 555 2702 non
579 2649 777 2718 fuerint
805 2650 1085 2716 dominati,
1111 2660 1233 2704 tunc
1254 2650 1617 2708 immaculalus
1643 2669 1768 2711 ero:

186 2748 226 2794 et
249 2742 565 2795 eumndabor
588 2759 621 2794 a
652 2741 843 2796 delicto
863 2744 1115 2797 maximo.

254 2850 306 2889 «:-
335 2830 361 2871 ⁴¹
389 2832 457 2888 Et
496 2836 518 2904 ζ
556 2846 727 2902 erunt,
760 2846 815 2889 ut
843 2838 1196 2906 contplaceant
1222 2838 1429 2904 eloquia
1471 2841 1576 2894 oris
1607 2841 1707 2895 mei
1744 2860 1763 2899 .°

185 2943 225 2982 et
248 2929 516 2984 meditatio
542 2931 717 2985 cordis
740 2931 838 2983 mei
868 2932 919 2985 in
942 2941 1222 3002 conspectu
1254 2942 1343 2985 tuo
1371 2947 1432 2987 σθ
1468 2950 1671 3006 semper
1706 2936 1727 3005 ζ

243 3019 479 3093 Domine,
508 3023 722 3094 adjutor
754 3038 919 3091 meus,
950 3032 996 3077 et
1025 3022 1323 3094 redemptor
1348 3040 1509 3080 utens.

1882 512 2171 569 audiantur
2196 529 2358 570 voces
2377 530 2590 571 eorum.

1951 606 2009 663 In
2040 624 2257 664 omnem
2286 619 2485 665 terram
2519 610 2684 665 exivit
2709 610 2836 683 [HL
2870 614 3021 687 exiit]
3049 631 3214 675 sonus
3250 630 3436 681 eorum
3464 645 3478 683 :

1880 708 1933 754 ct
1959 701 2009 755 in
2044 700 2177 757 lines
2208 702 2359 757 orbis
2389 714 2545 759 terra:
2576 705 2740 761 verba
2762 722 2971 763 eorum.

1951 794 2009 850 In
2038 794 2156 850 sole
2186 796 2367 862 posuit
2411 796 2824 855 tabernaculum
2853 816 3014 858 suum
3047 821 3062 858 :
3091 811 3146 861 et
3170 804 3310 877 ipse,
3342 815 3479 864 tam-

1878 899 2038 955 quam
2068 901 2327 956 sponsus,
2362 889 2669 958 procedens
2690 892 2758 948 de
2786 894 3025 950 thalamo
3051 910 3172 952 suo.

1951 980 2273 1046 Exsultarit,
2300 978 2392 1036 fut
2419 982 2589 1053 gigas,
2625 985 2691 1039 ad
2725 989 3051 1043 currendum
3078 991 3243 1056 viam,
3276 1007 3306 1046 a
3332 1007 3482 1050 sum-

1879 1087 1966 1126 mo
1997 1073 2137 1129 coelo
2174 1075 2418 1144 egressio
2446 1076 2564 1144 ejus
2599 1095 2609 1129 :
2641 1087 2696 1132 et
2722 1093 2982 1135 occursus
3021 1082 3162 1151 ejus,
3200 1099 3371 1154 usque
3411 1089 3479 1143 ad

1879 1180 2149 1220 summum
2196 1172 2347 1235 eius,
2395 1182 2497 1223 nec
2544 1178 2629 1223 est
2656 1170 2749 1240 qui
2791 1184 2852 1226 se
2881 1172 3179 1229 abscondat
3224 1190 3254 1229 a
3297 1177 3480 1235 calore

1882 1256 2023 1327 ejus.

1948 1351 2061 1415 Lex
2100 1350 2318 1407 Domini
2364 1351 2870 1424 irreprehensibilis
2899 1354 3031 1430 [Ms.
3081 1358 3476 1437 immaculata],

1878 1453 2206 1499 convertens
2235 1445 2484 1501 animas:
2518 1448 2887 1505 testimonium
2910 1449 3305 1512 Dominilidele
3338 1474 3351 1513 :
3383 1473 3476 1514 sa-

1880 1534 2134 1607 pientiam
2169 1546 2433 1605 praestans
2463 1539 2728 1608 parvulis.

1949 1627 2185 1683 iustitiae
2219 1628 2428 1685 Domini
2457 1640 2641 1699 rectm,
2672 1631 3012 1691 laetiﬁcantes
3039 1644 3064 1684 8
3093 1637 3261 1695 corda
3290 1657 3303 1695 :
3333 1655 3477 1713 prae.

1877 1728 2095 1791 ceptum
2129 1719 2340 1775 Domini
2375 1720 2640 1791 lucidum,
2674 1724 2984 1784 illuminans
3011 1728 3224 1788 oculos.

1975 1812 2160 1868 Timor
2190 1812 2411 1873 Domini
2443 1827 2665 1873 sanctus
2696 1830 2979 1888 permanet
3004 1820 3057 1877 in
3085 1826 3345 1883 saeculum
3375 1843 3477 1887 sat-

1877 1904 1989 1961 culi
2020 1905 2265 1977 :judicia
2298 1907 2393 1963 Dei
2421 1906 2563 1980 [Με.
2611 1910 2862 1983 Domini]
2885 1928 3013 1973 vera
3038 1954 3056 1983 ,
3080 1916 3371 1987 iustiﬁcata
3419 1921 3478 1978 in

1877 1998 2212 2070 semetipsis.

1949 2092 2345 2149 Desiderabilia
2391 2111 2555 2166 super
2581 2111 2774 2154 aurum
2820 2106 2875 2155 et
2904 2100 3140 2172 lapidem
3173 2105 3475 2175 pretiosum

1878 2188 2108 2242 multum
2137 2203 2153 2244 :
2186 2196 2240 2244 et
2261 2189 2508 2245 dulciora
2536 2206 2701 2261 super
2740 2192 2849 2248 mel
2870 2201 2925 2249 et
2949 2194 3151 2254 larum.

1949 2278 2084 2334 Nam
2132 2290 2189 2336 et
2231 2296 2419 2338 servus
2454 2294 2576 2341 tuus
2604 2285 2844 2342 custodit
2875 2301 2940 2343 ea
2972 2305 2987 2344 :
3019 2289 3075 2344 in
3116 2291 3477 2352 custodiendo

1880 2376 1969 2433 illa
1994 2377 2278 2434 retributio
2306 2381 2496 2436 multa.

1955 2469 2160 2525 Delicta
2193 2471 2315 2542 quis
2356 2472 2652 2544 intelligit?
2690 2473 2773 2531 Ab
2812 2476 3044 2533 occultis
3088 2479 3227 2536 meis
3275 2482 3477 2540 munda

1883 2578 1990 2631 me,
2024 2562 2248 2620 Domine
2286 2583 2297 2619 :
2327 2575 2382 2623 et
2409 2566 2476 2623 ab
2503 2567 2696 2624 alienis
2722 2584 2884 2640 parce
2922 2586 3087 2628 servo
3114 2584 3225 2630 tuo.

1952 2657 2008 2712 Si
2038 2658 2145 2715 mei
2193 2675 2299 2714 non
2327 2659 2531 2716 iuerint
2562 2659 2588 2698 δ
2620 2661 2906 2732 dominati,
2936 2674 3066 2723 tunc
3094 2667 3478 2730 immaculalus

1880 2765 1973 2806 ero
2007 2768 2021 2807 :
2053 2760 2105 2806 et
2134 2752 2471 2810 cmundabor
2501 2768 2531 2809 a
2561 2754 2762 2819 delicto
2789 2757 3048 2814 maximo.

1948 2842 2013 2897 Et
2038 2852 2216 2912 erunt,
2251 2854 2307 2899 ut
2328 2847 2700 2918 complaceant
2726 2849 2940 2922 eloquia
2961 2854 3076 2908 oris
3100 2855 3204 2912 [ιιθί
3239 2872 3255 2912 :
3283 2865 3339 2915 et
3360 2873 3472 2917 me-

1872 2932 2062 2992 ditatio
2093 2938 2275 2994 cordis
2302 2939 2407 2995 mei
2434 2940 2488 2995 in
2509 2952 2803 3013 conspectu
2834 2952 2925 3001 tuo
2952 2961 3192 3018 semper.

1946 3030 2194 3099 Domine,
2226 3031 2445 3103 adjutor
2469 3048 2646 3104 meus,
2669 3046 2726 3093 et
2753 3037 3067 3111 redemptor
3100 3058 3282 3100 meus.

1528 3140 1887 3204 PSALMUS
1932 3142 2111 3205 XIX.

565 3252 589 3281 θ
613 3259 665 3299 111
690 3257 856 3298 FINEI
883 3283 898 3311 ,
924 3256 1162 3301 μελικοῦ
1189 3257 1370 3298 υλνω.

242 3337 508 3394 Exaudiat
539 3347 587 3393 te
611 3336 887 3405 Dominus,
915 3338 968 3392 in
996 3336 1079 3390 die
1104 3336 1455 3392 tribulationis
1481 3352 1499 3392 :
1528 3336 1767 3412 protegat

181 3444 221 3487 te
239 3450 419 3488 nomen
450 3433 551 3485 Dei
572 3431 762 3487 Iacob.

241 3526 413 3580 uiuat
457 3526 556 3580 tibi
606 3525 862 3580 auxilium
887 3524 951 3579 de
975 3534 1194 3580 sancto:
1223 3534 1273 3581 et
1315 3524 1381 3581 de
1428 3524 1561 3582 Sion
1613 3535 1765 3581 tuea-

180 3629 254 3672 tur
280 3630 347 3672 ιε.

238 3712 437 3767 Hemor
492 3712 560 3767 sit
609 3712 775 3766 omnis
819 3711 1069 3778 sacriﬁcii
1115 3711 1190 3767 tui
1241 3726 1259 3765 :

175 3813 304 3856 tuum
330 3806 527 3875 pingue
545 3806 655 3873 ﬁat.
707 3819 1027 3858 DIAPSALIM.

234 3895 450 3952 Tribuat
482 3897 575 3950 tibi
602 3896 891 3951 secundum
912 3911 1003 3949 cor
1023 3905 1170 3950 tuum
1192 3911 1211 3951 :
1236 3905 1282 3950 et
1306 3911 1458 3951 omne
1484 3896 1761 3953 consilium

177 4000 308 4043 tuum
332 3991 630 4057 conﬁrmet.

233 4082 554 4137 Lcetabimur
574 4085 628 4137 in
652 4081 872 4136 salutari
900 4090 987 4134 tuo
1009 4094 1030 4135 :
1072 4088 1123 4133 et
1162 4080 1217 4134 in
1240 4080 1448 4135 nomine
1480 4080 1578 4137 Dei
1600 4083 1765 4138 nostri

174 4180 333 4252 magni
339 4178 635 4248 ﬁcabimur.

1304 3720 1353 3766 et
1398 3711 1765 3767 holocaustum

234 4356 259 4384 ⁸
304 4346 520 4401 Videsis
547 4359 667 4416 quae
699 4343 969 4415 superius,
1002 4356 1103 4398 nec
1133 4339 1303 4397 semel
1334 4339 1601 4411 diximus,
1626 4345 1770 4415 quod

173 4449 243 4491 cst
274 4439 327 4491 in
363 4437 597 4493 llebrazo
625 4420 756 4500 ‘71:,
792 4451 897 4490 non
925 4433 1098 4488 orbem
1129 4432 1466 4502 simpliciter,
1500 4434 1596 4488 sed
1621 4445 1772 4491 terra:

172 4510 331 4563 orbem
357 4507 689 4577 significare.
713 4507 811 4574 Qui
842 4504 1196 4575 subsequitur
1219 4504 1411 4559 obclus
1436 4504 1487 4559 in
1516 4504 1768 4564 Palatino

172 4598 260 4636 ms.
298 4592 351 4635 et
382 4579 529 4647 apud
556 4580 751 4633 Carum
785 4578 1150 4632 desideratur.

228 4652 256 4691 ι)
286 4654 546 4707 Additum
579 4662 853 4719 repererat
877 4648 964 4703 hic
985 4651 1086 4720 sub
1111 4664 1237 4720 veru
1263 4662 1564 4720 pronomen
1592 4668 1763 4720 suout,

173 4723 389 4781 llieron.
427 4723 526 4778 Ms.
561 4718 916 4778 Carnuteusis
941 4719 1103 4773 habet
1125 4719 1301 4774 adhuc
1331 4718 1475 4774 idem
1505 4735 1637 4775 veru
1666 4718 1761 4778 seu

1794 3246 1840 3309 C
1906 3258 2140 3301 PSALIIUS
2172 3263 2332 3304 mmo
2365 3248 2493 3323 [Με.
2536 3266 2587 3307 lN
2620 3268 2782 3310 FINEM
2821 3271 3056 3315 PSALMUS
3088 3277 3186 3318 lPsl
3230 3265 3436 3340 nsvrn].

1945 3337 2211 3395 Exaudiat
2245 3352 2295 3397 te
2326 3343 2609 3414 Dominus,
2642 3347 2697 3403 in
2728 3348 2817 3405 die
2846 3351 3253 3414 tribulationis:
3286 3337 3473 3431 prote-

1873 3438 1965 3502 gat
1989 3439 2041 3488 te
2065 3448 2258 3491 nomen
2288 3436 2380 3492 Dei
2406 3438 2597 3497 Jacob.

1947 3526 2240 3584 Mittattibi
2263 3530 2522 3587 auxilium
2549 3533 2619 3591 de
2649 3546 2839 3593 sancto
2874 3556 2887 3592 :
2918 3548 2972 3595 et
2994 3539 3064 3598 de
3090 3542 3218 3600 Sion
3252 3553 3468 3606 tueatur

1876 3626 1948 3674 te.

1946 3713 2155 3769 Memor
2184 3716 2252 3770 sit
2286 3715 2301 3755 ί
2340 3718 2606 3776 Dominus
2634 3724 2819 3780 omnis
2847 3727 3100 3784 sacriﬁcii
3134 3731 3211 3785 tui
3248 3742 3341 3789 :et
3366 3733 3471 3792 ho-

1873 3803 2171 3861 locaustum
2204 3817 2353 3863 tuum
2381 3813 2575 3884 [tingue
2603 3815 2692 3869 liat
2718 3815 2856 3888 [.lls.
2888 3820 3095 3893 faciat].
3142 3839 3464 3884 DIAPSALMA.

1940 3903 2166 3957 'l‘ribuat
2182 3904 2277 3959 tibi
2297 3907 2553 3964 Dominus
2574 3913 2871 3969 secundum
2903 3929 2999 3970 cor
3019 3925 3169 3972 tuum
3191 3936 3204 3970 :
3225 3928 3278 3975 et
3294 3935 3460 3978 omne

1869 3996 2158 4050 consilium
2195 4010 2343 4053 tuum
2381 3999 2394 4051 i
2435 4003 2746 4063 conﬁrmet.

1939 4088 2270 4145 Laetabimur
2296 4092 2348 4146 in
2377 4092 2599 4151 salutari
2633 4105 2724 4155 tuo
2758 4115 2771 4156 :
2802 4106 2859 4156 et
2898 4099 2952 4156 in
2990 4102 3211 4159 nomine
3248 4103 3462 4161 Domini

1871 4179 1967 4236 Dei
2002 4184 2173 4237 nostri
2219 4184 2710 4255 magnilicabimur.

1874 4360 1991 4429 cem
2045 4363 2275 4429 quoun
2296 4354 2457 4429 enim
2500 4356 2928 4414 transverberat.
2960 4357 3042 4429 Ad
3072 4372 3222 4414 oram
3253 4358 3379 4429 libri
3412 4360 3467 4418 in

1873 4418 2075 4498 eodeni
2098 4418 2199 4476 ms'.
2234 4423 2545 4498 Diapsalma
2587 4444 2807 4484 rursum
2835 4424 3148 4485 ascribitur.

1944 4487 1970 4526 ά
2012 4491 2183 4548 Minus
2217 4487 2411 4551 iterum
2444 4501 2584 4556 bene
2613 4500 2893 4556 Palatinus
2916 4518 3017 4557 ms.
3048 4512 3103 4558 et
3123 4500 3300 4560 Carus
3324 4505 3468 4561 hunc

1871 4561 2089 4634 obelutu
2120 4569 2565 4634 praetermittunt.

1946 4642 1969 4710 ξ
2016 4633 2213 4710 yerlia,
2245 4640 2297 4692 in
2322 4640 2499 4710 ﬁnem,
2530 4643 2674 4698 idem
2703 4658 2808 4699 ms.
2844 4653 3009 4700 tacet.

1950 4701 1980 4785 ξ.
2016 4701 2208 4771 Idem,
2238 4701 2371 4764 sicut
2411 4701 2559 4783 gigas
2586 4713 2656 4767 ad
2676 4716 2987 4770 currendum
3018 4717 3175 4785 viam,
3210 4736 3243 4774 a
3272 4736 3472 4775 summa

172 4774 388 4851 alleluia
570 4774 757 4863 spatio
776 4774 950 4847 saeuo
1000 4793 1053 4845 in
1086 4793 1227 4845 hunc
1254 4790 1472 4844 modum
1499 4809 1513 4846 :
1547 4794 1617 4845 ad
1640 4811 1762 4848 cur-

1910 4774 2000 4839 eli,
2025 4788 2157 4859 etc.,
2192 4797 2351 4853 usque
2379 4774 2446 4837 ad
2465 4774 2726 4840 summum
2757 4788 2891 4857 caeli,
2916 4798 2964 4842 et
2985 4804 3089 4845 non
3117 4774 3212 4858 est,
3242 4802 3375 4860 etc.,
3405 4807 3473 4849 ex

172 4870 381 4922 rendam
400 4868 536 4921 viam
568 4881 625 4920 αξ
855 4880 931 4918 :a
954 4878 1174 4928 summa,
1216 4873 1325 4919 etc.
1379 4863 1492 4917 lloc
1542 4866 1764 4921 verbum

172 4942 432 5007 expunxit
455 4940 595 4994 forte
618 4937 677 4993 S.
713 4936 912 5007 Doctor
938 4935 1258 5007 Psalterium
1285 4936 1607 5007 emendatis,
1642 4939 1767 5007 quia

174 5004 383 5065 "eum:
427 5026 491 5063 ac
536 5008 711 5066 Graeci
768 5006 986 5063 codices
1038 5006 1226 5076 legunt
1278 5005 1396 5060 sine
1450 5004 1770 5077 pronomine

174 5100 333 5136 suam.
359 5084 538 5137 MART.

234 5185 310 5195 -—
342 5153 658 5225 Hieronymi
687 5152 858 5222 ipsius
876 5164 993 5225 sevo
1018 5146 1347 5225 exemplaria
1370 5148 1773 5225 subjungebant

177 5241 471 5293 pronomen
504 5220 653 5279 suam
686 5220 839 5294 :‘qua
870 5224 938 5277 de
963 5236 1023 5276 re
1050 5222 1116 5294 ad
1159 5220 1430 5294 __b'unniam
1472 5232 1526 5277 et
1576 5222 1769 5279 Frete-

176 5289 293 5365 lam,
331 5296 401 5351 Et
436 5297 633 5362 dicitis,
668 5289 866 5363 inquit,
890 5294 1026 5365 quod
1054 5293 1115 5365 in,
1147 5289 1331 5365 erco
1362 5306 1517 5347 suain
1550 5310 1652 5349 non
1679 5300 1774 5351 ha-

180 5364 312 5437 beat;
364 5369 459 5423 sed
504 5370 600 5422 hoc
646 5384 738 5422 nos
770 5366 863 5420 sub
893 5381 1015 5418 veru
1050 5364 1287 5437 additum
1310 5365 1613 5430 reperimus,
1645 5378 1691 5421 et
1723 5369 1777 5422 in

180 5435 398 5497 llebrwo
426 5457 532 5493 non
559 5456 667 5495 esse
690 5439 1021 5508 manifestum
1056 5445 1152 5490 est.
1189 5435 1383 5508 servat
1408 5446 1463 5489 et
1494 5436 1776 5496 Palatinus

184 5530 273 5567 nis.
312 5516 533 5569 lituram
587 5513 690 5565 hoc
732 5506 854 5564 loco
886 5508 1089 5562 inducti
1129 5506 1273 5561 obeli
1300 5521 1363 5560 ac
1392 5512 1773 5576 pronominis:

182 5585 389 5653 quidam
432 5594 614 5637 autem
645 5578 1005 5653 Carnutensis
1037 5594 1202 5653 penes
1234 5577 1608 5653 Martianaium
1641 5583 1779 5639 obe-

186 5651 281 5708 l'um
312 5657 489 5720 illum,
516 5664 570 5709 et
592 5652 827 5721 Spatium
858 5651 1167 5719 l'ep0ttettd0
1203 5651 1506 5717 pronomini
1526 5668 1775 5714 vacuum.

186 5724 402 5782 Domum
434 5742 467 5781 e
496 5725 717 5795 regione
744 5723 1128 5791 subsequentis
1157 5722 1411 5777 versiculi
1445 5724 1586 5778 idem
1616 5725 1777 5783 Pala-

190 5797 665 5873 tmusDiapsalma
705 5802 952 5873 annotat.
1039 5864 1052 5873 _
1308 5863 1341 5873 ,Α
1376 5865 1385 5873 _

259 5881 278 5909 ε
321 5871 601 5929 Palatinus
631 5884 733 5927 ius.
768 5867 987 5925 obeluut
1039 5864 1183 5922 hunc
1214 5864 1412 5921 omittit
1443 5882 1457 5925 :
1484 5864 1654 5927 Carus
1682 5886 1781 5928 vo.

1870 4846 2197 4916 Augustino.

1947 4949 1972 4986 ις
2014 4942 2851 5024 MinorinumeroAugustinus,
2894 4962 2951 5009 et
2981 4954 3071 5024 qui
3102 4970 3223 5009 eum
3263 4955 3477 5010 exscri-

1877 5009 1954 5064 bit
1982 5015 2153 5069 codex
2186 5016 2537 5085 Veronensis,
2579 5009 2698 5091 ἶπον,
2764 5009 2970 5093 Ιεέυηι,
2998 5009 3078 5079 ἐι
3131 5041 3258 5080 mox
3304 5009 3478 5081 castus

1877 5099 2217 5167 permanens,_
2234 5104 2331 5159 pro
2360 5101 2568 5167 sanctus
2595 5106 2881 5167 permanet,
2913 5107 2967 5150 et
2984 5097 3278 5167 justiﬁcata
3299 5098 3351 5151 in
3378 5099 3482 5151 idi-

1877 5171 2047 5238 psum,
2077 5173 2174 5227 pro
2276 5162 2768 5238 semetipsis.Quod
2801 5182 2928 5221 vero
2956 5162 3155 5221 deinde
3185 5168 3390 5238 legitur
3420 5170 3476 5225 in

1877 5228 2068 5309 eodem
2089 5232 2331 5309 "codice,
2357 5228 2581 5309 lapidem
2610 5228 2890 5307 pretiosum
2919 5238 3192 5309 nmndum,
3227 5228 3325 5309 pro
3354 5240 3486 5295 mul-

1878 5305 2013 5382 tum,
2032 5301 2476 5382 editorispotius
2505 5301 2666 5377 quam
2694 5324 2795 5362 ms.
2830 5324 2993 5382 error
3024 5311 3075 5363 in
3110 5301 3335 5382 legendo
3364 5323 3471 5368 est.

1880 5368 2125 5448 Denique
2151 5368 2341 5448 etenim
2370 5387 2416 5431 et
2445 5368 2622 5432 seruus
2647 5388 2763 5433 tuus
2794 5381 3045 5434 custodiet
3078 5368 3301 5448 careto.

1960 5440 1988 5479 δ
2029 5444 2352 5522 [lectissime
2381 5450 2723 5522 emendatum
2754 5453 3055 5520 Augustino
3078 5440 3369 5522 dominata,
3418 5454 3474 5510 id

1884 5530 1985 5580 est,
2018 5515 2230 5583 delicta,
2268 5521 2721 5590 quemadmodum
2748 5533 2803 5578 et
2839 5515 3167 5580 Veronensis
3193 5544 3295 5582 ms.
3326 5515 3471 5583 reci-

1886 5600 2003 5668 tat-2
2029 5599 2145 5668 tum
2173 5592 2467 5668 mundabor
2492 5611 2521 5645 a
2554 5592 2741 5668 delicto
2779 5612 2986 5668 magno,
3020 5613 3087 5652 ex
3116 5598 3327 5654 eodem.

1968 5662 1983 5699 ί
2028 5657 2269 5743 Rectius
2299 5668 2497 5743 iterum
2562 5657 2887 5743 Veronensis
2916 5657 3018 5725 ms.
3053 5682 3107 5725 et
3138 5669 3475 5743 Augustinus

1890 5747 2085 5788 nomen
2114 5729 2367 5787 Dominus
2394 5733 2481 5790 hic
2505 5738 2785 5793 omittunt.
2816 5760 2819 5763 λ

1965 5805 1980 5855 i
2034 5803 2313 5881 Denuoex
2343 5812 2645 5881 Augustino
2675 5810 2977 5868 Vcrouens.
3031 5828 3160 5879 ms.,
3210 5813 3483 5871 consilium

1892 5887 2033 5933 tuum
2057 5878 2338 5949 compleat.
2372 5878 2763 5939 Eisultabinms
2791 5887 2845 5942 in
2872 5885 3110 5954 salutari,
3139 5878 3247 5943 etc.
