4062 6356
496 296 594 359 151

1502 292 1563 353 S.
1603 289 1993 351 HIERONYMI
2028 288 2267 350 DIVINA
2304 277 2789 351 BIBLIOTHECA.

3700 287 3840 349 152

524 470 531 487 φ
567 416 799 492 Impleat
823 415 1081 473 Dominus
1112 429 1288 471 omnes
1316 412 1585 487 petitiones
1621 422 1740 468 tuus
1769 426 1789 468 :
1817 429 1960 468 nunc
1994 431 2089 470 co-
2114 411 2173 473 Α
2266 407 2499 482 Impleat
2535 408 2798 465 Dominus
2851 421 3046 467 omnes
3099 408 3394 481 petitiones
3445 417 3603 477 tuas,
3659 421 3839 465 nunc

499 514 678 587 gnavi,
695 512 941 584 quoniam
968 508 1174 567 salvum
1197 508 1323 578 fecit
1347 504 1604 561 Dominus
1625 504 1893 562 Christum
1919 523 2095 564 suum.

528 654 537 661 .
574 607 835 663 Exaudiet
863 605 1016 661 illum
1044 604 1109 659 de
1136 602 1265 659 ctelo
1292 608 1470 658 sancto
1495 615 1590 654 suo
1621 614 1640 653 :
1662 599 1719 654 in
1747 602 2099 673 potentatibus

499 689 645 755 salus
672 700 897 754 dextera:
921 701 1061 772 ejus.

574 790 648 845 Hi
675 791 731 845 in
756 788 1020 856 curribus,
1052 797 1102 845 et
1128 786 1183 842 lsi
1209 787 1267 842 in
1291 787 1434 859 equis
1464 802 1486 843 :
1510 801 1605 843 nos
1616 794 1788 843 autem
1813 787 1872 844 in
1892 787 2102 846 nomine

501 882 719 940 Domini
746 884 846 949 Dei
876 883 1043 940 nostri
1068 880 1440 938 invocabimus.

478 991 482 995 ‘
530 1034 541 1039 _
579 974 696 1049 Ipsi
745 975 959 1049 obligati
1003 982 1124 1030 sunt
1173 982 1224 1029 et
1261 972 1559 1028 ceciderunt
1588 988 1723 1029 :nos
1770 981 1945 1029 autem
1985 989 2102 1029 sur-

503 1071 732 1128 reximus
759 1078 809 1125 et
822 1068 977 1125 erecti
996 1078 1198 1124 minus.

571 1160 817 1232 Domine,
872 1156 1077 1217 salvum
1124 1160 1213 1231 [ac
1237 1175 1411 1231 regem
1443 1173 1500 1216 -t—
1529 1167 1581 1216 et
1604 1175 1668 1216 ea:
1697 1158 1721 1229 1
1752 1159 1882 1216 audi
1923 1175 2020 1216 nos
2046 1159 2104 1216 in

506 1256 594 1315 die
624 1272 727 1330 qua
749 1254 1159 1313 invocaverimus
1188 1266 1251 1309 οι-
1277 1261 1326 1309 te
1356 1254 1380 1324 1

572 1510 575 1513 .
666 1506 671 1512 .
748 1504 751 1511 ,
909 1460 938 1490 ⁸
974 1466 1028 1508 ιιι
1064 1466 1230 1509 "NE!
1267 1463 1501 1507 PSALIUS
1537 1463 1719 1506 DAVID.
1808 1496 1819 1501 _

581 1544 825 1613 Domine,
850 1545 906 1599 in
926 1546 1115 1601 virtute
1145 1555 1238 1599 tua
1264 1543 1525 1599 laetabitur
1550 1558 1645 1599 rea:
1670 1557 1690 1599 :
1711 1550 1758 1600 et
1783 1558 1942 1615 super
1967 1542 2113 1599 salu~

513 1652 625 1698 tare
651 1652 799 1711 tuum
816 1641 1098 1696 exsultabit
1116 1640 1462 1696 uehementer.

586 1734 918 1789 Desiderium
942 1734 1114 1790 cordis
1140 1737 1256 1809 ejus
1282 1734 1512 1791 tribuisti
1536 1735 1585 1789 ei
1613 1751 1628 1788 :
1659 1742 1708 1790 et
1735 1734 1998 1790 voluntate
2024 1731 2109 1788 la-

509 1825 715 1883 biorum
734 1829 854 1900 ejus
881 1842 987 1881 non
1015 1826 1275 1898 fraudasti
1303 1842 1439 1882 eum.
1476 1827 1803 1883 Bursam“.

1884 1344 2147 1410 PSALM
2154 1345 2246 1411 US
2286 1347 2440 1411 XX.

2203 503 2454 575 cognovi,
2485 503 2742 575 quoniam
2762 503 2979 560 salvum
3012 502 3179 561 faciet
3208 503 3338 578 [κε.
3372 502 3519 577 facit]
3543 503 3836 559 Dominus

2205 595 2484 655 Christum
2522 613 2684 654 suum
2719 616 2734 654 :
2767 607 2826 656 et
2863 599 3120 655 exaudiet
3150 599 3304 671 illum
3336 599 3406 654 de
3436 598 3579 656 caelo
3615 604 3838 654 sancto

2205 707 2329 762 suo,
2362 691 2417 748 in
2448 692 2817 764 potentatibus
2853 692 3001 749 salus
3025 692 3276 750 dextera:
3305 691 3448 764 ejus.

2281 784 2349 842 Hi
2380 786 2434 840 in
2471 784 2746 851 curribus,
2789 793 2848 842 et
2889 783 2946 841 hi
2973 786 3027 842 in
3053 785 3209 857 equis
3241 801 3256 840 :
3284 798 3389 841 nos
3413 793 3596 841 autem
3623 782 3680 839 in
3710 795 3839 840 no-

2206 878 2355 936 mine
2392 878 2611 938 Domini
2642 879 2737 935 Dei
2772 879 2947 935 nostri
2977 878 3469 950 magniﬁcabimur.

2281 970 2393 1043 Ipsi
2423 971 2647 1044 obligati
2674 981 2824 1042 sunt,
2855 980 2914 1028 et
2955 972 3275 1029 ceciderunt
3306 989 3322 1028 :
3356 986 3457 1031 nos
3504 980 3685 1029 autem
3725 956 3843 1029 re?

2209 1066 2571 1136 surreximus,
2604 1075 2662 1124 et
2683 1065 2858 1123 erecti
2887 1080 3096 1122 sumus.

2282 1160 2535 1228 Domine,
2565 1158 2780 1216 salvum
2828 1159 2914 1216 ise
2946 1172 3132 1230 regem
3163 1177 3177 1212 :
3210 1167 3267 1215 et
3285 1155 3481 1215 exaudi
3513 1170 3615 1214 nos
3643 1155 3699 1213 in
3724 1153 3843 1213 die

2207 1269 2312 1323 qua
2340 1239 2486 1326 [Μοζ
2503 1253 2558 1310 in
2583 1251 2711 1326 qua]
2746 1250 3188 1309 invocaverimus
3215 1260 3289 1309 te.

2377 1467 2431 1507 IN
2452 1466 2613 1507 PINEII
2629 1493 2645 1520 ,
2689 1465 2923 1509 PSALIUS
2949 1450 3125 1508 Daviu
3153 1448 3284 1525 [Μσ.
3313 1463 3414 1507 lPSl
3437 1448 3644 1522 nam].

2287 1544 2538 1613 Domine,
2553 1545 2607 1600 in
2625 1544 2823 1600 virtute
2844 1555 2932 1600 tua
2955 1543 3223 1600 lntabitur
3242 1557 3342 1600 rex
3369 1558 3384 1597 :
3406 1550 3463 1599 et
3490 1555 3655 1615 super
3672 1540 3845 1598 salu-

2215 1646 2332 1695 tare
2354 1647 2503 1694 tuum
2532 1638 2827 1695 exsultabit
2855 1637 3226 1696 vehementer.

2289 1730 2625 1787 Desiderium
2652 1730 2851 1787 anima:
2872 1730 2992 1801 ejus
3009 1728 3036 1767 ἀ
3072 1728 3308 1786 tribuisti
3336 1727 3387 1784 ei
3417 1745 3431 1782 :
3459 1735 3514 1785 et
3539 1726 3843 1784 voluntate

2216 1821 2483 1879 labiorum
2513 1822 2632 1893 ejus
2660 1838 2769 1878 non
2800 1821 3062 1879 lraudasti
3092 1837 3239 1878 eum.
3281 1821 3622 1878 DIAPSALMA.

591 1920 853 1985 Quoniam
880 1919 1173 1988 praevenisti
1198 1936 1316 1975 eum
1363 1921 1418 1974 in
1440 1919 1878 1976 benedictionibus
1939 1919 2118 1974 dulce-
2147 1914 2196 1977 B
2292 1915 2558 1983 Quoniam
2590 1915 2899 1984 praevenisti
2942 1929 3069 1971 eum
3108 1914 3165 1969 in
3208 1912 3675 1971 benedictionibus
3704 1911 3846 1968 dul-

522 2012 662 2067 dinis
691 2028 710 2068 :
739 2012 962 2083 posuisti
1001 2012 1056 2068 in
1078 2012 1246 2086 capite
1285 2014 1398 2087 ejus
1428 2027 1674 2068 coronam
1701 2011 1766 2068 de
1800 2011 1977 2083 lapide
1999 2028 2119 2084 pre-

516 2104 672 2160 tioso.

606 2197 778 2253 Vitam
797 2199 944 2272 petiit
972 2215 1005 2253 a
1032 2207 1081 2253 te
1107 2197 1138 2239 b
1168 2213 1231 2255 -ξι
1261 2208 1310 2254 et
1342 2198 1366 2268 1
1401 2198 1627 2255 tribuisti
1661 2198 1709 2253 ei
1743 2198 2118 2271 longitudinem

516 2290 745 2360 dierum,
772 2292 830 2346 in
858 2291 1111 2346 saeculum
1138 2298 1187 2346 et
1213 2291 1270 2346 in
1296 2290 1547 2346 satculum
1578 2305 1640 2346 οξ-
1664 2291 1844 2346 saeculi
1877 2289 1902 2359 1

592 2385 793 2457 Magna
812 2396 885 2441 est
915 2386 1088 2459 gloria
1106 2387 1220 2454 eius
1240 2385 1296 2439 in
1318 2384 1539 2440 salutari
1572 2394 1660 2439 tuo
1683 2399 1702 2439 .'
1722 2383 1947 2457 gloriam
1975 2391 2022 2438 et
2052 2397 2115 2439 -t-—

521 2494 773 2552 magnum
804 2477 828 2546 1
862 2478 1099 2536 decorem
1125 2478 1360 2551 impones
1380 2495 1535 2550 super
1554 2494 1690 2534 eum.

606 2573 870 2641 Quoniam
900 2571 1048 2627 dabis
1076 2587 1195 2627 eum
1222 2574 1278 2626 in
1304 2571 1744 2641 benedictionem,
1776 2572 1832 2625 in
1875 2570 2124 2627 saeculum

523 2680 586 2723 σιν
618 2663 798 2720 steculi
829 2662 853 2732 1
885 2661 1179 2732 lctiﬁcabis
1205 2679 1322 2718 eum
1346 2665 1401 2717 in
1429 2663 1624 2735 gaudio
1644 2679 1764 2718 cum
1781 2664 1930 2718 vultu
1958 2673 2069 2719 tuo.

600 2756 864 2825 Quoniam
887 2770 980 2811 rea;
1000 2765 1176 2827 sperat
1204 2756 1260 2810 in
1280 2755 1509 2812 Domino
1536 2771 1557 2811 :
1586 2764 1635 2811 et
1672 2756 1728 2811 in
1767 2754 2126 2811 misericordia

523 2848 772 2905 altissimi
800 2865 904 2904 non
932 2848 1349 2903 commovebitur.

596 2941 901 2998 Inveniatur
920 2958 1104 2997 manus
1126 2952 1216 2996 tua
1235 2942 1471 2997 omnibus
1493 2927 1722 2996 inimicis
1748 2942 1850 2997 tuis
1874 2957 1894 2998 :
1914 2947 2128 2998 dextera

532 3046 622 3095 tua
648 3039 877 3094 inveniat
910 3052 974 3095 σε-
1004 3053 1181 3093 omnes
1212 3038 1262 3103 °,
1284 3037 1374 3107 qui
1402 3035 1425 3105 1
1461 3044 1510 3089 te
1533 3035 1773 3091 oderunt.

606 3213 782 3269 Panes
809 3230 920 3284 eos,
942 3221 998 3268 ut
1024 3211 1286 3269 clibanum
1305 3212 1465 3287 ignis,
1489 3213 1544 3267 in
1565 3221 1792 3285 tempore
1816 3212 1988 3269 vultus
2011 3216 2088 3271 tui
2110 3230 2132 3272 :

2219 2007 2431 2065 cedinis
2476 2026 2491 2064 :

2220 2103 2487 2174 pretioso.

2298 2199 2501 2255 Vitam°
2523 2200 2679 2271 petiit
2699 2213 2728 2253 a
2753 2207 2807 2257 te
2830 2216 2844 2255 :
2868 2198 3105 2275 tribuisti
3118 2198 3167 2256 ei
3183 2196 3574 2271 longitudinem
3590 2194 3843 2265 dierum,

2221 2292 2279 2350 in
2308 2293 2564 2349 smculum
2598 2293 2806 2350 saeculi.
3058 2300 3065 2305 '

2294 2387 2479 2459 Magna
2518 2395 2602 2444 est
2625 2387 2797 2460 gloria
2832 2388 2948 2459 ejus
2987 2386 3045 2445 in
3085 2386 3308 2443 salutari
3352 2393 3446 2443 tuo
3476 2401 3490 2439 :
3518 2383 3749 2458 gloriam
3779 2391 3850 2442 et

2223 2496 2478 2554 magnum
2504 2481 2759 2539 decorem
2786 2482 3033 2554 impones
3060 2495 3225 2553 super
3249 2495 3395 2537 eum.

2295 2573 2560 2641 Quoniam
2595 2572 2787 2631 dabis‘
2833 2589 2957 2630 eum
2985 2574 3040 2629 in
3065 2572 3503 2631 benedictionem
3524 2611 3541 2641 ,
3574 2570 3628 2626 in
3660 2585 3847 2627 Siccu—

2225 2668 2337 2724 lum
2366 2667 2548 2724 saeculi
2581 2685 2595 2722 :
2625 2667 2926 2724 lattilicahis
2951 2683 3074 2724 eum
3102 2668 3157 2723 in
3180 2666 3375 2739 gaudio
3395 2682 3518 2723 eum
3544 2666 3693 2723 vultu
3713 2674 3842 2723 tuo.

2299 2759 2563 2829 Quoniam
2590 2774 2688 2816 rex
2712 2764 2952 2831 speravit
2982 2763 3035 2815 in
3056 2759 3286 2817 Domino
3317 2775 3333 2815 :
3364 2768 3419 2816 et
3446 2762 3500 2815 in
3520 2758 3847 2816 misericor—

2227 2853 2313 2911 dia
2346 2853 2592 2911 altissimi
2622 2870 2729 2911 non
2758 2855 3217 2912 commovebitur.

2299 2949 2605 3006 Inveniatur
2632 2948 2761 3022 [Ms.
2785 2949 3110 3022 invenietur]
3131 2964 3322 3006 manus
3338 2957 3425 3004 tua
3451 2946 3705 3004 omnibus
3728 2946 3848 3002 ini-

2229 3042 2386 3100 micis
2415 3045 2523 3100 tuis
2544 3059 2560 3098 :
2582 3050 2638 3100 et
2655 3041 2873 3101 dextera
2905 3053 2995 3100 tua
3026 3035 3471 3101 inveniatomnes
3500 3041 3672 3115 quite
3695 3039 3841 3097 ode-

2232 3147 2384 3196 runt.

2302 3233 2478 3291 Panes
2506 3248 2637 3299 eos,
2672 3242 2733 3289 ut
2768 3232 2896 3307 [Ms.
2922 3232 2997 3306 in]
3039 3232 3311 3289 clibanum
3335 3232 3475 3304 ignis
3500 3229 3557 3286 in
3587 3237 3849 3301 tempore

2544 2008 2771 2081 posuisti
2809 2009 2862 2066 in
2884 2010 3062 2082 capite
3091 2007 3210 2080 ejus
3249 2022 3511 2066 coronam
3547 2005 3618 2064 de
3645 2006 3846 2077 lapide

531 3306 792 3363 Dominus
828 3308 883 3362 in
916 3307 1000 3361 ira
1023 3323 1121 3363 sua
1148 3305 1467 3362 conturbabit
1505 3321 1622 3376 eos,
1659 3314 1709 3363 et
1744 3306 2007 3363 devorabit
2042 3324 2122 3366 eo:

2278 3328 2411 3385 ultus
2441 3327 2516 3384 tui
2548 3345 2563 3384 :
2595 3305 2857 3384 Dominus
2878 3328 2931 3384 in
2961 3305 3038 3383 ira
3064 3343 3159 3385 sua
3186 3325 3531 3384 conturbabit
3557 3323 3688 3398 [Με.
3709 3339 3855 3379 con-

533 3414 695 3473 ignis.

617 3493 871 3549 Fructum
897 3509 1075 3549 eorum
1094 3492 1167 3549 de
1195 3501 1330 3549 terra
1351 3492 1537 3565 perdes
1566 3508 1586 3549 :
1624 3502 1673 3551 et
1701 3510 1871 3551 semen
1894 3511 2071 3550 eorum
2098 3512 2132 3550 a

538 3590 663 3660 ﬁliis
691 3590 977 3645 hominum.

614 3684 873 3752 Quoniam
917 3681 1305 3737 declinaverunt
1347 3683 1401 3737 in
1441 3690 1491 3738 te
1531 3681 1674 3737 mala

535 3776 774 3844 consilia,
802 3790 919 3848 qua:
944 3791 1049 3830 non
1077 3783 1357 3846 potuerunt
1381 3788 1442 3831 σε-
1468 3775 1699 3830 stabilire
1732 3774 1756 3844 1

616 3870 879 3935 Quoniam
903 3885 1063 3940 pones
1092 3884 1176 3923 eos
1194 3869 1408 3924 dorsum
1429 3885 1448 3924 .'
1471 3869 1525 3922 in
1550 3866 1783 3940 reliquiis
1808 3870 1911 3925 tuis
1934 3886 2140 3944 prepa-

538 3964 683 4019 rabis
705 3963 900 4019 vultum
920 3979 1123 4020 eorum.

610 4056 883 4129 Exultare,
934 4056 1177 4128 Domine,
1219 4060 1275 4115 in
1312 4059 1501 4118 virtute
1542 4067 1637 4116 tua
1682 4077 1700 4114 .'
1739 4061 2062 4118 cantabimus
2089 4073 2139 4118 et

544 4150 829 4227 psallemus
859 4150 1072 4208 virtutes
1101 4158 1277 4225 ωας.)

1718 3698 1739 3738 :
1784 3684 2134 3756 cogitaverunt

2236 3420 2491 3493 turbavit]
2518 3435 2635 3489 eos,
2668 3430 2724 3477 et
2750 3420 3030 3477 devorahit
3054 3419 3185 3495 [Με.
3217 3416 3519 3490 devoravit]
3548 3433 3643 3474 eos
3678 3416 3851 3488 ignis.

2303 3514 2559 3571 Fructum
2590 3528 2776 3570 eorum
2803 3512 2873 3570 de
2903 3523 3050 3570 terra
3077 3513 3269 3587 perdes
3299 3528 3314 3568 :
3347 3521 3403 3569 et
3433 3526 3620 3569 semen
3642 3523 3847 3567 eorum

2247 3622 2279 3663 a
2312 3606 2436 3662 ﬁliis
2462 3605 2771 3662 hominum.

2307 3699 2573 3771 Quoniam
2618 3699 3033 3756 declinaverunt
3077 3698 3130 3755 in
3179 3707 3234 3756 te
3258 3697 3399 3755 mala
3432 3714 3447 3751 :
3475 3695 3862 3768 cogitaverunt

2241 3795 2548 3863 consilium,
2574 3793 2718 3866 quod
2743 3809 2851 3850 non
2880 3802 3174 3865 potuerunt
3202 3792 3465 3848 stabilire.

2311 3887 2578 3956 Quoniam
2600 3900 2771 3958 pones
2785 3895 2810 3934 Β
2831 3900 2927 3942 eos
2950 3885 3174 3942 dorsum
3206 3900 3222 3941 :
3248 3884 3302 3941 in
3321 3881 3563 3955 reliquiis
3584 3879 3689 3937 tuis
3710 3895 3863 3953 pra:—

2246 3996 2436 4053 pararc
2462 3979 2672 4035 vultum
2696 3980 2913 4034 illorum

2314 4073 2570 4130 Exaltare
2592 4113 2607 4136 ,
2647 4072 2872 4129 Domine
2893 4114 2908 4139 ,
2940 4072 2995 4128 in
3017 4072 3216 4130 virtute
3247 4076 3338 4126 tua
3365 4084 3381 4124 :
3411 4064 3751 4125 cantabimus
3792 4070 3855 4119 ct

2242 4167 2536 4241 psallemus
2562 4165 2794 4223 virtutes
2820 4175 2960 4223 tuas.

1899 4285 2041 4350 PSA
2050 4289 2261 4356 LMUS
2304 4288 2487 4352 XXI.

644 4395 698 4437 IN
738 4394 934 4450 “REI,
965 4394 1066 4438 PRO
1095 4394 1460 4440 ASSUIPTIONE
1487 4399 1762 4444 IATUTINA
1780 4426 1797 4458 ,
1827 4403 2066 4449 PSALIUS

1252 4469 1436 4511 DAVID.

613 4566 775 4634 Deus,
809 4565 954 4623 Deus
982 4584 1150 4637 meus,
1182 4584 1239 4625 -t—
1278 4572 1479 4642 respice
1506 4571 1561 4626 in
1591 4588 1670 4627 me
1699 4572 1723 4642 1
1753 4589 1913 4644 quare
1936 4591 2019 4631 me
2051 4576 2142 4633 de-

542 4659 839 4731 reliquisti?
872 4659 1024 4733 longe
1050 4678 1085 4717 a
1122 4659 1293 4718 salute
1319 4679 1433 4719 mea
1472 4664 1625 4720 verba
1654 4665 1967 4724 delictorum
2005 4684 2145 4725 meo-

541 4768 683 4809 rum.

610 4846 753 4903 Deus
780 4863 941 4915 meus,
975 4849 1209 4905 clamabo
1238 4867 1329 4924 per
1355 4853 1514 4922 diem,
1543 4862 1593 4910 et
1623 4873 1729 4913 non
1761 4857 2011 4914 exaudies
2041 4872 2062 4914 :
2091 4866 2141 4913 et

539 4957 710 5018 nocte,
732 4956 786 5004 et
808 4964 912 5004 non
934 4947 1004 5002 ad
1028 4947 1384 5020 insipientiam
1407 4949 1557 5007 mihi.

607 5167 634 5195 α
656 5157 830 5215 Verba
854 5158 911 5213 in
949 5160 1100 5217 finem
1130 5159 1182 5214 in
1202 5158 1436 5214 Palatin.
1467 5171 1568 5213 ms.
1594 5158 1702 5213 non
1728 5164 1873 5212 sunt.
1898 5155 2019 5211 Mox
2040 5171 2134 5212 ea:-

530 5231 709 5287 altauit
732 5244 828 5302 pro
853 5230 1146 5298 exsultabit,
1175 5231 1391 5302 sequior
1411 5244 1600 5285 manus
1623 5227 2135 5300 reposuit.Denique

536 5301 847 5373 Diapsalma
874 5301 1324 5371 praetermittitur.

603 5369 764 5445 bllic
792 5369 982 5427 deerat
1011 5388 1171 5445 quem
1201 5374 1270 5429 ad
1301 5369 1530 5445 Palatia,
1572 5370 1697 5426 cod.
1723 5370 1886 5426 iidem
1913 5369 2133 5426 obelum

528 5443 865 5517 praelinituqu
883 5452 935 5517 et
955 5441 1184 5512 voculae,
1211 5460 1334 5517 quae
1356 5446 1419 5517 in_
1435 5441 1598 5517 Hebr.
1631 5457 1846 5513 quoque
1872 5451 2021 5499 textu
2056 5453 2136 5517 ta-

527 5514 637 5572 cet.
679 5514 847 5571 Paulo
862 5516 1030 5587 etiam
1059 5525 1183 5587 post
1208 5516 1277 5570 ad
1308 5514 1535 5569 verbum
1562 5515 1829 5587 importes,
1868 5515 2136 5586 praeposi-

524 5589 733 5646 tionem
760 5588 814 5642 in
839 5586 909 5642 de
936 5586 1088 5643 more
1118 5586 1260 5643 idem
1290 5598 1559 5656 mssvern
1583 5586 1816 5656 jugulat.

606 5670 630 5698 ε
661 5657 831 5715 Carus
868 5667 925 5714 et
976 5657 1205 5715 Palatia.
1244 5672 1350 5713 ms.
1392 5654 1805 5728 llnalia'ptincta
1846 5658 1937 5730 qui
1989 5656 2134 5714 rela-

530 5730 646 5787 tivo
676 5736 1014 5799 praeponunt.
1736 5785 1739 5789 ,

600 5799 629 5839 ἀ
663 5800 991 5857 Veronensis
1018 5817 1146 5867 ms.,
1161 5800 1350 5854 dedisti
1371 5802 1439 5864 ei,
1457 5812 1505 5853 ot
1523 5800 1837 5855 uoluntatem
1858 5800 2123 5855 lubiarum

528 5874 665 5952 eius-
686 5886 789 5930 non
820 5871 1034 5942 pristini
1055 5872 1100 5928 ei
1119 5914 1135 5945 ,
1177 5888 1246 5930 ex
1273 5873 1558 5945 Augustini
1589 5872 1886 5945 l’saltcrio;
1911 5880 1970 5929 ut
1997 5881 2125 5928 sunt

2314 4408 2368 4449 tu
2416 4404 2579 4447 manu
2625 4401 2726 4444 pne
2775 4401 3134 4443 ASSUKPTIONE
3175 4384 3327 4455 [Μς.
3371 4380 3772 4455 suscsprtoutt]

2423 4404 2579 4446 manu
2625 4401 2726 4444 pne
2775 4401 3134 4443 ASSUKPTIONE
3223 4384 3327 4441 Ms.
3371 4396 3669 4441 SUSCBPTIOI

2423 4476 2721 4529 IATU'I‘INA,
2744 4474 2979 4516 ιιεΑιιιυε
3007 4384 3318 4531 cumbis.
3342 4470 3441 4511 lPSl
3470 4453 3669 4527 nmo].

2322 4577 2497 4642 Deus,
2533 4576 2677 4630 Deus
2714 4588 2901 4639 meus,
2939 4573 3153 4645 respice
3194 4572 3248 4627 in
3285 4569 3414 4646 [Ms.
3453 4577 3597 4626 tacet
3631 4567 3707 4641 in]
3740 4582 3859 4636 me,

2245 4682 2419 4741 quare
2441 4682 2531 4723 me
2556 4664 2934 4737 dereliquisti?
2961 4664 3122 4738 longe
3151 4679 3183 4721 a
3205 4663 3379 4722 salute
3405 4676 3550 4732 mea,
3574 4659 3736 4718 verba
3761 4659 3864 4717 dc-

2251 4761 2504 4818 lictorum
2532 4772 2800 4816 meorum.

2316 4856 2460 4911 Deus
2485 4866 2662 4918 meus,
2688 4844 2973 4906 clamaboh
3001 4861 3100 4918 per
3125 4846 3291 4913 diem,
3329 4860 3429 4902 nec
3458 4844 3717 4902 exaudics
3750 4858 3764 4897 :
3799 4842 3859 4898 in

2243 4958 2423 5020 nocte,
2457 4955 2514 5006 et
2543 4961 2650 5004 non
2680 4946 2747 5001 ad
2770 4942 3139 5016 insipientiam
3170 4939 3338 4997 mihi:

2237 5163 2436 5211 canera
2472 5167 2592 5224 qua:
2622 5156 2930 5224 sequuntur
2955 5145 3169 5224 omnia.
3230 5216 3242 5224 _
3271 5215 3283 5224 _
3393 5214 3423 5224 _r
3488 5213 3518 5224 η
3682 5210 3713 5224 η

2316 5235 2340 5264 °
2375 5210 2541 5281 Iidein
2574 5210 2863 5295 libri'pctiit
2904 5229 2952 5295 et
2982 5217 3169 5274 dedisti
3199 5213 3643 5295 cilongitudinem.
3660 5210 3863 5295 dierum

2237 5300 2291 5354 in
2314 5307 2564 5353 aeternum
2603 5306 2650 5351 et
2693 5285 2747 5348 in
2788 5292 3035 5347 swculum
3079 5287 3295 5345 saeculi:
3328 5297 3441 5341 tum
3478 5288 3530 5340 in
3564 5285 3727 5339 salute
3768 5291 3860 5337 tua

2248 5384 2349 5442 pro
2368 5368 2627 5442 salutari,
2661 5375 2768 5421 etc.
2938 5434 2950 5442 _
3058 5431 3109 5442 __
3421 5427 3433 5442 _
3475 5426 3519 5442 μ
3595 5427 3639 5442 η
3706 5423 3805 5442 ΑΒ

2319 5440 2340 5479 τ
2367 5423 2694 5496 Βιιτδιηηόκ
2727 5434 3026 5506 Augustino
3058 5431 3201 5506 idem
3235 5445 3365 5495 ms.,
3398 5426 3544 5506 dabis
3558 5427 3608 5480 ei
3622 5423 3863 5506 benedici

2244 5520 2471 5580 tionem,
2500 5520 2553 5567 et
2583 5524 2699 5563 cum
2721 5499 2916 5578 gau'dio
2949 5519 3048 5577 pro
3075 5505 3160 5572 in,
3198 5511 3306 5560 etc.
3343 5519 3358 5557 :
3385 5499 3620 5570 denique
3641 5539 3656 5566 ,
3681 5501 3863 5568 sperat

2251 5602 2305 5640 m
2321 5583 2730 5710 80%szrclini'dem
2760 5662 2864 5701 ms.
2898 5658 3202 5716 pronomen
3228 5660 3342 5713 eos,
3392 5653 3506 5699 tum
3537 5638 3858 5715 prwparabis

2241 5728 2376 5795 legit
2402 5740 2498 5797 pro
2531 5730 2880 5797 prwparare._
2991 5788 3034 5797 η
3276 5786 3289 5797 .

2312 5780 2337 5836 ί»
2366 5780 2961 5862 ᾸιιιιίιόχἈυειι-ῑῑῃο
2991 5786 3321 5862 Veronensis
3364 5800 3474 5843 ms.
3513 5783 3744 5842 voculas
3778 5780 3848 5835 ad

2234 5881 2283 5926 te
2315 5885 2332 5925 :
2357 5878 2483 5928 mox
2512 5877 2559 5924 et
2589 5860 2732 5922 nocte
2748 5859 2858 5935 'pto
2884 5859 2939 5917 in
2964 5871 3115 5918 nocte
3143 5859 3292 5931 legit.
