4036 6338
230 342 323 398 155

1498 332 1700 390 LIBER
1742 331 2193 393 PSALMOBUM.

3401 330 3506 391 154

282 457 357 512 Tu
377 463 547 510 autem
570 455 623 508 in
641 461 817 508 sancto
842 450 1065 515 habitas,
1099 448 1213 504 laus
1241 447 1410 503 Israel
1443 493 1457 517 ,
1505 450 1559 503 in
1592 456 1641 503 te
1680 466 1799 515 spe-
1828 454 1881 514 Α
1975 451 2059 507 Τιι
2086 458 2262 507 autem
2287 450 2340 505 in
2370 456 2559 507 sancto
2586 448 2816 517 habitas,
2848 447 2964 506 laus
2989 447 3175 515 Israel,
3208 448 3261 505 in
3294 458 3345 505 te
3374 465 3501 521 spe.

222 557 448 605 rat'erunt
516 555 687 617 patres
736 545 899 601 nostri
954 560 973 600 :
1025 552 1358 612 speravcrnnt
1393 582 1408 609 ,
1467 551 1511 595 et
1575 541 1801 596 liberasti

222 660 315 698 σοι.

283 735 359 789 Ad
386 744 432 789 te
451 734 836 799 clamauerunt,
875 740 923 787 et
950 729 1083 786 salui
1114 730 1239 801 {acti
1263 738 1381 783 sunt
1411 744 1430 783 :
1457 728 1513 782 in
1539 736 1587 781 te
1620 743 1800 799 spera.
1828 744 1833 749 ‘

220 836 403 893 terunt,
430 837 479 881 et
506 844 611 880 non
638 834 759 879 sunt
781 826 1005 894 confusi.

286 916 389 990 Ego
418 926 589 972 autem
616 932 735 971 sum
761 917 974 979 vermis,
1013 921 1060 968 et
1092 930 1197 969 non
1232 913 1387 967 homo
1409 953 1424 978 ,
1464 910 1800 983 Opprobrium

220 1009 487 1073 hominum,
524 1019 570 1063 et
596 1008 817 1079 abjectio
847 1005 1031 1079 plebis.

284 1101 461 1157 Omnes
478 1102 704 1156 videntes
724 1116 823 1165 me,
843 1100 1132 1154 deriserunt
1150 1114 1229 1153 me
1253 1113 1272 1153 :
1295 1096 1453 1152 locuti
1477 1105 1596 1151 sunt
1627 1095 1797 1164 labiis,

223 1211 275 1250 —.'—
302 1205 347 1249 et
379 1196 401 1263 1
435 1203 701 1250 moverunt
731 1204 907 1265 caput.

281 1289 509 1361 Speravit
552 1290 605 1343 in
649 1286 905 1357 Domino,
940 1288 1125 1359 eripiat
1169 1304 1287 1343 eunt
1328 1304 1347 1343 :

220 1397 341 1443 eum,
364 1380 609 1451 quoniam
638 1380 745 1433 vult
772 1394 906 1433 eum.

281 1469 531 1534 Quoniam
558 1480 614 1523 tu
659 1486 712 1524 es
736 1512 751 1535 ,
784 1472 876 1540 qui
902 1469 1176 1523 extruxisti
1217 1486 1300 1523 me
1335 1469 1397 1523 de
1421 1480 1598 1524 ventre
1635 1485 1654 1524 :
1684 1486 1800 1539 spes

220 1580 317 1617 mea
351 1563 413 1617 ab
440 1562 682 1617 uberibus
713 1563 893 1617 matris
939 1577 1097 1631 uteie,
1130 1563 1184 1616 in
1220 1573 1267 1616 te
1297 1566 1557 1635 projectus
1595 1581 1706 1619 sum
1737 1581 1800 1619 ea:

220 1664 367 1710 utero.

281 1745 350 1800 De
376 1755 547 1801 ventre
577 1746 760 1801 matris
790 1762 916 1803 mea:
936 1788 951 1816 ,
994 1745 1139 1802 Deus
1163 1763 1303 1801 meus
1332 1762 1385 1801 es
1412 1757 1467 1801 tu
1491 1763 1511 1802 :
1537 1764 1601 1803 ne
1632 1756 1657 1786 ι
1686 1748 1796 1803 dis-

1395 1290 1595 1344 solvunt
1640 1288 1799 1359 faciat

221 1845 406 1897 cesseris
434 1856 491 1896 σθ
520 1858 553 1895 a
579 1857 661 1896 me
686 1841 709 1909 1
1824 1855 1872 1916 Β

282 1934 529 2000 Quoniam
555 1936 827 1990 tribulatio
850 1936 1089 2008 proxima
1119 1944 1192 1990 est
1224 1951 1241 1987 :
1270 1937 1517 2007 quoniam
1552 1952 1653 1992 non
1688 1944 1760 1993 est
1784 1978 1799 2005 ,

221 2032 295 2100 qui
319 2032 539 2104 adjuvet.
572 2028 601 2068 ι’

280 2121 728 2191 Circumdederunt
754 2138 835 2177 me
858 2124 1006 2178 vituli
1026 2124 1175 2177 multi
1209 2139 1227 2179 :
1257 2124 1391 2180 tauri
1418 2125 1635 2197 pingues
1659 2125 1804 2181 obse-

220 2220 385 2271 derunt
403 2234 501 2273 me.

279 2311 593 2383 Aperuerunt
629 2328 787 2381 super
821 2327 901 2366 me
926 2328 982 2367 os
1020 2328 1202 2375 suum,
1232 2312 1361 2365 sicut
1402 2312 1481 2367 leo
1521 2313 1729 2385 rapiens
1754 2322 1803 2368 et

219 2404 422 2475 rugiens.

280 2499 416 2555 Sicut
453 2516 596 2572 aqua
621 2542 634 2568 ,
678 2499 873 2569 effusus
909 2515 1070 2554 sum:
1109 2507 1155 2555 et
1194 2500 1430 2571 dispersa
1467 2507 1589 2554 sunt
1629 2501 1803 2556 omnia

129 2640 139 2656 ,
219 2610 318 2648 οδω
342 2610 470 2647 mea.

278 2689 488 2744 Factum
515 2697 594 2744 est
623 2705 713 2744 cor
740 2706 909 2745 meum
937 2700 1200 2762 tamquam
1229 2704 1348 2743 cera
1388 2688 1673 2761 liquescens
1691 2731 1705 2756 ,
1747 2689 1801 2744 in

220 2781 366 2834 medio
393 2784 585 2837 ventris
615 2787 733 2836 mei.

278 2873 437 2939 Aruit,
463 2885 733 2945 tamquam
762 2882 915 2940 testa,
940 2874 1100 2927 virtus
1128 2888 1261 2940 mea,
1292 2882 1339 2927 et
1357 2873 1539 2943 lingua
1563 2890 1675 2927 mea
1709 2873 1801 2925 ad~

217 2967 343 3023 Iussit
374 2968 614 3039 faucibus
654 2968 781 3023 meis
822 2981 842 3023 :
872 2976 919 3021 et
955 2967 1011 3021 in
1039 2965 1299 3038 pulverem
1334 2966 1513 3020 mortis
1541 2965 1805 3021 deduxisti

215 3075 301 3113 me.

277 3151 527 3217 Quoniam
553 3152 1007 3208 circumdederunt
1036 3167 1114 3206 me
1133 3166 1287 3207 canes
1310 3164 1371 3206 -ξ-
1403 3151 1551 3206 multi
1579 3150 1601 3220 1
1632 3150 1803 3205 conci-

214 3244 326 3299 lium
360 3248 768 3322 malignantinm
796 3247 992 3301 obsedit
1023 3262 1121 3300 me.

274 3337 545 3395 Foderunt
575 3356 759 3394 manus
785 3357 943 3407 meas,
976 3348 1023 3394 et
1050 3339 1203 3413 pedes
1236 3354 1406 3408 meos,
1450 3339 1805 3396 dinumerave-

213 3441 317 3484 runt
346 3435 527 3487 omnia
559 3450 680 3488 ossa
704 3450 835 3488 mea.

276 3526 379 3599 Ipsi
398 3545 527 3584 vero
555 3529 1037 3594 consideraverunt,
1064 3537 1111 3582 et
1147 3528 1483 3599 inspexerunt
1507 3543 1585 3580 me
1615 3544 1633 3581 :
1670 3528 1805 3581 divi-

212 3630 368 3673 serunt
395 3622 498 3675 sibi
531 3622 834 3675 vestimenta
858 3637 993 3687 mea,
1028 3628 1078 3675 et
1106 3636 1262 3691 super
1297 3629 1482 3674 vestem
1508 3634 1675 3671 meam
1700 3618 1801 3673 mi-

210 3723 367 3766 serunt
389 3724 609 3768 ιονιεηι.

272 3803 344 3856 Tu
366 3818 569 3868 autem,
597 3803 839 3871 Domine,
868 3822 932 3860 ne
953 3805 1273 3874 elongaveris
1305 3803 1564 3858 auxilium
1602 3811 1801 3857 tuuma

209 3912 279 3949 me
304 3913 319 3951 :
348 3898 415 3953 ad
445 3897 803 3967 defensionem
833 3914 999 3951 meam
1020 3896 1285 3967 ,conspice.

275 3989 403 4045 Erue
429 4010 459 4045 (ι
494 3994 695 4063 [ramea
725 4006 785 4047 +
823 4002 844 4029 ο
882 3990 1021 4045 Dens
1053 3990 1075 4058 1
1107 3993 1331 4045 animant
1356 4006 1521 4045 meum
1551 4005 1567 4043 :
1604 4005 1663 4047 ἐν
1696 4000 1742 4045 ct
1775 3990 1798 4058 1

211 4082 266 4136 de
292 4100 447 4138 manu
479 4084 653 4150 canis,
688 4084 897 4137 unicam
928 4099 1110 4137 meam.

273 4176 428 4231 Salva
454 4193 542 4231 me
576 4193 641 4232 ex
668 4193 757 4232 ore
785 4177 947 4232 leonis
971 4190 992 4231 :
1020 4186 1077 4248 et
1122 4193 1155 4230 a
1189 4175 1431 4231 cornibus
1479 4176 1808 4232 unicornium

210 4272 556 4327 humilitatem
588 4288 777 4327 meam.

277 4363 521 4420 Narrabo
550 4382 732 4420 nomen
756 4372 901 4419 tuum
926 4364 1179 4436 fratribus
1210 4364 1333 4419 meis
1360 4380 1381 4418 :
1408 4364 1461 4417 in
1504 4364 1673 4419 medio
1705 4363 1809 4420 Isc-

210 4455 364 4510 desire
394 4457 629 4511 laudabo
649 4466 716 4511 te.

279 4549 375 4616 Qui
404 4551 603 4605 timetis
626 4549 906 4604 Dominum
950 4548 1163 4604 laudate
1203 4566 1318 4604 eum
1344 4566 1363 4605 :
1409 4549 1703 4605 universum
1728 4567 1812 4606 se-

210 4659 314 4699 men
341 4642 532 4713 lacob,
563 4644 855 4717 glori/icate
879 4660 1019 4699 eum.
1054 4639 1083 4681 ἀ

276 4814 300 4841 ⁸
330 4805 437 4861 Pro
464 4804 574 4861 hoc
600 4804 865 4859 asterisco
896 4806 982 4871 ξβζ,
1017 4802 1346 4872 scriptorum
1378 4816 1566 4856 errore
1599 4803 1803 4869 positus

211 4886 288 4931 est
314 4877 507 4931 obelus
526 4892 587 4930 —:—
616 4876 669 4930 in
693 4890 794 4931 ms.
828 4875 1155 4940 Sorbonieo,
1186 4876 1275 4941 qui
1307 4874 1426 4927 haze
1452 4878 1603 4943 signa
1633 4873 1804 4929 minio

209 4955 566 5072 ﬁrmasseth
618 4962 741 5003 cum
791 4947 1004 5002 duobus
1054 4947 1269 5017 punctis
1318 4946 1801 5015 consequentibus.

260 5035 381 5074 Αιιτ.

278 5113 302 5151 ι»
331 5114 373 5168 Ε
403 5114 628 5185 regione
652 5120 877 5167 anuOtat
906 5111 1187 5185 Palatinus
1210 5109 1674 5185 ms._Diapsalma.

280 5196 300 5223 ε
332 5181 557 5240 Rectius
579 5184 750 5240 ferme
776 5193 1066 5254 utrumque
1089 5182 1242 5237 abest
1264 5196 1294 5236 a
1318 5181 1809 5254 Palatiuo_ms._no-

213 5272 329 5310 men
365 5257 532 5321 Deus,
565 5266 619 5311 et
643 5273 807 5323 veru,
841 5272 949 5326 quo
979 5252 1319 5321 confoditur,
1349 5252 1806 5324 quemadmodum

212 5338 261 5380 et
287 5330 339 5381 in
366 5328 562 5383 Grteco
587 5330 704 5397 ipso
731 5338 812 5383 est
836 5336 1004 5381 textu.

276 5417 302 5455 ιι
348 5420 448 5475 llic
472 5436 503 5475 e
530 5420 754 5490 regione
776 5420 1051 5475 Palatinus
1085 5436 1187 5473 ms.
1221 5417 1529 5489 Diapsalma
1558 5419 1804 5488 apponit.

282 5524 305 5549 ν
338 5513 487 5569 Idem
536 5530 660 5567 cum
696 5514 925 5583 August.
962 5528 1099 5577 ms.,
1139 5513 1229 5582 qui
1277 5512 1658 5578 conspiciebant
1703 5528 1806 5581 me,

211 5583 599 5639 subsannabanl
622 5602 720 5653 me,
745 5595 792 5638 et
821 5585 978 5639 locuti
1004 5594 1121 5638 sunt
1151 5586 1203 5637 in
1226 5585 1398 5638 labiis.

286 5654 304 5693 ί
345 5657 401 5709 1η
426 5657 616 5713 eodem
641 5672 767 5720 ms.,
795 5657 1149 5722 circumdedit,
1180 5656 1337 5711 unice
1360 5670 1481 5709 eum
1510 5654 1735 5727 August.

288 5739 311 5772 ε
343 5728 507 5781 Addit
534 5728 677 5781 idem
709 5744 811 5782 ms.
837 5744 918 5781 me
937 5744 957 5781 :
987 5738 1096 5781 tum
1126 5728 1427 5781 vestimenta
1465 5744 1557 5779 sua
1584 5742 1811 5795 promea

220 5794 345 5867 legit
370 5839 385 5860 ,
430 5800 570 5865 quin]
595 5809 784 5869 aperte
825 5800 1142 5854 tuendosqu
1180 5807 1264 5853 est
1292 5816 1303 5851 :
1336 5808 1391 5853 et
1414 5794 1596 5852 nescio
1630 5809 1809 5853 tamen

213 5883 314 5936 qua
338 5875 610 5946 περιεργίᾳ
635 5870 832 5936 editor,
850 5880 905 5925 ut
922 5887 988 5928 ne
1004 5870 1134 5927 illud
1147 5869 1436 5941 suspiceris
1460 5884 1581 5925 esse
1606 5879 1695 5927 aut
1714 5883 1807 5925 au-

1908 556 2162 603 ravernnt
2194 556 2373 616 patres
2401 545 2574 601 nostri
2603 563 2614 598 :
2650 553 3028 617 speraverunt,
3047 543 3497 617 etliberastiws.

1906 642 2117 714 eruisti]
2148 656 2263 698 eos.

1978 735 2059 790 Ad
2092 745 2143 791 te
2167 735 2557 800 clamaverunt,
2588 741 2641 788 et
2666 732 2797 787 salvi
2827 730 2952 787 facti
2976 738 3103 786 sunt
3131 749 3144 786 :
3169 730 3221 786 in
3244 738 3297 786 te
3326 744 3505 801 spera—

1905 837 2121 893 verunt,
2155 837 2209 883 et
2240 843 2344 883 non
2368 836 2495 883 sunt
2519 825 2753 882 confusi.

1979 922 2091 991 Ego
2119 930 2299 976 autem
2327 936 2445 975 sum
2470 920 2688 978 vermis.
2712 926 2895 973 etnon
2921 915 3086 972 homo
3112 932 3125 971 :
3150 913 3500 988 opprobrium

1906 1014 2210 1079 hominum,
2245 1024 2299 1069 et
2319 1014 2552 1085 abjeetio
2584 1013 2775 1084 plebis.

1975 1111 2177 1165 Omnes
2198 1108 2287 1177 qui
2309 1118 2331 1146 ο
2364 1107 2617 1163 videbant
2647 1122 2765 1171 me,
2794 1102 3222 1177 aspernabantur
3260 1116 3347 1158 me
3376 1118 3391 1157 :
3425 1101 3505 1156 lo-

1904 1202 2013 1258 cuti
2044 1210 2169 1255 sunt
2191 1199 2376 1267 labiis,
2407 1208 2462 1255 et
2491 1208 2775 1255 moverunt
2804 1206 2984 1268 caput.

1976 1291 2225 1359 Speravit
2256 1290 2307 1345 in
2332 1290 2582 1356 Domino,
2614 1290 2809 1361 eripiat
2839 1288 2965 1361 [Ms.
2996 1285 3170 1359 eruat]
3196 1301 3323 1343 eum
3353 1302 3366 1340 :
3398 1282 3505 1340 sal-

1902 1401 2030 1443 vum
2055 1384 2215 1441 faciat
2242 1398 2389 1449 eum,
2422 1382 2675 1454 quoniam
2707 1383 2822 1438 vult
2849 1382 2977 1454 [Ms.
2999 1380 3190 1453 voluit]
3211 1396 3357 1436 eum.

1974 1478 2239 1548 Quoniam
2272 1486 2328 1531 tu
2353 1490 2411 1531 es
2437 1517 2451 1541 ,
2484 1476 2573 1547 qui
2597 1474 2907 1529 abstraxisti
2938 1470 3389 1545 [Msextraxisti]
3417 1486 3505 1527 me

1903 1570 1972 1626 de
1992 1580 2213 1636 ventre,
2250 1583 2373 1638 spes
2400 1582 2517 1623 mea
2546 1567 2615 1622 ab
2646 1567 2900 1623 uberiths
2930 1566 3119 1621 matris
3150 1580 3285 1620 meae
3311 1606 3326 1630 ,
3368 1563 3421 1618 in
3451 1573 3503 1619 te

1897 1666 2131 1736 jactatus
2162 1679 2281 1719 sum
2318 1678 2381 1720 ex
2414 1671 2566 1718 utero
2594 1679 2607 1715 :
2632 1662 2698 1718 de
2720 1672 2905 1717 ventre
2936 1659 3124 1716 matris
3152 1674 3320 1725 mete,
3365 1658 3505 1715 Deus

1905 1774 2059 1816 meus
2081 1773 2142 1816 ES
2169 1766 2247 1813 tu.

1980 1946 2056 2003 Ne
2071 1944 2388 2001 discesseris
2410 1942 2535 2015 [Ms.
2553 1939 2825 2012 discedas]
2851 1956 2876 1994 a
2895 1954 2999 2006 me,
3016 1939 3269 2011 quoniam
3284 1937 3505 1993 tribula-

1907 2041 1980 2096 tio
1995 2038 2237 2110 proxima
2255 2047 2336 2094 est
2364 2054 2377 2092 :
2402 2046 2455 2092 et
2478 2034 2607 2106 ῘΜε.
2627 2032 2903 2105 quoniam]
2919 2039 3142 2098 nonest,
3158 2031 3246 2101 qui
3268 2030 3503 2101 adjuvet.

1976 2132 2458 2189 Circumdederunt
2490 2145 2575 2187 me
2598 2128 2747 2185 vituli
2767 2128 2918 2184 multi
2950 2145 2963 2182 :
2996 2126 3133 2183 tauri
3153 2126 3379 2198 pingues
3405 2124 3506 2181 ob-

1906 2228 2165 2283 sederunt
2186 2240 2295 2281 me.

1977 2318 2321 2389 Aperueruut
2352 2314 2406 2369 in
2440 2329 2526 2369 me
2548 2328 2609 2367 os
2632 2328 2812 2379 suum,
2835 2311 2976 2368 sicut
2999 2311 3084 2367 leo
3111 2309 3325 2382 rapiens
3343 2318 3394 2364 et
3416 2324 3510 2363 ru-

1903 2412 2057 2485 giens
2078 2428 2094 2467 :
2114 2410 2428 2480 sicutaqua,
2453 2406 2621 2463 ellusa
2651 2416 2778 2461 sunt
2801 2406 2927 2478 [Με.
2944 2406 3148 2463 eﬂ'usus
3174 2403 3337 2478 sum],
3354 2403 3507 2461 etdi-

1906 2522 2096 2579 spersa
2127 2514 2254 2562 sunt
2285 2502 2465 2561 omnia
2495 2517 2622 2558 ossa
2651 2516 2797 2557 mea.

1979 2693 2047 2748 Et
2090 2692 2215 2765 [Μδ.
2251 2699 2381 2745 tacet
2421 2687 2498 2761 et]
2537 2687 2733 2743 factum
2772 2694 2858 2743 est
2889 2702 2984 2742 cor
3021 2701 3201 2741 meum
3235 2693 3506 2756 tamquam

1905 2800 2031 2843 cera
2058 2784 2341 2855 liquellens
2359 2782 2483 2855 [Μδ.
2504 2780 2854 2853 liquescens!,
2876 2780 2927 2835 in
2955 2780 3134 2835 medio
3153 2780 3354 2834 ventris
3379 2778 3505 2833 lutei.

1978 2878 2222 2942 Exaruit,
2255 2876 2401 2931 velut
2428 2884 2588 2941 testa,
2620 2874 2787 2930 virtus
2816 2889 2956 2939 mea,
2982 2883 3037 2930 et
3062 2874 3241 2943 lingua
3274 2888 3392 2928 mea
3416 2872 3507 2926 ad-

1908 2972 2063 3029 haesit
2114 2970 2357 3028 faucibus
2386 2969 2522 3027 meis
2556 2988 2570 3025 :
2599 2977 2655 3028 et
2698 2969 2752 3025 in
2773 2968 3056 3042 pulverem
3104 2968 3297 3024 mortis
3333 2966 3509 3023 dedu-

1906 3067 2031 3122 xisti
2064 3081 2171 3121 me.

1977 3158 2241 3227 Quoniam
2255 3157 2825 3214 circumdederuntme
2841 3171 3001 3214 canes
3016 3156 3172 3213 multi
3190 3173 3203 3212 :
3221 3155 3507 3213 concilium
3588 3168 3609 3191 ο

1831 3252 1877 3316 C
1911 3250 2355 3321 tnaliguautiumf
2395 3252 2608 3307 obsedit
2636 3266 2742 3306 me.

1980 3346 2624 3401 Foderuntmanusmeas
2649 3355 2703 3401 et
2732 3344 2857 3411 [.lls.
2882 3342 3105 3417 tacetet]
3129 3343 3294 3415 pedes
3322 3357 3508 3400 meos:

1908 3451 1958 3496 et
1982 3440 2463 3496 dinumeraverunt
2485 3440 2662 3495 omnia
2691 3454 2814 3495 ossa
2849 3454 2989 3494 mea

1981 3532 2083 3605 Ipsi
2119 3548 2268 3600 vero,
2298 3531 2852 3598 consideraveruutS,
2885 3540 2935 3585 et
2963 3538 3365 3603 conspexerunt
3393 3544 3511 3584 me:

1908 3624 2223 3680 diviserunt.
2265 3624 2366 3679 sibi
2417 3624 2734 3679 vestimenta
2773 3638 2890 3677 mea
2933 3640 2947 3677 :
2985 3632 3040 3678 et
3088 3637 3251 3694 super
3306 3632 3513 3677 vestem

1908 3732 2083 3772 meam
2114 3715 2239 3787 Ws.
2272 3716 2650 3771 vestimentum
2678 3730 2855 3769 meum
2888 3714 3152 3769 miserunt
3179 3723 3401 3768 sortem.

1978 3810 2057 3864 'l‘u
2089 3819 2291 3874 autem,
2311 3808 2554 3871 Domine,
2579 3823 2646 3862 ne
2672 3807 2828 3877 longe
2846 3804 3052 3861 “facias
3081 3805 3341 3860 auxilium
3362 3814 3510 3860 tuum

1908 3916 1939 3956 a
1969 3916 2057 3956 me
2088 3917 2100 3953 :
2130 3900 2195 3954 ad
2219 3898 2347 3971 [31s.
2379 3897 2455 3968 in]
2483 3898 2851 3954 defensionem
2882 3913 3057 3952 meam
3082 3898 3284 3968 aspice.

1984 3993 2126 4048 Erue
2151 4009 2180 4048 a
2214 3992 2415 4048 framea
2450 3992 2684 4047 animam
2722 4006 2899 4047 meam
2928 4006 2944 4046 :
2977 3999 3031 4047 et
3062 3989 3130 4046 de
3171 4005 3336 4046 manu
3362 3988 3514 4046 canis

1910 4086 2126 4142 unicam
2154 4100 2352 4141 meam.

1984 4182 2177 4239 Libera
2202 4196 2287 4237 me
2315 4179 2443 4254 HIs.
2469 4180 2679 4236 salvum
2713 4194 2799 4236 me
2831 4177 2936 4250 fac]
2966 4178 3034 4234 de
3056 4191 3153 4234 ore
3193 4176 3367 4233 leonis
3408 4188 3424 4233 :
3457 4184 3516 4232 et.

1913 4290 1943 4330 a
1973 4275 2231 4331 cornibus
2263 4274 2689 4330 unicornuorum
2721 4272 3080 4327 humilitatem
3121 4284 3321 4325 meam.

1986 4368 2230 4423 Narrabo
2283 4382 2482 4423 nomen
2517 4376 2667 4421 tuum
2696 4364 2957 4420 fratribus
3003 4364 3189 4419 meis:
3239 4364 3291 4418 in
3333 4360 3514 4420 medio

1914 4461 2173 4516 Ecclesia:
2203 4460 2442 4516 laudabo
2470 4458 2598 4533 [Ms.
2636 4456 2891 4530 cantabo]
2924 4468 2997 4513 te.

1987 4554 2088 4621 Qui
2122 4554 2325 4608 timetis
2364 4551 2677 4615 Dominum,
2724 4550 2948 4606 laudate
2992 4565 3119 4607 eum
3148 4564 3163 4605 :
3196 4548 3517 4606 universum

1834 4639 1887 4702 D
1912 4658 2103 4702 semen
2131 4644 2371 4715 Jacobti
2408 4645 2756 4717 magniﬁcate
2794 4660 2941 4701 eum.

1912 4802 2126 4875 tiquarii
2154 4813 2246 4857 aut
2283 4803 2601 4876 typograpbi
2632 4804 2918 4872 mendum,
2953 4804 3022 4859 ita
3052 4802 3247 4876 [monet
3277 4802 3518 4860 retinen-

1912 4876 2061 4947 dum,
2091 4877 2201 4947 lege
2228 4891 2350 4941 sua,
2384 4892 2483 4931 non
2517 4891 2657 4947 mea.

1985 4945 2011 4985 ιι
2038 4944 2212 5002 Penes
2243 4952 2467 5016 August.
2495 4958 2550 5002 et.
2572 4946 2880 5003 Veronens.
2910 4961 3010 5002 ms.
3043 4948 3241 5018 feceris.
3275 4944 3380 4999 Pro
3412 4962 3511 5018 au-

1913 5019 2099 5073 atilium
2130 5029 2292 5085 tuum,
2326 5018 2467 5089 quod
2497 5022 2761 5089 sequitur,
2782 5028 2928 5073 notat
2958 5016 3316 5088 Hieronymus
3344 5016 3508 5083 epist.

1915 5092 1981 5143 ad
2008 5090 2266 5145 Sunuiam
2290 5088 2355 5145 et
2374 5088 2667 5155 Fretelam,
2700 5091 2975 5145 invenisse
3004 5088 3510 5151 eos,au:riliumme-

1918 5180 2007 5217 um
2035 5164 2194 5235 quod,
2216 5163 2415 5235 inquit,
2447 5173 2492 5218 et
2518 5179 2690 5216 verum
2721 5171 2817 5228 est,
2847 5172 2892 5235 et
2910 5162 2981 5214 ita
3012 5159 3387 5235 corrigendum.
3410 5160 3514 5212 Re-

1914 5230 2159 5290 vera'sic
2203 5230 2382 5290 ierunt
2419 5234 2711 5301 originales
2754 5233 2875 5286 libri
2930 5230 3323 5286 omnes.’Audi
3368 5246 3511 5286 nunc

1913 5307 2043 5375 quid
2072 5307 2401 5362 Veronensis
2444 5306 2603 5375 hujus
2638 5303 2877 5374 psalterii
2920 5304 3098 5357 editor
3128 5303 3352 5373 doceat,
3389 5318 3518 5373 per»

1913 5394 2073 5449 quam
2106 5380 2247 5432 enim
2280 5394 2398 5433 rare
2422 5378 2624 5445 aliquid
2650 5377 2792 5449 ultra
2824 5377 3096 5428 variantes
3124 5376 3510 5449 lcetioneszui-

1914 5444 2039 5505 det:
2078 5449 2182 5503 Pro
2210 5465 2237 5502 a
2264 5465 2371 5516 me,
2399 5444 2589 5514 inquit,
2625 5448 2683 5501 S.
2721 5445 3092 5517 Hieronymus,
3125 5447 3177 5500 in
3207 5447 3355 5517 epist.
3386 5444 3509 5509 155,

1913 5524 2019 5575 vult
2047 5523 2143 5592 legi
2173 5534 2405 5575 meeum.
2441 5519 2595 5592 Fal-a
2635 5518 2883 5588 equidem
2917 5533 2980 5572 ac
3014 5533 3293 5592 perverse.
3324 5518 3518 5592 “icto-

1914 5588 2110 5664 nymus
2142 5606 2315 5660 neque
2354 5591 2574 5643 Voculas
2610 5606 2640 5641 a
2667 5605 2743 5641 me
2766 5589 3170 5664 respexit,_sed
3210 5588 3511 5664 prond'mcn

1916 5658 2091 5729 tuum;
2122 5658 2297 5732 neque
2326 5675 2423 5731 pro
2450 5675 2516 5716 eo
2550 5676 2748 5715 mecum
2783 5661 3163 5732 corrigendum
3199 5658 3374 5729 dixit,
3415 5658 3511 5714 sed

1915 5752 2101 5789 meum.

1995 5805 2005 5841 ί
2056 5806 2110 5858 In
2133 5805 2324 5859 Grteco
2360 5803 2606 5873 legebant
2637 5804 2839 5859 Sunnia
2871 5822 2933 5858 ac
2958 5804 3167 5859 Fretela
3198 5800 3508 5872 gloriﬁcate.

1914 5879 2086 5948 Super
2110 5893 2211 5947 qua
2245 5892 2303 5932 re
2334 5878 2523 5933 isdwe
2557 5879 2764 5933 Iuonuit
2794 5880 2848 5933 ὃ.
2885 5878 3243 5946 Hieronymus
3282 5891 3292 5925 :
