4062 6356
476 294 583 357 155

1470 289 1532 350 S.
1578 287 1968 349 HlEIiONYIII
2005 289 2244 350 DIVINA
2281 290 2763 351 BiBLIOTHECA.

3683 298 3873 361 I55'

548 416 747 475 Timeat
770 429 889 479 eum
914 428 1064 470 omne
1084 427 1256 468 semen
1283 408 1772 485 Israel:quo.niam
1801 423 1906 465 non
1926 412 2159 483 spre-A
2252 409 2465 467 Timeat
2490 426 2617 467 eum
2665 427 2829 468 omne
2871 426 3063 470 semen
3114 414 3307 483 Israel,
3360 415 3617 487 quoniam
3674 433 3783 475 non

472 510 565 574 vit,
593 522 755 580 neque
774 507 1008 578 despexit
1034 504 1448 579 deprecationem
1474 502 1744 576 pauperis.

547 601 658 656 Nec
682 602 863 656 avertit
895 598 1082 672 [aciem
1106 614 1252 652 suam
1298 614 1331 650 a
1358 612 1472 664 me;
1514 605 1561 652 et
1600 610 1720 650 cum
1751 602 1777 632 ⁸
1800 592 2083 665 clamarem

472 692 544 749 ad
572 709 709 759 eum,
743 691 1003 749 exaudivit
1036 706 1098 748 ἀ-
1130 692 1255 761 me:

546 786 700 859 Apud
726 795 776 841 te
794 785 912 840 laus
937 799 1051 838 mea
1076 782 1131 837 in
1158 780 1378 837 ecclesia
1399 796 1628 855 magna:
1659 788 1776 835 vota
1806 795 1921 843 mea
1964 777 2084 835 red-

471 879 597 935 dam
625 881 681 935 in
709 887 985 949 conspectu
1016 878 1311 933 timentium
1341 891 1483 932 eum.

559 972 730 1027 Edent
769 986 1050 1043 pauperes,
1106 979 1154 1025 et
1207 968 1606 1036 saturabuntur,
1661 983 1714 1024 ’ἒ
1754 977 1803 1023 et
1836 967 1859 1038 1
1892 968 2082 1024 lauda.

477 1067 602 1122 bunt
644 1062 949 1131 Dominum,
974 1062 1064 1135 qui
1099 1061 1364 1135 requirunt
1391 1077 1511 1121 eum
1541 1077 1561 1116 :
1590 1061 1755 1116 vivent
1782 1059 1948 1115 corda
1986 1077 2079 1117 eo-

477 1178 594 1217 rum
623 1161 677 1215 in
700 1159 953 1215 swculum
983 1171 1041 1213 οξ
1076 1154 1256 1233 seaculi
1290 1154 1339 1225 1‘

549 1251 993 1319 Reminiscentur,
1051 1257 1099 1304 et
1124 1254 1485 1305 convertentur
1511 1244 1581 1303 ad
1624 1241 1914 1303 Dominum
1962 1247 2084 1303 uui-

475 1347 609 1401 versi
634 1345 763 1416 ﬁnes
786 1351 959 1419 terrai.

545 1435 616 1492 Et
636 1420 930 1492 adorabunt
968 1434 1023 1490 in
1068 1439 1347 1505 conspectu
1398 1431 1514 1504 ejus
1561 1430 1816 1487 universa:
1867 1431 2085 1505 familia:

482 1533 740 1607 gentium.

552 1627 813 1696 Quoniam
846 1622 1057 1681 Domini
1097 1630 1174 1680 est
1206 1636 1445 1696 regnum,
1480 1628 1530 1679 et
1557 1637 1616 1679 αι-
1649 1620 1760 1694 ipse
1788 1619 2084 1678 dominabi-

480 1728 569 1774 tur
592 1719 843 1791 gentium.

2183 501 2420 574 sprevit,
2451 519 2630 575 neque
2659 503 2911 578 despexit
2965 520 3158 576 preces
3189 522 3481 579 pauperum
3502 509 3630 583 [Με.
3663 525 3788 581 pre-

2182 610 2303 652 cem
2335 595 2608 669 pauperis]
2642 615 2654 651 :
2689 612 2866 668 neque
2894 600 3096 655 avertit
3127 598 3321 657 faciem
3352 616 3505 656 suam
3535 616 3564 654 a
3597 617 3703 666 me,
3729 610 3788 659 et

2182 689 2313 747 dum
2342 689 2471 763 Ws.
2499 690 2648 765 cum]
2677 691 2973 750 clamarem
2995 692 3064 749 ad
3085 709 3237 762 eum,
3262 694 3546 753 exaudivit
3573 711 3682 753 me.

2255 782 2413 854 Apud
2457 794 2509 839 te
2538 780 2565 823 ά
2610 784 2729 840 laus
2785 785 2916 841 mihi
2964 785 3019 842 in
3072 786 3325 843 Ecclesia
3375 803 3615 859 magna:
3659 795 3787 847 vota

2186 891 2305 937 mea
2340 876 2570 934 Domino
2602 877 2825 937 reddam
2857 892 3041 936 coram
3084 878 3403 957 timentibus
3429 896 3575 937 eum.

2259 970 2434 1026 Edent
2465 986 2756 1043 pauperes,
2810 980 2866 1027 et
2917 972 3308 1031 saturabuutur
3338 990 3351 1028 :
3384 980 3441 1029 et
3484 972 3793 1031 laudabunt

2187 1063 2502 1135 Dominum,
2530 1065 2626 1138 qui
2656 1064 2949 1137 requirunt
2988 1079 3136 1122 eum.

2260 1167 2285 1197 ο
2314 1157 2467 1214 Vivet
2493 1171 2588 1214 cor
2635 1172 2823 1214 eorum
2854 1158 2910 1213 in
2960 1158 3222 1215 saeculum
3275 1158 3508 1219 saeculi:
3562 1160 3794 1217 remini-

2185 1262 2425 1318 scentur,
2462 1261 2517 1309 et
2542 1260 2930 1309 convertentur
2956 1252 3027 1307 ad
3068 1249 3355 1309 Dominum
3380 1253 3626 1313 universi
3649 1252 3792 1313 lines

2187 1357 2371 1405 terrae.

2257 1439 2329 1497 Et
2355 1438 2662 1497 adorabunt
2703 1438 2759 1496 in
2787 1446 3087 1511 conspectu
3117 1436 3237 1509 ejus
3261 1452 3456 1495 omnes
3504 1437 3635 1512 [Πε.
3667 1445 3797 1498 uni-

2186 1531 2382 1605 versae]
2405 1532 2596 1604 patriai
2620 1532 2888 1605 gentium,
2908 1531 3168 1605 quoniam
3186 1530 3400 1589 Domini
3417 1540 3503 1591 est
3530 1547 3793 1605 regnum,

2183 1636 2238 1683 et
2268 1627 2385 1698 ipse
2412 1625 2788 1683 dominabitur
2813 1625 3080 1698 gentium.

549 1811 1017 1883 Manducaverunt,
1046 1818 1095 1866 et
1124 1809 1477 1866 adoraverunt
1502 1824 1679 1865 omnes
1722 1810 1939 1882 pingues
1970 1818 2078 1866 ter-
2103 1810 2155 1873 B
2248 1811 2740 1880 Manducaverunt,
2795 1820 2850 1870 et
2910 1810 3276 1870 adorsverunt
3330 1826 3526 1873 omnes
3582 1811 3793 1870 divites

480 1921 556 1962 ra:
580 1922 601 1963 ς
622 1906 678 1960 in
703 1912 986 1983 conspectu
1015 1905 1130 1983 ejus
1168 1901 1355 1958 cadent
1406 1917 1606 1970 omnes,
1652 1901 1741 1975 qui
1767 1901 2085 1960 descendunt

478 1997 535 2053 in
583 2005 794 2053 terram.

552 2088 622 2149 Et
641 2089 816 2146 anima
839 2104 952 2147 mea
973 2086 1055 2144 illi
1084 2087 1209 2144 vivet
1237 2101 1258 2146 :
1288 2100 1352 2149 οε-
1381 2094 1431 2144 et
1452 2088 1675 2161 semen_1
1705 2103 1875 2146 meum
1898 2086 2086 2146 serviet

477 2183 602 2257 ipsi.
1506 2223 1518 2232 .

553 2274 963 2333 Annuntiabitur
986 2272 1209 2331 Domino
1230 2271 1502 2353 generatio
1528 2280 1747 2347 ventura
1774 2289 1786 2326 :
1810 2280 1858 2328 et
1883 2289 2092 2329 annun-

483 2371 683 2426 tiabunt
713 2370 980 2444 justitiam
1005 2371 1140 2442 ejus,
1168 2366 1361 2442 populo
1389 2368 1481 2443 qui
1511 2375 1780 2437 nascetur,
1821 2384 1973 2442 quem
2002 2369 2085 2442 fe-

484 2465 556 2520 cit
586 2481 644 2522 -t—
683 2463 938 2521 Dominus
966 2464 988 2534 1

2193 1913 2350 1962 terra:
2378 1921 2394 1962 :
2424 1905 2479 1961 in
2525 1913 2826 1978 conspectu
2867 1902 2993 1976 ejus
3019 1902 3310 1977 president
3357 1905 3604 1963 universi
3653 1904 3791 1979 pls.

2192 1996 2434 2073 omnes],
2461 1996 2552 2070 qui
2580 1996 2918 2056 descendunt
2950 1998 3004 2055 in
3036 2006 3264 2055 terram.

2267 2089 2338 2148 Et
2360 2090 2543 2147 anima
2584 2104 2703 2147 mea
2742 2090 2843 2163 ipsi
2871 2091 3022 2149 vivet
3072 2087 3203 2165 ιλιι.
3248 2088 3451 2165 vivit]:
3499 2097 3556 2149 et
3599 2104 3792 2148 semen

2193 2198 2375 2241 meum
2400 2183 2602 2240 serviet
2627 2183 2727 2240 illi.
3684 2258 3711 2267 _

2266 2275 2692 2335 Annuntiabitur
2717 2275 2952 2334 Domino
2979 2276 3267 2351 generatio
3293 2285 3547 2346 ventura,
3593 2284 3651 2337 et
3692 2292 3796 2343 an-

2193 2369 2516 2425 nuntiabunt
2546 2366 2566 2408 τ
2602 2369 2728 2425 cteli
2756 2368 3025 2441 justitiam
3063 2370 3184 2443 ejus
3215 2370 3437 2442 populo,
3471 2369 3563 2442 qui
3601 2384 3798 2428 nasce-

2196 2474 2304 2533 tur,
2336 2478 2497 2536 quem
2525 2461 2657 2521 fecit
2684 2464 2967 2522 Dominus.

1826 2598 2184 2663 PSALMUS
2229 2599 2441 2662 XXII.

1050 2698 1289 2760 petelius
1323 2716 1507 2758 nam).

554 2797 810 2854 Dominus
836 2798 969 2872 regit
998 2812 1101 2862 me,
1136 2795 1166 2836 ι)
1204 2811 1265 2851 +
1297 2805 1347 2851 et
1380 2795 1402 2865 1
1432 2794 1568 2850 nihil
1598 2793 1728 2850 mihi
1775 2793 1982 2851 deerit:
2032 2795 2087 2851 in

481 2892 598 2949 loco
622 2907 847 2966 pascuce,
882 2905 944 2947 -εκ
973 2890 1048 2945 ibi
1082 2890 1105 2961 1
1134 2905 1214 2944 me
1240 2886 1542 2944 collocavit.

555 2990 733 3062 Super
788 3002 980 3059 aquam
1018 2984 1321 3057 refectionis
1374 2983 1615 3039 educavit
1660 2998 1743 3039 me
1789 2998 1808 3039 :

484 3099 650 3136 meum
696 3079 970 3136 convertit.

1857 2984 2089 3047 animam

2472 2714 2709 2758 nsanos
2766 2716 2928 2759 ωηο
2967 2684 3247 2777 [Μεζιιιει
3294 2703 3501 2777 DAYID].

2261 2795 2523 2853 Dominus
2553 2807 2577 2846 Β
2610 2796 2750 2869 regit
2774 2813 2882 2864 me,
2920 2810 2975 2854 et
3008 2797 3143 2855 nihil
3171 2798 3306 2854 mihi
3330 2799 3514 2855 deerit
3544 2815 3558 2854 :
3589 2797 3640 2853 in
3670 2797 3798 2855 loco

2189 2903 2425 2960 pascuae,
2459 2888 2534 2945 ibi
2568 2904 2654 2945 me
2681 2890 2994 2946 collocavit.

2263 2980 2444 3053 Super
2471 2983 3017 3055 aquam'relectionis
3063 2983 3316 3054 educavit
3360 2997 3493 3041 me:
3544 2982 3793 3039 animam

2186 3094 2362 3134 meam
2390 3079 2680 3134 convertit.

553 3174 782 3232 Deduxit
812 3172 892 3230 me'
913 3190 1075 3246 super
1119 3152 1332 3230 semitas
1368 3173 1617 3246 justitirr,
1650 3183 1861 3247 propter
1898 3190 2084 3231 nomen
2109 3149 2157 3214 (ἶ
2261 3170 2496 3227 Deduxit
2522 3185 2610 3252 me
2645 3185 2811 3243 super
2853 3170 3108 3228 semitam
3136 3167 3388 3243 iustitiae,
3422 3177 3645 3243 prOpter
3683 3183 3797 3226 no-

483 3285 654 3324 suum.

556 3359 701 3415 Nam
720 3359 819 3415 etsi
838 3359 1174 3416 ambulavero
1197 3360 1253 3415 in
1298 3359 1473 3416 medio
1513 3358 1708 3418 umbrce
1753 3360 1957 3429 mortis,
1982 3376 2086 3417 non

485 3452 673 3507 timebo
694 3452 835 3507 mala
867 3468 887 3508 :
912 3452 1162 3526 quoniam
1188 3462 1244 3508 tu
1275 3466 1477 3509 mecum
1504 3471 1579 3511 es.

566 3545 721 3619 Virga
752 3557 863 3613 tua,
890 3554 936 3601 et
966 3545 1175 3602 baculus
1204 3554 1346 3617 tuus,
1374 3547 1489 3620 ipsa
1532 3563 1613 3603 me
1641 3546 1913 3603 consolata
1941 3555 2084 3604 sunt.

556 3726 767 3783 Pamin
795 3728 849 3783 in
869 3735 1143 3801 conspectu
1183 3742 1293 3782 meo
1324 3742 1576 3795 mensam,
1606 3727 1852 3783 adversus
1890 3743 1976 3784 eos
2001 3728 2093 3801 qui

483 3821 736 3882 tribulant
773 3837 873 3875 me.

555 3913 905 3988 lmpinguasti
933 3913 988 3967 in
1008 3912 1121 3968 oleo
1141 3921 1301 3977 caput
1327 3928 1495 3966 meum
1521 3927 1618 3969 :+
1647 3922 1696 3968 et
1732 3911 1755 3982 1
1781 3912 1924 3968 calin:
1949 3930 2092 3969 meus

482 4007 763 4075 inebrians,
793 4020 855 4064 σε»
878 4023 1032 4079 quam
1060 4006 1082 4076 1
1116 4006 1401 4078 praeclarus
1425 4015 1447 4045 ο
1478 4020 1535 4061 σε»
1567 4015 1641 4061 est
1667 4008 1690 4076 1

555 4143 862 4213 Sciendum,
888 4140 1079 4213 inquit,
1105 4140 1243 4208 quod
1280 4140 1586 4213 ubicumque
1626 4146 1681 4195 in
1709 4138 1891 4197 (Σιναίου
1917 4141 2079 4212 scrip~

484 4227 593 4271 tum
618 4227 690 4289 est
712 4211 1263 4289 glori/icaietlfatinus
1284 4212 1533 4289 interpres
1556 4212 1887 4289 magniﬁcam
1917 4211 2094 4289 trqns-

487 4287 680 4352 tulerit,
710 4273 991 4341 sécuridum
1012 4273 1158 4338 illud
1188 4284 1325 4352 quod
1366 4273 1427 4337 in'
1475 4273 1664 4337 Exodi;
1692 4273 1886 4336 dicitur
1914 4299 1934 4339 :
1955 4273 2095 4339 Can-

487 4369 654 4414 temus
677 4355 922 4417 Domino.
949 4355 1179 4428 gloriose
1195 4355 1332 4428 enim
1356 4355 1721 4428 magniﬁcatus
1737 4364 1831 4428 est.
1856 4354 1966 4410 Pro
1994 4373 2097 4427 quo

488 4435 543 4484 in
563 4428 747 4485 Grtvco
772 4424 1021 4483 scribitur
1044 4424 1468 4500 gloriﬁcatusest
1499 4441 1519 4480 :
1541 4425 1632 4480 sed
1663 4426 1725 4500 in]
1754 4424 1943 4500 Latino
1988 4424 2102 4482 ser-

489 4517 638 4556 moue
689 4500 733 4554 si
781 4496 1150 4569 transferaiur,
1182 4496 1241 4568 ﬁt
1290 4498 1535 4552 indecora
1561 4497 1851 4552 translatio.
1895 4496 1965 4551 Et
2007 4516 2100 4555 nos

2192 3279 2317 3322 men
2342 3280 2523 3320 suum.

2262 3358 2397 3415 Nam
2420 3359 2521 3415 etsi
2555 3357 2831 3415 ambulem
2863 3358 2917 3415 in
2944 3356 3129 3415 medio
3156 3358 3367 3415 umbra:
3408 3356 3604 3414 mortis
3636 3373 3649 3413 :
3682 3369 3801 3414 non

2190 3452 2397 3510 timebo
2418 3452 2583 3519 mala,
2610 3452 2873 3524 quoniam
2903 3463 2958 3508 tu
2982 3466 3198 3510 mecum
3233 3465 3317 3509 es.

2272 3546 2425 3617 Virga
2475 3554 2587 3611 tua,
2639 3554 2696 3602 et
2748 3544 2975 3602 baculus
3028 3555 3177 3613 tuus,
3228 3546 3355 3618 ipsa
3390 3557 3478 3601 me
3515 3542 3807 3611 consolala

2197 3648 2347 3697 sunt.

2266 3733 2472 3791 Parasti
2520 3732 2573 3787 in
2604 3740 2899 3802 conspectu
2933 3746 3056 3788 meo
3086 3745 3368 3799 mensam,
3409 3728 3671 3787 adversus
3702 3744 3811 3788 eos

2195 3827 2286 3898 qui
2319 3824 2582 3882 tribulant
2608 3840 2696 3880 me
2717 3866 2731 3879 .

2268 3915 2617 3988 Impinguasti
2658 3916 2711 3971 in
2753 3913 2879 3988 [Με.
2916 3923 3047 3969 tacet
3079 3914 3157 3988 in]
3200 3913 3324 3971 oleo
3353 3923 3518 3986 caput
3564 3928 3749 3970 meum
3793 3931 3810 3970 :

2196 4006 2297 4065 eth
2326 4009 2577 4080 poculum
2603 4022 2786 4064 meum
2811 4006 3112 4076 inebrians,
3141 4023 3302 4078 quam
3330 4007 3650 4078 prztclarum
3684 4011 3810 4064 est!

2274 4140 2301 4180 ἀ
2357 4141 2585 4198 Ρνπνΐεῐι
2610 4141 2942 4199 Veronensis
2973 4156 3076 4198 ms.
3105 4141 3222 4197 laus
3244 4157 3358 4196 mea
3381 4141 3435 4196 in
3459 4141 3676 4196 ecclesia
3698 4156 3817 4195 rua-

2197 4231 2325 4288 gna,
2358 4214 2639 4288 conﬁtebor
2661 4212 2758 4288 tibi
2783 4221 2948 4288 :_vota
2996 4229 3132 4279 mea,
3171 4223 3316 4288 _etc.,
3345 4211 3812 4288 qimmadmodum

2200 4276 2267 4359 es
2290 4276 2606 4359 Augustino
2641 4284 2956 4359 descripsit,
2987 4300 3054 4340 ac
3100 4276 3281 4341 solum
3303 4276 3601 4340 'e'Graecis
3632 4283 3806 4338 habet

2201 4355 2460 4413 Aldimim
2492 4355 2799 4427 exemplar.
3478 4394 3481 4397 -

2276 4438 2300 4466 ε
2344 4428 2489 4483 Idem
2538 4425 2672 4495 ms.,
2715 4425 2892 4483 Vivent
2937 4428 3101 4483 corda
3127 4442 3347 4495 eorum;
3394 4435 3534 4491 tum,
3573 4441 3813 4481 comme-

2206 4499 2542 4555 morabuntur
2576 4508 2622 4553 et
2679 4510 3057 4569 convertentur,
3111 4500 3456 4563 continenter
3504 4513 3573 4554 ex
3614 4500 3814 4569 Augu-

489 4572 826 4628 emendantes
855 4565 977 4625 olim
1010 4565 1345 4637 Psalterium,
1396 4570 1708 4638 ubicumque
1755 4584 1933 4623 sensus
1963 4570 2098 4625 idem
2130 4565 2181 4627 D
2207 4572 2375 4627 Stino.

495 4659 591 4708 est,
616 4650 847 4698 veterum
867 4643 1206 4709 interpretum
1227 4640 1658 4695 consuetudinem
1687 4650 1888 4695 mutare
1923 4644 2096 4698 nolui-

490 4732 626 4782 mus,
654 4730 718 4767 ne
743 4714 905 4768 nimia
927 4713 1150 4766 novitate
1173 4709 1380 4767 lectoris
1407 4713 1639 4764 animum
1662 4720 1988 4767 terreremus.
2019 4715 2096 4770 De

494 4787 761 4842 Psalterio
804 4784 1070 4849 Romano,
1109 4782 1160 4839 id
1190 4793 1297 4851 est,
1343 4783 1532 4839 Romae
1576 4782 1894 4850 emendato,
1950 4784 2096 4845 haud

489 4856 715 4912 dubium
741 4850 1131 4927 intelligendus
1158 4866 1240 4927 est
1267 4854 1556 4927 iste_lncns
1586 4877 1599 4927 ς
1635 4855 1686 4908 in
1718 4869 1785 4909 eo
1815 4858 1961 4913 enim
2000 4873 2096 4914 ευς

503 4936 690 5000 perest
736 4924 959 4983 verbum
1010 4926 1341 5000 magni/Scots
1382 4924 1557 5000 Latini
1591 4926 1925 5000 interpretis,
1951 4928 2095 4999 quod

504 4994 866 5072 Iliernnymns
892 4994 1118 5072 mutare
1149 4997 1423 5072 uulnerat.
1459 4994 1532 5072 In
1598 4994 1887 5072 posteriori
1917 4994 2096 5072 tamen

498 5066 886 5127 emendatione
944 5069 1213 5134 PSullcrii,
1263 5068 1581 5125 Bctbleliem
1609 5066 1775 5133 edita.
1808 5069 2097 5139 gloriﬁcate

498 5145 885 5212 interpretatus
913 5152 998 5198 est
1036 5158 1049 5195 :
1082 5156 1183 5196 nec
1213 5153 1500 5212 propterea
1535 5139 1825 5212 translatio
1863 5142 2097 5199 dicenda

495 5225 578 5270 est
604 5209 882 5279 indecora,
913 5228 1041 5269 cum
1092 5227 1197 5285 non
1230 5210 1502 5285 pr_;ecedat
1536 5210 1609 5264 ibi
1639 5209 1955 5271 adverbium
1987 5217 2101 5285 glo-

495 5286 653 5352 riose,
701 5284 841 5341 sicut
885 5287 939 5340 in
975 5282 1245 5340 versiculo
1275 5281 1447 5337 Exodi
1478 5297 1641 5352 supra
1699 5285 1951 5349 recitato,
1988 5281 2101 5342 'ubi

499 5357 939 5428 niinisindecore
966 5355 1243 5427 legeretur
1272 5372 1285 5409 :
1317 5353 1555 5410 Gloriose
1593 5353 1733 5408 enim
1773 5354 2104 5428 gloriﬁcatus

499 5437 599 5486 est.
633 5427 815 5483 ΜΑιιτ.

581 5517 608 5545 ι
649 5499 794 5554 Idem
827 5514 968 5567 ms.,
1000 5513 1118 5553 cum
1141 5497 1463 5552 clamnvero.

582 5577 613 5645 φ)
654 5570 931 5645 Palatinus
959 5585 1059 5624 ms.
1091 5570 1308 5645 obuium
1340 5568 1489 5645 bunc
1521 5572 1907 5645 prmtermittit,
1934 5582 1990 5629 et
2017 5573 2106 5645 qui

506 5640 884 5716 subseguitnr,
939 5656 1045 5696 non
1096 5638 1202 5716 ibi,
1257 5641 1355 5696 sed
1406 5657 1486 5697 me
1522 5638 1748 5699 'voculte
1796 5638 2111 5716 praeponit:

502 5715 672 5768 Carus
704 5724 994 5783 utrumque
1023 5713 1256 5783 respuit;
1292 5722 1484 5766 neuter
1516 5728 1652 5783 vero
1680 5713 1814 5771 satis
1846 5717 2014 5773 bene.

582 5795 605 5822 ο
645 5783 820 5859 Carus
850 5774 1018 5859 I_llIl_lC_
1044 5774 1262 5839 obelutn
1298 5791 1354 5837 et
1391 5776 1728 5859 postremum
1757 5803 1977 5859 quoque
2010 5774 2115 5850 hu;

500 5855 595 5929 ius
621 5856 814 5930 psalmi
853 5855 1130 5917 Palatinus
1161 5870 1264 5912 ms.
1300 5856 1691 5927 prmtermittit.

2280 4641 2298 4681 τ
2343 4642 2513 4698 Tacet
2540 4655 2665 4714 eum
2708 4640 2987 4714 plerisque
3016 4640 3157 4710 aliis,
3193 4641 3499 4714 prtesertim
3530 4640 3819 4714 verosu-

2199 4715 2508 4787 gnstiniann
2542 4710 2830 4787 Psalterio,
2862 4710 3203 4787 veronensis
3226 4713 3351 4787 cod.
3385 4728 3575 4767 vocem
3602 4710 3737 4766 caeli.

2271 4794 2299 4837 α
2340 4785 2398 4842 In
2431 4784 2731 4841 Veronensi
2757 4800 2887 4852 ms.,
2916 4783 3176 4840 Dominus
3198 4785 3363 4853 pascit
3392 4800 3475 4839 me
3503 4799 3523 4839 :
3565 4786 3702 4848 tuin,
3756 4782 3818 4837 in

2200 4858 2371 4920 locum
2404 4871 2615 4925 pascua:
2632 4855 2702 4911 ibi
2723 4871 2806 4911 me
2828 4857 3095 4911 constituit
3115 4873 3133 4910 :
3165 4866 3221 4912 et
3252 4858 3417 4925 paulo
3440 4864 3582 4925 post,
3612 4869 3704 4926 per
3726 4870 3817 4909 sea

2199 4928 2766 5000 mitasjustititv._ete.,
2785 4943 3013 4997 quarum
3040 4929 3340 4984 lectionum
3364 4930 3648 4983 meliorem
3680 4940 3805 4996 paro

2204 5012 2310 5056 tein
2345 4997 2559 5069 accepit
2591 4997 2658 5053 ab
2689 4997 3021 5071 Augustino.

2274 5072 2321 5145 ιι-
2342 5071 2661 5145 Veronense
2671 5083 2735 5145 et
2762 5069 2958 5141 ,‘qnud
3006 5070 3147 5145 idem
3167 5079 3277 5145 est
3302 5110 3318 5133 ,
3353 5069 3813 5145 Augustinianum

2204 5142 2551 5208 Psalterium,
2578 5140 2719 5195 calix
2748 5140 2868 5198 tuus
2901 5160 2997 5213 pro
3025 5140 3268 5213 poculum
3287 5157 3455 5197 meum
3490 5140 3811 5213 prtefernnt.

2205 5217 2283 5271 Ac
2314 5225 2499 5286 nutum
2532 5227 2664 5268 sane
2685 5222 2769 5286 e__st
2795 5212 2928 5270 illud
2957 5212 3256 5286 ipSiusmet
3276 5213 3593 5285 Hieronymi
3640 5212 3812 5281 epist.

2212 5286 2280 5342 ad
2309 5284 2573 5342 Sunniam
2604 5293 2658 5340 et
2697 5283 2992 5351 Frctelam,
3024 5284 3169 5354 quod
3212 5285 3309 5349 ait,
3341 5283 3494 5338 tuum
3518 5300 3615 5354 pro
3644 5299 3818 5339 meum

2212 5303 2280 5342 au
2309 5303 2573 5342 numnam
2604 5303 2658 5340 et
2697 5303 2992 5351 rrctetam,
3024 5303 3169 5341 tuon
3212 5303 3309 5349 au,
3341 5303 3489 5338 tuum
3518 5303 3615 5354 pro
3644 5303 3817 5339 meum

2208 5359 2260 5432 in
2286 5366 2430 5432 Κοινῇ
2461 5372 2634 5411 errore
2663 5355 2965 5432 obtinuisse.
2983 5303 3129 5432 __Iioc
3157 5358 3331 5432 sancti
3360 5353 3542 5432 Patris
3570 5356 3817 5432 testimo-

2212 5431 2361 5485 nium
2391 5426 2553 5498 l'onge
2601 5429 2949 5483 notissimum
2983 5427 3318 5482 Veronensis
3360 5426 3822 5498 Psalteriiieditor

2223 5517 2332 5556 non
2366 5517 2431 5555 ex
2458 5495 2521 5554 ea
2557 5502 2743 5571 epist.,
2769 5500 2866 5554 sed
2890 5516 2955 5554 ex
2984 5500 3305 5571 prmlatione
3328 5501 3382 5554 in
3411 5498 3578 5553 libros
3609 5495 3821 5571 Parali-

2223 5587 2497 5644 pomenon
2541 5571 2608 5623 ad
2656 5567 3031 5644 Chromatium
3075 5573 3294 5641 repetit,
3346 5571 3539 5644 inqua
3586 5567 3825 5644 nec‘fuit

2223 5639 2506 5712 umquam,
2539 5655 2641 5694 nec
2667 5642 2787 5710 ejus
2818 5642 3020 5697 Psalmi
3068 5639 3277 5697 mentio
3316 5649 3401 5697 est
3430 5640 3562 5706 ulla,
3596 5639 3821 5709 perinde

2221 5730 2286 5770 ac
2313 5716 2356 5768 si
2384 5728 2676 5782 numquam
2701 5715 3024 5770 exstitisset.
3048 5713 3199 5770 Novo
3220 5723 3403 5769 autem
3421 5726 3610 5768 errore
3634 5712 3822 5767 Hiero-

2222 5786 2535 5859 nymianznn
2579 5784 2682 5859 ille
2712 5788 3041 5859 St'lllellllilm
3087 5787 3350 5849 cumulat,
3396 5800 3520 5859 cum
3568 5785 3652 5859 ait
3696 5795 3821 5859 esse

2223 5854 2415 5925 κόινήν,
2443 5856 2561 5914 sive
2592 5855 2873 5930 Vulgatam
2912 5857 3236 5926 editionem,
3264 5856 3511 5915 eamdem
3540 5871 3602 5912 ac
3631 5854 3822 5912 L-ieia-
