4062 6356
283 312 379 370 157

1562 292 1768 351 LIBER
1810 285 2254 348 PSALMORUM.

3476 272 3581 330 I58

355 430 421 486 Et
473 424 836 483 misericordia
868 436 930 478 -ε-
963 429 1052 475 tua
1134 417 1467 487 subsequctur
1507 429 1609 479 me,
1647 411 1886 468 omnibus
1914 417 1966 476 Α
2063 405 2131 461 Ει
2156 397 2528 459 misericordia
2555 402 2645 454 tua
2670 396 3030 468 subsequatur
3052 408 3162 461 me,
3191 390 3445 449 omnibus
3466 388 3583 446 die-

279 524 449 580 diebus
470 524 588 577 vita:
620 536 762 575 mete.

346 617 411 673 Et
440 633 499 672 -ξ-
526 625 584 670 ut
615 617 637 685 ζ
673 612 957 668 inhabilem
985 609 1041 663 in
1069 607 1221 662 domo
1251 602 1487 670 Domini,
1510 602 1563 656 in
1590 599 1872 671 longitudi-

276 728 383 767 nem
420 709 645 763 dierum.

1983 505 2083 558 bus
2114 500 2242 556 vita:
2265 513 2424 553 mete.

2051 596 2123 653 Ut
2152 595 2447 654 inbabitem
2485 593 2541 647 in
2572 591 2737 648 domo
2781 587 3020 657 Domini,
3071 585 3128 643 in
3182 582 3579 658 longitudinem

1976 691 2210 747 dierum.

1594 784 1953 849 PSALMUS
1996 783 2238 847 XXIII.

479 920 716 961 νεηνίης
756 919 952 966 DAVID,
1121 912 1285 953 PRIMA
1326 907 1571 950 SABBATI.

342 1000 549 1055 Domini
578 1010 652 1053 est
675 1008 811 1052 terra
836 1007 882 1050 et
913 992 1181 1067 plenitudo
1207 991 1317 1060 ejus
1342 1031 1357 1055 ,
1388 986 1526 1041 orbis
1553 994 1580 1023 ⁸
1616 1000 1671 1042 -‘r
1708 994 1872 1039 terra-

271 1111 378 1148 rum
408 1094 430 1162 ζ
466 1100 513 1145 et
549 1105 609 1145 +
637 1088 867 1143 universi
901 1088 923 1157 ζ
956 1085 1045 1157 qui
1080 1082 1313 1136 habitant
1343 1079 1395 1132 in
1425 1093 1506 1132 eo.

340 1203 402 1242 -:~
440 1185 578 1251 Quia
613 1185 635 1255 ζ
666 1184 776 1255 ipse
802 1197 957 1251 super
988 1178 1157 1232 maria
1189 1175 1424 1247 fundavit
1454 1188 1571 1227 eum
1596 1187 1615 1227 :
1643 1178 1689 1225 et
1718 1186 1870 1242 super

269 1281 483 1353 ﬂumina
506 1278 818 1349 pra’pamrit
841 1290 978 1329 eum.

342 1373 467 1439 Quis
495 1370 739 1426 ascendet
767 1370 821 1422 in
846 1374 1067 1421 montem
1102 1360 1314 1417 Domini
1333 1361 1358 1416 ?
1376 1368 1465 1415 aut
1494 1357 1609 1429 quis
1633 1357 1791 1413 stabit
1816 1358 1869 1413 iu

271 1468 378 1521 loco
407 1476 593 1520 sancto
620 1465 766 1531 eius?

336 1559 596 1613 lnnocens
628 1555 885 1621 manibus,
915 1562 961 1607 et
983 1550 1180 1606 mundo
1211 1547 1387 1618 corde,
1416 1546 1504 1616 qui
1539 1561 1642 1601 non
1672 1544 1867 1617 accepit

267 1654 315 1706 in
346 1668 477 1705 rano
506 1649 738 1703 animam
763 1662 956 1701 suam:
992 1660 1084 1698 nec
1116 1639 1314 1711 juravit
1354 1640 1406 1694 in
1439 1637 1560 1692 dolo
1594 1651 1647 1692 -:—
1689 1637 1869 1705 proxi-

267 1763 345 1801 nto
368 1762 464 1801 suo
492 1745 517 1815 ζ

333 1854 394 1895 σε-
429 1837 484 1893 Η
491 1837 579 1908 ie:
604 1835 823 1906 accipiet
857 1831 1261 1889 benedictionem
1291 1846 1322 1885 a
1344 1826 1601 1884 Domino:
1634 1832 1682 1881 et
1712 1823 1870 1881 mise~

272 1930 546 1987 ricordiam
572 1947 601 1983 α
624 1927 738 1984 Deo
760 1926 979 1983 salutari
999 1941 1119 1982 suo.

336 2110 459 2165 ﬂrec
480 2119 561 2164 est
581 2107 848 2181 generatio
867 2105 1210 2180 quwreutium
1239 2119 1358 2160 eum
1381 2100 1762 2175 :quterentium
1785 2100 1868 2173 fa-

270 2205 388 2257 ciem
417 2200 515 2257 Dei
544 2199 734 2255 Jacob.
771 2199 1101 2255 DIAPSALIIA.

332 2380 570 2436 Attollite
617 2389 819 2453 portas,
874 2379 1157 2452 principes,
1222 2384 1439 2443 vestras,
1493 2386 1540 2432 et
1571 2374 1864 2445 elevamini,

272 2488 425 2547 porta:
448 2476 756 2540 wternalcs,
789 2484 838 2529 et
875 2473 1115 2528 introibit
1141 2488 1232 2527 rex
1257 2470 1461 2542 glorier.

338 2570 460 2637 Quis
492 2580 568 2623 est
595 2570 694 2623 iste
725 2584 821 2623 rex
849 2567 1030 2639 gloria!
1054 2567 1080 2622 Σ)
1113 2563 1368 2620 Dominus
1391 2563 1542 2636 fortis
1568 2570 1621 2618 et
1646 2570 1824 2633 potens
1846 2605 1862 2632 ,

274 2663 520 2719 Dominus
552 2675 730 2733 potens
784 2662 813 2701 δ
850 2677 909 2717 σξα
944 2662 997 2715 in
1034 2661 1237 2730 prtelio.

333 2764 565 2817 Attollite
587 2770 789 2832 portas,
815 2759 1097 2829 principes,
1127 2765 1342 2818 vestras,
1366 2764 1414 2810 et
1438 2752 1865 2825 elevamini,por—

272 2864 329 2909 tce
352 2856 667 2909 wternales:
698 2863 747 2907 et
795 2850 1031 2905 introibit
1060 2865 1152 2905 res
1197 2847 1398 2920 glorior.

335 2947 459 3012 Quis
490 2956 565 2999 est
594 2946 691 3000 iste
718 2962 810 3000 rex
838 2944 1058 3015 gloriw?
1084 2940 1340 2996 Dominus
1367 2939 1619 2994 virtutum
1648 2938 1761 3010 ipse
1792 2945 1866 2993 est

274 3054 356 3093 rex
377 3038 579 3111 glorire.
616 3046 640 3075 ο
675 3040 741 3105 >ε<
766 3036 1104 3091 Βιλρέλωιλ.

2056 898 2293 942 pSALuus
2334 898 2492 939 DAVID
2532 880 2660 954 [Με.
2700 893 2799 934 ιιιει
2837 875 3047 949 DAVID],
3081 890 3242 930 PRIIIA
3281 886 3521 928 SABBATI.

1991 967 2003 979 ’
2051 980 2264 1035 Domini
2292 989 2376 1033 εει
2398 987 2540 1032 terra
2567 984 2620 1030 et
2651 972 2932 1044 plenitudo
2961 972 3099 1042 ejus,
3136 968 3285 1024 orbis
3309 976 3578 1021 terrarum

1977 1080 2033 1131 et
2064 1073 2299 1129 universi
2324 1071 2413 1141 qui
2448 1069 2693 1125 habitant
2725 1069 2777 1121 in
2802 1080 2888 1121 ea.

2049 1168 2168 1236 Ipse
2198 1180 2362 1235 super
2386 1162 2558 1218 maria
2590 1159 2836 1216 fundavit
2861 1172 2980 1213 eam
3011 1173 3025 1211 :
3058 1164 3112 1211 et
3153 1167 3319 1223 super
3357 1148 3580 1205 [lumina

1977 1258 2308 1331 prmparavit
2346 1256 2521 1311 illam.

2048 1349 2178 1418 Quis
2207 1346 2465 1403 ascendet
2494 1347 2547 1400 in
2578 1350 2817 1399 montem
2847 1340 3098 1398 Domini?
3127 1346 3224 1394 aut
3254 1337 3377 1410 quis
3410 1336 3584 1394 stabit

1976 1443 2030 1499 in
2054 1443 2174 1499 loco
2202 1448 2394 1496 sancto
2419 1436 2573 1509 ejus?

2046 1535 2309 1590 Innocens
2357 1532 2626 1598 manibus,
2657 1539 2713 1586 et
2743 1525 2946 1583 mundo
3002 1523 3020 1566 τ
3062 1523 3273 1580 corde:
3326 1523 3419 1594 qui
3466 1538 3578 1578 non

1976 1627 2189 1698 accepit
2216 1627 2269 1682 in
2296 1640 2438 1682 vano
2460 1624 2699 1681 animam
2731 1636 2925 1678 suam:
2964 1633 3066 1675 nec
3091 1617 3303 1689 iuravit
3349 1619 3403 1672 in
3447 1615 3577 1672 dolo

1894 1733 1940 1793 Β
1970 1723 2217 1793 proximo
2244 1736 2364 1776 suo.

2048 1815 2149 1871 Hic
2171 1813 2301 1887 [Ms.
2336 1810 2461 1885 iste]
2488 1810 2727 1881 accipiet
2757 1806 3199 1865 benedictionem
3234 1822 3265 1862 a
3295 1805 3526 1861 Domino
3560 1819 3577 1857 :

1977 1915 2033 1964 et
2080 1906 2515 1964 misericordiam
2565 1919 2596 1960 a
2634 1903 2748 1960 Deo
2806 1900 3035 1957 salutari
3085 1898 3217 1973 [Μδ.
3270 1894 3581 1967 salvatoris]

1978 2018 2102 2061 δυο.
2651 2016 2658 2021 ’

2050 2098 2178 2154 Haec
2204 2102 2289 2153 est
2316 2091 2598 2167 generatio
2626 2089 2991 2164 quaerentium
3023 2087 3311 2143 Dominum
3339 2099 3355 2142 :
3400 2081 3579 2153 requi-

1975 2192 2214 2249 rentium
2242 2189 2371 2265 [Ms.
2413 2181 2799 2260 quaerentium]
2842 2180 3035 2238 faciem
3078 2180 3175 2237 Dei
3223 2177 3412 2235 Jacoh.
3443 2176 3575 2231 Βιλ-

1974 2302 2203 2343 ΡΒΛιΜΔ.

2042 2380 2241 2437 Tollite
2269 2384 2477 2449 portas.
2509 2373 2805 2447 principes,
2835 2378 3050 2427 vestras
3085 2367 3213 2441 [51s.
3252 2363 3474 2436 vestri],
3521 2369 3577 2418 et

1971 2472 2286 2540 elevamini,
2321 2480 2491 2543 porta:
2522 2467 2847 2532 aiternales;
2878 2474 2932 2521 et
2956 2463 3199 2519 introibit
3234 2476 3329 2518 rex
3360 2459 3573 2532 glorise.

2042 2567 2177 2636 Quis
2202 2574 2286 2623 est
2313 2566 2421 2620 iste
2451 2578 2545 2619 rex
2574 2560 2801 2634 gloriae?
2849 2558 3111 2614 Dominus
3162 2554 3321 2611 fortis
3370 2561 3425 2609 et
3479 2567 3575 2624 po-

1972 2672 2095 2719 tens
2125 2680 2138 2717 :
2176 2659 2436 2716 Dominus
2467 2668 2660 2729 potens
2694 2655 2747 2709 in
2777 2653 2966 2724 prmlio
2994 2650 3126 2723 [Με.
3161 2645 3358 2718 bello].

1988 2772 1995 2778 ο
2042 2754 2244 2809 Tollite
2284 2758 2490 2822 portas,
2536 2748 2837 2821 principes,
2875 2754 3086 2800 vestras
3132 2742 3260 2815 [Μδ.
3291 2737 3485 2810 vestri]
3518 2744 3574 2793 et

1974 2846 2284 2914 elevamini,
2307 2853 2482 2916 porta:
2508 2840 2834 2899 mternales:
2860 2848 2913 2895 et
2945 2835 3195 2893 introibit
3237 2849 3334 2889 rex
3361 2831 3572 2902 glorire.

2046 2940 2178 3010 Quis
2226 2949 2309 2994 est
2350 2938 2452 2993 iste
2494 2950 2591 2992 rex
2620 2932 2843 3007 gloriae?
2872 2930 3137 2986 Dominus
3162 2927 3425 2983 virtutum
3457 2924 3574 2994 ipse

1977 3044 2060 3090 est
2088 3050 2185 3089 rex
2216 3030 2427 3105 gloriae.

1587 3122 1947 3188 PSALMUS
1992 3125 2231 3188 XXIV.

833 3240 1067 3284 PSALMUS
1105 3241 1286 3281 DAVID.

333 3319 357 3359 δ
381 3322 463 3377 Ad
484 3332 561 3387 te,
601 3320 842 3386 Domine,
875 3319 1037 3374 levavi
1059 3319 1289 3372 animam
1314 3315 1673 3371 memn:Dens
1703 3333 1861 3385 meus,

270 3417 319 3470 in
340 3427 385 3471 te
409 3416 641 3486 conﬁdo,
674 3431 777 3469 non
801 3412 1121 3468 erubescam.
1580 3408 1583 3411 λ

340 3510 519 3576 Neque
545 3507 797 3560 irrideant
826 3521 908 3559 me
934 3503 1134 3558 inimici
1165 3503 1263 3557 mei
1290 3517 1308 3557 :
1334 3511 1383 3557 et
1419 3517 1477 3558 ἐκ
1509 3502 1647 3558 enim
1683 3501 1706 3572 ζ
1749 3502 1868 3558 uni-

270 3603 419 3667 versi,
446 3601 535 3671 qui
558 3600 811 3653 sustinent
838 3606 906 3663 te,
938 3612 1039 3649 non
1071 3594 1472 3664 confundentur.

335 3692 736 3763 Confunduntur
780 3705 837 3745 ἐν
885 3704 1061 3743 omnes
1102 3688 1123 3756 ζ
1172 3688 1350 3758 iniqua
1392 3697 1639 3759 agentes,
1686 3704 1868 3759 snper-

164 3804 180 3820 ’
267 3801 437 3841 vacne.

346 3878 465 3933 νίας
491 3888 631 3945 tuas,
661 3876 904 3947 Demitte,
928 3875 1229 3930 demonstra
1252 3873 1375 3928 mihi
1399 3880 1421 3929 ;’
1441 3890 1485 3930 -ξν
1523 3884 1568 3941 et
1602 3876 1624 3946 ζ
1655 3874 1861 3929 semitas

266 3984 375 4030 tuas
406 3974 567 4028 edoce
598 3992 695 4027 me.

336 4068 515 4138 Dirige
537 4085 617 4122 me
638 4069 687 4121 in
712 4068 922 4122 veritate
943 4076 1052 4134 tua,
1080 4075 1125 4118 et
1150 4065 1407 4119 docente:
1429 4064 1553 4134 quia
1578 4072 1633 4118 tu
1656 4080 1708 4117 es
1728 4062 1863 4119 Deus

257 4160 481 4215 sulcator
505 4177 672 4228 meus,
702 4176 761 4216 —:~
786 4170 835 4215 et
866 4159 889 4227 ζ
920 4167 970 4213 te
988 4159 1217 4214 sustinui
1241 4165 1348 4211 tota
1374 4156 1459 4210 die
1484 4165 1534 4209 ε.

255 4385 451 4434 meum,
498 4368 642 4436 quod
669 4368 827 4439 plane
859 4366 1055 4421 falsum
1090 4361 1367 4439 esse_nisi
1414 4358 1695 4439 sexcentis
1724 4358 1845 4415 aliis

252 4433 597 4505 επςιιιιιιειιίἱε
644 4433 805 4508 vulgo
852 4446 1168 4508 constaret,
1198 4434 1266 4488 ab
1299 4448 1363 4508 ea
1414 4433 1528 4500 ipsa
1564 4446 1846 4508 perperam

252 4502 468 4567 laudata
505 4512 564 4568 S.
596 4502 770 4566 Patris
796 4510 1118 4580 pnefatione
1144 4504 1329 4561 doceri
1362 4512 1592 4580 poterat.
1633 4502 1737 4556 Sed
1768 4503 1847 4580 pi-

250 4595 335 4653 get
378 4586 497 4638 bare
531 4576 809 4653 persequi,
851 4597 970 4651 qua:
1012 4579 1154 4632 scias
1196 4588 1320 4653 tunc
1360 4576 1577 4629 demum
1611 4577 1781 4653 notari
1815 4589 1844 4653 a

251 4644 409 4710 nobis
445 4666 502 4709 ut
532 4644 750 4716 caveas,
794 4644 921 4707 Icum
964 4651 1390 4716 Ilieronymiutto
1425 4647 1627 4699 nomini
1660 4644 1844 4700 decori

248 4736 373 4782 sunt
404 4744 418 4779 :
454 4736 654 4782 cmtera
683 4726 942 4781 libentius
963 4721 1317 4776 dissimulari.
1351 4718 1517 4773 Paulo
1548 4726 1667 4783 post
1699 4716 1839 4771 idem

250 4816 375 4863 ηις..
416 4809 754 4863 consequetur
780 4814 856 4851 me
888 4812 977 4867 per
1002 4810 1174 4849 omnes
1201 4794 1312 4848 dies
1352 4791 1468 4845 vita:
1498 4804 1642 4842 mete.
1674 4786 1737 4841 Et
1785 4801 1839 4841 ut

249 4871 528 4925 inhabilem
548 4916 561 4939 ,
594 4882 703 4925 etc.

318 4952 343 4978 τι
390 4942 525 4996 Vide
549 4930 674 5011 quae
705 4939 1126 5011 superiusLnec
1167 4951 1277 4991 uno
1328 4935 1381 4989 in
1424 4930 1841 5011 loc0,_diximus

246 5014 312 5067 de
335 5000 727 5076 Hebro-03111,
759 5000 904 5079 quod
932 5000 1103 5064 orbem
1127 5019 1384 5079 terrarum
1415 5004 1634 5079 protirie
1661 5013 1839 5058 sonat.

245 5084 517 5139 Palatinus
548 5101 651 5139 ms.
680 5075 857 5139 altero
884 5083 955 5136 ab
982 5084 1084 5137 hoc
1116 5096 1282 5136 versu
1312 5075 1624 5148 Diapsalma
1656 5090 1834 5130 anuo-

247 5166 341 5211 tat.

312 5228 340 5267 δ
384 5227 712 5283 Sum-cimus
757 5226 900 5282 hunc
949 5224 1193 5290 obelum,
1237 5224 1329 5295 qui
1378 5221 1598 5282 deerat,
1632 5219 1842 5295 codicis

246 5298 475 5355 Palatini
505 5314 646 5364 ope;
681 5314 803 5365 nam
836 5298 969 5351 etin
1007 5296 1232 5352 llebraao
1257 5291 1464 5365 absque
1504 5295 1558 5347 in
1582 5291 1844 5362 praiposi-

249 5373 396 5426 tione
420 5381 527 5435 est,
548 5357 768 5431 ἐνηέι-ὄπι
790 5379 921 5430 '11:;
950 5369 1103 5437 {ortis
1124 5368 1325 5437 praelia.

316 5455 339 5483 ε
385 5442 692 5505 Diapsntma
740 5443 880 5496 istud
918 5435 1023 5495 sub
1048 5435 1335 5505 asterisco,
1367 5436 1512 5508 quod
1544 5444 1596 5488 et
1628 5450 1656 5488 a
1689 5435 1844 5489 Grae-

246 5513 322 5569 cis
358 5516 633 5583 plerisque
687 5513 939 5568 omnibus
990 5511 1270 5566 codicibus
1327 5511 1503 5575 abest,
1559 5508 1836 5563 Palatinus

246 5600 458 5711 quoque
490 5601 594 5640 ms.
623 5586 844 5640 omittit.

315 5656 341 5695 ἀ
401 5675 429 5711 n
457 5673 559 5711 ms.
593 5658 844 5711 Snrbmiit

315 5656 341 5695 ἀ
371 5650 429 5712 In
457 5673 559 5712 ms.
593 5658 898 5712 SnrbOniuo
918 5655 1127 5721 codice,
1153 5654 1243 5725 qui
1273 5654 1441 5708 Solam
1474 5650 1834 5725 posteriorem

248 5729 678 5785 emendationem
712 5729 958 5785 I’salterii
982 5724 1379 5798 complectitur,
1408 5725 1712 5798 appositum
1749 5724 1838 5798 le-

249 5802 420 5864 gimus
462 5803 712 5856 scholion
765 5814 1003 5871 sequens
1045 5814 1075 5853 e
1111 5797 1577 5871 'rlaterehversiculi
1602 5797 1757 5871 sexti
1820 5812 1833 5848 :

251 5872 386 5930 lluic
423 5872 624 5943 psalmo
661 5867 985 5932 ascribuntur
1021 5870 1250 5927 llebrane
1287 5867 1475 5926 litterae
1498 5885 1530 5923 α
1556 5868 1833 5942 plerisque,

2105 3242 2158 3282 IN
2188 3239 2353 3281 nmen
2376 3265 2393 3292 ,
2437 3234 2675 3278 essurus
2704 3234 2863 3277 DAVII
2901 3218 3041 3292 [Ms.
3074 3228 3177 3274 IPSI
3206 3214 3424 3287 navie].

2042 3318 2124 3375 Ad
2154 3331 2227 3388 te,
2260 3319 2511 3385 Domine,
2531 3318 2702 3374 levavi
2728 3317 2963 3371 animam
2988 3329 3163 3371 meam
3187 3331 3199 3366 :
3220 3314 3364 3367 Deus
3392 3323 3568 3373 meus,

1975 3411 2030 3468 in
2065 3422 2117 3468 te
2146 3413 2365 3468 conﬁdo
2393 3428 2409 3470 :
2443 3428 2551 3467 non
2582 3410 2903 3469 erubescam
2934 3451 2948 3475 ,
2977 3423 3155 3480 neque
3187 3406 3452 3462 irrideant
3483 3417 3571 3457 mo

1973 3506 2173 3562 inimici
2202 3505 2329 3561 mei.
3498 3492 3503 3497 θ

2046 3600 2260 3655 Etenim
2294 3598 2569 3668 universi,
2602 3598 2693 3670 qui
2737 3606 2789 3652 te
2817 3601 3168 3665 exspectant.
3204 3606 3312 3646 non
3342 3588 3569 3644 confun-

1974 3693 2171 3749 deutur
2198 3711 2211 3747 :
2238 3692 2635 3750 confundantur
2667 3692 2845 3759 iniqua
2880 3698 2904 3736 Β
2942 3689 3207 3743 facientes
3238 3699 3395 3739 vane.

2052 3786 2174 3840 Vius
2199 3796 2317 3841 tuas
2342 3828 2355 3853 ,
2401 3785 2632 3840 Domine
2660 3824 2674 3851 ,
2721 3793 2881 3838 notas
2922 3779 3011 3835 fac
3048 3778 3179 3832 mihi
3211 3793 3227 3832 :
3260 3786 3314 3831 ct
3345 3772 3566 3830 semitas

1973 3888 2094 3934 tuas
2116 3878 2284 3935 edoce
2308 3893 2418 3935 me.

2046 3973 2230 4041 Dirige
2258 3988 2346 4027 me
2374 3972 2426 4026 in
2457 3970 2691 4025 veritate
2723 3978 2833 4034 tua,
2868 3976 2925 4022 et
2947 3966 3084 4021 doce
3117 3978 3239 4018 me:
3273 3961 3396 4029 quia
3426 3958 3563 4032 [Ms.

1970 4066 2253 4139 quoniam]
2285 4078 2340 4122 tu
2374 4082 2432 4122 es
2466 4068 2607 4121 Deus
2637 4063 2893 4121 salutaris
2918 4060 3054 4135 [Ms.
3083 4053 3357 4128 salvator]
3390 4068 3563 4121 meus,

1970 4167 2025 4215 et
2053 4169 2105 4215 te
2136 4159 2366 4215 sustinui
2405 4166 2515 4214 tota
2548 4156 2658 4213 die.

1954 4360 2045 4413 sed
2075 4377 2183 4414 non
2210 4371 2363 4415 recte.
2388 4361 2559 4416 Docet
2583 4372 2799 4430 quoque
2826 4357 2885 4412 S.
2914 4355 3280 4430 Hieronymus
3306 4348 3470 4430 epist.
3494 4347 3563 4402 ad

1956 4430 2176 4485 Paulam
2210 4432 2459 4488 Urbicam
2502 4423 2631 4486 falsa
2666 4423 2925 4499 opinione
2957 4423 3255 4481 nonnullos
3278 4423 3559 4499 atstituare

1952 4503 2092 4557 alios
2116 4504 2359 4559 Psalmox
2388 4504 2655 4561 Hebraico
2683 4495 3326 4570 alphabetosupputarij
3359 4499 3561 4570 praeter

1953 4589 2048 4628 eos
2071 4590 2206 4643 quos
2230 4577 2346 4645 ipse
2371 4584 2643 4642 numerat,
2677 4563 2884 4627 scilicet
2913 4569 3037 4645 HQ1
3069 4566 3328 4632 Ili,‘118
3351 4577 3403 4621 et
3430 4563 3556 4629 ibi;

1953 4640 2263 4700 alibi'addit'
2282 4648 2443 4700 etiam
2477 4640 2746 4715 psalmum
2778 4658 2959 4715 xxxvi.
2992 4640 3170 4695 Mam.

2022 4718 2197 4773 —-Ad
2249 4706 2496 4775 llebraic'i
2543 4717 2817 4786 alphabeti
2868 4714 3078 4786 litteras
3109 4752 3125 4776 ,
3176 4724 3328 4765 suam
3358 4706 3557 4786 cuique

1953 4790 2223 4844 versiculo
2251 4806 2317 4844 ex
2344 4790 2535 4844 ordine
2564 4782 2808 4844 tribuens
2840 4830 2853 4846 .
2902 4782 3076 4840 Carus
3109 4786 3248 4835 hunc
3281 4782 3549 4847 psaluium

1951 4860 2195 4927 digessit.
2229 4861 2477 4915 Murtiau.
2512 4878 2613 4915 nou
2647 4868 2781 4914 recte
2812 4857 2863 4913 id
2896 4855 3012 4911 ﬁeri
3043 4896 3057 4921 ,
3087 4860 3425 4927 annota‘tum
3455 4864 3555 4927 _vc-

1952 4920 2068 4988 tere
2094 4933 2301 4987 scholio
2324 4932 2530 4987 invenit
2552 4938 2602 4986 in
2626 4930 2932 4989 Sorbouico
2957 4920 3057 4981 ms.
3084 4924 3192 4980 Nos
3217 4923 3271 4977 in
3302 4920 3548 4976 Palatino

1948 5006 2255 5073 appositum
2285 5021 2315 5058 e
2342 5006 2566 5073 regione
2599 5007 2837 5073 priorum
2868 5000 3170 5073 verborum
3197 4993 3548 5073 asteriscttm,

1952 5063 2129 5143 neque
2154 5063 2677 5147 liualibustitmquam
2704 5075 2916 5147 punctis
2937 5068 3281 5147 conclusum.
3312 5065 3379 5119 ad
3403 5063 3554 5147 ejus-

1951 5135 2071 5201 dem
2108 5148 2382 5218 alphabeti
2416 5135 2949 5215 elementa-singulis
2973 5138 3281 5218 quibusque
3302 5135 3554 5191 versibus

1951 5210 2318 5288 DPiIIpOIlelldil
2366 5262 2381 5285 ,
2450 5221 2669 5289 signum
2728 5210 3042 5283 accipimus.
3097 5210 3313 5289 _Vit_lcsis
3370 5218 3552 5289 tanien

1956 5279 2085 5359 quae
2113 5292 2178 5345 ad
2222 5279 2478 5346 buncinet
2508 5279 2790 5357 "psalmum
2839 5279 2891 5341 in
2941 5282 3303 5359 translatione
3341 5295 3409 5335 ex
3438 5279 3550 5333 lle-

1959 5352 2139 5443 braico
2166 5362 2402 5417 diximus
2448 5352 2569 5443 {am
2600 5376 2727 5415 vero
2754 5359 2995 5423 obelum,
3027 5355 3125 5427 qui
3156 5352 3330 5424 primo
3357 5366 3553 5407 occur-

1957 5435 2046 5498 rit,
2083 5435 2222 5489 idem
2252 5450 2356 5489 ms.
2388 5445 2444 5491 et
2467 5435 2638 5490 Carus
2667 5440 2950 5498 respuunt.

2030 5515 2053 5576 9
2095 5506 2385 5576 Subjuugit
2416 5506 2561 5561 idem
2593 5519 2692 5557 tus.
2722 5500 3051 5576 Diapsalma.

2032 5575 2049 5615 ί
2090 5570 2235 5633 Ideni
2266 5570 2368 5631 ms.
2400 5593 2465 5633 ex
2510 5570 2835 5646 Augustino,
2884 5570 3152 5646 mundus;_
3194 5579 3326 5633 tum,
3360 5575 3405 5621 et
3437 5580 3549 5646 ῃ.οη

1936 5651 2139 5723 juruuit
2167 5650 2219 5703 in
2256 5650 2463 5723 dolore,
2496 5635 3010 5723 qttovdupostr'emnm
3043 5641 3263 5698 verbum
3286 5635 3545 5723 omnifo-

1947 5710 2101 5790 :Silltll
2136 5731 2218 5774 est
2254 5710 2582 5776 Veronensis
2612 5710 2819 5775 librarii
2851 5716 3103 5790 mendum
3136 5728 3232 5790 pro
3262 5710 3404 5790 dolo.

2019 5801 2047 5874 εξ
2086 5791 2417 5850 Veronensis
2460 5808 2564 5850 ms.
2610 5808 2768 5850 unice
2805 5804 2927 5849 cum
2969 5779 3271 5861 AuguStiuo
3296 5823 3311 5852 ,
3362 5779 3538 5846 inique

1946 5865 2188 5937 facientes
2219 5881 2369 5923 vana.
