4062 6356
463 355 567 414 159

1478 357 1538 416 s.
1581 353 1971 414 menouvm
2010 336 2244 410 omni
2280 354 2764 413 BIBLIOTHECA.

3662 353 3765 413 160

532 475 880 534 Reminiscere
906 480 1300 536 miserationem
1330 488 1568 544 tuarum,
1598 473 1854 543 Domine,
1885 480 1934 528 et
1964 471 2060 528 mi~
2085 469 2142 532 A
2240 470 2609 528 Reminiscere
2643 470 3056 527 miserationem
3090 479 3305 527 tuarum
3325 513 3340 537 ,
3377 470 3606 530 Domine
3649 489 3666 532 :
3710 482 3765 531 et

459 569 860 624 sericordiarum
891 582 1122 640 tuarum,
1151 587 1269 645 quin
1287 589 1320 626 a
1340 568 1532 625 steculo
1555 576 1696 623 sunt.

533 663 737 718 Delicta
753 667 1045 738 juventutis
1071 683 1201 722 mea:
1243 675 1294 721 et
1318 662 1642 736 ignorantias
1673 675 1812 717 meas
1838 675 1903 714 ne
1953 674 2069 713 mea

464 759 700 814 mineris.

533 848 836 905 Secundum
867 850 1276 905 misericordiam
1299 859 1442 904 tuam
1462 857 1716 904 memento
1739 847 1838 903 mei
1861 857 1888 885 α
1912 850 1979 916 >ς<
2003 857 2060 902 tu

472 943 496 1013 ζ
530 952 741 1015 prapter
767 943 1045 998 bonitatem
1074 955 1237 1008 luam,
1275 943 1513 998 Domine.

562 1036 747 1092 Dulcis
775 1049 825 1093 et
853 1047 1026 1094 rectus
1047 1038 1343 1095 Dominus:
1370 1046 1579 1111 prapter
1607 1037 1704 1091 Itoc
1735 1035 1897 1108 legem
1921 1035 2064 1090 dabit

463 1130 878 1200 delinquentibus
905 1133 961 1188 in
976 1135 1095 1200 via.

534 1223 737 1299 Diriget
777 1235 1075 1284 mansuetos
1114 1228 1169 1283 in
1197 1226 1401 1301 judicio
1447 1240 1468 1280 :

460 1330 604 1370 81108.

537 1408 803 1466 Universae
830 1410 927 1466 vite
948 1409 1156 1466 Domini
1183 1408 1545 1464 misericordia
1573 1416 1622 1463 et
1651 1409 1861 1474 veritas,
1892 1407 2064 1477 requi-

459 1502 692 1558 rentibus
722 1511 1082 1559 testamentum
1129 1504 1242 1574 ejus
1273 1511 1321 1556 et
1352 1501 1647 1556 testimonia
1671 1501 1809 1571 ejus.

536 1595 758 1669 Propter
782 1613 969 1652 nomen
993 1607 1158 1664 tuum,
1191 1594 1437 1663 Domine,
1463 1595 1832 1668 propitiaberis
1856 1604 2063 1666 peccato

459 1707 574 1745 meo
606 1707 626 1746 :
656 1692 874 1746 multum
905 1699 979 1746 est
1010 1692 1171 1746 enim.

532 1783 664 1849 Quis
691 1792 768 1838 est
792 1783 950 1839 homo
981 1785 1070 1854 qui
1101 1785 1246 1842 timet
1272 1781 1594 1840 Dominum?
1622 1785 1787 1857 legem
1807 1783 1992 1840 statuit
2011 1782 2062 1837 ei

463 1879 520 1933 in
548 1879 656 1946 via,
686 1895 841 1951 quam
867 1878 1043 1953 elegit.

535 1972 721 2028 Anima
753 1974 866 2044 ejus
897 1973 952 2026 in
987 1973 1131 2028 bouis
1174 1971 1530 2028 demorabitur
1574 1987 1592 2027 :

463 2062 794 2120 hwreditabit
827 2072 1039 2120 terram.

532 2155 954 2212 Firmamentum
982 2168 1058 2213 cst
1085 2157 1339 2212 Dominus
1370 2155 1669 2211 timentibus
1699 2171 1846 2224 eum,
1883 2165 1936 2212 et
1963 2165 2059 2212 tes-

458 2256 746 2305 tamentam
768 2251 956 2322 ipsius,
987 2261 1040 2304 ut
1073 2251 1432 2320 manifestetur
1457 2249 1588 2304 illis.

537 2346 690 2402 Oculi
715 2348 817 2403 mei
843 2363 1043 2419 semper
1063 2349 1133 2401 ad
1149 2345 1434 2402 Dominum
1447 2361 1467 2402 :
1481 2345 1728 2418 quoniam
1752 2345 1862 2418 ipse
1882 2345 2060 2401 evellet

458 2440 523 2496 de
547 2441 732 2512 laqueo
758 2441 913 2511 pedes
942 2456 1102 2496 meos.

531 2533 749 2606 Respice
768 2534 824 2589 in
846 2550 947 2605 me,
962 2543 1009 2589 et
1028 2533 1270 2590 miserere
1290 2535 1424 2588 mei:
1440 2532 1563 2604 quia
1585 2533 1769 2588 unicus
1789 2542 1840 2588 et
1861 2549 2060 2606 pauper

453 2643 571 2683 sum
606 2644 722 2701 ego.

528 2719 907 2775 Tribulationes
928 2717 1104 2773 cordis
1123 2716 1226 2772 mei
1247 2715 1608 2790 multiplicata:
1626 2727 1744 2773 sunt
1757 2733 1778 2773 :
1800 2717 1864 2774 de
1885 2735 2058 2774 neces.

451 2811 695 2866 sitatibus
723 2812 849 2866 meis
885 2827 1007 2865 erue
1037 2825 1139 2866 me.

532 2905 666 2961 Vide
687 2906 1042 2960 humilitatem
1064 2920 1230 2959 meam
1250 2912 1298 2960 et
1315 2902 1544 2960 laborem
1563 2920 1761 2961 meum:
1779 2916 1828 2962 et
1851 2907 2056 2964 dimitte

456 2998 703 3053 universa
734 2997 926 3052 delicta
951 3012 1092 3051 mea.

525 3089 746 3160 Respice
771 3090 1010 3144 inimicos
1033 3105 1172 3145 meos
1191 3129 1207 3157 ,
1237 3088 1485 3160 quoniam
1513 3089 1854 3161 multiplicati
1880 3102 2002 3146 sunt
2032 3108 2055 3149 :

455 3192 505 3240 et
535 3183 658 3239 odio
689 3184 869 3256 iniquo
897 3183 1120 3239 oderunt
1152 3200 1256 3240 me.

1520 1223 1719 1280 docebit
1765 1223 1915 1276 mites
1954 1221 2063 1277 vias

1644 1979 1691 2026 et
1733 1986 1904 2027 semen
1947 1971 2061 2042 ejus

2163 559 2192 599 ι)
2220 563 2611 619 misericordia:
2639 572 2764 631 tum,
2797 579 2918 634 qua:
2943 579 2975 618 a
3003 563 3206 620 sateulo
3235 573 3385 620 sunt.

2241 655 2441 711 Delicta
2471 654 2770 725 iuventutis
2811 665 2868 712 et
2908 655 3236 726 ignorantiae
3283 672 3420 712 mete
3460 673 3529 712 ne
3574 659 3765 715 memi-

2166 749 2355 806 neris:
2385 749 2691 806 secundum
2717 766 2966 823 magnam
2995 751 3427 808 misericordiam
3470 763 3614 809 tuam
3651 770 3766 811 me-

2165 856 2287 896 mor
2314 849 2433 897 esto
2460 843 2595 903 mei.
2630 853 2856 914 propter
2886 843 3184 900 bonitatem
3220 855 3402 914 tuam,
3439 844 3688 902 Domine.

2238 934 2423 990 Dulcis
2470 945 2526 991 et
2570 949 2756 992 rectus
2790 936 3052 991 Dominus
3103 952 3117 990 :
3171 947 3403 1009 propter
3443 938 3545 995 hoc
3588 942 3762 1011 legem

2165 1030 2357 1085 Statuit
2387 1029 2515 1102 [Ms.
2543 1029 2776 1102 statuet]
2808 1029 3254 1101 delinquentibus
3287 1031 3338 1087 in
3372 1033 3480 1087 via.

2236 1124 2448 1195 Diriget
2459 1125 2617 1180 mites
2631 1123 2681 1178 in
2696 1123 3149 1193 judiciozdoccbit
3162 1133 3474 1181 mansuetos
3486 1125 3602 1182 vias
3617 1143 3761 1184 suas.

2241 1217 2522 1273 Universae
2548 1218 2651 1272 via:
2676 1216 2893 1271 Domini
2927 1217 3302 1273 misericordia
3327 1226 3386 1273 et
3410 1220 3638 1287 veritas,
3671 1238 3763 1278 re-

2165 1310 2509 1384 quirentibus
2539 1319 2928 1367 testamentum
2953 1312 3072 1381 ejus
3093 1319 3146 1367 et
3171 1312 3486 1367 testimonia
3514 1313 3653 1383 ejus.

2240 1407 2468 1476 Propter
2495 1420 2696 1461 nomen
2732 1413 2905 1471 tuum,
2938 1402 3193 1474 Domine,
3227 1405 3610 1474 prepitiobcris
3636 1422 3768 1479 pec-

2167 1507 2289 1554 cato
2319 1513 2466 1566 meo,
2499 1498 2780 1568 copiosum
2815 1497 2942 1571 [Ms.
2978 1495 3232 1571 multum]
3262 1507 3346 1553 est
3375 1499 3546 1554 enim.

2238 1590 2370 1660 Quis
2399 1600 2486 1646 est
2519 1590 2705 1656 homo,
2737 1589 2831 1661 qui
2867 1591 3054 1645 timeat
3088 1589 3417 1646 Dominum?
3449 1591 3622 1664 legem
3652 1602 3768 1650 sta-

2169 1684 2270 1739 tuit
2301 1683 2431 1757 [Με.
2463 1681 2691 1755 statuet]
2720 1684 2770 1739 ei
2803 1685 2855 1739 in
2883 1684 2996 1749 via,
3023 1699 3184 1755 quam
3215 1684 3402 1755 elegit.

2241 1774 2440 1831 Anima
2469 1775 2588 1843 ejus
2614 1775 2668 1830 in
2695 1775 2855 1831 bonis
2885 1775 3268 1832 demorabitur
3297 1795 3308 1831 :
3343 1785 3401 1834 et
3429 1792 3614 1835 semen
3643 1780 3766 1853 ejus

2093 1871 2144 1935 B
2172 1868 2547 1924 [nereditatem
2576 1868 2708 1941 [Μδ.
2734 1867 3079 1941 litereditate]
3101 1871 3401 1941 possidebit
3426 1881 3653 1930 terram.

2237 1962 2668 2017 Firmamentum
2697 1971 2780 2016 est
2810 1961 3074 2016 Dominus
3104 1961 3426 2020 timentibus
3451 1978 3576 2020 eum
3612 1977 3670 2020 c:
3705 1974 3767 2023 et

2164 2063 2550 2113 testamentum
2584 2053 2757 2123 ipsius
2789 2052 2919 2128 [Ms.
2949 2052 3102 2126 ejus]
3135 2063 3192 2108 ut
3217 2053 3600 2112 manifestctur
3629 2057 3759 2114 illis.

2235 2148 2388 2205 Oculi
2421 2148 2525 2204 mei
2559 2162 2778 2218 semper
2816 2147 2883 2201 ad
2924 2146 3216 2202 Dominum
3269 2165 3284 2203 ς
3334 2149 3596 2220 quoniam
3644 2150 3762 2222 ipse

2163 2241 2365 2300 evellet
2390 2240 2457 2296 de
2487 2241 2684 2311 laqueo
2713 2238 2879 2310 pedes
2912 2254 3088 2294 meos.

2235 2333 2468 2402 Respice
2488 2332 2545 2388 in
2570 2348 2678 2401 me,
2708 2340 2764 2388 et
2787 2331 3048 2390 miserere
3068 2329 3095 2369 ἀ
3119 2332 3250 2404 mei,
3284 2334 3545 2405 quoniam
3565 2336 3760 2394 unicus

2161 2440 2216 2488 ct
2248 2445 2453 2502 pauper
2479 2443 2602 2484 sum
2629 2442 2754 2499 ego.

2231 2524 2639 2580 Tribulationes
2668 2521 2854 2580 cordis
2885 2522 2995 2577 mei
3028 2522 3274 2579 dilatata:
3314 2523 3466 2597 [Ms.
3495 2525 3762 2597 multipli-

2161 2616 2322 2690 catm]
2349 2629 2509 2675 sunt:
2534 2617 2602 2672 de
2627 2615 3049 2672 necessitatibus
3072 2617 3210 2672 meis
3231 2617 3384 2690 eripe
3409 2616 3539 2690 Uis.
3560 2618 3758 2693 libera]

2160 2727 2269 2767 me.
3072 2696 3080 2703 ’

2232 2793 2390 2860 Vide
2418 2803 2781 2859 humilitatem
2829 2820 3006 2861 meam
3047 2812 3104 2861 et
3145 2803 3393 2862 laborem
3440 2820 3669 2862 meum:
3702 2815 3761 2864 et

2159 2896 2373 2954 dimitte
2397 2900 2578 2954 omnia
2606 2909 2824 2969 peccata
2860 2915 3005 2956 mea.

2231 2993 2466 3064 ReSpice
2489 2993 2741 3048 inimicos
2767 3009 2937 3062 meos,
2956 2992 3214 3065 quoniam
3237 2992 3574 3065 multiplicati
3595 3001 3754 3051 sunt:

2157 3096 2214 3143 et
2242 3085 2368 3142 odio
2398 3085 2587 3155 iniquo
2617 3085 2853 3141 oderunt
2895 3101 3006 3141 me.

2229 3180 2454 3236 Custodi
2483 3180 2718 3235 animam
2759 3195 2936 3236 meam
2976 3189 3033 3236 et
3061 3179 3215 3250 eripe
3255 3189 3279 3218 ο
3324 3195 3450 3236 me:
3481 3179 3710 3237 Domine
3734 3221 3752 3250 ,

524 3276 737 3332 Custodi
763 3277 995 3331 animam
1020 3293 1208 3347 meam,
1239 3283 1288 3332 et
1305 3292 1428 3332 erue
1451 3292 1531 3332 me
1552 3291 1570 3330 :
1595 3294 1697 3332 non
1723 3278 2044 3349 erubescam,
2076 3272 2124 3337 C
2156 3291 2262 3330 non
2294 3273 2620 3340 confundor,
2650 3273 2910 3345 quoniam
2940 3274 3192 3330 invocavi
3225 3282 3302 3330 te.

455 3371 708 3442 quoniam
733 3369 938 3442 speravi
962 3370 1018 3424 in
1046 3379 1120 3424 te.

519 3462 830 3519 lnnocentes
850 3472 896 3516 et
914 3463 1044 3516 recti
1069 3462 1400 3518 adha‘serunt
1424 3462 1552 3516 mihi
1561 3505 1573 3527 ,
1587 3462 1709 3530 quia
1729 3467 1956 3521 sustinui
1978 3476 2046 3522 te.

525 3554 883 3624 Libera,Deus
895 3553 1090 3624 Israel,
1107 3571 1172 3611 ea:
1199 3554 1438 3612 omnibus
1462 3555 1888 3612 tribulationibus
1915 3561 2045 3616 suis.

2228 3369 2558 3424 lnnocentes
2600 3375 2656 3423 et
2680 3370 2815 3422 recti
2859 3367 3213 3424 adhaeserunt
3257 3366 3392 3424 mihi
3436 3387 3449 3422 :
3500 3367 3758 3439 quoniam

2157 3464 2394 3520 sustinui
2426 3471 2500 3528 te.
2538 3462 2558 3502 ί
2596 3463 2852 3518 Domine.

2229 3556 2458 3614 Redime
2479 3570 2587 3626 me,
2608 3555 2956 3624 Deuslsrael.
2971 3570 3038 3613 ex
3056 3555 3308 3613 omnibus
3322 3555 3584 3628 angustiis
3597 3556 3752 3612 meis.

1772 3679 2134 3748 PSALMUS
2176 3680 2386 3746 XXV.

1009 3797 1248 3840 PSALIUS
1285 3797 1468 3838 DAVID.

514 3875 708 3932 Judica
735 3892 836 3942 me,
867 3875 1110 3944 Domine,
1140 3877 1389 3949 quoniam
1413 3891 1505 3949 ego
1528 3875 1584 3932 in
1608 3875 1911 3933 innocentia
1934 3893 2048 3934 mea

446 3970 707 4043 ingressus
735 3985 869 4026 sum.

517 4063 584 4120 Et
614 4065 668 4119 in
701 4063 924 4121 Domino
953 4079 1167 4134 sperans
1199 4079 1303 4118 non
1332 4062 1659 4132 inlirmabor.

501 4155 691 4212 Proba
723 4173 824 4224 me,
870 4156 1113 4224 Domine,
1144 4165 1191 4211 et
1223 4165 1366 4212 tenta
1389 4169 1511 4209 me:
1537 4171 1630 4210 ure
1657 4170 1806 4211 renes
1831 4171 1968 4212 meos
1998 4163 2048 4212 et

443 4265 532 4302 σον
563 4265 754 4306 meum.

518 4340 779 4407 Quoniam
824 4340 1182 4395 misericordia
1225 4348 1315 4400 tua
1342 4349 1465 4396 ante
1512 4339 1693 4397 oculos
1748 4357 1890 4397 meos
1921 4351 1995 4398 est
2025 4359 2045 4398 :

449 4443 496 4487 et
523 4433 816 4505 complacui
844 4434 897 4487 in
928 4434 1142 4488 veritate
1169 4443 1283 4489 tua.

517 4524 643 4579 Non
671 4526 781 4580 sedi
811 4542 931 4580 cum
959 4526 1181 4582 concilio
1209 4526 1455 4582 vanitatis
1480 4541 1499 4582 :
1529 4536 1578 4583 et
1604 4543 1721 4607 cum
1745 4528 1928 4601 iniqua
1956 4546 2045 4604 ge-

442 4617 674 4671 rentibus
701 4633 804 4672 ntm
835 4618 1082 4674 introibo.

517 4709 670 4764 Οᾱίυἱ
695 4709 959 4766 ecclesiam
985 4711 1380 4784 malignantium
1406 4727 1427 4767 :
1467 4721 1517 4766 et
1554 4727 1674 4767 cum
1713 4712 1894 4785 impiis
1935 4730 2039 4768 non

438 4802 642 4859 sedebo.

2549 3792 2788 3836 PSALIIUS
2820 3777 2962 3851 [51s.
2995 3775 3130 3850 iPSIJ
3175 3787 3355 3831 nmo.

2221 3876 2410 3932 Judiea
2445 3888 2532 3929 me
2557 3914 2571 3939 ,
2608 3861 2837 3928 Domine
2862 3912 2879 3940 ,
2923 3871 3180 3944 quoniam
3211 3885 3312 3943 ego
3344 3869 3400 3926 in
3437 3868 3754 3927 innocentia

2155 3983 2281 4027 mea
2309 3979 2333 4017 ις
2359 3967 2639 4038 ingressus
2669 3979 2813 4020 sum.

2221 4061 2291 4118 Et
2318 4060 2373 4116 in
2406 4058 2636 4114 Domino
2661 4070 2891 4128 sperans
2919 4071 3025 4112 non
3055 4053 3400 4111 inlirmabor.

2221 4153 2397 4210 Proba
2425 4167 2536 4219 me,
2571 4151 2822 4218 Domine,
2852 4159 2909 4207 et
2935 4157 3082 4206 tenta
3109 4163 3198 4205 me
3226 4165 3238 4203 :
3273 4163 3374 4204 ure
3403 4161 3565 4204 rencs
3603 4161 3756 4204 meos

2161 4254 2218 4304 Cl
2243 4261 2342 4301 COI‘
2367 4260 2571 4302 meum.

2219 4342 2494 4411 Quoniam
2519 4339 2899 4396 misericordia
2933 4346 3026 4395 tua
3057 4345 3187 4395 ante
3213 4335 3406 4394 oculos
3439 4349 3594 4392 meos
3622 4343 3709 4418 est
3737 4354 3752 4392 :

2149 4446 2205 4494 et
2234 4434 2543 4506 complacui
2571 4436 2624 4490 in
2653 4433 2885 4490 veritate
2917 4442 3027 4488 tua.

2220 4530 2340 4588 Non
2373 4530 2492 4586 sedi
2523 4530 2576 4585 in
2603 4528 2841 4584 consilio
2873 4527 3015 4602 [Ms.
3051 4523 3334 4598 concilio]
3361 4523 3622 4581 vanitatis
3654 4541 3668 4579 :
3700 4529 3758 4581 et

2151 4641 2275 4680 cum
2304 4625 2484 4695 iniqua
2513 4623 2832 4695 gerentibus
2861 4638 2969 4678 non
3003 4622 3266 4678 introibo.

2221 4715 2249 4754 ιι
2293 4718 2450 4774 0divi
2503 4717 2984 4789 congregationem
3037 4717 3402 4790 malignorum
3448 4731 3463 4770 :

2149 4809 2333 4882 impiis
2364 4825 2472 4866 non
2505 4809 2733 4866 sedebo.

3516 4721 3574 4770 Cl
3624 4728 3752 4770 cum

514 4989 541 5059 ξ
581 4979 879 5059 Atquehbic
906 4994 1191 5050 perperam
1219 4977 1460 5036 obelum'
1485 4996 1586 5051 pro
1627 4984 1890 5041 asterisco
1935 4984 2038 5040 Pa-
2065 4995 2120 5057 Ῑ)
2145 4995 2256 5042 tum
2289 4986 2423 5042 dicit
2455 4986 2845 5059 Hieronymus.
2884 4985 3040 5059 Unde
3081 4985 3212 5041 illud
3251 4987 3515 5059 expttnxit
3543 4986 3596 5042 in
3645 5003 3736 5044 se-

449 5053 649 5108 Iatinns
675 5060 731 5106 et
755 5050 930 5108 Carus
962 5061 1290 5120 pramotaut.

517 5122 546 5161 δ
561 5123 753 5197 Δᾼισιιω
779 5126 878 5179 hoc
899 5138 967 5178 ex
985 5123 1286 5197 Augustino
1308 5124 1451 5180 idem
1475 5141 1602 5193 ms.,
1626 5134 1673 5180 et
1693 5127 1816 5197 quia
1839 5127 2038 5182 miseri-

446 5193 638 5251 cordia:
661 5205 762 5249 tua:
787 5212 818 5246 a
845 5193 1035 5249 steculo
1063 5206 1204 5249 sunt.

521 5277 544 5305 ε
586 5268 849 5340 Quod_est
877 5265 1052 5340 Grieci
1082 5265 1287 5340 codicis
1323 5266 1678 5340 Alexandrini
1719 5269 1991 5340 glossema
2019 5313 2035 5337 ,

446 5349 494 5393 et
522 5351 708 5410 nomen
735 5336 945 5390 Domini
968 5337 1258 5410 timentibus
1287 5354 1424 5405 eum,
1457 5336 1790 5410 Augustinus
1815 5341 1904 5398 hic
1927 5336 2040 5398 sui-

450 5409 586 5476 licit,
617 5424 684 5462 ex
712 5423 886 5478 eoque
911 5408 1084 5464 codex
1110 5409 1464 5466 Veronensis.

521 5480 549 5517 ά
593 5479 784 5535 Editor
812 5479 1141 5536 Veronensis
1165 5481 1413 5536 Psalterii
1438 5497 1733 5550 pronomen
1763 5484 1861 5538 mei
1891 5494 2042 5540 trun-

453 5562 560 5618 cat,
593 5551 848 5627 nec_(_'z_tcti
879 5553 1353 5627 lectoremmonct
1378 5595 1391 5615 ,
1431 5564 1529 5627 aut
1550 5555 1667 5625 ejus
1693 5557 2038 5627 expungendi

451 5638 610 5696 causa
644 5623 834 5689 addit,
865 5638 988 5678 cum
1023 5623 1153 5678 illud
1187 5633 1366 5679 tamen
1399 5623 1690 5696 originales
1746 5623 1928 5684 textus
1979 5644 2044 5685 ac

453 5695 577 5752 libri
609 5696 700 5749 alii
730 5710 921 5750 omnes
961 5695 1221 5751 habeant.

531 5778 552 5805 ε
598 5767 738 5841 Idem
770 5781 873 5821 ms.
901 5808 916 5833 ,
959 5783 1080 5841 erue
1119 5783 1239 5841 me,
1293 5783 1394 5820 non
1425 5768 1716 5836 confundor
1744 5809 1759 5836 ,
1804 5772 2047 5841 quoniam
2075 5758 2089 5772 ’

489 5837 663 5910 perat-1'
693 5838 746 5910 in
779 5848 844 5901 te,
870 5839 1072 5910 jugiter
1102 5853 1164 5891 ex
1194 5839 1514 5902 Augustino.

462 5908 497 5944 ι’
534 5908 552 5946 ί
592 5908 824 5966 Verbum
853 5909 996 5966 istud
1029 5909 1243 5966 Domine
1264 5909 1536 5982 superﬂue
1564 5909 1618 5965 in
1658 5911 1848 5970 Graeco
1899 5916 2050 5984 posi-

2145 5060 2326 5115 cunda
2367 5058 2769 5114 emendatimte.
2815 5058 3091 5114 Omissum
3130 5065 3216 5114 est
3258 5058 3402 5114 idem
3445 5074 3645 5114 nomen
3697 5062 3750 5114 in

2146 5146 2250 5186 ms.
2277 5131 2522 5186 Romano
2543 5130 2807 5184 Psalterio
2830 5130 3152 5199 Sorbonico,
3173 5132 3422 5198 quamvis
3445 5132 3498 5185 in
3515 5132 3748 5187 adversa

2146 5204 2433 5265 columna,
2471 5202 2561 5256 ubi
2590 5199 2816 5257 Graecos
2861 5210 3148 5257 contextus
3191 5200 3335 5256 LXX
3376 5201 3748 5270 Interprctum

2151 5272 2356 5327 Latinis
2398 5273 2596 5328 litteris
2643 5271 2952 5340 descriptus
2991 5281 3115 5340 cst,
3170 5273 3386 5340 legatur
3415 5273 3517 5328 hoc
3563 5274 3744 5340 modo,

2146 5346 2372 5417 ipcmina
2402 5361 2460 5417 se,
2493 5343 2620 5409 Kre,
2654 5345 2890 5417 ἐπέμεινά
2918 5367 2979 5400 σε
3006 5347 3176 5417 Κύριε,
3208 5347 3259 5400 id
3281 5354 3390 5410 est,
3421 5346 3646 5400 sustinui
3674 5355 3742 5412 te,

2206 5418 2390 5470 omine.
2420 5416 2598 5470 Manr.

2220 5490 2351 5543 —S.
2381 5488 2496 5556 ipse
2527 5488 2704 5546 Pater.
2737 5487 2898 5554 epist.
2925 5487 2991 5539 ad
3017 5486 3303 5552 Sunniam,
3330 5489 3394 5542 ad
3421 5492 3536 5544 btee
3561 5489 3752 5554 verba,

2149 5560 2504 5632 quiasustinui
2537 5568 2584 5632 te
2611 5575 2628 5612 :
2660 5557 2724 5611 Et
2753 5559 2948 5621 dicitis,
2983 5560 3175 5632 inquit,
3195 5562 3265 5632 in
3278 5558 3468 5632 rerco
3499 5561 3752 5632 reperisse

2155 5631 2416 5697 Domine,
2447 5629 2584 5698 quod
2615 5632 2937 5700 superﬂuum
2968 5641 3063 5684 est.
3097 5631 3217 5686 Mox
3252 5629 3584 5688 Veronensis
3617 5647 3748 5698 ms.,

2155 5700 2576 5756 tribulationibus
2615 5701 2779 5755 habet
2812 5717 2910 5769 pro
2939 5704 3218 5773 angustiis.

2228 5784 2252 5820 ις
2301 5773 2463 5844 Unice
2489 5787 2609 5826 cum
2639 5773 2936 5841 Augustino
2969 5771 3272 5831 veronens.
3308 5789 3445 5844 ms.,
3486 5771 3752 5829 ambulavi

2157 5856 2206 5901 et
2237 5843 2424 5917 inDeo
2453 5859 2564 5903 meo
2590 5861 2801 5917 speratis
2821 5888 2835 5911 ,
2866 5860 2973 5898 etc.

2234 5916 2261 5954 ιι
2300 5914 2448 5974 Idem
2488 5928 2591 5972 ms.
2617 5914 2687 5972 ἀι
2725 5916 2954 5988 August.
3011 5917 3131 5973 otlio
3160 5915 3314 5972 habui
3348 5935 3364 5972 :
3401 5927 3511 5975 tum
3544 5916 3752 5976 Lavatid
