4062 6356
271 329 371 390 161

1573 319 1783 379 LIBER
1825 315 2289 379 PSALMORUM.’

3469 317 3574 376 162

343 445 546 502 Lacabo
574 443 711 499 inter
731 442 1022 499 innocentes
1052 457 1238 498 manus
1264 455 1404 496 meas
1423 454 1441 495 :
1463 449 1510 498 et
1535 439 1866 495 circumdubo
1898 441 1952 501 Α
2046 437 2263 493 Lavabo
2287 434 2428 494 inter
2448 434 2770 494 innocentes
2795 448 2988 493 manus
3019 449 3209 493 meas:
3243 442 3300 494 et
3327 435 3574 494 cit-coitio

271 540 429 594 altare
453 547 619 604 tuum,
655 536 893 592 Domine.

345 628 413 686 Ut
441 630 656 684 audiam
683 645 859 684 uocem
891 629 1064 684 laudis
1103 645 1124 685 :

269 723 449 779 rubiliu
477 731 566 776 tua
597 729 646 776 ⁸.

336 817 581 886 Domine,
610 815 774 872 dilexi
803 816 1040 872 decorem
1066 815 1254 872 domus
1283 824 1408 886 tute,
1441 823 1488 871 et
1515 813 1688 871 locum
1720 814 1870 869 habi-

271 910 478 965 talionis
499 908 684 981 gloria:
710 917 834 965 tuae.

337 1000 422 1056 Ne
439 1001 633 1073 perdas
658 1017 777 1056 cum
809 1001 978 1072 impiis
1009 1001 1238 1057 animam
1268 1015 1437 1056 meam
1467 1016 1487 1056 .°
1524 1009 1574 1056 et
1603 1017 1718 1057 cum
1745 1000 1870 1056 viris

273 1095 587 1167 anguinum
617 1096 778 1150 vitam
807 1111 991 1150 meum.

340 1185 404 1242 In
425 1202 654 1256 quorum
676 1187 910 1244 manibus
939 1186 1240 1258 iniquitates
1268 1197 1432 1245 sunt:
1451 1189 1665 1244 dextera
1689 1203 1868 1244 eorum

271 1281 460 1351 repleta
487 1290 564 1335 est
587 1279 905 1336 muneribus.

335 1372 451 1447 Ego
469 1382 645 1429 autem
668 1374 724 1429 in
746 1376 1040 1431 innocentia
1063 1393 1176 1433 mea
1201 1377 1468 1450 ingressus
1494 1391 1609 1432 sum
1633 1392 1651 1431 :
1674 1374 1869 1431 redime

270 1483 364 1537 nte,
392 1477 440 1523 et
467 1469 716 1524 miserere
740 1470 863 1526 mei.

337 1560 440 1616 Pes
461 1577 612 1616 meus
641 1564 778 1617 stetit
802 1562 857 1618 in
884 1561 1080 1621 directo
1107 1579 1128 1620 :
1153 1565 1207 1622 in
1237 1565 1464 1621 ecclesiis
1484 1565 1780 1622 benedicant
1805 1581 1867 1623 σξη

273 1661 316 1710 te
341 1653 364 1724 ζ
399 1651 653 1710 Domine.

1169 637 1218 684 et
1243 643 1480 686 enarrem
1505 627 1746 682 universa
1773 625 1868 680 mi-

1979 533 2154 588 altare
2187 540 2362 598 tuum,
2399 533 2646 589 Domine.

2053 624 2124 682 Ut
2149 624 2364 680 audiam
2385 639 2580 680 vocem
2606 624 2781 682 laudis
2801 633 2911 681 tuae
2934 639 2950 680 :
2973 634 3028 682 et
3053 639 3303 682 enarrem
3323 624 3576 682 universa

1975 717 2248 773 mirabilia
2279 727 2394 773 tua.

2048 811 2323 879 Domine,
2369 810 2544 867 dilexi
2581 810 2839 869 decorem
2871 813 3067 868 domus
3101 821 3208 868 tua:
3234 854 3250 882 ,
3302 821 3361 870 et
3395 813 3575 869 locum

1977 903 2316 960 tabernaculi
2347 902 2478 976 [Με.
2514 903 2889 976 habitationis]
2919 905 3106 977 gloriae
3138 916 3266 961 tum.

2043 1003 2121 1061 Ne
2148 1012 2174 1050 ε
2205 1002 2406 1076 perdas
2438 1019 2561 1059 cum
2593 1005 2775 1076 impiis
2819 1005 3061 1061 animam
3102 1019 3279 1060 meam
3311 1020 3326 1058 :
3367 1013 3422 1056 et
3451 1015 3574 1056 cum

1973 1095 2109 1154 viris
2151 1099 2480 1170 sanguinem
2521 1098 2690 1155 vitam
2736 1114 2936 1168 meam,
2961 1100 3014 1155 in
3044 1113 3279 1171 quorum
3325 1094 3577 1152 manibus

1973 1190 2290 1262 iniquitates
2333 1201 2482 1248 sunt.

2048 1285 2280 1342 Dextera
2311 1300 2502 1342 eorum
2531 1287 2738 1359 repleta
2769 1297 2853 1345 est
2879 1285 3349 1357 muneribuszego
3379 1293 3564 1340 autem

1974 1378 2028 1437 in
2063 1379 2371 1436 innocentia
2413 1396 2531 1438 mea
2577 1370 2856 1453 ingressus
2885 1396 3045 1450 sum;
3093 1381 3304 1437 redime
3349 1393 3476 1447 me,
3526 1389 3581 1434 et

1981 1473 2246 1530 miserere
2277 1474 2405 1530 mei.

2054 1567 2160 1624 Pes
2192 1566 2339 1623 enim
2371 1582 2529 1624 meus
2557 1569 2713 1626 stetit
2750 1568 2804 1626 in
2842 1569 2929 1627 via
2961 1577 3112 1628 recta
3160 1587 3172 1624 :

1983 1658 2306 1716 benedicam
2335 1659 2652 1718 Dominum.

3225 1567 3282 1625 in
3330 1565 3582 1624 ecclesiis

1597 1777 1734 1840 PSA
1746 1777 1956 1842 LMUS
2000 1777 2243 1840 XXVI.

552 1873 582 1917 ι’
613 1892 771 1934 eum
794 1919 810 1947 ,
844 1893 904 1934 +
936 1893 1234 1946 PRIUSQUMI
1263 1895 1582 1937 Lmaerun.
1904 1880 1951 1944 Β

341 2060 600 2117 Dominus
631 2060 946 2118 illuminatio
973 2080 1121 2132 mea,
1165 2071 1214 2118 et
1249 2060 1534 2130 salus‘meu
1563 2077 1583 2118 :
1612 2077 1762 2134 quem
1807 2059 1874 2116 ti-

279 2155 412 2210 utebo
431 2155 456 2209 .’
983 2218 990 2224 _

344 2247 602 2303 Dominus
625 2254 880 2318 protector
902 2247 1018 2302 uiue
1046 2262 1172 2302 mea:
1195 2261 1213 2301 :
1239 2263 1270 2302 a
1295 2263 1398 2320 quo
1427 2246 1737 2321 trepidabo?

343 2341 480 2397 Dum
512 2343 833 2416 appropiant
859 2357 1016 2415 super
1043 2357 1123 2396 me
1155 2353 1414 2410 nocentes,
1447 2351 1501 2396 ut
1523 2342 1677 2397 edant
1698 2357 1881 2398 carnes

285 2450 433 2489 meas.

347 2526 450 2596 Qui
480 2526 740 2582 tribulant
765 2541 848 2581 me
879 2535 900 2564 ο
930 2526 1125 2582 inimici
1153 2528 1256 2583 mei
1284 2543 1303 2584 :
1332 2527 1433 2597 ipsi
1458 2527 1709 2598 inﬁrmati
1737 2535 1874 2597 sunt,

290 2629 332 2675 et
364 2620 685 2674 ceciderunt.

345 2712 404 2768 Si
435 2712 730 2768 consistant
770 2711 1049 2768 aduersum
1075 2728 1155 2769 me
1183 2721 1356 2768 castra
1389 2727 1406 2768 :
1435 2728 1540 2768 non
1571 2712 1764 2769 timebit
1792 2727 1881 2768 cor

284 2822 467 2862 meum.

348 2902 407 2959 Si
437 2898 468 2939 τι
502 2909 750 2974 exsurgat
777 2903 1050 2958 adversum
1091 2920 1173 2961 me
1216 2903 1452 2977 prtelium

284 2997 515 3071 sperabo.

353 3089 524 3146 Unam
550 3090 678 3163 petii
705 3107 739 3145 a
769 3087 1018 3158 Domino,
1052 3088 1188 3144 hanc
1226 3090 1529 3163 requiram:
1570 3101 1626 3145 ut
1669 3089 1882 3147 inhabi-

353 3107 524 3146 unam
550 3107 678 3163 pem
705 3107 739 3145 a
769 3107 1018 3158 uommo,
1052 3107 1188 3144 nunc
1226 3107 1280 3144 re
1318 3107 1529 3147 utram:
1570 3107 1626 3145 ut
1669 3107 1684 3146 ι

285 3191 376 3241 tem
395 3185 451 3240 in
482 3185 643 3239 domo
673 3183 886 3238 Domini
914 3182 1154 3239 omnibus
1184 3107 1363 3239 diegus
1389 3186 1508 3239 vitta
1535 3201 1688 3242 mete.

1492 2921 1512 2962 :
1558 2905 1614 2962 in
1657 2905 1752 2961 hoc
1790 2920 1884 2978 ego

2051 1895 2287 1939 pssuus
2319 1879 2608 1956 [Μσνιρει]
2641 1897 2833 1952 mmo,
2866 1897 3161 1947 pnwsouau
3189 1897 3510 1940 usemeruu

2489 1975 2618 2048 [Με.
2644 1976 3079 2049 ecusnenerun].

2053 2067 2318 2128 Dominus
2348 2068 2679 2127 illuminatio
2709 2086 2828 2127 mea
2856 2111 2872 2140 ,
2920 2079 2974 2127 et
3017 2070 3166 2127 salus
3211 2084 3328 2125 mea
3360 2084 3375 2122 :
3421 2081 3581 2138 quem

1983 2165 2189 2222 timebo
2209 2165 2229 2219 l

2059 2258 2321 2313 Dominus
2356 2255 2617 2313 defensor
2645 2252 2789 2331 [Ms.
2815 2251 3130 2327 protector]
3177 2252 3302 2309 vitae
3334 2266 3513 2309 mete:
3554 2265 3584 2306 a

1983 2366 2090 2425 quo
2125 2349 2456 2422 trepidabo?

2052 2443 2188 2498 Dum
2236 2443 2568 2514 appropiant
2623 2440 2754 2516 [Ms.
2794 2435 3380 2512 appropinquaverinl]
3421 2452 3584 2507 super

1983 2551 2070 2593 me
2102 2545 2361 2592 nocentes
2390 2578 2406 2605 ,
2457 2545 2519 2592 ut
2544 2534 2708 2590 edant
2731 2548 2928 2589 carnes
2963 2549 3118 2589 meas
3141 2574 3159 2600 ,
3200 2533 3290 2604 qui
3324 2529 3586 2586 tribulant

1983 2645 2071 2686 me
2093 2628 2341 2684 l*inimici
2365 2628 2468 2685 mei
2499 2645 2513 2682 :
2541 2627 2644 2697 ipsi
2675 2626 2935 2681 inﬁrmati
2963 2634 3122 2689 sunt,
3158 2632 3214 2679 et
3243 2621 3582 2679 ceciderunt.

2053 2723 2112 2779 Si
2137 2723 2442 2779 consistant
2466 2721 2728 2776 adversus
2756 2734 2843 2775 me
2868 2728 3073 2785 castra,
3107 2733 3212 2772 non
3240 2715 3453 2771 timebit
3483 2727 3580 2769 cor

1984 2832 2166 2874 meum
2199 2832 2215 2873 :
2243 2816 2290 2873 si
2317 2815 2564 2886 insurgat
2596 2814 2650 2870 in
2674 2812 2760 2870 me
2793 2811 3073 2885 praelium,
3120 2811 3173 2866 in
3201 2808 3307 2866 hoc
3331 2822 3432 2881 ego
3459 2822 3583 2879 spe-

1985 2911 2142 2968 rabo.

2057 3003 2230 3060 Unam
2256 3000 2388 3074 petii
2408 3016 2438 3058 a
2465 3000 2718 3069 Domino,
2751 2999 2893 3056 hanc
2917 2996 3194 3070 requiram
3222 3013 3235 3050 :
3266 3002 3326 3050 ut
3355 2992 3570 3049 inhabi-

1988 3107 2096 3154 tem
2141 3097 2196 3153 in
2246 3096 2412 3152 domo
2459 3093 2672 3150 Domini
2724 3094 2982 3149 omnibus
3012 3090 3207 3146 diebus
3231 3086 3360 3162 Uis.
3390 3101 3581 3143 omnes

1989 3188 2132 3264 dies]
2162 3189 2292 3245 vita:
2319 3202 2478 3244 meae.

355 3278 421 3335 Ut
464 3279 677 3334 rideam
707 3277 1020 3351 voluptatem
1050 3276 1264 3333 Domini
1291 3294 1310 3334 :
1338 3290 1387 3334 et
1417 3280 1614 3334 visitem
1636 3278 1882 3352 templum
1909 3284 1956 3351 ο
2064 3283 2133 3339 Ut
2167 3278 2184 3318 ί
2220 3279 2438 3337 videam
2487 3277 2825 3335 voluntatem
2878 3273 3096 3333 Domini
3132 3290 3146 3329 :
3177 3279 3233 3330 et
3281 3281 3536 3345 protegar
3560 3287 3589 3327 a

287 3391 414 3446 ejus.

357 3469 625 3536 Quoniam
654 3467 927 3524 abscondit
970 3484 1052 3525 me
1095 3469 1149 3523 in
1191 3468 1526 3524 tabernaculo
1557 3485 1674 3537 suo,
1705 3469 1760 3524 in
1805 3468 1890 3524 die

291 3565 545 3620 mulorum
567 3564 798 3637 protexit
821 3579 902 3618 me
930 3563 986 3618 in
1011 3562 1317 3618 abscondito
1344 3562 1666 3617 tabernaculi
1693 3563 1798 3617 sui.

357 3654 424 3712 In
451 3665 606 3728 petra
623 3657 868 3712 exultavit
890 3671 971 3711 me
997 3671 1018 3712 :
1039 3665 1084 3710 et
1107 3671 1246 3710 nunc
1267 3656 1518 3711 exultavit
1539 3663 1697 3727 caput
1725 3669 1893 3709 meum

292 3766 440 3822 super
460 3751 704 3805 inimicos
740 3766 907 3806 meos.

360 3843 689 3914 Circuivi,et
719 3844 990 3899 immolavi
1035 3843 1089 3898 in
1141 3843 1470 3898 tabernaculo
1518 3845 1630 3915 ejus
1672 3841 1894 3897 hostium

294 3937 720 4010 vociferationis:
751 3937 970 3992 cantabo
1023 3946 1070 3993 et
1097 3938 1358 4006 psalmum
1387 3938 1560 3992 dicam
1593 3933 1835 3990 Domino.
1870 3945 1895 3974 ο

365 4117 604 4187 Exaudi,
639 4115 886 4185 Domine,
913 4133 1091 4174 vocem
1125 4133 1312 4187 meum,
1337 4135 1439 4190 qua
1482 4119 1790 4183 duumvir:
1829 4119 1900 4173 ad

304 4223 347 4270 te
377 4214 398 4283 ζ
430 4216 682 4270 miserere
713 4214 833 4280 mei,
858 4221 906 4268 et
932 4213 1121 4269 exaudi
1146 4230 1245 4268 me.

354 4307 476 4363 Tibi
520 4308 652 4363 dixit
701 4325 790 4363 cor
837 4325 1007 4363 meum
1037 4324 1056 4363 :
1086 4305 1382 4380 Exquisivit
1416 4306 1436 4347 ι’
1469 4317 1517 4363 te
1557 4309 1717 4381 facies
1744 4325 1858 4364 mea
1884 4323 1906 4366 :

299 4403 487 4475 [aciem
514 4411 683 4469 tuam,
712 4399 962 4470 Domine,
1001 4403 1289 4473 requiram.

1992 3373 2200 3447 templo
2229 3381 2420 3430 sancto
2443 3372 2584 3445 eius.

2065 3469 2332 3539 Quoniam
2359 3466 2646 3525 abscondit
2667 3482 2755 3524 me
2777 3466 2830 3522 in
2861 3463 3218 3522 tabernaculo
3240 3476 3342 3519 suo
3375 3473 3394 3520 ’ς
3425 3461 3477 3519 in
3503 3461 3593 3519 die

1995 3567 2260 3624 malorum
2286 3564 2527 3636 protexit
2556 3577 2643 3619 me
2669 3563 2722 3618 in
2749 3560 3074 3642 abscondito
3107 3557 3448 3615 tabernaculi
3478 3557 3595 3616 sui:

1997 3659 2051 3714 in
2083 3668 2239 3728 petra
2268 3655 2535 3712 exaltavit
2561 3669 2669 3711 me.

2071 3751 2229 3806 Nunc
2254 3758 2436 3805 autem
2469 3745 2730 3805 exaltavit
2756 3755 2918 3818 caput
2939 3761 3120 3802 meum
3151 3761 3319 3820 super
3346 3743 3598 3803 inimicas

1999 3859 2188 3910 meos;
2219 3842 2498 3910 circuibo,
2531 3850 2587 3897 et
2614 3839 2913 3896 immolabo
2971 3842 3024 3895 in
3077 3839 3430 3895 tabernaculo
3483 3838 3600 3908 eius

2001 3937 2238 3993 hostiam
2285 3933 2648 4007 jubilationis,
2701 3933 2938 3990 cantabo
2991 3942 3047 3990 et
3102 3933 3369 4006 psalmum
3421 3933 3598 3990 dicam

2003 4027 2257 4086 Domino.

2075 4120 2308 4190 Exaudi,
2341 4119 2590 4190 Domine,
2624 4134 2814 4177 vocem
2850 4134 3052 4187 meam,
3085 4120 3098 4170 l
3137 4135 3244 4190 qua
3274 4119 3510 4176 clamavi
3533 4119 3598 4174 ad

2005 4228 2062 4278 te
2093 4237 2110 4276 :
2137 4218 2405 4275 miserere
2434 4217 2562 4286 mei,
2597 4225 2654 4274 et
2681 4215 2880 4272 exaudi
2903 4231 3014 4272 me.

2085 4310 2208 4366 Tibi
2262 4308 2403 4366 dixit
2447 4323 2545 4366 cor
2597 4324 2826 4364 meum:
2871 4306 3106 4376 Quaesivi
3165 4307 3373 4363 vultum
3407 4311 3602 4374 tuum;

2002 4403 2214 4460 vultum
2258 4412 2434 4469 tuum,
2464 4401 2713 4470 Domine,
2742 4402 3047 4473 requiram.

302 4603 416 4641 cum
442 4587 805 4642 innocentibus
831 4602 1016 4642 manus
1043 4603 1185 4643 meas
1207 4627 1224 4652 ,
1271 4595 1319 4642 et
1357 4586 1691 4642 circumdabo
1716 4629 1731 4652 ,
1780 4594 1887 4644 etc.
1932 4589 1986 4652 D
2014 4587 2161 4644 niam
2203 4595 2260 4644 et
2286 4583 2562 4641 Fretelam
2591 4583 2753 4653 epist.
2778 4581 3132 4650 improbatur.

306 4659 550 4728 Denique
577 4669 633 4714 et
660 4669 762 4712 tua:
789 4674 1088 4724 pronomen
1124 4670 1239 4727 post
1273 4661 1444 4714 laudis
1473 4669 1632 4714 tacet.

375 4732 402 4803 ξι
443 4731 739 4803 Subiungit
767 4731 1044 4803 Palatinus
1071 4745 1174 4785 ms.
1206 4730 1536 4803 Diapsalma.

374 4794 402 4833 δ
445 4803 505 4856 In
529 4794 704 4856 Palai.
731 4818 836 4856 ms.
864 4801 953 4856 hic
974 4806 1092 4857 sine
1113 4803 1273 4858 obelo
1297 4794 1383 4858 ést
1415 4802 1621 4867 titulus,
1655 4800 1904 4856 Psalmus

309 4871 480 4928 David
503 4917 516 4937 ,
553 4875 852 4945 priusquam
881 4884 1216 4945 ungueretur.

381 4956 407 4985 ο
454 4943 683 4999 Videtur
711 4943 803 5016 hic
829 4943 932 4998 sub
957 4943 1222 5000 asterisco
1249 4943 1548 5014 supplenda
1585 4953 1633 4999 et
1663 4947 1861 5016 c0pnla
1891 4987 1907 5009 ,

313 5032 432 5106 qua:
457 5017 519 5106 in
551 5018 670 5106 ipso
712 5015 944 5071 Hebraeo
971 5023 1120 5076 tum
1151 5027 1400 5084 resonat,
1435 5027 1488 5071 et
1521 5018 1572 5072 in
1598 5015 1792 5074 Crisaeo
1826 5022 1911 5075 καὶ

317 5091 714 5215 οιέχὲρὲιίηοιιεε
751 5158 989 5230 Ρθιειῑίηε
1024 5173 1130 5213 ms.
1175 5159 1623 5230 PWPOSi‘imem
1671 5161 1906 5227 ὀϐελίζῶ

319 5231 379 5305 Si
405 5246 460 5286 ὴ
489 5247 554 5285 ex
576 5235 809 5305 :surgat,
842 5241 949 5288 etc.
977 5228 1146 5286 Paulo
1174 5228 1315 5302 post,
1349 5233 1685 5299 voluntatem,
1703 5248 1800 5302 pro
1827 5251 1914 5287 vo-

318 5303 569 5371 luptatem
598 5303 744 5370 legit.

395 5383 418 5411 °
449 5375 546 5430 Hic
575 5373 851 5428 Palatinus
881 5387 985 5429 ms.
1019 5372 1325 5442 Diapsalma
1345 5375 1593 5442 apponit,
1628 5385 1740 5431 tum
1774 5390 1915 5442 pra:-

323 5446 649 5514 positionem
673 5461 736 5500 ex
755 5446 974 5515 liugulat
1007 5460 1067 5499 -:—-
1101 5446 1343 5516 Exjaudi
1368 5461 1386 5500 :
1409 5446 1643 5516 denique
1671 5447 1912 5514 obelum,

324 5519 416 5584 qui
440 5518 817 5605 subsequitur,
854 5531 1122 5605 vticesque
1146 5517 1312 5600 ipsas,
1334 5517 1404 5570 ad
1429 5527 1500 5585 te,
1524 5519 1912 5588 praetermittit,

329 5604 462 5658 quas
492 5589 664 5642 Carus
693 5590 812 5644 sine
848 5588 1011 5642 obelo
1047 5589 1401 5655 ascripserat.

409 5658 425 5697 ί
455 5660 682 5715 Ρηιξειειι
711 5670 760 5714 te
784 5660 1032 5714 voculaln
1067 5659 1270 5722 induci.
1291 5659 1841 5730 quemadmodum-et
1863 5659 1917 5714 in

333 5730 578 5786 Palatino
604 5747 708 5786 ms.
737 5731 990 5786 secundis
1015 5732 1162 5802 curis
1183 5733 1530 5802 expungitur.
1558 5733 1719 5786 Certe
1747 5746 1922 5799 neque

336 5802 390 5874 in
420 5802 647 5874 Hebraeo
663 5810 770 5868 est,
790 5818 967 5874 neque
989 5802 1042 5858 in
1061 5801 1267 5858 Grzecis
1293 5801 1536 5874 melioris
1561 5814 1922 5874 notaziexem-

339 5872 616 5950 pluribus;
646 5883 811 5946 atque
855 5872 962 5947 ipsi
1002 5873 1334 5947 Hieronymo
1390 5873 1606 5932 laudata
1662 5873 1730 5932 ad
1774 5874 1918 5933 Sun-

2087 4669 2112 4708 3
2153 4659 2276 4715 Pari
2303 4658 2464 4712 iidem
2491 4670 2786 4722 consensu,
2822 4653 2906 4709 Ne
2933 4655 3236 4725 compertius
3263 4671 3377 4708 eum
3401 4654 3608 4723 impiis;

2011 4732 2276 4794 alterum,
2310 4745 2463 4792 στεπη,
2503 4727 2833 4781 Veronensis
2857 4734 3040 4792 tacet,
3092 4737 3148 4779 ut
3188 4735 3243 4781 et
3273 4737 3602 4794 postremam

2014 4802 2270 4858 versiculi
2305 4815 2491 4854 vocem
2521 4839 2536 4864 ,
2581 4809 2720 4852 sunt.
2771 4797 3127 4868 Prosequitur
3151 4812 3280 4852 vero
3308 4803 3457 4862 juxta
3492 4800 3601 4850 An-

2011 4875 2290 4944 gustinum
2316 4913 2332 4936 ,
2366 4879 2415 4925 et
2441 4871 2653 4924 dextera
2682 4884 2893 4944 eorum;
2925 4880 3060 4944 tum,
3087 4869 3366 4944 ambulavi,
3401 4885 3494 4937 pro
3527 4871 3608 4944 in-

2010 4939 2217 5016 gressus
2245 4959 2360 5016 sum
2384 4983 2399 5008 ,
2439 4951 2498 5016 ut
2527 4941 2777 5016 superius
2808 4959 2822 5016 _:
2852 4941 3086 5016 denique.
3115 4981 3129 5005 ,
3167 4939 3279 5016 Pes
3300 4956 3439 5016 meus
3464 4943 3602 4993 stetit

2017 5008 2073 5068 in
2100 5015 2428 5079 rectitudine,
2462 5014 2514 5066 in
2541 5008 2769 5066 ecclesiis
2801 5008 3102 5065 benedictum
3133 5019 3202 5080 te,
3235 5008 3474 5064 Domine.

2091 5086 2120 5124 ιι
2165 5087 2386 5144 Rectius
2415 5087 2681 5152 proponit
2706 5085 2855 5152 juxta
2899 5082 3189 5151 originales
3222 5092 3398 5135 textos
3431 5082 3603 5137 Vero-

2019 5174 2177 5214 nens.
2211 5175 2314 5212 ms.
2345 5166 2392 5211 et
2417 5158 2688 5224 ωμιιιειιιι.
2725 5153 2792 5208 Et
2820 5154 3013 5207 inimici
3039 5153 3159 5219 mei,
3191 5163 3295 5224 etc.

2101 5229 2116 5267 ί
2148 5229 2208 5285 In
2237 5222 2529 5283 Veronensi
2563 5242 2662 5282 ms.
2701 5244 2714 5279 :
2744 5224 2812 5280 Ut
2856 5224 3172 5294 contemplor
3213 5222 3602 5278 delectationem

2022 5300 2262 5362 Domini,
2290 5309 2336 5354 et
2365 5300 2564 5371 protegi
2594 5315 2626 5351 a
2648 5297 2836 5371 templo
2867 5298 3001 5371 ejus,
3033 5311 3193 5371 aquo
3224 5311 3310 5371 vnn
3339 5311 3447 5351 uno
3478 5313 3600 5371 ver-

2021 5375 2116 5438 bo,
2145 5365 2417 5442 templum,
2444 5365 2541 5439 pro
2569 5387 2601 5423 a
2625 5369 2834 5442 templo,
2861 5365 3076 5442 dlCllllI'_
3090 5365 3425 5442 Augustinus
3450 5369 3608 5422 ablu-

2023 5445 2174 5500 dere.
2201 5438 2411 5498 (lietera
2449 5438 2804 5503 adamussim,
2838 5448 3022 5510 utiest
3066 5438 3223 5504 infra,
3259 5440 3404 5510 quod
3459 5442 3610 5492 addit

2021 5531 2272 5581 meorum,
2299 5513 2416 5568 voci
2448 5512 2736 5575 malorum;
2766 5521 2876 5563 tum
2909 5509 3038 5580 legit
3073 5520 3117 5563 et
3152 5509 3287 5565 nunc
3325 5527 3438 5564 ecce
3465 5513 3615 5581 e._rul-

2023 5588 2147 5641 tavit
2178 5577 2294 5650 :et,
2318 5584 2532 5656 circuivi
2558 5595 2602 5638 et
2621 5581 2888 5638 immolavi
2916 5599 2935 5636 :
2967 5577 3202 5652 denique
3243 5577 3612 5656 psallam,'p.-o

2021 5657 2276 5731 psalmum
2304 5654 2497 5708 dicam.

2100 5732 2114 5780 i
2153 5728 2299 5784 Idem
2326 5742 2430 5783 ms.
2457 5743 2613 5798 quam
2640 5725 2884 5796 clamavi,
2907 5725 3117 5783 voculis
3149 5740 3270 5796 qua:
3291 5735 3614 5797 SCQUIIIHLI‘,

2025 5801 2096 5858 ad
2119 5809 2188 5873 te,
2223 5800 2631 5873 praetermissis.
