4062 6356
467 343 573 405 165

1464 335 1552 403 εδ.
1600 332 1983 393 lllERONYMI
2020 333 2256 393 mva
2296 308 2771 396 mmioruecs.

3663 312 3771 396 tet

538 457 624 513 Ne
653 462 850 511 avertas
878 450 1067 524 faciem
1087 458 1231 507 tuam
1250 465 1283 506 a
1311 465 1411 519 me,
1442 465 1508 507 ne
1534 450 1762 508 declines
1813 450 1869 505 in
1909 449 1992 506 ira
2033 467 2065 504 a
2094 453 2144 513 Α
2242 452 2321 509 Ne
2354 462 2571 510 avertas
2601 452 2795 509 faciem
2819 458 2963 509 tuam
2982 450 3115 526 [Με.
3138 453 3346 512 vultum
3390 451 3562 529 tuum]
3583 469 3613 511 a
3645 430 3768 512 me:

461 569 609 612 servo
639 562 748 609 tuo.

535 647 763 719 Adjutor
788 660 930 699 meus
966 651 1093 712 esto,
1120 657 1183 697 ne
1207 640 1535 712 derelinquas
1568 655 1669 710 me,
1695 654 1863 712 neque
1886 637 2061 711 despi-

458 743 567 797 cias
591 757 691 808 me,
723 739 862 795 Deus
884 738 1126 794 salutaris
1146 754 1305 793 meus.

533 834 796 904 Quoniam
835 842 984 904 pater
1020 846 1165 887 meus
1206 841 1255 885 et
1301 838 1468 888 mater
1507 840 1623 884 mea
1672 826 2057 897 dereliquerunt

456 945 538 985 me
564 945 584 985 :
617 928 873 983 Dominus
899 936 1075 982 autem
1102 924 1383 997 assumpsit
1413 939 1515 979 me.

527 1021 715 1093 Legem
738 1035 871 1093 pone
894 1019 1046 1087 mihi,
1074 1018 1316 1086 Domine,
1349 1018 1404 1070 in
1434 1016 1515 1071 via
1544 1022 1635 1070 tua
1661 1028 1683 1071 :
1712 1023 1760 1068 et
1788 1012 1952 1086 dirige
1978 1027 2060 1069 me

454 1117 508 1172 in
531 1117 766 1172 semitam
795 1123 992 1169 rectam
1022 1121 1231 1184 propter
1268 1110 1504 1165 inimicos
1534 1123 1696 1165 meos.

526 1294 612 1352 Ne
636 1292 913 1350 tradideris
940 1308 1020 1347 me
1042 1292 1096 1347 in
1134 1290 1340 1346 animas
1367 1287 1736 1345 tribulantium
1766 1304 1846 1344 me
1881 1302 2056 1359 :quo-

449 1389 591 1443 niam
612 1389 1007 1443 insurrexerunt
1039 1387 1095 1440 in
1131 1401 1210 1439 me
1244 1391 1395 1439 testes
1421 1382 1587 1453 iniqui
1611 1396 1631 1438 :
1656 1389 1702 1437 et
1732 1381 1947 1439 mentita
1977 1366 2054 1439 θεέ

448 1481 697 1552 iniquitas
728 1489 755 1517 α
787 1495 848 1534 -:—
872 1477 972 1532 sibi
998 1482 1018 1544 ,‘
1292 1540 1297 1546 ι

519 1571 687 1628 Credo
710 1572 883 1627 videre
903 1570 1040 1626 bona
1072 1568 1279 1624 Domini
1304 1568 1361 1624 in
1389 1577 1528 1625 terra
1554 1568 1858 1625 viventium.

519 1666 780 1737 Exspecta
816 1664 1121 1731 Dominum,
1158 1664 1376 1719 viriliter
1414 1679 1513 1737 age
1548 1679 1566 1719 .'
1616 1672 1664 1719 et
1721 1663 2047 1736 confortatur

444 1772 535 1811 cor
554 1767 723 1825 tuum,
745 1765 791 1813 et
821 1756 1019 1811 sustine
1045 1751 1352 1810 Dominum.

2167 553 2222 603 et
2251 560 2321 602 ne
2344 545 2593 602 declines
2621 546 2674 601 in
2700 544 2781 601 ira
2808 560 2839 601 a
2867 559 3027 602 servo
3055 554 3175 603 tuo.

2237 638 2470 708 Adjutor
2496 655 2648 695 meus
2675 649 2815 708 esto,
2840 656 2908 696 ne
2933 640 3290 713 derelinquas
3313 655 3400 697 me
3420 656 3435 696 :
3458 656 3637 715 neque
3671 638 3769 698 de-

2164 732 2364 803 Spicias
2395 747 2506 799 nte,
2531 732 2675 789 Deus
2696 732 2952 791 salutaris
2986 750 3162 792 meus.

2238 824 2507 893 Quoniam
2550 836 2703 898 pater
2734 842 2890 884 meus
2919 836 2975 883 et
2999 838 3174 884 mater
3201 844 3321 885 mea
3350 820 3768 901 dereliquerunt

2167 932 2256 974 me
2281 933 2301 975 :
2327 916 2593 977 Dominus
2621 928 2802 974 autem
2835 918 3133 988 assumpsit
3154 933 3261 974 me.

2238 1012 2437 1084 Legem
2490 1012 2626 1068 mihi
2668 1013 2965 1077 constitue,
2996 1012 3246 1082 Domine,
3283 1011 3337 1068 in
3361 1012 3469 1081 via,
3504 1022 3560 1068 et
3587 1012 3764 1084 dirige

2165 1119 2254 1162 me
2307 1105 2363 1161 in
2401 1106 2656 1163 semitam
2699 1115 2903 1163 rectam
2934 1102 3064 1177 [Μδ.
3110 1105 3308 1162 semita
3336 1102 3511 1177 recta]
3537 1118 3763 1179 propter

2160 1197 2419 1256 inimicos
2444 1213 2622 1256 meos.

2229 1293 2312 1352 Ne
2358 1294 2652 1352 tradideris
2682 1309 2772 1352 me
2811 1293 2867 1350 in
2917 1293 3129 1350 animas
3159 1280 3603 1366 persequentium
3627 1276 3761 1368 [ιιι.

2157 1386 2560 1461 tribulantium]
2579 1405 2688 1459 me,
2713 1388 2970 1460 quoniam
2998 1389 3415 1453 insurrexerunt
3442 1388 3495 1443 in
3527 1372 3759 1460 mellis.

2157 1478 2317 1555 mihi]
2339 1490 2506 1539 testes
2537 1482 2734 1554 iniqui,
2762 1491 2817 1538 et
2839 1482 3064 1539 mentita
3095 1493 3182 1538 εει
3208 1482 3467 1554 iniquitas
3494 1464 3619 1539 sibi.

2227 1571 2409 1630 Credo
2436 1575 2625 1632 videre
2656 1575 2795 1630 bona
2827 1575 3041 1630 Domini
3072 1576 3126 1629 in
3158 1584 3302 1631 terra
3331 1574 3653 1632 viventium.

2226 1669 2495 1741 Exspecta
2526 1669 2657 1744 [Ms.
2683 1668 2912 1741 sustine]
2943 1669 3261 1736 Dominum,
3290 1676 3348 1725 et
3367 1668 3603 1725 viriliter
3628 1662 3752 1742 a‘ge,

2151 1770 2206 1817 et
2231 1764 2569 1821 conlortetur
2595 1780 2693 1823 cor
2719 1774 2892 1833 tuum,
2920 1771 2978 1821 et
3013 1764 3227 1821 sustine
3247 1763 3570 1822 Dominum.

1752 1838 2114 1914 PSALMUS
2158 1855 2426 1920 XXVII.

849 1949 877 1992 δ
909 1967 969 2009 +
1002 1965 1236 2008 esstnus
1277 1965 1377 2006 IPSI
1415 1950 1437 2019 ζ’
1472 1964 1652 2007 υλνω.

511 2045 592 2101 Ad
614 2055 682 2113 te,
711 2043 947 2115 Domine,
973 2046 1225 2108 clamabo,
1247 2038 1387 2099 Deus
1408 2058 1574 2112 meus,
1607 2058 1669 2098 ne
1698 2042 1855 2099 sileas
1877 2056 1910 2097 a
1936 2054 2041 2111 me,

440 2124 505 2198 ne
533 2142 738 2209 quando
765 2152 937 2195 taceas
965 2157 999 2193 a
1021 2156 1100 2195 me
1129 2140 1151 2210 ζ
1178 2147 1225 2194 et
1251 2136 1587 2194 assimilabor
1611 2137 2042 2195 descendentibus

439 2236 494 2291 in
527 2236 720 2291 lacum.

514 2344 563 2385 v2—
604 2327 922 2397 Exjaudic
948 2343 1123 2383 vocem
1160 2325 1539 2400 deprecationis
1582 2342 1728 2393 mete,
1775 2326 1897 2381 dum
1942 2340 2037 2381 oro

435 2424 504 2478 ad
529 2432 611 2478 te:
634 2424 760 2478 dum
782 2422 977 2479 extollo
1015 2438 1202 2477 manus
1248 2439 1386 2478 meas
1414 2422 1483 2478 ad
1509 2420 1759 2494 templum
1794 2431 2032 2477 sanctum

436 2523 606 2571 tuum.

508 2606 594 2664 Ne
618 2621 675 2662 σει
712 2605 871 2662 simul
897 2608 915 2677 ζ
947 2588 1126 2661 trahas
1166 2621 1245 2661 me
1276 2622 1392 2661 cum
1420 2605 1775 2677 peccatoribus
1805 2615 1894 2662 :et
1917 2623 2036 2662 cum

434 2703 765 2777 operantibus
787 2702 1114 2774 iniquitatem
1146 2715 1207 2757 σε-
1240 2718 1303 2756 ne
1328 2702 1515 2775 perdas
1544 2718 1625 2756 me
1657 2700 1680 2773 ζ

504 2799 608 2866 Qui
638 2798 927 2868 loquuntur
964 2811 1146 2867 pacem
1171 2810 1289 2850 cum
1316 2795 1555 2866 proximo
1584 2810 1679 2851 suo
1710 2809 1731 2850 .'
1762 2795 1901 2850 mala
1928 2809 2037 2865 au-

433 2903 530 2949 tem
545 2893 601 2949 in
626 2891 868 2948 cordibus
893 2905 1092 2945 eorum.

501 2986 587 3043 Da
613 2986 721 3041 illis
746 2983 1035 3039 secundum
1065 2998 1223 3055 opera
1244 2997 1443 3048 eorum,
1468 2992 1513 3037 et
1542 2980 1826 3037 secundum
1853 2983 2035 3057 nequi-

428 3082 557 3138 tiam
584 3078 1009 3135 adinventionum
1039 3077 1295 3148 ipsorum.

492 3170 795 3231 Secundum
816 3186 985 3251 opera:
1009 3184 1252 3224 manuum
1270 3185 1449 3226 eorum
1476 3168 1647 3226 tribue
1684 3170 1791 3228 illis
1821 3186 1841 3228 :
1871 3166 2032 3229 redde

426 3267 815 3324 retributionem
843 3280 1023 3320 eorum
1049 3265 1199 3334 ipsis.

2073 1958 2122 2018 Β

2609 1976 2635 2016 Β
2667 1981 2791 2023 ηυιο
2831 1981 2992 2022 DAVID
3028 1980 3286 2022 μελικοῦ.

2223 2061 2306 2119 Ad
2342 2072 2416 2130 te,
2461 2062 2717 2129 Domine,
2747 2061 3003 2129 clamavi,
3057 2063 3201 2118 Deus
3249 2076 3426 2129 mens,
3487 2076 3560 2116 ne
3582 2050 3747 2118 sileas

2143 2175 2173 2213 a
2201 2173 2290 2214 me
2320 2176 2333 2212 :
2359 2166 2414 2215 et
2442 2172 2540 2214 ero
2563 2156 2764 2213 similis
2790 2154 3255 2213 descendentibus
3282 2154 3335 2210 in
3367 2156 3566 2211 lacum.

2217 2250 2423 2307 Exaudi
2472 2264 2663 2305 vocem
2704 2247 3112 2320 deprecationis
3165 2263 3322 2315 mete,
3353 2244 3481 2302 dum
3527 2262 3625 2302 oro
3674 2244 3744 2302 ad

2146 2355 2198 2404 te
2233 2365 2245 2401 :
2278 2359 2329 2403 et
2364 2345 2493 2420 [διε.
2525 2354 2656 2399 tacet
2703 2336 2780 2416 et]
2811 2343 2938 2398 dum
2986 2340 3193 2399 extollo
3224 2358 3418 2398 manus
3463 2356 3619 2397 meas
3674 2340 3746 2398 ad

2141 2440 2402 2511 templum
2434 2447 2679 2495 sanctum
2716 2450 2889 2493 tuum.

2212 2531 2289 2588 Ne
2324 2531 2486 2587 simul
2522 2529 2706 2586 tradas
2735 2526 2764 2567 ιι
2787 2545 2875 2585 me
2906 2545 3031 2585 cum
3072 2527 3459 2599 peccatoribus
3488 2544 3503 2583 :
3532 2538 3587 2585 et
3614 2541 3740 2584 cum

2139 2625 2495 2699 operantibus
2517 2625 2861 2697 iniquitatem
2886 2638 2956 2680 ne
2978 2624 3175 2696 perdas
3197 2640 3305 2680 mc.

2210 2719 2345 2777 Cun:
2372 2719 2459 2774 his
2489 2718 2584 2790 qui
2606 2717 2904 2789 loquuntur
2932 2732 3119 2788 pacem
3150 2733 3272 2772 cum
3301 2708 3553 2788 proximo
3585 2730 3685 2771 suo
3720 2733 3736 2771 :

2138 2813 2280 2881 mala
2311 2822 2492 2869 autem
2523 2820 2654 2868 sunt
2682 2809 2813 2884 [ιιι.
2847 2818 2977 2866 tacet
3007 2806 3156 2883 sunt]
3179 2810 3231 2865 in
3261 2807 3520 2866 cordibus
3543 2823 3737 2864 eorum

2139 2905 2267 2982 [Ms.
2309 2903 2470 2977 suis].

2206 2999 2284 3055 Da
2309 2998 2440 3066 illis,
2459 2997 2685 3053 Domine
2702 2995 2830 3070 [Ms.
2854 3005 2958 3052 tae.
2985 2994 3258 3069 Domine],
3282 2986 3581 3053 secundum
3602 3010 3735 3070 ope-

2134 3108 2193 3151 ra
2245 3107 2436 3149 eorum
2465 3108 2479 3147 :
2505 3101 2561 3149 et
2605 3088 2909 3148 secIudum
2938 3086 2952 3126 ί
2988 3086 3260 3162 nequitias
3288 3080 3596 3146 studiorum
3643 3084 3733 3146 re-

2134 3187 2315 3267 tribue
2345 3186 2474 3243 illis.
3723 3238 3726 3242 λ

2204 3268 2390 3337 Redde
2431 3279 2846 3337 retributionem
2876 3294 3067 3335 eorum
3102 3276 3232 3352 [Ms.
3258 3276 3523 3352 ipsorum]
3552 3278 3725 3352 ipsis:

501 3360 757 3428 Quoniam
788 3375 890 3417 non
910 3356 1275 3413 intellexerunt
1308 3375 1466 3443 opera
1490 3357 1723 3428 Domini,
1752 3347 1801 3416 et
1827 3360 1879 3414 in
1903 3375 2018 3431 ope-

2161 3372 2386 3447 [nOniam
2417 3388 2528 3429 non
2562 3372 2949 3429 intellexerunt
2974 3387 3142 3442 Opera
3170 3373 3481 3440 Domini,et
3512 3372 3567 3429 in
3594 3387 3727 3446 ope-

423 3470 487 3510 ra
511 3468 758 3508 manuum
779 3454 891 3527 ejus
913 3450 1142 3508 destrues
1170 3447 1313 3518 illos,
1336 3458 1386 3506 et
1419 3467 1521 3508 non
1544 3451 1831 3531 a’diﬁcabis
1857 3450 1884 3491 ἀ
1913 3468 2020 3508 eos.

496 3544 807 3600 Benedictus
846 3541 1099 3596 Dominus
1123 3558 1139 3596 :
1163 3540 1406 3610 quoniam
1437 3559 1500 3601 σευ
1533 3545 1801 3601 exaudivit
1846 3560 2020 3602 vocem

423 3638 805 3714 deprecationis
828 3652 977 3698 mete.

490 3808 751 3879 Dominus
775 3822 989 3897 adjutor
1012 3838 1156 3878 meus
1184 3830 1230 3876 et
1252 3828 1513 3894 protector
1549 3833 1690 3874 meus
1714 3833 1733 3873 :
1761 3810 1783 3855 δ
1802 3817 1859 3873 in
1906 3817 2018 3893 ipso

414 3916 640 3985 speravit
667 3930 756 3968 eor
778 3930 947 3969 meum
976 3924 1024 3969 et
1056 3915 1272 3987 adjutus
1302 3929 1437 3967 sum.

489 4008 557 4066 Et
582 4010 819 4082 reﬂoruit
847 4025 968 4065 caro
999 4025 1113 4065 mea
1143 4024 1161 4063 :
1187 4017 1234 4063 et
1269 4024 1332 4065 ea;
1358 4007 1623 4062 voluntate
1648 4014 1763 4063 mea
1791 4005 2010 4077 confite-

410 4103 505 4159 bor
522 4104 590 4158 ei.

482 4196 738 4255 Dominus
755 4198 1004 4271 fortitudo
1034 4192 1195 4271 plebis
1220 4213 1330 4253 sua:
1361 4213 1381 4253 :
1401 4203 1448 4253 et
1476 4205 1737 4271 protector
1761 4194 2007 4254 saluatio.

410 4309 533 4349 num
560 4289 754 4348 Christi
782 4292 867 4346 sui
893 4300 989 4347 est.

481 4393 698 4451 Salvum
735 4394 821 4466 [ac
865 4393 1117 4468 populum
1155 4404 1303 4450 tuum
1332 4392 1352 4435 ί
1378 4411 1437 4454 σξη
1464 4374 1732 4464 Domine:
1765 4402 1810 4450 et
1850 4390 2005 4449 bene-

477 4547 505 4577 ι
535 4539 634 4625 Est
663 4541 716 4594 in
759 4536 1212 4625 llebrmo‘textu,
1238 4536 1385 4625 quod
1408 4543 1483 4625 τῷ
1507 4538 1604 4595 sibi
1646 4539 2003 4625 respondeat,

555 4653 572 4679 ,
620 4608 907 4666 tamenetsi
973 4608 1078 4663 alia
1142 4608 1585 4680 interpunctione
1652 4608 2007 4669 Massorethte

404 4700 527 4742 eam
559 4690 746 4738 vo'eem
777 4696 900 4739 cum
933 4679 1302 4754 subsequenti’
1327 4696 1494 4739 versu
1526 4683 1880 4754 conjungant,
1910 4684 2000 4741 de-

403 4772 510 4829 que
531 4756 650 4826 ejus
673 4762 821 4829 recta
848 4753 1118 4829 scriptura
1143 4753 1492 4829 dissentiant.
1516 4754 1662 4811 Satis
1690 4753 1795 4829 hoc
1821 4766 2004 4813 tamen

402 4824 603 4899 est,ut_
620 4824 784 4896 scias,
814 4827 997 4899 minus
1028 4824 1117 4881 hic
1139 4835 1290 4881 recte
1314 4826 1531 4882 obelum
1555 4828 2002 4899 praeponi,quem

405 4907 471 4972 et,
516 4897 789 4954 Palatinus
818 4910 951 4972 _ms.
985 4896 1223 4969 ignorat,
1247 4907 1303 4953 et
1349 4900 1526 4955 satius
1558 4896 1739 4955 luerit
1785 4896 2002 4972 ad’ejus

400 4969 564 5026 ﬁdem
596 4968 855 5040 expungi.

472 5039 501 5080 δ
527 5038 808 5114 Palatinus
858 5052 962 5095 ms.
1008 5038 1217 5112 absque
1254 5040 1437 5114 obelo,
1475 5038 1616 5096 Huic
1642 5039 1812 5097 David
1861 5044 2002 5114 psal-

399 5129 537 5169 mus.
563 5113 912 5199 Ast‘eriscumi
936 5125 1152 5183 quoque
1183 5112 1383 5196 verbis,
1419 5129 1485 5195 ne
1514 5115 1731 5199 quando
1770 5112 1943 5199 taceas
1966 5133 1999 5169 a

399 5201 504 5249 me,
530 5183 837 5252 praeﬁxum,
864 5184 1007 5238 idem
1037 5198 1143 5238 ms.
1178 5187 1269 5237 uni
1319 5186 1439 5239 Vnci
1483 5183 1692 5245 quando
1720 5187 1995 5243 attribuit.

472 5267 494 5295 ε
524 5255 796 5324 Corrupto
828 5257 1052 5311 omnino
1086 5256 1295 5323 positus
1330 5254 1524 5309 visitur
1554 5255 1646 5310 ltic
1674 5255 1728 5310 in
1756 5258 1996 5314 editione

392 5326 516 5384 Cari
544 5327 840 5383 asteriscus
871 5340 1001 5399 cum;
1017 5325 1244 5399 nomine
1270 5325 1515 5399 Domini;
1542 5327 1752 5383 Exaudi
1888 5328 1999 5384 Do-

392 5400 530 5454 mine
563 5399 806 5469 :vocem,
838 5406 947 5453 etc.
984 5392 1169 5469 Monet
1206 5399 1350 5451 enim
1378 5392 1610 5464 ipsemet
1635 5392 1998 5469 lliero'nvmus

394 5470 447 5546 id
474 5468 778 5546 addititium
827 5484 968 5546 esse.
997 5468 1150 5546 Quod
1168 5470 1370 5546 _ntique
1398 5468 1871 5546 verumrcperiel,
1900 5475 1991 5546 qui

388 5541 598 5671 {putem
644 5542 970 5598 llebraicum
999 5582 1014 5608 ,
1043 5539 1130 5595 vel
1160 5539 1476 5597 Graecorum
1515 5539 1733 5599 codices
1773 5539 1988 5602 adierit.

444 5628 569 5671 aur.

463 5655 683 5740 iidem
716 5698 820 5739 ms.
854 5692 1016 5753 atque
1041 5698 1104 5737 ex
1136 5697 1201 5738 eo
1223 5683 1400 5739 Carus
1421 5683 1630 5741 addunt
1648 5685 1755 5741 sub
1773 5688 1997 5743 asteris-

389 5771 457 5813 co
483 5756 729 5823 Domine,
762 5755 908 5828 quod
931 5765 1003 5828 _et
1048 5754 1484 5828 Martian._notat
1526 5756 1748 5828 ipsimet
1797 5758 1990 5815 llicro-

390 5844 561 5910 pytag
595 5825 798 5897 saepius
824 5825 1038 5910 laudata
1066 5825 1627 5910 epist.'ad___S.unniam
1665 5828 1988 5900 improbari.

459 5896 489 5937 ἀ
520 5896 821 5968 Perperam
849 5899 906 5955 in
945 5896 1245 5956 Martiantei
1272 5898 1518 5959 editione
1543 5896 1845 5972 pronomen
1875 5917 1988 5973 eos,

2130 3485 2190 3525 ra
2220 3484 2474 3527 manuum
2504 3467 2623 3539 ejus
2654 3485 2758 3523 non
2784 3465 3293 3524 consideraverunt.

2206 3561 2437 3618 Destrue
2479 3560 2625 3629 illos,
2658 3574 2761 3616 nec
2791 3556 2920 3632 llis.
2959 3566 3015 3616 et
3064 3557 3195 3632 non]
3232 3556 3529 3615 acdilieabis
3572 3571 3669 3615 eos
3701 3570 3718 3618 :

2125 3653 2454 3711 benedictus
2486 3652 2773 3722 Dominus,
2801 3651 3057 3724 quoniam
3088 3649 3369 3709 exaudivit
3395 3667 3584 3708 vocem
3620 3649 3721 3706 de-

2126 3746 2461 3821 precationis
2482 3761 2639 3801 meae.

2197 3826 2461 3898 Dominus
2474 3838 2694 3912 adjutor
2714 3853 2867 3894 meus
2885 3846 2939 3894 et
2958 3844 3239 3911 protector
3256 3846 3410 3893 meus
3426 3853 3440 3891 :
3455 3843 3509 3892 et
3522 3830 3576 3891 in
3602 3826 3720 3905 ipso

2119 3935 2249 4011 [31s.
2292 3937 2345 3991 in
2375 3934 2576 4008 ipsum]
2609 3935 2849 4005 speravit
2875 3948 2971 3989 cor
3000 3948 3206 3998 meum,
3237 3939 3295 3987 et
3322 3930 3543 4003 adjutus
3573 3945 3714 3988 sum.

2191 4032 2261 4087 Et
2289 4030 2536 4087 reﬂoruit
2557 4044 2689 4086 caro
2720 4045 2837 4085 mea
2868 4044 2884 4084 :
2913 4037 2966 4083 et
2989 4043 3053 4085 es
3085 4029 3371 4084 voluntate
3401 4040 3522 4083 mea
3546 4023 3717 4082 conli-

2120 4125 2274 4182 tebor
2302 4124 2404 4180 illi.
2595 4174 2599 4178 .

2189 4217 2451 4275 Dominus
2485 4214 2748 4272 fortitudo
2793 4198 2968 4287 plebis
2996 4230 3110 4271 suae
3144 4232 3159 4272 :
3188 4222 3243 4271 et
3264 4189 3542 4287 protector
3564 4213 3712 4271 salu-

2116 4312 2313 4369 tarium
2334 4309 2540 4367 Christi
2561 4309 2644 4365 sui
2666 4316 2773 4364 est.

2188 4404 2412 4460 Salvum
2452 4401 2538 4458 lae
2572 4398 2830 4473 populum
2877 4408 3051 4464 tuum,
3081 4396 3334 4467 Domine,
3377 4406 3432 4455 et
3478 4397 3711 4456 benedic

2110 4540 2273 4597 obelo
2308 4540 2746 4605 eonfodiebatnr,
2778 4539 2923 4610 quod
2971 4549 3151 4596 tamen
3200 4538 3256 4594 in
3304 4538 3533 4595 Hebraeo
3563 4555 3715 4597 roso-

2108 4621 2204 4671 nat
2230 4619 2387 4674 tam.
2419 4612 2531 4669 Nos
2563 4612 2683 4681 ejus
2723 4620 2868 4667 nutat
2912 4610 3231 4666 antuvenda?
3276 4615 3485 4667 monuit
3516 4612 3714 4667 Palati-

2110 4688 2253 4741 tinus
2285 4702 2415 4751 ms.,
2442 4687 2532 4758 qui
2561 4694 2612 4740 et
2641 4685 2802 4756 paulo
2845 4693 2971 4739 ante
3009 4683 3218 4740 destrue
3260 4682 3394 4755 legit
3446 4698 3545 4755 pro
3587 4684 3708 4740 des-

2107 4766 2125 4812 Ι
2130 4774 2247 4813 rues
2256 4797 2269 4810 .

2184 4840 2206 4868 ε
2235 4828 2401 4885 Addit
2426 4826 2661 4883 Palatin.
2687 4840 2790 4883 ms.
2807 4833 2856 4882 et
2875 4824 3152 4898 copulam,
3175 4824 3337 4882 obelo
3365 4834 3546 4884 tamen
3570 4841 3711 4899 prat-

2108 4901 2237 4967 ilxo,
2276 4915 2335 4956 +
2370 4910 2417 4954 et
2444 4900 2536 4966 {in
2559 4900 2699 4965 ipso,
2731 4907 2837 4953 etc.

2187 4970 2205 5011 ί
2232 4972 2407 5027 Minus
2440 4971 2529 5026 hic
2550 4972 2689 5026 bene
2724 4970 2866 5025 idem
2903 4978 3008 5025 ms.
3050 4968 3272 5025 obelum
3315 4969 3703 5039 praetermittit.

2184 5053 2209 5093 ε
2240 5044 2345 5099 Pro
2373 5042 2532 5098 titulo
2567 5042 2618 5098 in
2656 5041 2955 5097 Veroneusi
2978 5052 3033 5097 et
3064 5040 3466 5111 Augustiniano
3497 5041 3706 5098 Psalte-

2106 5114 2191 5171 rio
2233 5124 2445 5170 tantum
2478 5123 2584 5176 est.
2618 5112 2731 5180 Ipsi
2762 5111 2956 5173 David.
2987 5114 3040 5167 in
3072 5112 3269 5184 quibus
3296 5124 3350 5168 et
3386 5118 3561 5184 primo
3591 5125 3705 5169 Sta-

2108 5189 2204 5243 tim
2233 5202 2416 5253 versu,
2448 5196 2571 5258 post
2601 5185 2791 5249 verba,
2818 5200 2881 5258 ne
2912 5184 3069 5238 sileas
3103 5201 3138 5239 a
3166 5199 3265 5252 nte,
3297 5186 3489 5258 eadem
3530 5186 3703 5258 ferme

2105 5256 2465 5328 repetuntur;
2487 5275 2552 5312 ne
2580 5258 2787 5330 quando
2814 5257 2973 5311 sileas
3007 5273 3037 5309 a
3081 5274 3181 5324 me,
3214 5272 3335 5328 qua:
3367 5257 3421 5312 in
3452 5256 3698 5328 opposita

2103 5332 2356 5386 columna
2390 5331 2653 5386 asterisco
2676 5330 3044 5381 illustrantur.

2176 5402 2205 5439 ιι
2221 5403 2365 5459 Idem
2388 5416 2520 5467 ms.,
2536 5399 2717 5454 tradas
2737 5413 2855 5453 cum
2881 5399 3236 5469 peccatoribus
3253 5400 3479 5454 animam
3510 5416 3697 5466 meam,

2101 5484 2178 5533 et.
2213 5491 2277 5529 ne
2300 5471 2607 5544 compertius
2630 5485 2727 5526 me.
2789 5543 2796 5544 γ
2986 5540 2995 5544 Δ
3117 5540 3158 5544 __
3270 5508 3273 5517 .
3410 5492 3439 5544 η

2180 5544 2197 5583 ί
2240 5540 2599 5599 Ιιαὺριίιιιίρο
2624 5556 2746 5596 eum
2775 5540 3076 5608 Augustino
3116 5540 3452 5597 Veronensis
3486 5559 3586 5597 ms.
3614 5560 3698 5599 se-

2095 5617 2322 5671 cundum
2367 5615 2743 5686 malignitatem
2770 5612 3121 5686 fa/Iectionum
3157 5614 3408 5686 ipsorum.
3436 5626 3487 5669 et
3511 5632 3698 5669 seruu-

2096 5688 2221 5742 dum
2251 5703 2408 5760 opera
2440 5683 2688 5760 manuum
2716 5685 2929 5760 illorum
2957 5683 3028 5738 da
3062 5683 3308 5760 eis:_:tum
3341 5686 3693 5757 subsequenti

2094 5755 2294 5825 versu,
2312 5774 2417 5813 non
2465 5756 2829 5812 intellexerunt
2871 5755 2925 5808 in
2956 5772 3113 5826 opera
3146 5755 3380 5823 Domini,
3401 5755 3536 5823 etc.,
3563 5774 3697 5826 pos-

2096 5831 2292 5888 tremis
2321 5829 2526 5901 verbis,
2556 5844 2663 5884 non
2682 5826 3156 5899 consideraverunt,
3184 5833 3344 5900 plane
3377 5830 3619 5888 omissis.
