4062 6356
243 353 341 412 165

1555 344 1757 404 LIBER
1799 345 1920 404 PSA
1931 345 2244 403 LMORUM.

3432 341 3536 401 166

238 470 311 523 dic
335 467 629 524 hxreditati
655 475 798 524 tute:
825 473 874 523 et
907 481 1024 540 rege
1049 481 1159 535 eos,
1191 479 1238 520 et
1276 461 1465 520 extolle
1507 461 1626 519 illos
1678 480 1840 534 usque
1865 470 1913 525 Α
1944 461 2317 517 limreditatcm
2351 466 2499 515 tuam
2528 475 2541 515 :
2574 466 2629 518 ct
2667 471 2797 532 rege
2831 471 2950 528 eos,
2980 465 3037 516 et
3065 456 3267 515 extollo
3295 456 3417 515 illos
3449 475 3538 514 us-

238 564 285 616 in
308 572 580 619 internum.

1943 569 2052 624 que
2075 553 2128 608 in
2157 551 2448 609 saeculum.

1521 668 1884 734 PSALMUS
1927 665 2228 728 XXVIII.

236 792 457 834 rsuuus
489 795 650 835 ωινιι)
675 787 722 844 ³,
770 794 831 835 -εν
863 763 913 836 in
953 794 1400 836 CONSUHMATIONE
1439 778 1843 842 “cumcum:

299 870 497 937 Alfene
533 871 783 939 Domino,
821 888 876 929 ὴ
913 874 1009 942 lilii
1049 871 1148 928 Dei
1180 889 1199 926 :
1241 873 1422 942 a/I'erte
1471 869 1697 926 Domino
1726 874 1744 940 ζ
1775 870 1844 939 ﬁ-

241 960 331 1017 lios
358 966 611 1020 arietant.

299 1056 494 1124 Alfene
517 1055 748 1113 Domino
773 1059 1000 1132 gloriam
1025 1067 1070 1112 et
1097 1057 1350 1112 honorem
1379 1057 1594 1125 :a/l'erte
1615 1053 1844 1109 Domino

237 1152 448 1223 gloriam
481 1152 683 1205 nomini
711 1153 823 1222 ejus
865 1170 885 1206 :
915 1153 1130 1207 ador-ate
1160 1150 1444 1207 Dominum
1480 1149 1534 1203 in
1566 1149 1702 1202 atrio
1725 1164 1846 1202 san-

237 1254 307 1299 cto
331 1258 392 1298 -ξ-
428 1246 545 1315 ejus
570 1247 587 1310 ζ

305 1335 424 1391 Vox
457 1335 677 1392 Domini
709 1353 868 1407 super
896 1353 1084 1408 aquas,
1107 1336 1250 1392 Deus
1279 1336 1565 1410 majestatis
1595 1337 1846 1392 intonuit:

237 1431 491 1487 Dominus
521 1449 678 1503 super
704 1448 865 1503 aquas
894 1431 1106 1487 multas.

304 1525 418 1582 Vox
441 1525 657 1581 Domini
678 1527 734 1582 in
768 1529 954 1583 virtute
970 1546 984 1582 :
999 1543 1098 1584 uox
1120 1527 1332 1584 Domini
1355 1529 1410 1583 in
1431 1525 1842 1602 magniﬁcentia.

307 1706 428 1764 Vox
495 1709 715 1764 Domini
769 1712 1140 1787 confringentis
1192 1712 1398 1778 cedros,
1452 1723 1503 1769 et
1555 1711 1846 1786 confringet

238 1804 486 1862 Dominus
511 1807 692 1861 eedros
724 1805 932 1862 Libani.

306 1897 365 1952 Et
409 1901 728 1953 comminuet
757 1916 866 1969 eas,
897 1909 1159 1974 tamquam
1184 1902 1402 1957 uitulum
1433 1902 1620 1958 Libani
1642 1919 1662 1970 ,°
1689 1912 1736 1958 et
1765 1903 1847 1959 di-

241 1992 410 2057 lectus,
437 1991 884 2058 quemadmodum
925 1992 1065 2060 ﬁlius
1095 1997 1443 2050 unicornium.

2123 785 2358 826 PSALMUS
2386 780 2406 809 θ
2432 786 2615 836 υλνιι),
2667 785 2721 827 IN
2760 786 2924 826 Ειιτυ
2971 785 3363 827 ΤΑΒΕΠΝΛουΜ.

2020 861 2222 918 Aﬂcrte
2263 862 2519 929 Domino,
2561 861 2656 917 lilii
2703 860 2800 918 Dei
2841 879 2855 917 :
2889 862 3083 919 allerte
3135 861 3363 918 Domino
3401 859 3543 917 filios

1947 959 2199 1013 arietum.

2020 1052 2226 1108 All‘erte
2269 1050 2498 1105 Domino
2535 1049 2768 1121 gloriam
2799 1060 2853 1108 et
2882 1050 3170 1117 honorem,
3205 1050 3394 1107 allerte
3444 1051 3546 1106 Do-

1949 1149 2094 1204 mino
2116 1144 2348 1217 gloriam
2371 1144 2578 1200 nomini
2604 1144 2720 1216 ejus
2746 1162 2760 1203 :
2783 1145 3008 1202 adorate
3029 1144 3318 1200 Dominum
3343 1144 3394 1200 in
3425 1145 3543 1199 aula

1947 1255 2133 1302 sancta
2163 1247 2302 1316 ejus.

2019 1339 2136 1396 Vox
2180 1341 2393 1398 Domini
2440 1359 2608 1414 super
2661 1361 2850 1416 aquas,
2877 1344 3021 1400 Deus
3067 1338 3364 1411 maiestatis
3404 1338 3548 1396 into-

1949 1433 2070 1490 nuit
2102 1451 2118 1489 :
2151 1435 2408 1492 Dominus
2439 1453 2604 1510 super
2634 1454 2806 1510 aquas
2838 1438 3060 1494 multas.

2027 1526 2144 1582 Vox
2192 1528 2411 1586 Domini
2443 1529 2500 1585 in
2532 1528 2733 1586 virtute
2762 1546 2778 1587 ;
2805 1546 2908 1585 vos
2943 1528 3160 1584 Domini
3206 1525 3259 1582 in
3303 1533 3551 1604 magnifi-

1946 1624 2150 1679 centia.

2021 1713 2138 1769 Vox
2171 1712 2390 1769 Domini
2418 1711 2446 1751 ἀ
2473 1711 2876 1785 confringentis
2899 1713 3118 1783 cedros,
3143 1723 3201 1771 et
3241 1716 3550 1788 confringet

1949 1804 2209 1861 Dominus
2255 1805 2452 1861 cedros
2494 1805 2712 1871 Libani,
2745 1815 2800 1860 et
2847 1807 3183 1862 comminuet
3237 1823 3353 1874 eas,
3409 1819 3547 1864 tsm-

1947 1912 2109 1970 quam
2143 1897 2370 1954 vitulum
2419 1898 2646 1957 Libani:
2681 1909 2737 1955 et
2767 1899 3024 1969 dilectus,
3052 1901 3193 1956 sicut
3245 1899 3393 1956 ﬁlius
3431 1903 3548 1958 uni-

1957 2008 2310 2048 cornuorum.

309 2082 425 2138 Vox
441 2081 662 2140 Domini
683 2086 1040 2142 intercidentis
1051 2091 1320 2159 ﬂammam
1345 2091 1479 2160 ignis
1493 2106 1512 2145 :
1525 2107 1624 2148 vox
1642 2090 1853 2148 Domini

2037 2086 2148 2143 Vox
2183 2086 2394 2142 Domini
2424 2084 2806 2144 intercidentis
2833 2085 2962 2158 [Ms.
3001 2086 3375 2162 praecideritis]
3397 2087 3550 2144 flam-

241 2178 572 2233 concutientis
599 2179 881 2252 desertum,
916 2189 962 2235 et
998 2182 1334 2238 commovebit
1374 2181 1634 2239 Dominus
1664 2186 1842 2242 deser-

241 2276 339 2324 tum
366 2267 558 2327 Cades.

313 2446 430 2503 Vox
469 2448 694 2505 Domini
748 2452 1093 2521 prtvparantis
1120 2469 1316 2518 cervos,
1341 2463 1392 2508 et
1438 2452 1682 2509 reuelabit
1721 2471 1845 2509 con-

243 2542 394 2596 densa
419 2557 441 2596 :
470 2551 520 2596 et
549 2545 602 2598 in
632 2545 824 2616 templo
850 2546 965 2617 ejus
997 2545 1020 2584 δ
1051 2562 1224 2600 omnes
1256 2546 1428 2601 dicent
1457 2549 1698 2620 gloriam.

308 2637 564 2693 Dominus
607 2637 862 2693 dilui-ium
902 2639 1196 2696 inhabitare
1229 2642 1379 2713 facit,
1411 2652 1460 2696 et
1499 2641 1696 2696 sedclit
1735 2639 1850 2697 Do-

245 2733 413 2787 minus
440 2750 537 2788 rex
565 2733 619 2787 in
648 2743 916 2809 internum.

309 2825 567 2881 Dominus
597 2827 841 2881 virtutem
869 2828 1068 2897 populo
1096 2843 1192 2884 suo
1219 2828 1365 2884 dabit
1409 2845 1427 2883 :
1471 2827 1728 2887 Dominus
1771 2831 1856 2886 be-

242 2921 436 2975 nedicet
468 2924 668 2993 populo
691 2939 790 2977 suo
820 2923 873 2976 in
903 2939 1050 2993 pace.

1959 2197 2104 2237 mam
2139 2181 2276 2252 ignis
2307 2198 2323 2239 :
2353 2197 2459 2238 vox
2493 2181 2707 2237 Domini
2751 2182 3115 2238 concutientis
3139 2181 3269 2255 [Ms.
3315 2199 3555 2240 commo-

1955 2277 2155 2350 ventis]
2172 2278 2526 2337 solitudinem
2557 2289 2645 2334 :et
2675 2277 3047 2341 commovebit
3077 2277 3340 2335 Dominus
3368 2277 3554 2335 descr-

1954 2379 2066 2426 tum
2097 2369 2300 2428 Cades.

2026 2464 2144 2521 Vox
2194 2464 2406 2522 Domini
2454 2466 2814 2537 preparantis
2859 2475 2882 2504 °
2910 2479 3129 2532 cervos,
3186 2473 3244 2522 et
3287 2465 3552 2522 revelabit

1952 2556 2230 2614 condensa
2267 2576 2278 2612 :
2304 2568 2359 2614 et
2389 2559 2444 2614 in
2475 2559 2681 2630 templo
2710 2559 2829 2630 ejus
2869 2574 3062 2616 omnes
3092 2558 3275 2616 dicent
3301 2559 3552 2630 gloriam.

2035 2653 2300 2709 Dominus
2327 2653 2593 2709 diluvium
2627 2653 2932 2710 inhabitat:
2965 2665 3020 2711 et
3044 2654 3254 2710 sedebit
3294 2654 3552 2709 Dominus

1959 2761 2056 2801 rex
2079 2745 2133 2800 in
2155 2754 2443 2802 reternum.
2763 2758 2765 2761 ‘

2033 2839 2294 2894 Dominus
2323 2839 2578 2896 virtutem
2623 2840 2824 2911 populo
2853 2854 2952 2895 suo
2981 2840 3169 2896 dabit:
3203 2849 3258 2897 et
3289 2839 3418 2913 [51s.
3449 2841 3555 2897 Do-

1963 2929 2164 3002 minus]
2195 2931 2484 2988 bencdicet
2522 2933 2782 3004 pepulum
2812 2949 2970 2988 suum
2999 2933 3052 2989 in
3082 2948 3237 3004 pace.

1571 3041 1934 3107 PSALMUS
1978 3045 2229 3110 XXIX.

359 3154 604 3198 PSALIUS
631 3156 844 3198 CANTICI
875 3156 928 3196 IN
954 3154 1312 3197 DBDICATIONE
1339 3155 1518 3196 DOIIUS
1542 3155 1722 3196 DAVlD.

306 3231 571 3290 Exaltabo
595 3244 662 3301 te,
698 3233 936 3303 Domine,
988 3235 1233 3304 quoniam
1282 3235 1552 3304 suscepisti
1599 3243 1718 3290 me:
1757 3251 1849 3289 nec

243 3326 510 3381 delectasti
542 3327 778 3381 inimicos
810 3343 948 3381 meos
973 3343 1132 3396 super
1155 3342 1253 3381 me.

307 3420 532 3475 Domine
558 3417 698 3475 Deus
721 3437 886 3487 meus,
915 3420 1135 3475 clamaui
1159 3419 1230 3472 ad
1261 3427 1328 3484 te,
1357 3429 1403 3472 et
1429 3422 1628 3473 sanasti
1659 3435 1758 3474 me.

309 3513 558 3582 Domine,
584 3517 810 3570 eduxisti
835 3519 898 3569 ab
926 3516 1128 3587 inferno
1159 3515 1385 3569 animant
1411 3531 1576 3571 meam
1597 3531 1615 3568 :
1639 3515 1851 3570 salrasti

241 3623 318 3664 nte
345 3626 377 3662 a
407 3610 836 3665 descendentibus
861 3609 915 3664 in
945 3614 1136 3664 (actim.

309 3702 540 3758 Psallite
564 3703 806 3773 Domino,
827 3704 994 3758 sancti
1015 3699 1165 3776 Ejus:
1186 3712 1237 3759 et
1253 3703 1573 3774 conﬁtemini
1593 3704 1853 3758 memoriae

241 3796 532 3850 sanctitatis
559 3797 696 3866 ejus.

312 3891 585 3958 Quoniam
599 3890 678 3944 ira
701 3890 756 3945 in
779 3890 1136 3963 indignatione
1157 3891 1270 3962 ejus
1290 3906 1309 3946 :
1329 3900 1378 3945 et
1399 3891 1574 3944 vitain
1593 3888 1854 3947 voluntate

241 3983 373 4054 ejus.

309 4073 392 4127 Ad
421 4090 693 4144 vesperum
724 4075 1078 4131 demorabitur
1109 4077 1304 4146 ﬂetus:
1344 4087 1394 4131 et
1430 4075 1500 4130 ad
1544 4077 1854 4132 matutinum

242 4167 452 4222 latitia.

310 4257 430 4332 Ego
459 4267 636 4315 autem
662 4261 778 4316 dixi
801 4260 858 4316 in
897 4261 1221 4317 abundantia
1252 4277 1410 4318 mea:
1457 4260 1581 4317 Non
1619 4262 1856 4319 movebar

241 4351 291 4407 in
320 4363 603 4408 internum.

311 4443 566 4514 Domine,
587 4448 642 4502 in
675 4447 934 4504 voluntate
967 4457 1058 4502 tua
1092 4449 1375 4520 praestitisti
1413 4447 1589 4505 decori
1620 4465 1732 4505 meo
1749 4451 1856 4504 vir-

243 4546 433 4592 tatem.

312 4631 566 4686 Acertisti
587 4632 771 4703 {aciem
790 4640 929 4687 tuam
946 4651 976 4688 a
995 4650 1092 4700 me,
1117 4642 1162 4688 et
1175 4637 1344 4706 factus
1365 4653 1482 4690 sum
1503 4634 1854 4691 conturbatus.

312 4725 398 4778 Ad
435 4734 506 4792 te,
546 4724 790 4798 Domine,
836 4727 1109 4783 clamabo:
1135 4737 1182 4783 et
1227 4729 1295 4783 ad
1337 4728 1504 4784 Deum
1550 4733 1603 4792 αἱ·
1628 4746 1795 4785 meum
1832 4729 1854 4798 ζ

241 4819 589 4888 deprecabor.

317 4911 460 4978 Qui:
487 4913 686 4970 utilitas
709 4916 764 4970 in
792 4916 1042 4989 sanguine
1065 4932 1200 4988 meo,
1234 4917 1360 4972 dum
1387 4917 1642 4974 descendo
1671 4917 1723 4972 in
1749 4934 1859 4972 cor-

242 5008 550 5078 ruptionem
569 5010 594 5064 ?

319 5205 346 5233 ι
375 5196 612 5252 Obelum
637 5196 692 5250 in
724 5194 883 5250 titulo
904 5192 1183 5250 Palatinus
1211 5209 1317 5250 ms.
1347 5192 1551 5265 omittit
1580 5208 1604 5265 :_
1625 5207 1657 5250 e
1681 5193 1856 5265 regio.

246 5283 317 5322 ne
348 5281 538 5323 autem
565 5268 786 5322 secundi
813 5283 1000 5338 versus
1039 5270 1158 5338 plus
1192 5266 1358 5321 habet
1383 5263 1710 5338 Diapsalma.

319 5339 347 5377 ι’
383 5339 581 5393 Minori
638 5355 864 5392 numero
914 5335 1057 5393 idem
1093 5353 1223 5402 ms.,
1258 5339 1423 5391 omnis
1454 5337 1611 5400 dicet,
1642 5335 1857 5404 Graece,

245 5416 356 5472 πᾶς
387 5412 545 5483 λέγει.
582 5410 818 5464 Rursum
846 5425 978 5466 vero
1008 5408 1315 5481 Diapsalma
1342 5408 1408 5463 ad
1436 5410 1858 5479 subsequentem

251 5498 479 5538 versum
512 5484 760 5552 apponit.

323 5565 348 5593 ε
379 5556 446 5608 In
479 5549 780 5610 Ve'ronensi
802 5563 854 5606 et
885 5552 1278 5623 Augustiniano
1300 5549 1860 5623 Psalterioinseribi-

250 5635 364 5688 tur,
404 5623 652 5679 Psalmus
683 5625 780 5695 ipsi
825 5622 994 5678 David
1025 5624 1480 5679 consummationis
1517 5622 1857 5695 tabf‘rnacuii.

323 5696 355 5735 ἀ
394 5697 457 5752 lu
497 5692 712 5765 iisdem,
746 5697 1051 5752 conterentis
1077 5695 1292 5765 cedros,
1327 5704 1374 5749 et
1410 5702 1635 5748 conteret
1684 5692 1869 5748 Domi-

332 5852 359 5880 ε
390 5839 679 5908 Mendose,
711 5839 914 5906 cedros,
948 5855 1046 5912 pro
1086 5854 1259 5893 cervos
1289 5836 1515 5912 scripsit
1545 5833 1873 5892 Veronensis

263 5915 621 5985 antiquarios
651 5931 663 5967 :
697 5923 918 5980 caetera,
951 5910 1010 5970 ut
1037 5921 1144 5983 est,
1173 5910 1506 5982 perﬁcienda,
1537 5923 1636 5981 pro
1676 5923 1877 5979 pra'pa-

2061 3147 2080 3184 ί
2105 3160 2338 3202 nsanos
2361 3161 2579 3203 CANTICI
2604 3161 2658 3202 ut
2688 3161 3044 3205 DEDICA’I‘IONR
3062 3161 3232 3204 nouus
3259 3163 3440 3204 cum.

2024 3239 2290 3298 Emltabo
2321 3251 2394 3310 te,
2425 3241 2679 3310 Domine,
2709 3241 2962 3316 quoniam
2993 3243 3279 3314 suscepisti
3303 3259 3424 3299 me:
3455 3257 3556 3300 nec

1951 3333 2234 3392 delectasti
2261 3335 2512 3390 inimicos
2541 3350 2691 3392 meos
2720 3351 2882 3406 super
2911 3351 3017 3393 me.

2027 3428 2252 3484 Domine
2285 3429 2428 3484 Deus
2453 3442 2627 3499 meus,
2658 3429 2889 3484 clamavi
2919 3429 2985 3485 ad
3013 3437 3084 3496 te,
3120 3437 3172 3486 et
3204 3430 3402 3485 sanasti
3431 3444 3555 3487 me:

1954 3518 2202 3584 Domine,
2233 3518 2544 3574 abstraxisti
2568 3519 2696 3592 [Μδ.
2725 3519 2980 3590 eduxistil
3012 3521 3080 3574 ab
3100 3519 3288 3576 inieris
3319 3521 3554 3576 animam

1868 3607 1913 3671 C
1946 3626 2143 3680 meam,
2171 3611 2393 3666 salvasti
2421 3625 2509 3668 me
2529 3628 2556 3666 a
2583 3611 3039 3669 descendentibus
3061 3612 3115 3669 in
3142 3611 3340 3668 lacum.

2028 3703 2242 3760 Psallite
2263 3704 2518 3772 Domino,
2551 3707 2721 3761 sancti
2747 3707 2892 3776 ejus:
2918 3717 2972 3761 et
2993 3706 3325 3762 conﬁtemini
3349 3721 3556 3763 meme.

1954 3795 2052 3852 rim
2083 3797 2386 3852 sanctitatis
2411 3798 2550 3867 ejus.
2648 3837 2651 3839 -

2026 3889 2291 3957 Quoniam
2320 3890 2397 3945 ira
2429 3891 2480 3945 in
2507 3889 2875 3962 indignatione
2899 3890 3048 3960 ejus:
3073 3901 3128 3948 et
3149 3891 3255 3947 vita
3288 3890 3342 3947 in
3366 3891 3557 3947 volun-

1957 3964 2068 4038 tate
2099 3981 2269 4052 ipsius
2297 3980 2426 4054 [Δις.
2457 3980 2618 4055 ejus].

2029 4072 2110 4129 Ad
2137 4087 2423 4144 vesperum
2451 4073 2578 4146 [Δια.
2608 4072 2854 4146 vespera]
2883 4074 3254 4131 demorabitur
3276 4074 3472 4132 ﬂetus:
3504 4083 3560 4133 ct

1957 4163 2022 4220 ad
2057 4166 2376 4219 matutinum
2409 4165 2587 4220 lmtitizt
2622 4165 2748 4238 [διδ.
2779 4165 3112 4240 exsultatio].

2029 4255 2143 4327 Ego
2175 4267 2352 4311 autem
2381 4255 2492 4312 dixi
2521 4255 2576 4312 in
2609 4272 2726 4312 mea
2755 4256 3083 4315 abundantia
3109 4277 3124 4315 :
3157 4258 3272 4317 Non
3304 4261 3563 4320 movebar

1961 4350 2013 4406 in
2046 4361 2332 4406 aeternum.

2033 4446 2282 4513 Domine,
2329 4445 2382 4501 in
2409 4454 2434 4492 ες
2466 4444 2604 4500 bona
2636 4445 2909 4501 voluntate
2929 4453 3018 4501 tua
3043 4446 3338 4518 praestitisti
3379 4447 3564 4506 decori

1961 4553 2084 4606 meo
2117 4538 2370 4592 virtutem
2401 4555 2415 4592 :
2449 4538 2690 4594 avertisti
2721 4540 2908 4595 l'aeietn
2941 4551 3085 4596 tuam
3115 4556 3146 4611 _a
3173 4557 3282 4609 me,
3313 4541 3562 4598 etractus

1959 4648 2079 4689 smn
2108 4632 2478 4688 conturbatus.

2031 4725 2113 4794 Ad
2140 4734 2212 4794 te,
2237 4725 2482 4794 Domine,
2507 4723 2774 4796 clamabo,
2801 4733 2856 4780 et
2880 4725 2946 4780 ad
2975 4726 3141 4782 Deum
3165 4742 3343 4783 meum
3367 4727 3565 4798 depre-

1963 4821 2162 4886 cabor;
2187 4834 2306 4890 qua:
2343 4817 2545 4874 utilitas
2578 4819 2629 4873 in
2660 4819 2923 4890 sanguine
2952 4834 3095 4889 meo,
3129 4819 3255 4876 dum
3295 4819 3564 4877 deSccndo

1971 4912 2099 4990 [Msa
2130 4911 2484 4984 descendere]
2513 4913 2565 4968 in
2597 4911 3032 4984 corruptionem?

1883 4999 1936 5060 Β
1974 5079 1977 5082 .

1968 5191 2232 5267 rantis,_et
2262 5190 2441 5255 silvas,
2471 5206 2569 5267 pro
2599 5191 2880 5267 condensa,
2906 5189 3138 5267 denique
3167 5199 3224 5248 et.
3262 5194 3428 5267 omnis
3452 5198 3567 5267 qui-

1967 5279 2086 5334 que,
2131 5263 2267 5338 sive,
2301 5264 2652 5334 unusquisque
2701 5263 2830 5316 dicit
2871 5261 3116 5335 gloriam,
3165 5279 3237 5321 ex
3266 5261 3570 5338 Augusiiuo

1968 5333 2283 5403 descripsit.

2044 5405 2061 5444 τ
2101 5406 2416 5460 lnscribitur
2449 5403 2916 5473 in'Augustiniano
2939 5417 2992 5459 ut
3014 5414 3073 5462 et
3099 5407 3394 5466 Veronensi
3422 5411 3569 5468 Psal.

1967 5477 2133 5540 tario,
2171 5476 2237 5530 1n
2269 5477 2445 5552 ﬁnem,
2470 5477 2697 5552 psalmus
2731 5477 2920 5531 cantici
2954 5480 3318 5552 dedicationis,
3360 5495 3468 5540 etc.
3511 5488 3569 5542 In

1971 5559 2137 5606 textu.
2173 5560 2220 5602 et
2245 5565 2346 5601 non
2373 5547 2697 5614 iucundasti,
2730 5563 2825 5618 pro
2851 5565 2942 5602 nec
2973 5552 3258 5606 delectasti.

2049 5629 2072 5666 8
2103 5619 2266 5673 Tacet
2295 5619 2347 5673 in
2379 5617 2672 5674 Veronensi
2706 5617 2807 5674 ms.
2842 5635 2972 5685 Vos,
3005 5624 3134 5675 bona
3155 5638 3174 5676 :
3203 5633 3312 5678 tum
3343 5631 3572 5684 auertiin

1976 5702 2144 5746 autem
2169 5692 2358 5768 faciem
2380 5702 2520 5743 tuam
2545 5689 2762 5768 legitur,
2789 5693 3171 5768 prastertnissis
3195 5711 3314 5764 quae
3334 5712 3574 5768 sequun-

1980 5772 2088 5841 tur,
2114 5762 2338 5841 vocalis,
2368 5778 2400 5814 a
2424 5777 2539 5815 me:
2566 5761 2746 5841 nisi_si
2773 5765 3040 5841 putandus
3064 5767 3152 5822 ille
3177 5761 3260 5822 eat
3281 5761 3570 5841 antiquet-ti

1982 5833 2187 5906 lapsus,
2217 5834 2307 5906 qui
2334 5845 2505 5892 autem
2531 5848 2634 5905 pro
2661 5833 2728 5894 iis
2755 5836 3018 5906 posuerit.
