4062 6356
534 355 641 415 167

1623 342 1683 401 S.
1726 335 2115 400 HIERONYMI
2152 334 2387 397 DlVINA
2425 329 2904 393 BlBLlO‘l‘llECA.

3735 327 3845 389 168

610 471 883 547 Numquid
929 464 1252 539 conﬁtebitur
1278 461 1372 520 tibi
1412 459 1617 533 puluis?
1663 470 1754 517 aut
1800 459 2127 515 annuntiabit
2153 460 2209 520 Α
2301 453 2571 525 Numquid
2610 450 2958 509 conﬁtebitor
2986 447 3079 505 tibi
3108 445 3328 520 pulvis?
3355 453 3450 503 aut
3495 440 3844 505 annuntiabit

527 567 790 623 ueritatem
820 563 997 620 tuam?

602 657 807 714 Audiuit
851 655 1123 722 Dominus,
1169 661 1220 710 et
1257 653 1499 708 misertus
1550 659 1625 707 est
1675 649 1817 705 mei:
1866 649 2126 704 Dominus

544 752 789 825 ~j-‘factus
814 750 838 818 ζ
867 756 942 804 est
965 748 1179 819 adjutor
1204 762 1369 802 meus.

600 840 906 898 Conuertisti
942 839 1207 911 planctum
1235 853 1403 892 meum
1431 836 1486 892 in
1511 834 1762 907 gaudium
1791 831 1920 889 mihi
1944 849 1963 889 :
1999 849 2127 889 con-

526 935 728 992 scidisti
755 949 962 991 saccum
991 949 1181 999 meum,
1205 940 1255 987 et
1280 931 1666 987 circumdedisti
1694 946 1774 985 me
1801 922 1998 984 ltetitia.

604 1028 672 1085 Ut
700 1036 863 1083 cantet
892 1026 980 1081 tibi
1007 1025 1177 1098 gloria
1212 1028 1266 1092 ιε-
1294 1039 1408 1079 mea
1460 1024 1483 1093 ζ
1528 1032 1577 1078 et
1618 1039 1725 1088 non
1764 1034 2087 1092 compungar
2109 1033 2128 1072 :

525 1120 747 1179 Domine
775 1120 914 1177 Deus
944 1136 1106 1187 meus,
1136 1119 1191 1174 in
1217 1129 1465 1175 (sternunt
1490 1116 1767 1188 confitebor
1794 1115 1883 1170 tibi
1908 1122 1957 1169 α.

2233 547 2519 602 veritatem
2555 558 2698 601 tuam
2721 543 2747 599 ?

2303 637 2525 695 Audivit
2557 638 2840 704 Dominus,
2871 644 2925 693 et
2959 635 3218 692 misertus
3252 641 3339 690 est
3366 632 3497 690 mibi
3519 631 3646 707 [513.
3673 631 3837 706 mei]:

2234 733 2494 790 Dominus
2517 731 2691 787 factus
2714 740 2800 786 est
2826 731 3042 801 adjutor
3071 745 3247 786 meus.
3790 748 3795 751 ·

2304 823 2632 883 Convertisti
2656 823 2924 895 planctum
2949 838 3129 880 meum
3154 823 3209 879 in
3233 821 3489 896 gaudium
3512 822 3642 879 mihi
3664 840 3679 879 :
3707 835 3845 879 con-

2233 918 2441 974 scidisti
2470 932 2687 974 saccum
2717 931 2918 985 meum,
2953 927 3008 973 et
3032 916 3373 988 prmcinxisti
3405 932 3494 974 me
3518 917 3704 974 ltetitia
3732 932 3749 975 :
3780 927 3846 974 ut

2233 1020 2417 1069 cantet
2440 1011 2536 1067 tibi
2564 1010 2737 1082 gloria
2766 1024 2910 1077 mea,
2943 1017 2999 1065 et
3024 1024 3131 1066 non
3157 1024 3512 1081 compungar.

2306 1106 2534 1162 Domine
2562 1103 2706 1161 Deus
2735 1118 2912 1170 meus,
2940 1103 2995 1159 in
3025 1112 3289 1159 mternum
3313 1104 3616 1161 conﬁtebor
3642 1104 3766 1160 tibi.

1863 1200 2225 1270 PSALMUS
2265 1199 2486 1263 XXX.

965 1312 1020 1353 IN
1048 1311 1231 1363 PINEI,
1261 1307 1492 1350 PSALIUS
1516 1305 1695 1348 DAVID.

602 1392 670 1450 In
700 1401 769 1460 te,
802 1390 1042 1459 Domine,
1064 1390 1289 1463 speravi,
1313 1404 1418 1444 non
1441 1385 1736 1459 confundor
1754 1385 1809 1440 in
1830 1392 2082 1441 reternum
2104 1396 2126 1437 :

523 1486 581 1543 in
599 1485 813 1559 justitia
840 1493 930 1539 tua
955 1482 1117 1538 libera
1137 1497 1237 1536 me.

600 1577 812 1633 Inclina
838 1576 908 1630 ad
949 1591 1030 1631 me
1052 1591 1231 1630 aurem
1261 1583 1444 1630 tuom:
1473 1572 1725 1640 accelera,
1756 1584 1813 1627 ut
1838 1586 1990 1625 eruas
2019 1584 2121 1624 me.

599 1670 727 1727 Esto
756 1668 882 1725 mihi
907 1669 961 1724 in
992 1668 1161 1724 Deum
1188 1676 1543 1738 protectorem,
1576 1675 1623 1721 et
1652 1666 1705 1721 in
1735 1664 1944 1720 domum
1980 1662 2123 1734 refu-

530 1763 623 1836 gii,
653 1770 712 1819 ut
741 1764 943 1817 saluum
967 1776 1051 1816 me
1077 1761 1264 1832 facias.

601 1854 862 1925 Quoniam
888 1854 1144 1925 fortitudo
1172 1869 1283 1907 mea
1309 1861 1357 1907 et
1383 1851 1643 1924 refugium
1672 1867 1842 1907 meum
1874 1866 1928 1906 es
1957 1857 2012 1904 tu
2031 1863 2052 1904 :
2079 1855 2129 1903 et

525 1958 737 2025 propter
759 1965 946 2005 nomen
974 1957 1121 2003 tuum
1145 1946 1369 2002 deduces
1396 1962 1499 2016 me,
1529 1954 1575 2000 et
1595 1944 1822 2001 enutries
1841 1959 1942 1998 me.

600 2129 807 2188 Educes
835 2147 913 2187 me
938 2131 1004 2187 de
1027 2128 1211 2199 laqueo
1233 2128 1349 2198 hoc,
1382 2143 1530 2199 quem
1554 2124 1929 2181 absconderant
1959 2122 2085 2178 mihi
2106 2138 2129 2178 :

525 2228 771 2300 quoniam
799 2236 855 2281 tu
878 2242 931 2281 es
955 2233 1215 2299 protector
1243 2240 1404 2278 meus.

601 2320 670 2377 In
713 2337 895 2376 manus
933 2328 1050 2375 tuus
1088 2316 1116 2358 δ
1147 2316 1450 2374 commendo
1475 2314 1712 2388 spiritum
1739 2325 1954 2368 meum:
1980 2311 2129 2367 rede-

525 2415 661 2472 misti
686 2431 786 2484 me,
818 2412 1037 2469 Domine
1068 2409 1211 2467 Deus
1234 2410 1485 2466 veritatis.

598 2506 771 2565 Odisti
793 2507 1114 2563 observantes
1143 2504 1416 2573 vanitates,
1441 2516 1775 2573 supervacue.

594 2598 708 2674 Ego
736 2608 907 2655 autem
935 2598 989 2653 in
1015 2596 1237 2653 Domino
1262 2595 1498 2668 speravi:
1518 2592 1810 2662 exsultatio,
1840 2601 1888 2649 et
1915 2590 2128 2649 (letabor

519 2692 576 2750 in
600 2690 957 2747 misericordia
985 2697 1098 2745 tua.

597 2872 857 2939 Quoniam
882 2871 1155 2944 respexisti
1179 2871 1521 2928 humilitatem
1564 2886 1776 2928 meam:
1811 2869 2023 2929 saloasti
2060 2871 2126 2927 de

525 2968 913 3025 necessitatibus
941 2968 1170 3024 animum
1200 2982 1387 3023 meum.

2634 1295 2688 1337 tn
2720 1294 2911 1351 ειμι-ιιι,
2943 1274 2972 1317 ἀ
2999 1290 3233 1336 ΡεΑιιίοε
3259 1295 3442 1341 υλνιι).

2304 1373 2362 1431 In
2387 1381 2460 1443 te,
2486 1373 2731 1444 Domine,
2757 1375 2991 1444 speravi,
3013 1390 3119 1429 non
3141 1373 3443 1430 coniundar
3464 1374 3516 1430 in
3535 1381 3837 1434 aeternum:

2233 1467 2289 1524 in
2314 1476 2405 1523 tua
2427 1466 2642 1538 justitia
2666 1478 2689 1508 ο
2723 1466 2892 1524 libera
2924 1481 3033 1532 me,
3064 1476 3121 1523 et
3148 1467 3300 1540 eripe
3326 1484 3438 1525 me.

2306 1561 2507 1618 lnclina
2529 1561 2598 1617 ad
2617 1576 2705 1618 me
2725 1576 2910 1618 aurem
2932 1569 3112 1617 tuam:
3159 1563 3403 1619 accelera
3424 1571 3482 1620 ttt
3502 1563 3701 1638 eripias
3725 1544 3837 1623 me.

2309 1655 2440 1712 Esto
2466 1655 2598 1712 mibi
2625 1655 2680 1712 in
2706 1656 2871 1712 Deum
2897 1664 3285 1727 protectorem,
3316 1668 3372 1713 et
3402 1658 3458 1714 in
3485 1657 3663 1716 locum
3693 1659 3845 1717 refu-

2155 1725 2206 1787 B
2230 1751 2304 1825 gii
2331 1769 2343 1807 :
2376 1761 2436 1808 ut
2463 1751 2674 1809 salvum
2703 1765 2791 1807 me
2820 1725 3007 1807 facias.

2301 1843 2567 1915 Quoniam
2597 1842 3003 1900 ﬁrmamentum
3031 1858 3235 1913 meum,
3263 1844 3612 1916 et'relugium
3653 1861 3840 1904 meum

2229 1952 2291 1994 es
2333 1947 2430 1996 tu:
2479 1946 2538 1994 et
2582 1947 2805 2009 propter
2846 1950 3049 1994 nomen
3094 1947 3245 1993 tuum
3288 1936 3400 1993 dus
3444 1936 3577 1993 mibi
3619 1939 3755 2007 eris,
3784 1949 3843 1997 et

2228 2027 2472 2086 enutries
2501 2042 2608 2085 me.

2305 2122 2375 2178 Et
2403 2119 2534 2195 [ιιι.
2564 2128 2697 2177 tacet
2725 2118 2801 2195 et]
2828 2119 3029 2178 educes
3054 2136 3144 2178 me
3166 2119 3235 2177 de
3255 2121 3450 2193 laqueo
3476 2119 3497 2161 ί
3523 2122 3651 2191 isto,
3674 2137 3841 2195 quem

2229 2217 2643 2275 occultaverunt
2675 2217 2833 2284 mihi,
2860 2217 3117 2289 quoniam
3151 2228 3207 2273 tu
3227 2232 3288 2273 es
3307 2227 3332 2265 ε
3353 2225 3632 2289 protector
3657 2234 3839 2292 meus,

2229 2310 2495 2367 Domine:
2529 2310 2586 2366 in
2616 2324 2809 2366 manus
2839 2317 2963 2367 tuas
2989 2309 3312 2368 commendo
3341 2310 3591 2381 spiritum
3622 2326 3835 2367 meum.

2298 2401 2598 2460 Redemisti
2641 2419 2752 2472 me,
2781 2402 3013 2461 Domine
3049 2402 3194 2459 Deus
3220 2402 3504 2460 veritatis:
3536 2403 3699 2460 odisti
3727 2403 3837 2461 ob-

2226 2505 2507 2553 servantes
2533 2496 2849 2563 vanitatem,
2880 2509 3233 2567 supervacue.

2300 2589 2417 2661 Ego
2446 2596 2627 2644 autem
2651 2588 2705 2644 in
2736 2588 2967 2645 Domino
2994 2588 3227 2660 Sperabo
3264 2586 3395 2661 [Με.
3422 2587 3661 2663 speravi]
3687 2606 3700 2644 :
3730 2603 3836 2646 ex-

2226 2682 2463 2752 sultabo,
2493 2689 2549 2738 et
2577 2679 2804 2738 lzetabor
2848 2678 2978 2754 [51s.
3009 2678 3378 2755 jucundabor]
3406 2682 3459 2737 in
3488 2690 3577 2738 tua
3616 2681 3836 2737 miseri-

2227 2777 2437 2835 cordia.

2298 2870 2439 2940 Quia
2468 2868 2760 2942 respexisti
2785 2869 3146 2930 humilitatem
3175 2886 3391 2930 meam:
3421 2871 3626 2929 salvam
3652 2871 3837 2929 fecisti

2226 2962 2298 3020 de
2315 2963 2743 3021 necessitatibus
2767 2965 3004 3022 animam
3036 2981 3213 3024 meam
3240 2985 3254 3021 :
3286 2981 3387 3023 nec
3407 2967 3718 3023 conclusisti
3745 2984 3840 3025 rno

2229 3055 2285 3112 in
2311 3068 2505 3112 manus
2530 3055 2758 3114 inimici.

600 3169 714 3228 Nec
734 3171 1033 3228 conclusisti
1054 3187 1134 3227 me
1171 3171 1226 3226 in
1263 3170 1502 3226 manibus
1538 3168 1778 3225 inimici:
1809 3168 2039 3225 statuisti
2071 3168 2121 3224 in

2301 3148 2553 3206 Statuisti
2594 3149 2648 3205 in
2683 3150 2807 3206 loco
2848 3148 2978 3224 [διε.
3022 3160 3153 3208 tacet
3196 3151 3337 3225 loco]
3377 3153 3621 3225 spatioso
3663 3152 3841 3224 pedes

524 3263 640 3323 loco
668 3264 896 3337 spatioso
921 3264 1076 3338 pedes
1108 3280 1267 3320 meos.

602 3445 850 3504 Miserere
875 3445 997 3512 mei,
1028 3443 1267 3511 Domine,
1297 3443 1541 3516 quoniam
1564 3440 1782 3499 tribulor
1803 3457 1823 3497 :
1851 3440 2126 3497 conturba-

525 3552 608 3597 tus
632 3547 708 3596 est
731 3540 787 3595 in
810 3538 892 3594 ira
921 3538 1101 3594 oculus
1131 3553 1297 3604 meus,
1324 3536 1501 3591 anima
1522 3550 1659 3601 mea,
1689 3543 1738 3590 et
1762 3542 1937 3589 uenter
1959 3548 2123 3588 meus.

601 3632 865 3698 Quoniam
893 3630 1079 3702 defecit
1104 3630 1159 3685 in
1187 3628 1367 3684 dolore
1390 3627 1495 3683 vita
1524 3641 1681 3683 mea:
1710 3633 1759 3681 et
1784 3626 1910 3681 anni
1938 3624 2038 3680 mei
2071 3626 2126 3681 in

522 3725 816 3801 gemitibus.

598 3820 881 3901 Infirmata
906 3820 1057 3875 estin
1088 3825 1394 3892 paupertate
1422 3816 1585 3872 uirtus
1610 3832 1724 3872 mea
1746 3830 1767 3872 :
1791 3825 1840 3872 et
1864 3830 1984 3872 ossa
2010 3830 2125 3871 mea

522 3915 828 3972 conturbata
854 3924 997 3971 sunt.

597 4008 770 4081 Super
793 4023 966 4064 omnes
994 4006 1230 4063 inimicos
1250 4023 1387 4062 meos
1414 4009 1584 4079 factus
1620 4021 1737 4063 sum
1764 4003 2120 4077 approbrium,

526 4108 553 4140 ε
577 4109 626 4157 et
654 4101 833 4157 uicinis
857 4101 985 4156 meis
1009 4099 1178 4169 ualde,
1208 4108 1255 4154 et
1282 4100 1438 4154 timor
1466 4098 1603 4153 notis
1622 4100 1771 4153 meis.

600 4258 705 4328 Qui
747 4258 983 4315 uidebant
1032 4274 1135 4328 me,
1181 4258 1325 4331 foras
1364 4258 1610 4332 fugerunt
1650 4275 1685 4313 a
1727 4274 1808 4314 me
1828 4274 1849 4315 :
1878 4259 2125 4316 oblivioni

599 4394 626 4423 ⁸
656 4383 819 4442 Addit
846 4384 936 4442 hic
965 4384 1017 4440 in
1046 4384 1150 4440 line
1178 4383 1349 4440 Palat.
1379 4399 1484 4440 ms.
1518 4382 1848 4455 Diapsalma.

524 4459 538 4492 ῖ
596 4455 625 4496 δ
655 4456 918 4526 Deposuit
944 4455 998 4512 in
1030 4456 1198 4512 Palat.
1229 4457 1354 4511 end.
1386 4457 1606 4527 sequior
1636 4473 1827 4513 manus
1865 4476 2125 4519 commen-

2228 3257 2413 3301 meos:
2442 3244 2708 3302 miserere
2731 3244 2866 3302 mihi
2895 3244 3025 3318 [ιιι.
3052 3254 3183 3302 tacet
3210 3245 3361 3320 mei],
3406 3247 3651 3313 Domine,
3686 3262 3838 3320 quo-

2231 3338 2376 3393 niam
2409 3336 2659 3394 tribulor.
3020 3362 3027 3367 -
3824 3360 3827 3365 ·

2302 3429 2671 3488 Conturbatus
2698 3437 2786 3489 est
2812 3431 2867 3488 in
2891 3430 2972 3489 ira
2999 3431 3192 3489 oculus
3218 3447 3395 3502 meus,
3442 3433 3624 3491 anima
3668 3448 3795 3491 mea
3817 3479 3836 3508 ,

2230 3531 2288 3582 et
2317 3533 2516 3583 venter
2538 3540 2712 3583 meus.
3126 3540 3129 3543 ’

2272 3605 2568 3687 ’ρυοηίαηι
2598 3617 2802 3677 defecit
2825 3619 2882 3678 in
2911 3619 3106 3679 dolore
3131 3620 3239 3679 vita
3266 3636 3427 3680 mea:
3469 3631 3526 3682 et
3557 3625 3686 3681 anni
3713 3624 3835 3683 mei

2232 3709 2286 3767 in
2315 3710 2630 3781 gemitibus.

2303 3798 2334 3839 ιι
2363 3801 2639 3860 lnllrmata
2677 3814 2763 3861 est
2786 3803 2843 3861 in
2880 3815 3199 3879 paupertate
3239 3808 3411 3866 virtus
3454 3824 3604 3868 mea:
3627 3820 3682 3869 et
3701 3826 3839 3871 ossa

2230 3910 2352 3953 mea
2380 3896 2699 3953 conturbata
2729 3908 2875 3954 sunt.

2299 3987 2477 4059 Super
2491 4002 2683 4046 omnes
2706 3989 2958 4047 inimicos
2979 4005 3133 4048 meos
3148 3991 3321 4050 factus
3341 4009 3461 4052 sum
3475 3995 3837 4069 opprobrium

2227 4082 2357 4156 Ius.
2383 4082 2513 4142 add.
2542 4077 2623 4157 et]
2660 4083 2857 4143 vicinis
2902 4087 3040 4144 meis
3084 4089 3311 4147 nimium
3358 4090 3478 4165 [ms.
3521 4093 3736 4167 nimis],
3777 4105 3840 4153 et

2227 4176 2390 4233 timor
2417 4179 2558 4233 notis
2586 4179 2742 4235 meis.
2967 4196 2974 4203 ‘

2222 4282 2250 4342 ς
2295 4271 2401 4339 Qui
2421 4270 2678 4328 videbant
2695 4287 2802 4340 me,
2817 4271 2963 4332 foras
2984 4275 3257 4349 fugiebant
3277 4293 3307 4334 a
3331 4293 3444 4336 me:
3469 4277 3485 4319 ί
3502 4281 3676 4338 excidi
3691 4290 3836 4339 tam-

2226 4409 2427 4471 manus
2449 4393 2646 4451 alicubi
2673 4393 3031 4471 depravaret:
3064 4412 3186 4453 nam
3224 4397 3354 4454 licet
3398 4399 3463 4454 de
3506 4399 3689 4471 laqueo
3729 4403 3837 4459 isto

2230 4482 2373 4542 nunc
2414 4466 2577 4542 legat,
2614 4468 2810 4542 retinet
2843 4479 3020 4542 tamen
3058 4486 3237 4540 quam,
3285 4482 3469 4525 monet
3505 4466 3668 4542 atque
3711 4472 3836 4542 ipse

527 4528 680 4609 dabo,
720 4529 874 4609 justa
1030 4529 1459 4609 ληφθήσομαι.
1494 4528 1759 4586 Praeterea
1803 4531 2017 4590 addttur
2064 4538 2119 4593 iu
2146 4542 2202 4604 Ι)
2228 4539 2345 4606 ejus
2374 4526 2970 4609 editor'restituendam
3000 4526 3283 4609 pristinam
3314 4526 3694 4599 lectionem'de
3713 4526 3838 4601 illi:

524 4601 636 4656 line
665 4597 986 4655 Itemislit‘ltii
1014 4597 1341 4668 Diap'sa'tna.

600 4683 623 4711 ε
654 4671 721 4727 Et
745 4672 990 4740 copulam
1020 4673 1159 4726 idem
1191 4686 1292 4727 ms.
1324 4679 1484 4727 tacet.

594 4740 621 4781 (ἰ
653 4743 1160 4818 San-Germztnense
1187 4743 1504 4798 Psalterium
1530 4756 1631 4818 tus.
1659 4760 1811 4818 num,
1837 4746 1870 4801 8
1887 4761 2119 4818 sequen-

527 4825 634 4872 tem
665 4815 826 4871 habet
856 4813 1300 4870 observatinnetn
1322 4829 1484 4882 Super
1512 4815 1665 4868 titulo
1689 4816 1847 4885 hujus
1873 4813 2072 4876 Psa'ltni
2099 4838 2115 4877 :

525 4886 593 4942 In
622 4887 912 4957 Augustino
937 4888 1120 4940 titulus
1149 4887 1244 4946 sic,
1276 4885 1329 4938 in
1352 4885 1509 4956 finem
1539 4885 1780 4942 I’salnms
1801 4887 1970 4944 Dauid
1993 4933 2006 4955 ,
2030 4908 2118 4948 ea:-

524 4960 710 5032 stasis;
737 4958 876 5029 quod
906 4966 980 5012 est
1002 4958 1183 5032 mentis
1202 4972 1460 5012 excessus.
1495 4957 1681 5032 Editus
1697 4957 1820 5032 Cari
1853 4963 2115 5032 legitcum

523 5031 683 5085 obelo
711 5027 771 5085 +
790 5045 883 5099 pro
910 5029 1097 5104 (φριαεὶ
1127 5027 1147 5095 ζ
1182 5043 1313 5104 mss.
1344 5036 1527 5084 autem
1555 5028 1686 5083 nihil
1720 5027 1957 5088 retinent
1978 5051 2118 5104 pra:-

526 5111 610 5155 tcr
634 5116 695 5156 ea
721 5116 840 5171 quze
867 5100 1152 5154 edidimus.
1185 5099 1365 5153 Man'r.
1978 5099 1990 5104 ’
2037 5124 2041 5129 ·

593 5200 665 5246 ς-
687 5173 940 5246 Testatur
961 5180 1021 5246 et
1039 5171 1525 5246 Sangertnaneusis
1550 5171 1690 5246 apud
1710 5173 1963 5246 Martian.
1984 5192 2115 5246 ms.,

521 5242 625 5298 sub
649 5260 704 5299 η.
744 5248 794 5306 8,
831 5242 976 5297 hunc
1005 5241 1171 5297 tuisse
1202 5242 1256 5296 itt
1287 5241 1680 5311 Augustiniauo
1707 5244 1968 5303 Psalterio
1994 5241 2118 5303 titnL

522 5315 657 5382 lum,
690 5312 757 5368 In
786 5313 940 5387 finem
974 5311 1219 5367 Psalmus
1249 5313 1351 5382 ipsi
1378 5312 1546 5387 David
1569 5317 1809 5383 exslasis,
1839 5333 1998 5387 quem
2032 5322 2116 5374 ui-

522 5387 716 5442 tnirum
746 5396 796 5440 et
831 5383 1158 5440 Veronens-s
1185 5401 1287 5439 tus.
1323 5386 1561 5452 praefert.

592 5466 617 5495 ο
652 5457 963 5513 Veronense
1000 5470 1154 5525 aeque
1199 5467 1362 5531 atque
1414 5458 1863 5527 Augustinianum
1917 5461 2122 5531 psalte—

514 5530 653 5585 rium
679 5571 713 5601 ,ξ
745 5543 870 5601 erue
896 5542 995 5601 me,
1046 5538 1094 5601 et
1140 5527 1305 5581 exime
1339 5540 1622 5601 mettum,
1650 5541 1719 5601 Aut
1762 5527 1959 5586 eximus
2003 5548 2115 5601 me,

516 5616 614 5670 pro
643 5599 855 5674 eripias,
881 5608 938 5674 et
964 5599 1019 5651 in
1045 5598 1255 5674 domum
1282 5600 1489 5669 refugii.
1525 5614 1624 5670 pro
1641 5599 1836 5669 locum;
1863 5598 2116 5674 denique,

517 5669 949 5741 Quialfortitudo,
978 5679 1025 5725 et
1051 5670 1310 5742 refugium
1335 5669 1539 5735 meum,
1558 5682 1664 5726 etc.

595 5742 615 5783 ί
653 5744 763 5814 Pro
788 5743 972 5812 laqueo
1002 5742 1227 5814 August.
1259 5743 1601 5814 muscipulam
1628 5743 1743 5799 fere
1770 5744 2119 5803 continenter

512 5813 816 5887 rescripsit,
844 5810 1029 5884 sicque
1069 5813 1242 5887 ipsum
1271 5810 1638 5869 Veronensum
1679 5816 1874 5872 librum
1914 5830 2112 5887 prmtu-

516 5887 646 5949 lisse
682 5883 835 5955 olim,
866 5883 965 5961 par
998 5894 1084 5943 est
1109 5883 1353 5953 credere,
1384 5891 1674 5961 antequam
1723 5901 1848 5947 eum
1895 5883 2114 5966 sequior

2223 4608 2428 4684 s‘cipula
2475 4611 2599 4684 ista.
2646 4610 2767 4684 Pari
2815 4608 3011 4680 paeto,’
3052 4612 3196 4681 quod
3237 4614 3585 4684 subsequitur
3630 4631 3835 4673 nomen

2222 4680 2468 4745 Domine,
2492 4682 2545 4735 in
2567 4681 2758 4737 eodem
2780 4696 2882 4737 ms.
2908 4680 3159 4738 secundis
3191 4685 3338 4739 curis
3358 4680 3563 4741 temere
3584 4687 3832 4744 additum

2221 4761 2326 4821 est,
2354 4761 2410 4808 et
2430 4762 2616 4826 contra
2638 4754 3016 4826 Angustiuiani
3061 4756 3424 4826 exemplaris,
3463 4757 3604 4826 quod
3631 4766 3834 4816 ca-tera

2222 4839 2479 4895 perquam
2504 4824 2755 4894 religiose
2776 4825 3058 4886 describit.
3084 4824 3265 4881 ﬁdem.
3284 4826 3414 4893 Quae
3433 4824 3530 4882 nos
3553 4829 3680 4885 ideo
3713 4846 3836 4885 tuo-

2223 4897 2462 4960 uuitnus,
2488 4906 2544 4950 ut
2570 4898 2734 4960 scias,
2761 4911 2881 4950 cum
2908 4897 2976 4950 ab
3000 4900 3397 4967 Augustiniano
3419 4900 3689 4956 tantillum
3719 4901 3831 4956 Ve-

2223 4980 2456 5021 ronense
2489 4968 2858 5039 apograpltutu
2892 4968 3343 5039 discrepat,illudq
3364 4980 3457 5025 aut
3478 4974 3830 5030 amanttcnsis

2221 5039 2393 5092 errori
2419 5038 2760 5093 tribuendum
2785 5052 2927 5107 esse,
2962 5047 3056 5094 aut
3075 5039 3296 5095 ausibus
3315 5042 3580 5109 sequioris
3610 5058 3826 5101 manus.

2323 5116 2350 5156 ε
2408 5110 2766 5170 Hieronymus
2820 5109 2886 5164 ad
2941 5109 3115 5165 Sunn.
3183 5121 3238 5167 et
3312 5110 3514 5167 Fretel.
3590 5131 3605 5169 :
3687 5115 3831 5170 Ilur-

2220 5195 2337 5232 sum
2365 5180 2420 5233 in
2464 5180 2562 5235 hoc
2608 5180 2720 5235 loco
2757 5197 2942 5235 nomen
2974 5180 3187 5237 Domini
3228 5182 3476 5237 additum
3514 5193 3644 5241 est:
3672 5197 3720 5240 et
3761 5203 3829 5242 ne

2219 5251 2398 5305 eadem
2429 5268 2633 5319 semper
2657 5252 2914 5307 inculcem
2937 5295 2952 5319 ,
2989 5256 3258 5308 obseruare
3287 5255 3482 5309 debetis
3510 5271 3694 5312 nomen
3716 5255 3831 5313 Do-

2219 5322 2863 5399 mini_et-De_i_sa3pissime
2891 5324 3169 5399 additum;
3201 5320 3331 5399 et‘id
3360 5326 3655 5399 vos_dcbere
3679 5333 3828 5399 sequi

2218 5394 2358 5464 quod
2394 5394 2486 5471 _de_
2516 5393 2779 5471 Hebraico
2828 5404 2873 5449 et
2930 5394 2995 5448 de
3048 5395 3392 5469 Septuaginta
3443 5393 3827 5471 Interpretibus

2222 5466 2627 5519 emendavimus.
2651 5464 2832 5520 MART.

2292 5532 2321 5572 ιι
2355 5534 2414 5619 In
2435 5536 2636 5619 eodem
2661 5552 2763 5619 ms.
2794 5544 2857 5619 ut
2883 5542 2940 5591 et
2968 5550 3136 5607 penes
3162 5536 3545 5612 Augustinum,
3589 5541 3826 5612 inﬁrma-

2218 5616 2309 5677 tus
2330 5616 2403 5677 est
2430 5609 2483 5660 in
2507 5614 2728 5677 egestate
2758 5609 2901 5677 uigor
2926 5624 3088 5665 meus.
3255 5609 3271 5612 ἡ
3647 5609 3655 5612 ⁷
3812 5652 3817 5657 ,

2330 5626 2403 5659 εει
2430 5626 2483 5660 ιη
2507 5626 2728 5677 εθεδιαιε
2758 5626 2801 5661 ω
2843 5626 2901 5661 0T
2926 5626 3088 5665 meus.
3812 5652 3816 5657 ι

2298 5674 2314 5713 ί
2348 5676 2582 5755 Rursum
2614 5678 2775 5755 iidem
2806 5626 3164 5755 fibri,‘oblitus
3191 5699 3326 5746 sum,
3359 5698 3457 5751 pro
3486 5683 3675 5749 excidi,
3704 5694 3816 5741 tum

2216 5756 2269 5831 e_t
2290 5750 2489 5831 copula
2519 5751 3101 5831 prfetet_'ntissa,_factus
3130 5770 3244 5831 sum
3269 5750 3527 5831 tamquam
3557 5770 3668 5831 uas,
3686 5767 3816 5831 etc,

2217 5819 2435 5892 deinde,
2460 5820 2639 5892 audiui
2660 5819 3058 5892 uituperationes
3088 5823 3368 5880 multorum
3384 5819 3737 5885 'ltabitantium
3761 5819 3819 5886 iis

2218 5890 2459 5951 circuitu.
2485 5891 2623 5951 Dum
2646 5890 3082 5969 congregarentur
3104 5896 3204 5971 ipsi
3219 5896 3396 5971 simul,
3426 5907 3535 5959 etc.
