4062 6356
239 320 349 379 169

239 436 391 487 datus
411 451 527 488 sum
553 444 817 510 tamquam
847 450 1077 499 mortuus
1103 459 1134 498 a
1157 448 1331 502 corde.

318 524 509 581 Factus
528 546 645 583 sum
673 541 931 603 tamquam
960 553 1047 591 ras
1072 540 1326 609 perditum
1350 558 1369 596 .'
1397 544 1640 612 quoniam
1660 546 1835 601 audivi

239 618 661 685 rituperationem
694 624 969 679 multorum
994 632 1421 686 commorantium
1452 635 1505 688 in
1531 636 1768 691 circuitu.

319 718 342 746 λ
374 709 439 765 1η
464 729 527 765 eo
556 713 683 767 dum
712 719 1036 773 convenirent
1060 723 1219 777 simul
1254 725 1527 782 adversum
1553 746 1671 783 me:
1699 732 1836 785 acci-

240 820 365 874 pere
390 806 621 861 animam
651 826 815 864 meam
837 813 1097 869 consiliati
1120 828 1261 871 sunt.

316 897 426 967 Ego
452 910 626 954 autem
654 903 707 957 in
740 912 788 957 te
814 908 1035 977 speravi,
1069 906 1312 979 Domine,
1344 913 1453 968 dixi
1475 930 1494 969 :
1527 913 1665 971 Deus
1695 933 1834 973 meus

236 1010 296 1047 es
324 1002 396 1057 tu,
422 993 474 1047 in
502 996 744 1051 manibus
773 998 875 1053 tuis
902 1008 1064 1056 sortes
1092 1019 1237 1060 mete.

316 1083 473 1155 Eripe
503 1104 585 1143 me
611 1090 677 1144 de
706 1107 862 1146 ntanu
888 1093 1209 1152 inimicorum
1238 1115 1485 1170 meorum,
1520 1112 1568 1157 et
1596 1120 1629 1156 a
1666 1119 1835 1173 perso-

239 1178 506 1248 qlenlt'bus
540 1200 637 1237 me.

314 1273 529 1329 lllustra
555 1278 741 1347 facient
772 1291 912 1337 luant
932 1300 1083 1357 super
1102 1303 1303 1342 servant
1324 1298 1464 1343 tuum
1487 1304 1505 1343 :
1532 1292 1729 1345 salvum
1759 1308 1836 1347 me

237 1364 327 1431 [ac
370 1366 423 1419 in
469 1367 828 1424 misericordia
878 1382 963 1426 tua
988 1390 1007 1429 :
1053 1375 1291 1447 Domine,
1324 1377 1351 1416 ι’
1383 1396 1485 1434 non
1524 1381 1831 1452 confundor,

236 1457 479 1524 quoniam
509 1460 564 1512 in
574 1462 746 1515 vocavi
776 1472 842 1519 te.

312 1546 629 1604 Erubescant
660 1552 827 1624 impii,
860 1564 907 1609 et
933 1556 1257 1615 deducantur
1280 1560 1333 1615 in
1360 1561 1664 1633 infernum:
1694 1572 1837 1619 muta

234 1640 367 1708 [iant
395 1644 531 1697 labia
559 1645 766 1713 dolosa,

313 1737 443 1805 Qua:
468 1739 756 1811 loquuntur
778 1742 1023 1800 adversus
1042 1748 1246 1818 justum
1283 1748 1625 1821 iniquitatem,
1660 1753 1714 1806 in
1747 1769 1837 1808 su-

237 1831 411 1899 perbia
441 1842 490 1886 et
519 1835 791 1892 abusione.

314 1929 481 1996 Quam
504 1948 693 2003 magna
715 1934 989 1991 multitudo
1009 1936 1295 1996 dulcedinis
1312 1949 1468 2010 tute,¢
1488 1943 1783 2015 +{Domine
1810 1944 1831 2014 ζ

236 2042 390 2096 quam
414 2026 731 2084 abscondisti
756 2032 1051 2090 timentibus
1080 2044 1147 2089 te.

311 2120 583 2193 Perfecisti
616 2125 688 2179 eis
731 2124 817 2194 qui
842 2136 1049 2197 sperant
1088 2127 1141 2181 in
1173 2137 1241 2194 te,
1283 2128 1337 2183 in
1379 2140 1653 2201 conspectu
1694 2130 1837 2199 ﬁlio-

235 2231 353 2267 rum
380 2214 667 2271 hominum.

306 2310 601 2365 Abscondes
628 2326 716 2365 eos
743 2309 797 2365 in
825 2311 1121 2367 abscondito
1156 2313 1313 2385 faciei
1345 2322 1467 2382 tuw,
1497 2332 1529 2369 a
1558 2315 1833 2371 conturba-

233 2406 374 2461 tione
399 2406 688 2462 hominum.

316 2499 562 2570 Proteges
602 2516 688 2555 eos
730 2499 782 2554 in
825 2498 1164 2555 tabernaculo
1212 2509 1321 2567 tuo,
1366 2517 1399 2554 a
1435 2500 1839 2557 contradictione

236 2592 561 2665 linguarum.

306 2685 621 2741 Benedictus
651 2686 927 2749 Dominus,
951 2687 1193 2757 quoniam
1222 2687 1516 2757 miri/ienuit
1548 2688 1841 2743 misericor-

233 2777 380 2832 diam
404 2796 551 2833 suam
579 2779 705 2832 mihi
736 2778 786 2832 in
818 2778 1022 2833 civitate
1047 2780 1263 2834 munita.

306 2869 424 2942 Ego
453 2881 626 2926 autem
655 2867 679 2907 ἀ
714 2872 825 2925 dixi
850 2872 903 2925 in
930 2888 1139 2927 excessu
1171 2873 1351 2927 mentis
1376 2888 1542 2928 mete:
1569 2872 1840 2945 Projectus

228 2983 349 3019 sum
376 2983 407 3019 a
436 2966 569 3034 [acie
598 2966 869 3020 oculorum
895 2975 1125 3021 tuorum.

308 3058 437 3113 Ideo
463 3059 719 3115 exaudiin
745 3076 916 3115 vocem
944 3060 1193 3116 orationis
1234 3076 1380 3128 meat,
1407 3060 1532 3139 dum
1559 3059 1839 3116 clamarem

234 3154 305 3205 ad
332 3163 398 3207 te.
1176 3165 1183 3171 “

308 3242 527 3315 Diligite
549 3241 851 3310 Dominum,
875 3260 1048 3299 omnes
1069 3244 1237 3299 sancti
1259 3243 1394 3315 ejus,
1422 3257 1479 3299 +7
1509 3242 1746 3313 quoniam
1774 3240 1795 3309 ζ
1823 3250 1846 3279 °

233 3334 474 3387 veritates
511 3338 736 3405 requiret
784 3335 1035 3390 Dominus
1070 3351 1090 3390 :
1133 3344 1182 3391 et
1229 3334 1474 3390 retribuet
1525 3333 1848 3390 abundanter

244 3426 559 3493 facientibus
603 3427 913 3499 superbiam.

317 3516 555 3572 l'iriliter
600 3521 758 3590 agite,
805 3530 853 3573 et
899 3521 1213 3591 confortatur
1251 3536 1341 3575 cor
1370 3529 1610 3589 vestrum,
1666 3534 1837 3575 omnes

231 3612 318 3681 qui
345 3615 568 3684 speratis
588 3614 640 3667 in
671 3612 919 3670 Domino.

1564 336 1771 397 LIBER
1807 340 2254 408 PSALMURUM.

1865 1864 1915 1924 B

3435 370 3540 427 170

1861 460 1914 518 Α
1940 472 2098 528 quam
2112 470 2356 518 mortuus
2370 476 2399 517 a
2413 465 2657 533 corde,et
2672 466 2844 526 lactus
2854 485 2970 526 sum
2985 473 3227 532 sicutvas
3244 481 3531 547 perditum.

2008 550 2271 618 Quoniam
2300 556 2480 611 audivi
2509 559 2957 629 vituperationem
2988 569 3277 626 multorum
3302 574 3534 629 circuat-

1868 634 1877 641 ’
1939 638 2313 701 habitantium.

2009 730 2067 786 In
2090 748 2155 787 eo
2191 736 2315 791 dum
2354 754 2813 814 congregarentur
2855 764 3044 807 omnes
3080 753 3240 809 simul
3272 756 3533 813 adversus

1936 836 2053 878 me:
2086 836 2143 879 ut
2171 830 2477 899 acciperent
2506 836 2739 894 animam
2770 855 2966 911 meam,
2999 847 3266 902 consiliati
3299 860 3443 905 sunt.

2008 914 2121 985 Ego
2148 933 2274 974 vero
2305 921 2357 975 in
2389 932 2441 979 te
2469 930 2701 999 speravi,
2740 931 2985 999 Domine,
3014 936 3123 991 dixi
3151 954 3167 993 :
3195 938 3273 993 Tu
3301 955 3359 995 es
3390 940 3533 998 Deus

1936 1022 2109 1074 meus,
2138 1010 2193 1066 in
2224 1016 2470 1073 manibus
2496 1022 2603 1077 tuis
2633 1033 2875 1095 tempora
2906 1044 3044 1085 mea.

2006 1102 2199 1160 Libera
2230 1123 2317 1164 me
2338 1107 2391 1178 ιι,
2423 1122 2479 1167 et
2521 1116 2670 1185 eripe
2698 1134 2784 1173 me
2828 1121 2895 1177 de
2923 1124 3170 1181 manibus
3192 1125 3531 1186 inimicorum

1937 1211 2203 1267 meorum,
2235 1210 2291 1257 et
2318 1218 2349 1258 a
2383 1212 2831 1280 persequentibus
2861 1231 2969 1271 me.

2017 1288 2262 1347 lllumina
2292 1294 2418 1365 [Μδ.
2454 1298 2699 1375 inlustra]
2732 1304 2923 1361 faciem
2954 1316 3097 1364 tuam
3127 1325 3288 1382 super
3315 1330 3531 1372 servum

1918 1392 2114 1455 tuum,
2143 1398 2195 1444 et
2227 1388 2353 1460 [Ms.
2384 1400 2513 1449 tacet
2541 1398 2615 1467 et]
2643 1400 2849 1456 salvum
2879 1418 2965 1459 me
2997 1406 3077 1459 iac
3104 1407 3156 1461 in
3194 1417 3277 1463 tua
3323 1412 3531 1466 miseri‘

1935 1480 2154 1535 cordia:
2180 1482 2430 1552 Domine,
2452 1503 2556 1544 non
2576 1493 2895 1561 confundar,
2915 1499 3167 1567 quoniam
3190 1502 3438 1556 invocavi
3459 1515 3531 1557 te.

2006 1570 2529 1649 Erubescantimpii,
2544 1591 2601 1636 ct
2620 1584 2957 1641 deducantur
2974 1590 3025 1643 in
3045 1591 3313 1647 infernum
3337 1612 3350 1646 :
3388 1604 3533 1651 muta

1937 1663 2244 1725 efﬁciantur
2272 1670 2412 1727 labia
2441 1673 2647 1747 dolosa,
2676 1694 2797 1748 quae
2825 1681 3120 1752 loquuntur
3150 1686 3410 1744 adversus
3446 1689 3534 1760 ju-

1937 1766 2080 1815 stum
2112 1760 2470 1835 iniquitatem,
2499 1768 2553 1823 in
2581 1772 2831 1840 superbia
2861 1784 2915 1829 et
2943 1786 3281 1849 contemptu.

2012 1937 2183 2005 Quam
2202 1956 2391 2012 magna
2418 1945 2545 2018 [Με.
2569 1926 2765 2022 multaj
2785 1953 3070 2011 multitudo
3087 1956 3390 2015 dulcedinis
3407 1970 3533 2030 tute,

1940 2029 2198 2090 Domine:
2214 2052 2371 2106 quam
2388 2039 2717 2099 abscondisti
2733 2046 3042 2105 timentibus
3060 2062 3129 2117 te,
3147 2052 3161 2088 ί
3188 2065 3242 2108 et
3262 2058 3537 2122 pertecisti

1939 2136 2062 2180 eam
2079 2128 2494 2203 sperantibusju
2509 2133 2954 2209 te,fin.con5peetu
2971 2140 3205 2199 ﬁliorum
3230 2144 3532 2203 hominum!

2010 2305 2335 2371 Abscondes
2354 2330 2451 2371 eos
2468 2315 2520 2372 in
2546 2316 2733 2375 abdito
2751 2322 2928 2380 vultus
2953 2324 3053 2392 tui,
3072 2342 3099 2381 a
3126 2331 3538 2389 conturbationc

1943 2399 2245 2460 hominum.

2018 2494 2285 2569 Proteges
2316 2516 2410 2557 eos
2440 2503 2495 2558 in
2518 2504 2869 2565 tabernaculo
2901 2518 2993 2567 tuo
3023 2511 3151 2584 [Ms.
3185 2525 3288 2570 (ac.
3331 2515 3466 2586 tuo],
3494 2532 3526 2572 a

1948 2591 2388 2651 contradictione
2419 2597 2751 2667 linguarum.
2792 2601 2813 2669 ζ

2020 2683 2347 2741 Benedictus
2376 2688 2657 2757 Dominus,
2686 2693 2943 2762 quoniam
2980 2697 3289 2755 miriticavit
3322 2701 3538 2759 miscri-

1947 2775 2189 2832 cordiam
2222 2794 2377 2834 suam
2409 2782 2464 2836 in
2491 2782 2714 2841 civitate
2746 2786 3189 2847 circumstantize.

2019 2869 2172 2939 Egoi
2206 2881 2388 2927 autem
2416 2872 2604 2930 dixiin
2636 2892 2832 2947 pavore
2865 2896 3015 2937 meo:
3043 2882 3324 2955 Proiectus
3357 2902 3477 2944 sum
3507 2906 3537 2947 a

1944 2960 2102 3016 vultu
2133 2963 2417 3021 oculorum
2451 2975 2690 3023 tuorum.

2014 3050 2145 3110 Ideo
2186 3057 2461 3113 exaudisti
2512 3074 2705 3117 vocem
2756 3061 3165 3134 deprecationis
3216 3084 3374 3139 meae,
3414 3072 3541 3131 dum

1945 3147 2238 3205 clamarem
2273 3150 2341 3206 ad
2369 3160 2442 3209 te.

2024 3238 2244 3312 Diligite
2278 3243 2588 3314 Dominum,
2623 3263 2817 3306 omnes
2858 3252 3033 3309 sancti
3074 3253 3232 3325 ejus:
3281 3258 3540 3329 quoniam

1946 3331 2232 3389 veritatem
2263 3337 2505 3408 requiret
2536 3339 2664 3411 [Ms.
2692 3343 2943 3415 requirit]
2976 3345 3268 3415 Dominus,
3301 3358 3355 3405 et
3382 3352 3545 3407 retri-

1945 3416 2075 3477 buet
2105 3423 2189 3479 bis
2226 3426 2319 3497 qui
2347 3427 2690 3486 abundanter
2720 3432 2924 3489 faciunt
2949 3438 3284 3506 superbiam.

2022 3514 2264 3575 Viriliter
2312 3523 2479 3592 agite,
2518 3531 2572 3578 et
2611 3524 2952 3581 confortetur
2983 3544 3080 3584 cor
3114 3541 3383 3601 vestrum,
3417 3548 3536 3591 om-

1949 3623 2070 3677 nes,
2099 3612 2188 3679 qui
2217 3614 2451 3683 speratis
2479 3615 2533 3670 in
2560 3613 2788 3674 Domino
2815 3617 2943 3689 [Με.
2980 3620 3315 3696 Dominum].

1572 3701 1928 3765 PSALMUS
1970 3701 2220 3764 XXXI.

531 3823 552 3864 ί
610 3830 673 3895 ὣς
710 3841 831 3882 tunc
878 3826 899 3895 ζ
950 3841 1137 3894 ωνιι),
1170 3839 1556 3883 ικτειιεοτυε.

306 3919 465 3975 Beati
491 3938 708 3991 quorum
757 3922 981 3976 remissa:
1018 3931 1135 3977 sunt
1184 3921 1496 3990 iniquitates,
1532 3927 1581 3976 et
1619 3934 1839 3990 quorum

240 4025 377 4070 tecta
408 4024 529 4069 sunt
557 4026 785 4088 peccata.

309 4109 511 4164 Beatus
555 4111 630 4165 rir
674 4111 759 4164 cui
797 4126 899 4165 non
940 4111 1205 4181 imputavit
1236 4108 1490 4165 Dominus
1521 4115 1787 4180 peccatum
1816 4122 1839 4163 :

238 4218 329 4257 nec
361 4215 445 4258 est
471 4204 523 4258 in
552 4204 737 4274 spiritu
767 4208 877 4277 ejus
901 4193 1071 4259 dolus.

311 4296 581 4361 Quoniam
610 4298 771 4363 tacui,
803 4297 1208 4351 inveteraverunt
1242 4310 1357 4351 ossa
1402 4309 1536 4361 mea,
1566 4292 1688 4347 dum
1730 4292 1837 4347 cla-

238 4404 443 4441 marem
472 4396 579 4442 tota
610 4390 714 4444 die.

312 4489 339 4527 ε
368 4479 634 4545 Quoniam
664 4480 746 4534 die
772 4496 832 4534 ac
858 4489 1003 4534 nocte
1022 4476 1337 4552 grauata’est
1366 4494 1518 4550 super
1547 4493 1624 4531 me
1655 4492 1841 4531 manus

238 4578 329 4624 tua
362 4588 382 4625 :
420 4588 691 4626 conversus
721 4588 835 4626 sum
865 4572 917 4626 in
957 4587 1191 4628 wrumna
1224 4586 1283 4626 -ι-
1321 4586 1433 4625 mea
1468 4570 1489 4638 ζ
1525 4569 1648 4623 dum
1680 4568 1846 4638 conﬁ-

310 4692 340 4721 ι
370 4682 600 4738 Obelum
627 4684 828 4740 vocalis
860 4686 909 4739 in
937 4703 1013 4749 eo,
1046 4681 1217 4738 Carus
1244 4692 1299 4737 et
1328 4680 1499 4736 Palat.
1544 4694 1644 4733 ms.
1690 4693 1828 4750 pra:-

237 4753 437 4821 ﬁgnnt.
469 4755 607 4809 haud
636 4766 812 4811 tamen
843 4768 1007 4813 reetc.

310 4824 337 4861 δ
369 4824 518 4905 Idem
549 4842 676 4905 ιιιες,
708 4844 771 4880 ne
799 4829 1129 4905 confundam
1269 4898 1279 4905 .
1396 4892 1409 4905 _
1435 4895 1446 4905 ο
1699 4891 1710 4904 ⁸

310 4907 333 4932 ε
368 4895 601 4951 Rursum
633 4892 685 4952 in
714 4892 909 4978 eodem
929 4916 1029 4978 ms.
1062 4898 1364 4978 Diapsalma
1386 4892 1492 4978 .liic-
1520 4892 1825 4978 apponitur.

310 4962 335 5001 δ
369 4966 624 5021 Testatur
671 4968 836 5053 ideni'
862 4969 935 5052 S._
974 4962 1193 5035 Doctor,
1237 4967 1529 5053 liochjuxta
1578 4963 1824 5053 Graecum

237 5039 616 5105 transtulisse,
654 5042 779 5110 quia
817 5039 1052 5117 Latinus
1073 5055 1257 5117 sel-mu
1284 5040 1441 5117 aliter
1466 5039 1833 5117 {numeranu-

238 5110 479 5173 prinicrc
513 5104 618 5187 min
652 5104 844 5179 pntcst.
874 5111 1214 5187 Ante_ipsu_m
1242 5109 1519 5187 legebatur
1546 5106 1599 5159 in
1626 5104 1833 5187 Latinis

236 5181 541 5252 codicibus,
567 5182 621 5233 in
646 5178 831 5250 pavore
854 5200 983 5236 meo.
1008 5184 1161 5249 Quod
1188 5178 1408 5252 quidem
1434 5187 1643 5252 mutare
1663 5178 1835 5231 noluit.

236 5247 290 5301 in
323 5264 422 5301 sua
460 5252 625 5316 priori
647 5247 1047 5332 'etncndjitionc—
1076 5247 1649 5332 Psaliuorum..bl.\-nr.
1788 5319 1799 5330 .

280 5329 303 5355 ο
335 5320 534 5375 Minori
570 5339 800 5379 numero
837 5324 1068 5378 Palatia.
1111 5339 1214 5378 uis.
1253 5331 1308 5378 et
1336 5322 1460 5376 Cari
1491 5320 1662 5375 editio
1695 5320 1829 5373 reri-

234 5400 418 5472 ἀιςηρο
601 5463 768 5472 _._
1075 5422 1107 5472 4
1299 5464 1312 5472 .

314 5463 331 5499 ί
370 5466 571 5518 lterum
599 5463 832 5521 Palatia.
861 5481 964 5522 ms.
990 5474 1045 5521 et
1068 5466 1239 5520 Carus
1264 5464 1473 5533 absque
1497 5460 1676 5525 obelo,
1712 5458 1825 5531 Ipsi

235 5530 574 5617 David,_etc.
619 5537 944 5617 praetorium
1032 5616 1037 5617 ί
1385 5530 1444 5617 ﬁ.

315 5615 340 5651 ε
372 5605 543 5661 Iidem
579 5608 752 5662 obelis
795 5609 1055 5686 jugulaiit
1080 5622 1264 5673 voces,
1289 5609 1554 5678 quoniam,
1601 5613 1655 5686 ct
1694 5618 1830 5684 mox

241 5686 350 5740 tua,
382 5677 526 5731 baud
556 5690 704 5734 recte
730 5700 753 5757 :_
781 5677 890 5733 tum
911 5680 1151 5757 plurium
1186 5677 1439 5757 numeri»,
1468 5677 1707 5757 scq‘uior‘i
1735 5690 1831 5728 au-

238 5754 343 5801 tem
374 5764 564 5815 manu,
600 5764 701 5805 ms.
736 5750 1187 5831 injustitias_meas
1220 5767 1323 5803 non
1349 5747 1614 5831 abscondi,
1648 5754 1755 5800 etc.

308 5816 334 5855 ιι
366 5817 426 5875 In
453 5820 645 5879 iisdem
676 5815 853 5887 libris,
886 5821 1055 5877 semel
1097 5829 1301 5876 tantum
1335 5831 1439 5889 est,
1481 5816 1622 5874 Erue
1658 5832 1734 5873 me
1773 5815 1837 5873 de

744 5919 1023 5981 Ρηιιοι.
1058 5915 1302 5979 XXIX.

2046 3837 2144 3878 lPSI
2185 3838 2365 3887 mvm,
2408 3838 2776 3883 INTELLECTUS
2815 3824 2945 3897 [Ms.
2985 3838 3447 3909 tun-muscum].

2016 3915 2169 3970 Beati
2215 3931 2444 3985 quorum
2487 3918 2732 3973 remissae
2769 3928 2895 3974 sunt
2927 3919 3244 3991 iniquitates
3275 3945 3289 3983 :
3319 3938 3373 3985 et
3402 3945 3537 4000 quo-

1948 4024 2067 4065 rum
2102 4018 2241 4065 tecta
2270 4019 2397 4065 sunt
2427 4019 2673 4081 peccata.

2016 4103 2214 4159 Beatus
2232 4104 2336 4168 vir,
2354 4104 2438 4159 cui
2466 4104 2868 4175 nonimputavit
2884 4107 3013 4180 [Ms.
3030 4109 3336 4185 imputabit]
3360 4115 3537 4171 Domi-

1941 4216 2047 4255 nus
2072 4211 2347 4270 peccatqu
2374 4215 2390 4254 :
2420 4214 2522 4256 nec
2536 4198 2666 4272 [Μδ.
2700 4202 2829 4274 non]
2856 4200 2881 4240 ιι
2906 4212 2991 4260 est
3021 4204 3074 4260 in
3107 4221 3201 4262 ore
3224 4207 3339 4278 ejus
3357 4210 3533 4267 dolus.

2013 4293 2279 4361 Quoniam
2307 4292 2470 4359 tacui,
2500 4293 2943 4351 inveteraverunt
2970 4296 3152 4353 omnia
3176 4311 3298 4353 ossa
3322 4314 3442 4356 mea
3470 4316 3482 4354 :
3514 4299 3529 4339 1

1943 4380 2071 4438 dum
2101 4384 2393 4439 clamarem
2421 4392 2531 4439 tota
2562 4382 2672 4439 die.

2016 4474 2284 4542 Quoniam
2312 4473 2401 4531 die
2432 4490 2497 4532 ac
2527 4484 2689 4532 nocte
2717 4484 2937 4545 gravata
2967 4486 3053 4534 est
3091 4492 3259 4550 super
3294 4497 3380 4539 me
3424 4501 3538 4541 ma-

1946 4581 2049 4623 nus
2077 4575 2190 4633 tua,
2217 4580 2517 4623 conversus
2554 4582 2673 4623 sum
2704 4567 2759 4623 in
2790 4582 3063 4638 (erumna,
3093 4571 3221 4627 dum
3249 4575 3535 4647 configitur

1940 4678 2195 4735 manibus.
2225 4686 2331 4735 etc.

2215 4722 2508 4816 ens“,
2532 4761 2585 4807 ει
2609 4753 2798 4820 copula
2829 4756 3198 4822 pretermissa,
3225 4758 3384 4815 iidem
3411 4763 3533 4820 libri

1938 4819 2158 4888 habent,
2189 4822 2447 4890 perfecisti
2477 4819 2798 4893 sperantibus
2830 4819 2887 4877 in
2916 4835 2998 4879 te:
3031 4842 3176 4893 mox,
3218 4829 3269 4882 in
3310 4819 3529 4889 abscth

1936 4893 2063 4957 dito,
2094 4907 2191 4960 pro
2218 4893 2413 4947 abdito.

2014 4964 2028 5013 i
2065 4962 2419 5035 Continenter
2455 4963 2607 5033 juxta
2642 4964 3020 5035 Augustinum
3069 4968 3373 5027 Veronens.
3421 4992 3523 5032 ius.

1939 5032 2059 5109 Ego
2080 5034 2189 5088 dixi
2232 5034 2287 5087 in
2312 5032 2524 5089 excessu
2555 5032 2909 5109 meiitis'mea:
2932 5055 2949 5090 :
2983 5038 3260 5104 Projectus
3310 5060 3341 5095 a
3390 5046 3525 5109 facie

1942 5104 2214 5158 oculorum
2261 5121 2524 5174 meorum,
2574 5107 2688 5160 ideo
2741 5110 3015 5174 exaudisti,
3062 5109 3303 5176 Domine,
3353 5104 3523 5171 vocem

1942 5177 2189 5231 orationis
2219 5192 2363 5240 ruraz,
2393 5193 2526 5243 cum,
2559 5186 2666 5253 etc.
2704 5178 2921 5253 Videsis
2946 5192 3000 5233 et
3032 5181 3425 5253 Hieronymum
3467 5190 3521 5244 iu

1936 5248 2095 5316 epist.
2128 5248 2192 5301 ad
2223 5248 2480 5303 Sunniam
2513 5260 2567 5302 et
2608 5248 2900 5303 Fretelam.

2008 5316 2034 5355 κ
2074 5318 2231 5373 Solus
2262 5319 2618 5394 Symmachus
2657 5322 2837 5394 posuit
2882 5323 2931 5394 ἐν
2974 5329 3046 5392 τῷ
3090 5322 3312 5394 στόματι
3362 5335 3519 5390 αὐτοῦ

1936 5386 2075 5451 δόλος
2095 5431 2109 5453 ,
2142 5390 2195 5443 in
2234 5386 2337 5475 ore.
2366 5393 2477 5461 ejus
2505 5386 2675 5471 dolus.
2709 5391 2901 5475 (ἔκιες-ἰ
2941 5386 3133 5448 omnes
3159 5386 3517 5475 interpretes,

1932 5459 1987 5512 in
2009 5462 2219 5529 spiritu,
2254 5459 2479 5524 habent,
2512 5477 2610 5529 pro
2636 5462 2687 5513 in
2717 5478 2821 5515 ore.
2851 5462 3027 5516 MART.

2012 5530 2025 5567 ³
2065 5530 2296 5585 Rursum
2345 5530 2676 5599 Augustinus
2720 5542 2774 5585 ct
2817 5534 3145 5590 Veronensis
3192 5554 3296 5593 ms.
3332 5560 3363 5595 a
3409 5547 3520 5600 cla-

1936 5603 2125 5656 mando
2157 5617 2234 5654 me
2256 5618 2274 5652 :
2301 5616 2421 5653 mox
2454 5601 2817 5679 conﬁgeretur,
2855 5620 2950 5679 pro
2978 5608 3269 5679 con/igitur,
3308 5613 3517 5671 librarii

1937 5676 2081 5729 enim
2107 5672 2356 5727 mendum
2388 5674 2662 5740 est,un
2693 5672 2864 5739 liabet
2888 5672 3187 5755 Verouei'is.
3220 5672 3521 5755 confringa-

1939 5756 2097 5796 retur.
2132 5743 2265 5797 Tum
2317 5752 2583 5809 peccatum
2636 5761 2803 5799 meum
2840 5749 3071 5821 cognovi,
3127 5759 3171 5821 rt
3212 5743 3521 5821 injustitiam

1942 5830 2106 5871 nteant
2132 5814 2353 5886 (minori
2382 5829 2631 5890 numero,
2660 5825 2794 5875 utet
2823 5814 2984 5891 paulo
3008 5819 3153 5891 post)
3185 5814 3287 5877 non
3313 5836 3517 5895 aperui.

2961 5917 2999 5973 b'
