4062 6356
578 328 682 391 171

578 450 719 521 gitur
747 449 1021 521 spina.-+
1056 446 1361 504 Bursam
1402 442 1452 513 ζ.

653 535 911 600 Delictum
937 558 1105 598 meum
1129 541 1388 611 cognitum
1418 552 1479 594 σι»
1510 536 1601 595 tibi
1644 536 1668 606 ζ
1711 537 1827 610 feci,
1863 543 1912 593 et
1958 535 2167 608 injusti-

584 639 707 693 tiam
736 654 902 694 meam
925 653 1027 692 non
1052 634 1318 690 abscondi.

655 729 782 787 Dixi
806 744 826 786 :
853 728 1149 798 Conﬁtcbor
1188 734 1217 764 ⁸
1265 740 1319 781 -ιν
1358 724 1633 780 adversum
1670 739 1749 778 nte
1795 722 1817 791 ζ
1862 721 2174 793 injustitiam

585 840 754 881 vneam
795 821 1060 878 Domino:
1109 828 1157 876 et
1206 827 1263 875 tu
1322 816 1565 874 remisisti
1613 816 1926 887 impietatem
1952 813 2174 887 'peccati

579 915 704 971 mei.
749 914 1078 970 DIAPSALIA.

654 1005 763 1061 Pro
793 1005 889 1060 hac
914 1004 1080 1061 orabit
1102 1003 1171 1061 ad
1197 1013 1245 1061 te
1271 1004 1438 1062 ontnis
1474 1010 1712 1085 sanctus,
1738 1000 1795 1057 in
1823 1009 2052 1073 tempore
2080 1014 2173 1070 ope

587 1107 832 1170 portuno.

660 1192 1030 1247 Verumtamen
1051 1193 1102 1247 in
1126 1190 1321 1249 diluvio
1345 1207 1602 1264 aquarum
1624 1189 1933 1257 multarum,
1964 1187 2033 1241 ad
2054 1200 2173 1242 cunt

584 1300 691 1341 non
718 1282 1174 1354 approximabunt.

651 1378 736 1434 Tu
776 1394 829 1433 es
866 1378 1129 1451 refugium
1158 1394 1326 1435 meum
1362 1397 1395 1435 a
1431 1378 1765 1434 tribulatione
1787 1391 1906 1449 qua:
1943 1376 2173 1431 circum~

574 1473 718 1531 dedit
743 1489 823 1528 me
844 1490 864 1529 :
889 1474 1168 1530 exsultatio
1212 1490 1347 1542 mea,
1382 1490 1503 1530 crue
1536 1490 1617 1530 me
1653 1490 1687 1529 a
1729 1470 2173 1527 circuntdantibus

576 1581 680 1624 me.
710 1566 1039 1625 DIAPSALIA.
1494 1574 1502 1581 ’

649 1659 981 1717 Intellectum
1006 1662 1097 1717 tibi
1126 1662 1280 1731 dabo,
1304 1672 1350 1718 ct
1379 1663 1637 1718 instruam
1667 1673 1714 1717 te
1749 1662 1805 1716 in
1840 1661 1922 1716 via
1945 1659 2044 1715 huc
2071 1674 2175 1731 qua

575 1753 832 1823 gradieris
853 1768 874 1809 :
903 1754 1119 1826 ﬁrmabo
1146 1772 1301 1825 super
1331 1764 1383 1811 te
1408 1756 1588 1811 oculos
1618 1770 1777 1813 meos.

651 1844 832 1901 Nolite
874 1848 988 1918 ﬁeri
1027 1849 1158 1903 sicut
1200 1865 1360 1919 equus
1404 1857 1455 1903 et
1491 1848 1666 1903 mulus
1692 1846 1916 1918 :quibus
1951 1861 2054 1901 non
2098 1852 2173 1900 est

574 1938 884 1995 intellectus.

652 2030 720 2087 In
754 2048 900 2088 camo
945 2041 993 2090 et
1026 2039 1175 2105 freno
1220 2034 1467 2091 maxillas
1513 2051 1691 2091 eorum
1734 2035 2053 2108 constringe,
2085 2033 2173 2104 qui

575 2138 681 2182 non
708 2129 1071 2199 approximant
1099 2127 1168 2181 ad
1208 2136 1280 2186 te.

645 2220 817 2275 Multa
836 2206 1049 2295 ﬂagella
1077 2222 1358 2293 peccatoris
1384 2237 1401 2277 :
1426 2222 1455 2263 ι’
1482 2232 1773 2294 sperantem
1794 2230 1963 2277 autem
1984 2223 2036 2276 in
2056 2219 2171 2277 Do-

575 2314 716 2368 mino
742 2313 1095 2368 misericordia
1129 2313 1488 2369 circumdabit.
2047 2375 2060 2386 ο

644 2407 918 2463 ιωιαηιίηἰ
957 2408 1011 2462 in
1038 2406 1285 2477 Domino,
1320 2418 1369 2465 et
1396 2409 1671 2477 exsultate,
1694 2411 1872 2485 justi:
1902 2419 1949 2466 et
1974 2409 2171 2484 gloria-

572 2499 721 2569 mini,
752 2516 925 2556 omnes
951 2501 1079 2556 recti
1097 2502 1270 2558 corde.

1580 322 1641 382 Β.
1682 314 2069 385 IIIERONYMI
2105 320 2337 385 DIVINA
2376 317 2850 386 BIBLIOTHECA.

2193 448 2244 506 Α
2275 444 2451 515 spina.
2483 443 2813 501 Dureau.

3759 324 3870 389 {ﬁ

2353 538 2622 593 Delictum
2650 551 2833 595 meum
2865 534 3144 608 cognitum
3174 532 3271 589 tibi
3304 531 3449 592 ieci:
3482 542 3538 592 ct
3565 528 3869 607 injustitias

2273 644 2424 686 meas
2457 645 2566 685 non
2607 631 2823 701 operui.

2344 722 2465 776 Dixi
2493 740 2506 776 :
2541 722 2916 778 Pronuntiabo
2944 720 3215 778 adversus
3260 735 3348 777 me
3386 721 3686 793 injustitias
3716 737 3871 780 meas

2274 813 2509 870 Domino
2544 832 2556 869 :
2589 825 2649 872 et
2681 826 2736 870 tu
2768 814 3031 873 remisisti
3060 814 3188 887 Uis.
3218 814 3500 888 dimisisti]
3532 815 3870 887 impietatem

2272 906 2454 962 cordis
2495 908 2626 962 mei.
2661 906 2995 963 DIAPSALIA.

2346 998 2453 1054 Pro
2495 998 2597 1054 hac
2625 1000 2808 1056 orabit
2848 1000 2916 1056 ad
2947 1008 3000 1057 te
3042 1001 3224 1057 omnis
3265 1010 3486 1058 sanctus
3519 1001 3577 1057 in
3623 1009 3875 1072 tempore

2272 1101 2583 1163 opportuno
2613 1106 2630 1144 :
2657 1101 3032 1149 verumtamen
3062 1094 3115 1149 in
3143 1092 3352 1150 diluvio
3368 1094 3635 1166 aquarum
3662 1093 3871 1150 multa-

2272 1202 2418 1254 rum,
2451 1186 2519 1241 ad
2550 1201 2675 1242 eum
2713 1202 2819 1241 non
2848 1186 2876 1224 ά
2911 1188 3395 1258 approximabunt.
3780 1206 3787 1213 '

2345 1277 2428 1334 Tu
2452 1293 2515 1335 es
2541 1279 2678 1334 mihi
2712 1278 2976 1350 refugium
3005 1295 3035 1335 a
3064 1296 3316 1348 pressura
3352 1294 3475 1352 qum
3503 1279 3871 1338 circumdedit

2273 1386 2362 1429 me
2390 1390 2403 1427 :
2436 1372 2734 1431 exsultatio
2790 1388 2936 1442 mea,
2966 1374 3177 1431 redime
3217 1389 3305 1432 me
3333 1390 3363 1431 ιι
3405 1374 3874 1432 circumdantibus

2274 1481 2383 1521 nte.
2425 1466 2755 1521 DIAPSALIA.

2344 1556 2685 1615 Intellectum
2710 1557 2857 1616 dabo
2879 1559 3001 1629 tibi,
3035 1569 3090 1617 et
3114 1569 3140 1600 ⁸
3169 1562 3433 1619 inslruam
3466 1571 3521 1619 te
3560 1563 3615 1619 in
3643 1562 3731 1619 via
3767 1560 3874 1618 bac

2274 1666 2378 1723 qua
2402 1640 2712 1723 gradieris:
2744 1655 2976 1711 lirmabo
3006 1672 3173 1728 super
3205 1666 3257 1713 te
3289 1658 3483 1715 oculos
3514 1673 3685 1715 meos.

2345 1749 2525 1808 Nolite
2556 1749 2676 1809 ﬁeri
2702 1752 2845 1809 sicut
2877 1768 3050 1825 equus
3081 1763 3137 1810 et
3175 1753 3378 1826 mulus,
3407 1755 3606 1827 quibus
3648 1769 3759 1812 non
3788 1761 3877 1811 est

2279 1846 2608 1904 intellectus.

2349 1939 2406 1996 In
2465 1940 2617 1997 lreno
2672 1949 2731 1998 et
2784 1956 2940 1999 canto
2983 1943 3231 2001 maxillas
3288 1960 3478 2001 eorum
3528 1941 3875 2012 constringes

2276 2029 2406 2103 [Ms.
2441 2031 2771 2105 confringe],
2801 2035 2894 2106 qui
2934 2048 3043 2091 non
3084 2037 3471 2108 approxitnant
3507 2034 3637 2109 [κο.
3666 2048 3874 2107 appro-

2279 2125 2563 2199 pinquant]
2593 2128 2660 2182 ad
2692 2138 2764 2184 te.

2349 2216 2516 2274 Multa
2548 2220 2759 2291 ﬂagella
2796 2234 3143 2293 peccatorum
3173 2225 3304 2298 [.lls.
3336 2225 3664 2297 peccatoris]
3700 2243 3712 2279 :
3746 2238 3875 2295 spc-

2277 2320 2460 2367 rantes
2487 2322 2674 2369 autem
2706 2314 2760 2368 in
2791 2315 3026 2373 Domino
3064 2318 3439 2374 misericordia
3485 2316 3872 2374 circumdabit.

2346 2401 2634 2459 Lmtamini
2669 2404 2723 2461 in
2759 2405 3010 2475 Domino,
3041 2416 3098 2464 et
3135 2410 3427 2479 exsultatc,
3457 2410 3592 2481 justi
3622 2424 3638 2465 :
3667 2417 3725 2465 et
3752 2408 3875 2481 glo-

2274 2499 2517 2564 riamini,
2547 2513 2738 2555 omnes
2768 2501 2904 2556 recti
2926 2499 3113 2556 corde.

1878 2594 2241 2659 PSALMUS
2283 2591 2561 2654 XXXII.

1077 2677 1143 2745 λεί
1170 2687 1405 2731 essurus
1445 2691 1606 2731 utrm
1639 2674 1662 2744 ζ

647 2759 939 2837 Exsultate,
975 2768 1131 2840 justi,
1176 2769 1233 2824 in
1271 2768 1496 2825 Domino
1523 2785 1543 2825 :
1576 2779 1744 2826 rectos
1788 2769 1932 2825 decet
1971 2770 2172 2826 collau-

575 2868 744 2923 datio.
1566 2932 1575 2943 ,

644 2960 978 3031 Conﬁtemini
1013 2959 1233 3016 Domino
1266 2962 1324 3017 in
1362 2960 1567 3017 citltara
1594 2975 1612 3016 :
1640 2960 1695 3015 in
1720 2960 1971 3033 psalterio
1997 2960 2171 3016 decent

576 3053 892 3110 chordarum
917 3051 1127 3125 psallite
1164 3052 1264 3109 illi.

647 3258 864 3316 Cantate
899 3259 947 3313 ei
992 3257 1253 3314 canticum
1294 3271 1483 3315 novum
1510 3273 1530 3315 :
1561 3256 1682 3315 bene
1708 3259 1915 3332 psallite
1954 3272 2013 3315 +
2059 3261 2104 3314 ei
2139 3257 2161 3328 ζ

583 3353 639 3405 in
669 3352 1057 3423 vociferatione.

653 3447 787 3514 Quia
823 3455 1018 3503 rectum
1062 3455 1137 3504 est
1187 3448 1393 3504 verbum
1435 3446 1688 3505 Domini:
1717 3455 1764 3505 el
1790 3447 1979 3504 omnia.
2012 3462 2169 3518 opera

558 3534 688 3612 ‘ejus
714 3540 768 3594 in
797 3539 920 3611 ﬁde.
1191 3595 1214 3607 _

650 3631 837 3707 Diligit
897 3633 1307 3690 misericordiam
1353 3642 1401 3689 et
1453 3634 1715 3707 judicium
1756 3650 1774 3691 .-
1812 3618 2172 3694 misericordia

577 3721 791 3781 Domini
811 3723 966 3797 plena
988 3736 1061 3782 est
1086 3737 1246 3783 terra.

659 3819 826 3875 Verbo
857 3818 1070 3877 Domini
1089 3818 1202 3878 caeli
1225 3823 1423 3893 ﬁrmati
1451 3831 1568 3881 sunt
1593 3837 1614 3880 :
1643 3832 1691 3879 et
1721 3824 1906 3896 spiritu
1927 3823 2032 3879 oris
2058 3825 2172 3896 ejus

582 3912 750 3967 omnis
773 3912 935 3967 uirtus
969 3928 1168 3969 eorum.

648 4006 1008 4081 Congregans,
1036 4010 1170 4065 sicut
1199 4010 1253 4066 in
1284 4022 1415 4082 utre,
1456 4028 1618 4086 aquas
1667 4013 1825 4071 maris
1844 4030 1863 4070 :
1884 4029 2081 4086 ponens
2106 4014 2173 4090 jn

578 4095 829 4154 thesauris
856 4099 1087 4172 abyssos.

649 4188 850 4248 Timent
879 4191 1161 4251 Dominum
1198 4200 1364 4255 omnis
1408 4210 1583 4257 terra:
1614 4199 1679 4256 ab
1717 4218 1776 4259 eo
1815 4213 1988 4261 autem
2034 4220 2175 4261 como

581 4293 882 4340 nwmntur
907 4301 1080 4344 omnes
1106 4288 1451 4349 inhabitantes
1478 4292 1668 4352 orbem.

654 4464 911 4531 Quoniam
931 4468 1042 4542 ipse
1060 4470 1213 4541 dixit,
1237 4480 1285 4527 et
1313 4472 1455 4544 facta
1480 4480 1605 4530 sunt
1634 4492 1650 4531 :
1681 4475 1793 4548 ipse
1821 4479 2103 4550 mandavit,
2127 4487 2173 4536 et

580 4568 749 4616 creata
776 4569 917 4617 sunt.

653 4652 906 4710 Dominus
935 4656 1151 4730 dissipat
1179 4660 1397 4717 consilia
1418 4664 1669 4734 gentium,
1694 4667 1933 4736 reprobat
1978 4682 2039 4722 —:~
2077 4684 2171 4721 att-

579 4745 678 4798 tem
710 4746 732 4813 ζ
759 4748 1093 4819 cogitationes
1120 4752 1431 4824 populorum
1457 4771 1476 4810 .'
1511 4771 1567 4812 -:—
1602 4767 1650 4812 et
1688 4760 1928 4831 reprobat
1957 4761 2173 4816 consilia

575 4839 870 4911 principum
895 4841 942 4910 ζ.

649 4928 937 4988 Consilium
980 4937 1047 5003 β(
1076 4945 1247 4992 autem
1294 4938 1316 5008 ζ
1351 4937 1563 4997 Domini
1590 4943 1645 4998 in
1685 4953 1934 5000 aeternum
1980 4954 2170 5012 manet,

574 5021 910 5093 cogitationes
934 5026 1105 5080 cordis
1133 5030 1248 5102 ejus
1269 5028 1323 5083 in
1346 5035 1672 5101 generatione
1698 5043 1748 5088 et
1770 5036 2168 5108 generationem.

648 5111 811 5169 Beata
854 5133 977 5188 gens
1016 5122 1167 5193 cujus
1196 5131 1217 5159 α
1360 5136 1435 5180 est
1477 5126 1499 5193 ζ
1544 5125 1802 5183 Dominus
1841 5127 1979 5186 Deus
2017 5134 2171 5205 ejus:

576 5207 824 5276 populus,
856 5224 1006 5280 quem
1032 5211 1183 5285 elegit
1210 5213 1262 5268 in
1291 5214 1645 5272 htcreditatcm
1672 5219 1793 5274 sibi.

608 5367 621 5380 ι
648 5298 981 5386 “Perperam
1004 5303 1057 5359 in
1077 5305 1369 5386 Martianuai
1403 5308 1645 5365 editione
1658 5311 1746 5365 hic.
1765 5322 1884 5369 erat
1904 5330 2001 5386 pro
2023 5326 2167 5374 aste-

576 5372 725 5451 risco
771 5372 986 5439 obelus.
1029 5391 1150 5431 cum
1196 5378 1329 5431 satis
1380 5387 1558 5434 tamen
1602 5393 1792 5451 aperte
1834 5372 2165 5444 in'llebrmo

574 5444 691 5538 vim,
716 5463 985 5538 adversum
1007 5485 1106 5531 me,
1132 5478 1375 5524 resonet.
1403 5469 1620 5528 Poterat
1644 5491 1777 5531 vero
1800 5487 1853 5532 et
1881 5478 1999 5538 ipse
2025 5490 2168 5538 aste-

2638 2690 2641 2695 '
2693 2687 2931 2730 PSALIUS
2970 2671 3098 2746 [ιιι.
3141 2673 3260 2748 ιρει]
3297 2690 3476 2733 nano.

2345 2784 2591 2842 Laudate
2614 2783 2741 2858 [Ms.
2773 2784 3104 2861 Exsultate],
3132 2787 3285 2860 iusti,
3314 2789 3368 2846 in
3392 2789 3660 2849 Domino:
3687 2796 3872 2872 rectos

2272 2877 2435 2935 decet
2461 2878 2814 2933 collaudatio.

2343 2972 2698 3029 Coulitetuini
2729 2973 2964 3030 Domino
3007 2974 3059 3029 in
3105 2975 3357 3059 cithara:
3399 2977 3453 3032 in
3485 2975 3743 3047 psalterio
3775 2977 3874 3035 de-

2276 3079 2395 3122 cem
2445 3064 2776 3133 cltordarum
2829 3064 2959 3136 Uis.
3001 3064 3367 3139 decacbordo]
3398 3068 3617 3139 psallite
3641 3070 3691 3125 ci
3735 3067 3869 3141 μισ.

2197 3191 2247 3253 Β
2275 3167 2383 3253 lac:
2412 3155 2508 3227 ei].

2343 3250 2575 3306 Cantate
2618 3248 2728 3321 [Ms
2770 3249 2975 3323 canite]
3014 3251 3064 3307 ei
3107 3251 3380 3310 canticum
3426 3267 3627 3312 novum
3662 3272 3675 3307 :
3727 3253 3874 3312 bene

2272 3342 2491 3413 psallite
2517 3342 2569 3398 ci
2603 3340 2656 3396 in
2697 3341 3041 3413 jubilatione.

2346 3432 2614 3502 Quoniam
2661 3445 2848 3491 rectus
2901 3443 2990 3492 est
3036 3449 3221 3494 sermo
3268 3437 3519 3495 Domini:
3575 3447 3633 3496 et
3683 3437 3872 3495 omnia

2272 3543 2441 3601 Opera
2467 3528 2591 3599 ejus
2612 3529 2665 3583 in
2691 3527 2821 3585 (ide.

2348 3620 2534 3692 Diligit
2576 3619 3011 3680 misericordiam
3063 3630 3117 3681 et
3155 3622 3421 3696 judicium
3452 3640 3465 3681 :
3493 3622 3875 3683 misericordia

2276 3713 2488 3771 Domini
2528 3714 2687 3784 plena
2710 3724 2796 3770 est
2819 3724 2983 3771 terra.

2349 3808 2530 3865 Verbo
2562 3808 2785 3867 Domini
2822 3810 2948 3871 coeli
2985 3811 3194 3872 ﬁrmati
3232 3822 3384 3886 sunt,
3425 3824 3481 3873 et
3526 3816 3723 3888 spiritu
3762 3816 3878 3873 oris

2272 3898 2395 3972 ejus
2416 3901 2597 3958 omnis
2625 3899 2803 3959 virtus
2833 3917 3050 3962 eorum.
3243 3978 3254 3986 ο

2347 3990 2721 4065 Congregans,
2753 3994 2894 4050 sicut
2916 3996 2969 4050 in
3004 4003 3206 4067 utrem,
3236 4012 3410 4071 aquas
3429 4000 3600 4059 maris
3624 4017 3643 4058 :
3665 4014 3879 4073 ponens

2277 4085 2331 4142 in
2365 4085 2637 4143 thesauris
2666 4086 2922 4158 abyssos.

2346 4178 2561 4235 Timent
2609 4179 2901 4236 Dominum
2950 4182 3129 4243 omnis
3180 4190 3368 4242 terra:
3414 4185 3485 4243 ab
3525 4187 3644 4259 ipso
3692 4197 3877 4248 autem

2276 4282 2721 4331 commoveantur
2785 4269 2805 4312 ί
2838 4272 3099 4344 tutiversi,
3144 4283 3202 4335 et
3241 4290 3433 4336 omnes
3478 4279 3572 4350 qui
3626 4278 3879 4339 habitant

2278 4367 2488 4425 orbem.

2346 4458 2617 4528 Quoniam
2650 4459 2765 4531 ipso
2792 4460 2955 4530 dixit,
2984 4471 3043 4521 et
3069 4462 3210 4523 tacta
3237 4475 3366 4527 sunt
3393 4484 3408 4525 :
3441 4466 3561 4541 ipse
3595 4469 3877 4528 mandavit

2200 4592 2246 4657 ο
2276 4560 2335 4610 et
2362 4563 2548 4609 creata
2580 4561 2729 4611 sunt.

2352 4644 2620 4700 Dominus
2667 4644 2899 4718 dissipat
2951 4647 3082 4722 [Hs.
3123 4648 3431 4724 dissipavit]
3477 4653 3704 4712 consilia
3732 4670 3875 4727 gen-

2277 4739 2435 4806 tium,
2459 4741 2716 4811 reprobat
2736 4750 2917 4798 autem
2940 4745 3299 4814 cogitationes
3320 4746 3445 4819 [Ms.
3461 4748 3871 4820 cogitationch

2276 4835 2598 4906 populorum
2635 4851 2649 4889 :
2683 4844 2739 4889 et
2768 4839 3027 4907 reprobat
3056 4839 3292 4895 consilia
3325 4840 3652 4912 principum.
3882 4838 3885 4843 ’

2347 4928 2651 4984 Consilium
2678 4944 2807 4986 vero
2835 4931 3051 4987 Domini
3083 4940 3269 4989 manet
3297 4935 3352 4990 in
3379 4944 3645 4993 aeternum
3670 4952 3685 4993 :
3717 4936 3872 5008 cogi-

2279 5021 2514 5077 tationes
2543 5022 2732 5079 cordis
2759 5023 2881 5095 ejus
2906 5024 2969 5080 in“
2989 5026 3249 5083 saeculum
3286 5028 3471 5085 saeculi
3505 5026 3633 5100 [51s.
3657 5028 3872 5085 'ssccula

2276 5114 2648 5188 szrcuiorum].

2348 5205 2513 5263 Beata
2542 5223 2677 5280 gens
2704 5208 2857 5283 cujus
2896 5220 2982 5266 est
3019 5210 3286 5269 Dominus
3320 5212 3463 5270 Deus
3500 5229 3729 5272 comm:
3767 5229 3869 5287 po-

2276 5318 2370 5393 dis_
2388 5320 2531 5393 notis
2557 5335 2663 5377 non
2699 5324 2870 5379 semel
2896 5333 3105 5393 peccat.

2346 5388 2372 5427 ἀ
2425 5391 2613 5462 Iidem,
2667 5388 3177 5465 appmpinquabnnt,
3208 5399 3294 5454 cui
3345 5399 3511 5455 verbo
3553 5414 3676 5454 eum
3719 5397 3871 5455 addit

2275 5460 2608 5541 Veronensis
2654 5460 3416 5541 m‘s'.__D_iapsalma,'dignum
3463 5482 3650 5525 notatu
3708 5478 3863 5525 erat:

574 5532 751 5591 l'iSCtlS
777 5537 1001 5610 abesse;
1031 5539 1127 5595 sed
1173 5553 1271 5594 nos
1299 5540 1367 5597 de
1388 5556 1454 5597 eo
1483 5543 1861 5604 substituendo
1884 5532 2165 5610 Palatinus

2321 5535 2421 5610 toil
2440 5550 2469 5586 a
2500 5534 2720 5610 ueteris
2746 5536 2901 5591 libris
2924 5538 3163 5610 abludat.

576 5617 682 5657 ms.
716 5608 944 5662 monuit.

648 5674 675 5714 δ
703 5675 945 5758 ξιυτίιιιη
978 5695 1203 5735 numero
1233 5680 1372 5758 idem
1400 5681 1560 5741 habet
1591 5703 1693 5745 ms.
1728 5701 2015 5758 sperantes.

648 5757 670 5785 ε
704 5745 1005 5833 Utrumque
1057 5761 1197 5808 tacet
1224 5753 1412 5833 _l’alat.
1457 5759 1615 5833 liber,
1654 5745 2154 5833 obc'lttm‘s—cilieet,

569 5824 735 5888 liquo
764 5826 837 5876 est
864 5819 1113 5894 verbum,
1143 5822 1237 5882 sed
1259 5832 1314 5880 et
1337 5828 1586 5898 superius
1602 5819 1666 5886 ἰιι
1693 5833 1842 5891 blsce
1876 5819 2156 5907 apponenl

2347 5611 2369 5639 ο
2404 5603 2460 5679 I_n
2486 5606 2808 5679 cudem‘ms.
2841 5615 2903 5679 nt
2928 5618 2984 5662 et
3008 5607 3336 5679 Augustino,
3372 5619 3599 5666 statuam
3627 5621 3677 5667 te
3704 5611 3758 5665 in
3784 5611 3866 5665 ria

2268 5689 2374 5747 qua
2404 5675 2722 5747 ingrediaris
2751 5692 2768 5747 ξ
2795 5675 3216 5747 aﬁirtnabo,etc.

2344 5741 2357 5780 ¹
2384 5741 2635 5824 ΔΑιῑεςιιει.
2670 5755 2726 5800 et
2757 5741 3093 5824 Veronensis
3120 5749 3259 5807 liber
3286 5766 3469 5816 voces,
3506 5753 3759 5821 uniuersi,
3791 5758 3860 5824 cl,

2264 5817 2701 5885 praetermittunt
2736 5836 2750 5873 ι
2780 5820 2984 5878 addunt
3010 5830 3139 5878 vero
3166 5831 3339 5894 ιρι-τω,
3367 5831 3495 5895 post
3523 5827 3715 5883 orbem.
