4062 6356
205 358 302 417 175

1458 391 1471 402 -
1514 353 1713 414 LlBEll
1759 350 2203 414 PSALMORUM.

3389 359 3494 421 ιη

267 475 346 530 De
377 475 502 530 (aeto
531 475 755 546 respexit
791 475 1044 530 Dominus
1073 490 1090 530 :
1131 474 1256 530 vidit
1302 490 1476 531 omnes
1521 477 1656 548 ﬁlios
1703 479 1794 534 Ito-
1827 471 1868 531 Λ
1901 469 2080 542 pullis.
2109 481 2269 540 quem
2299 467 2464 541 elegit
2496 469 2763 528 Dominus
2791 471 2843 527 in
2878 471 3258 530 haereditatem
3288 473 3412 529 sibi.

202 570 410 624 mittunt.

263 660 344 715 De
389 671 682 732 pra’parato
736 662 1031 717 habitacula
1088 679 1184 718 suo
1223 678 1242 718 .'

200 769 366 809 omnes
393 753 482 822 qui
510 753 746 806 habitant
771 763 979 807 terram.

263 846 363 912 Qui
405 846 559 913 ﬁnxit
607 847 916 916 singillatim
967 847 1128 902 corda
1177 865 1376 917 eorum,
1425 849 1513 920 qui
1551 847 1792 920 intelligit

201 938 364 995 omnia
394 954 552 1009 apsra
583 955 783 993 eorum.

260 1031 382 1088 Non
434 1032 668 1085 salvatur
707 1047 798 1085 rex:
842 1049 931 1102 per
972 1032 1185 1087 multam
1227 1034 1512 1090 virtutem:
1553 1044 1601 1090 et
1645 1036 1790 1110 gigas

195 1140 288 1180 non
317 1123 613 1178 satuabitur
645 1124 697 1176 in
725 1122 1054 1179 multitudine
1085 1125 1289 1179 virtutis
1321 1130 1383 1194 >z<
1416 1143 1526 1181 sua!
1557 1128 1579 1194 1

1298 666 1523 735 respexit
1573 673 1598 703 ⁸
1640 681 1792 736 super

262 1215 459 1271 Fallax
479 1234 643 1289 equus
669 1217 738 1270 ad
760 1217 976 1272 salutem
1004 1233 1024 1272 :
1051 1219 1105 1272 in
1132 1218 1457 1272 abundantia
1483 1229 1654 1275 autem
1683 1221 1788 1274 uir-

201 1311 316 1368 tutis
346 1328 456 1366 sua:
490 1328 596 1366 non
621 1311 922 1367 salrabitur.
1637 1374 1642 1378 _

264 1407 394 1462 Ecce
423 1409 567 1463 oculi
614 1410 819 1464 Domini
855 1425 1012 1480 super
1045 1418 1322 1466 metuentes
1358 1426 1494 1481 eum,
1527 1409 1556 1449 ἶ)
1593 1425 1648 1466 ~:-
1683 1423 1728 1466 ct
1760 1411 1781 1480 1

199 1504 243 1557 in
264 1504 333 1556 eis
354 1505 444 1574 qui
465 1514 681 1573 sperant
707 1520 862 1574 super
884 1503 1234 1557 misericordia
1255 1505 1386 1572 ejus.

261 1595 327 1652 Ut
363 1607 517 1652 eruat
570 1615 604 1651 a
650 1609 810 1652 morte
851 1598 1054 1652 animas
1094 1613 1319 1652 eorum:
1370 1607 1417 1654 et
1460 1597 1566 1653 alat
1609 1613 1690 1652 eos
1731 1597 1785 1652 in

199 1690 339 1759 (ante.

259 1785 443 1840 Anima
479 1793 664 1841 nostra
699 1788 914 1842 sustinet
959 1785 1242 1842 Dominum
1270 1802 1289 1842 :
1324 1798 1345 1826 ε
1384 1790 1447 1852 Etsi
1479 1770 1724 1856 quoniam
1757 1780 1778 1850 1

198 1878 390 1949 adjutor
429 1888 478 1931 et
519 1889 778 1949 protector
809 1891 982 1933 noster
1008 1889 1102 1934 est.

263 1969 393 2035 Quia
431 1970 487 2023 in
541 1987 600 2024 eo
630 1971 890 2025 [celabitur
933 1988 1022 2025 cor
1069 1980 1302 2026 nostrum
1335 1987 1352 2025 :
1383 1979 1430 2026 et
1475 1970 1526 2024 in
1574 1967 1784 2024 nomine

197 2075 357 2118 sancto
387 2069 507 2136 ejus
538 2067 881 2136 speravimus.

259 2156 374 2211 Fiat
421 2158 790 2212 misericordia
838 2168 958 2228 tua,
1005 2158 1260 2232 Domine,
1307 2174 1465 2228 super
1496 2173 1587 2213 nos
1616 2171 1633 2211 :
1660 2172 1785 2230 que-

198 2249 525 2304 madmodum
553 2254 873 2321 speravimus
904 2253 956 2305 in
991 2264 1056 2308 te.

1971 561 2046 616 De
2076 561 2215 617 coelo
2241 563 2516 632 prospexit
2545 562 2675 635 [Ms.
2710 564 2975 636 respexit]
3014 565 3301 630 Dominus,
3331 578 3383 620 et
3417 569 3492 622 vi-

1893 653 1973 709 dit
2003 668 2193 709 omnes
2228 653 2374 709 ﬁlios
2405 655 2710 721 hominum,
2742 656 2812 712 de
2834 667 3140 726 praeparato
3172 658 3486 712 habitacula

1894 761 2018 814 suo,
2067 747 2313 816 respexit
2366 761 2535 817 super
2583 762 2774 803 omnes
2827 749 2919 819 qui
2976 748 3228 804 habitant
3294 749 3488 805 orbem

1895 837 2023 908 [Με.
2059 837 2312 912 terram].

1973 931 2088 1006 Qui
2108 932 2259 985 tinxit
2287 931 2602 1003 singillatim
2634 932 2796 988 corda
2825 948 3018 989 eorum
3054 952 3064 987 :
3109 935 3201 1005 qui
3234 934 3491 1006 intelligit

1894 1021 1946 1076 in
1974 1004 2103 1092 [κε’.
2129 1032 2234 1076 tae.
2266 1021 2343 1093 in]
2370 1025 2551 1084 omnia
2582 1040 2750 1095 opera
2777 1041 2988 1081 eorum.

1963 1113 2079 1168 Non
2122 1114 2136 1151 ί
2171 1115 2470 1170 salvabitur
2492 1132 2589 1171 rex
2620 1132 2717 1186 per
2745 1117 2968 1172 multam
2995 1119 3248 1175 virtutem
3283 1135 3478 1176 suam:

1890 1221 1989 1263 nec
2010 1207 2160 1278 gigas
2185 1208 2368 1264 salvus
2390 1208 2494 1264 erit
2518 1209 2577 1264 in
2601 1209 2950 1265 multitudine
2979 1209 3314 1267 fortitudinis
3343 1228 3476 1266 suae.

1963 1299 2152 1356 Falsus
2184 1315 2357 1371 equus
2399 1301 2466 1356 ad
2513 1301 2784 1357 salutem:
2819 1303 2873 1356 in
2919 1303 3248 1358 abundantia
3297 1313 3484 1360 autem

1889 1394 2106 1452 virtutis
2141 1411 2255 1450 sua:
2283 1411 2389 1450 non
2411 1395 2516 1451 erit
2543 1397 2748 1452 salvus.

1962 1487 2104 1542 Ecce
2131 1487 2271 1542 oculi
2305 1488 2517 1544 Domini
2546 1503 2712 1559 super
2741 1489 2998 1546 timentes
3024 1507 3172 1558 eum,
3200 1501 3480 1562 sperantes

1888 1589 2069 1634 autem
2098 1579 2150 1632 in
2183 1579 2562 1635 misericordia
2593 1581 2712 1651 ejus
2744 1600 2756 1634 :
2787 1591 2845 1635 ut
2868 1584 3070 1654 eripiat
3093 1601 3121 1639 a
3153 1593 3329 1640 morte
3360 1587 3478 1640 ani-

1890 1684 2006 1724 mas
2035 1684 2248 1736 eorum,
2275 1678 2330 1726 et
2361 1671 2470 1725 alat
2491 1686 2587 1726 eos
2619 1675 2672 1726 in
2709 1673 2869 1729 fame.

1962 1761 2157 1816 Anima
2190 1771 2367 1817 autem
2400 1773 2587 1819 nostra
2619 1767 2851 1819 sustinet
2883 1766 3189 1832 Dominum,
3223 1768 3478 1838 quoniam

1812 1853 1858 1915 B
1888 1852 2104 1924 adjutor
2125 1862 2180 1910 et
2202 1862 2476 1924 protector
2497 1867 2680 1911 nosmr
2704 1867 2784 1914 est
2815 1874 2828 1911 :
2854 1867 2908 1913 et
2935 1859 3063 1930 [.its.
3099 1861 3244 1931 quia]
3273 1861 3326 1915 in
3363 1863 3478 1930 ipso

1893 1947 2162 2002 laetabitur
2209 1961 2305 2002 cur
2357 1955 2627 2015 nostrum,
2674 1959 2730 2004 et
2770 1949 2823 2004 in
2865 1951 3084 2007 nomine
3131 1960 3320 2008 sancto
3360 1953 3478 2023 ejus

1889 2041 2251 2111 speravimus.

1956 2132 2116 2200 Fiat,
2165 2131 2421 2201 Domine,
2464 2133 2838 2193 misericordia
2873 2143 2960 2194 tua
2991 2152 3157 2210 super
3206 2153 3305 2196 nos
3341 2139 3482 2196 sicut

1887 2224 2229 2294 speravimus
2259 2226 2312 2282 in
2347 2236 2418 2283 te.

1469 2378 1828 2444 PSALMUS
1870 2377 2175 2440 XXXIII.

198 2547 218 2587 δ
245 2563 432 2615 uxrio,
464 2563 576 2605 cun
631 2564 926 2605 IHHUTAVIT
955 2564 1169 2605 vUL'ruu
1216 2563 1348 2604 sucu
1380 2559 1555 2600 censu
1586 2558 1774 2598 ABIME-

469 2661 640 2711 LECH,
674 2661 740 2700 ΕΤ
769 2661 964 2702 DIMISIT
998 2661 1138 2714 εωι,
1171 2660 1238 2700 ΕΤ
1268 2660 1431 2700 ΔΒΙΙΤ.

255 2828 566 2887 Benedicam
594 2832 877 2887 Dominum
899 2832 952 2888 in
981 2832 1117 2888 omni
1146 2841 1372 2902 tempore
1400 2846 1639 2902 :semper
1662 2830 1773 2885 laus

195 2926 291 2995 ejus
319 2925 367 2976 in
397 2939 490 2977 ore
521 2939 652 2978 meo.

253 3015 315 3072 In
340 3017 566 3074 Domino
588 3017 888 3074 laudabitur
909 3019 1086 3074 anima
1098 3034 1240 3074 mea:
1261 3019 1476 3074 audiant
1497 3020 1769 3090 mansueti,

193 3118 231 3163 et
253 3107 504 3164 laetentur.

255 3199 595 3274 Magniﬁcam
624 3200 903 3258 Dominum
935 3220 1129 3260 mecum
1155 3212 1243 3260 :et
1274 3203 1560 3259 exaltemus
1588 3219 1770 3260 nomen

193 3294 290 3362 ejus
313 3293 363 3345 in
387 3293 645 3362 idipsum.

257 3399 306 3436 -ξ-
345 3381 428 3438 Ea:
467 3385 490 3450 1
526 3385 716 3451 qttisivi
742 3383 1054 3451 Dominum,
1104 3395 1153 3442 et
1192 3385 1450 3442 exaudivit
1492 3402 1608 3441 me:
1639 3395 1685 3440 et
1710 3402 1771 3440 ex

194 3476 406 3531 omnibus
430 3479 854 3534 tribulationibus
876 3482 999 3534 meis
1021 3482 1206 3553 eripuit
1236 3497 1333 3536 me.
1367 3491 1389 3517 ο

251 3567 487 3624 Accedite
517 3571 586 3624 ad
613 3587 758 3638 eum,
807 3581 854 3626 et
884 3572 1253 3628 illuminamini
1280 3589 1298 3627 :
1330 3583 1376 3629 et
1407 3574 1565 3644 [acies
1594 3583 1770 3631 vestra:

194 3675 280 3713 non
304 3666 431 3731 conf
430 3663 711 3717 nudentur.

253 3751 354 3810 Iste
394 3773 599 3827 panper
642 3757 912 3822 clamavit,
962 3768 1006 3813 et
1053 3757 1308 3814 Dominus
1341 3757 1359 3797 ί
1395 3760 1654 3815 exaudivit
1702 3763 1767 3826 >ξ<

192 3861 294 3899 eum
340 3846 360 3914 1
418 3857 469 3902 et
524 3848 586 3901 de
635 3847 870 3902 erunibus
918 3848 1338 3906 tribulationibus
1389 3853 1506 3924 ejus
1556 3851 1770 3906 suleavit

191 3955 311 3992 eum.

250 4029 497 4089 [inmittet
520 4035 730 4106 angelus
752 4033 962 4091 Domini
982 4036 1036 4090 in
1061 4036 1278 4091 circuitu
1301 4034 1588 4092 timentium
1618 4049 1766 4092 eum:

188 4133 228 4177 et
249 4127 423 4199 eripiet
454 4143 566 4184 eos.

247 4215 458 4274 (instate
483 4260 502 4285 ,
553 4228 600 4275 et
630 4221 821 4291 ridete,
864 4223 1110 4293 quoniam
1147 4221 1318 4277 suavis
1347 4231 1371 4270 8
1400 4237 1460 4278 -t—
1506 4231 1579 4276 est
1609 4219 1631 4288 1
1667 4219 1769 4274 Do-

186 4309 337 4366 minus
362 4329 381 4367 :
412 4311 614 4370 Beatus
641 4316 714 4369 rir
733 4317 822 4387 qui
844 4324 1018 4388 sperat
1042 4315 1095 4369 in
1123 4331 1202 4371 eo.

244 4402 434 4462 Timete
465 4405 744 4462 Dominum
794 4423 852 4464 -ξι
896 4426 1070 4464 omnes
1102 4409 1121 4478 1
1153 4409 1314 4464 sancti
1341 4410 1497 4481 ejus:
1525 4405 1765 4478 quoniam

185 4507 364 4550 nonest
396 4499 579 4567 inopia
603 4500 898 4555 timentibus
923 4517 1060 4555 eum.

245 4584 434 4643 Divites
459 4599 711 4660 eguerunt
756 4600 802 4645 et
828 4593 1114 4647 esurierunt
1147 4608 1166 4647 :
1199 4591 1510 4664 inquirentes
1540 4585 1566 4626 ιι
1594 4598 1762 4643 autent

1880 2548 2111 2612 Psnnuus
2126 2547 2306 2598 DM’ID,
2322 2545 2431 2589 CUM
2447 2531 2575 2606 [Με.
2595 2548 2690 2589 IPSI
2709 2549 2865 2589 DM'lD
2885 2536 3112 2608 QUANDO]
3134 2553 3476 2594 conuuravrr

1953 2640 2166 2682 \‘ULTUII
2206 2640 2343 2681 SUUM
2381 2641 2557 2681 CORAII
2595 2643 2896 2683 ABIMELECH
2925 2670 2938 2696 ,
2983 2645 3051 2682 ET
3093 2645 3288 2685 DlhllSl'l‘
3327 2647 3473 2702 El'll,

1953 2733 2020 2772 ET
2061 2732 2224 2772 ABIIT.

1949 2809 2273 2866 Benedicam
2321 2810 2608 2867 Dominum
2652 2811 2703 2867 in
2739 2812 2890 2868 "omni
2933 2823 3212 2886 tempore:
3257 2831 3474 2888 semper

1879 2901 1996 2958 laus
2034 2903 2150 2974 ejus
2183 2904 2235 2958 in
2263 2920 2358 2960 ore
2390 2919 2531 2961 meo.

1951 2993 2005 3049 In
2035 2995 2267 3051 Domino
2296 2996 2605 3053 laudabitur
2648 2996 2826 3053 anima
2865 3014 3022 3054 mea:
3053 3000 3278 3058 audiant
3315 3019 3472 3062 man-

1876 3088 2047 3155 sueti,
2079 3095 2132 3144 et
2155 3088 2431 3148 ltrteutur.
2662 3164 2666 3168 ι

1947 3181 2281 3251 Magniﬁcale
2301 3184 2581 3240 Dominum
2596 3201 2805 3243 mecum
2831 3203 2843 3240 :
2866 3194 2921 3242 et
2942 3187 3246 3243 exaltemus
3268 3204 3464 3246 nomen

1801 3262 1846 3327 C
1877 3273 1994 3344 ejus
2016 3274 2069 3328 in
2101 3275 2326 3332 invicem
2352 3275 2479 3348 [Ms.
2513 3279 2721 3350 unum].

1949 3365 2211 3437 lnquisivi
2228 3367 2537 3437 Dominum,
2554 3378 2609 3424 et
2630 3369 2902 3424 exaudivit
2928 3385 3012 3425 me
3031 3387 3043 3422 :
3061 3378 3192 3426 etex
3216 3371 3468 3429 omnibus

1875 3456 2311 3513 tribulationibus
2341 3460 2478 3515 meis
2507 3461 2705 3530 eripuit
2733 3459 2861 3531 [313.
2897 3461 3059 3533 eruit]
3090 3477 3194 3517 me.

1946 3552 2200 3608 Accedite
2223 3552 2290 3607 ad
2313 3568 2457 3622 eum,
2487 3563 2540 3609 et
2571 3553 2986 3609 illuminamini:
3015 3565 3068 3610 et
3088 3556 3266 3611 vultus
3297 3559 3462 3614 vestri

1872 3659 1979 3700 non
2015 3646 2360 3702 erubescent.

1945 3739 2049 3792 iste
2075 3752 2277 3808 pauper
2314 3737 2443 3810 [Με.
2478 3738 2657 3811 ineps]
2689 3739 2962 3809 clamavit,
2995 3751 3046 3794 et
3077 3741 3336 3799 Dominus
3362 3760 3460 3799 ex.

1869 3829 2219 3884 audiviteum
2249 3847 2262 3882 :
2289 3839 2339 3884 et
2370 3845 2436 3884 ex
2477 3829 2726 3884 omnibus
2767 3830 3208 3887 tribulationibus
3252 3835 3370 3904 ejus
3397 3835 3465 3890 li-

1869 3920 2080 3976 beravit
2107 3919 2232 3993 [Μδ.
2258 3921 2464 3974 salvum
2497 3920 2641 3992 fecit]
2669 3937 2812 3975 eum.

1941 4013 2198 4068 lmmittet
2223 4013 2450 4085 angelus
2486 4013 2698 4068 Domini
2729 4012 2856 4086 [.lIs.
2887 4015 3137 4084 angelum
3171 4016 3455 4090 Dominus]

1869 4106 1922 4162 in
1956 4107 2186 4162 circuitu
2211 4104 2510 4161 timentium
2527 4120 2648 4160 eum
2675 4115 2758 4160 :et
2780 4104 2974 4176 eripiet
2995 4106 3122 4176 [Με.
3149 4105 3326 4178 eruet]
3340 4123 3454 4164 eos.

1939 4198 2163 4256 Gustate
2183 4238 2199 4265 ,
2222 4207 2276 4253 ct
2305 4197 2482 4252 videte
2503 4237 2517 4262 ,
2549 4198 2802 4267 quoniam
2829 4199 3011 4252 suavis
3037 4207 3120 4253 est
3154 4198 3412 4255 Dominus
3439 4217 3457 4255 :

1866 4293 2062 4349 Beatus
2094 4295 2174 4348 vir
2200 4292 2291 4363 qui
2320 4301 2502 4363 sperat
2529 4291 2580 4345 in
2609 4305 2674 4346 eo
2704 4289 2828 4363 [51s.
2864 4291 3024 4361 eum].

1938 4388 2150 4443 Timete
2197 4386 2486 4440 Dominum
2525 4398 2715 4440 omnes
2751 4383 2875 4456 [.lls.
2905 4393 3005 4436 tae.
3041 4385 3251 4458 omnes]
3283 4386 3456 4442 sancti

1867 4480 1984 4549 ejus
2007 4478 2263 4549 quoniam
2289 4475 2423 4532 nihil
2446 4476 2601 4532 deest
2629 4475 2946 4530 timentibus
2968 4490 3113 4530 eum.

1909 4573 2148 4628 -Divites
2175 4578 2442 4640 eguerunt
2487 4577 2540 4624 et
2590 4567 2934 4622 esuricrunt:
2983 4566 3319 4637 inquit-entes
3363 4585 3459 4622 au-

185 4675 484 4752 Domt‘num,
517 4699 621 4739 non
642 4683 938 4740 minuentur
959 4687 1097 4742 omni
1124 4686 1274 4742 bono.
1307 4699 1358 4740 -θ
1394 4682 1702 4740 Dtsrstttus
1734 4680 1756 4750 1

1886 4682 1979 4722 .em
2015 4666 2297 4719 Dominum
2347 4678 2454 4718 non
2495 4660 2749 4718 deficient
2793 4660 2919 4734 [Με.
2953 4660 3284 4733 minuentur]
3313 4662 3460 4717 omni

251 4855 460 4928 Venite,
506 4857 643 4931 lilii,
685 4859 861 4916 audite
887 4875 1014 4917 me:
1059 4860 1290 4916 timorem
1335 4855 1546 4915 Domini
1575 4852 1762 4912 docebo

183 4963 278 5005 ωδ.
1753 4968 1758 4975 ’

413 5097 579 5109 Ὦ--Ιαιλο

249 5137 274 5168 ⁸
305 5142 402 5197 llic
427 5157 560 5199 vero
587 5141 904 5200 adverbium
937 5160 1112 5216 super,
1136 5143 1296 5200 obelo
1325 5140 1466 5198 idem
1493 5154 1598 5196 ms.
1631 5153 1761 5194 eon-

187 5234 307 5293 ludit
333 5257 347 5296 :
381 5251 437 5295 et
463 5249 547 5294 est
577 5248 755 5292 tamen
788 5239 842 5292 in
872 5238 1035 5293 llehr.
1065 5222 1160 5295 ΗΝ.

248 5307 274 5346 δ
303 5313 477 5366 Aliter
513 5311 684 5364 Palat.
718 5324 820 5363 ms.
856 5309 1043 5375 habet,
1075 5317 1132 5364 et
1161 5323 1217 5362 σξ-
1255 5308 1307 5360 in
1357 5307 1429 5362 eis
1463 5305 1484 5373 1
1517 5305 1604 5374 qui
1646 5318 1762 5374 spe-

185 5394 311 5448 rant,
344 5394 455 5440 ριν.
487 5382 626 5437 haud
653 5390 829 5435 tamen
857 5391 1023 5436 recte.

255 5465 274 5492 ε
300 5447 488 5526 Neque
530 5454 633 5508 hoc
671 5452 809 5507 bene
837 5461 944 5518 est,
975 5449 1116 5522 quod
1149 5450 1292 5506 hunc
1321 5449 1533 5504 ohelum
1580 5447 1756 5503 Palat.

191 5537 279 5599 ms:
309 5526 636 5599 dissimulat.
741 5594 770 5599 _
853 5595 861 5599 _
1019 5593 1049 5599 _
1131 5593 1178 5599 __
1572 5588 1582 5599 .
1723 5587 1734 5598 .

250 5592 274 5630 ι¹
309 5597 364 5650 lu
397 5599 554 5659 nalat.
591 5611 692 5649 ms.
733 5594 978 5648 Psalmus
1011 5593 1212 5656 David,
1251 5608 1395 5657 cum,
1429 5601 1533 5646 etc.
1571 5592 1763 5642 inscri-

195 5664 342 5736 bitur.
372 5667 536 5721 Carus
558 5666 626 5720 ab
654 5666 901 5720 llehraici
930 5664 1199 5736 alphabeti
1223 5663 1501 5717 clementis
1524 5660 1763 5730 singulos

193 5735 296 5801 ejus
322 5753 509 5794 versus
529 5739 679 5803 juxta
704 5738 950 5791 ordinem
975 5734 1284 5804 auspicatus
1306 5742 1411 5788 est.

257 5817 278 5842 ε’
314 5809 609 5876 ltiapsalmn
641 5807 726 5862 hic
757 5807 857 5860 loci
888 5806 1026 5860 idem
1061 5821 1160 5859 ms.
1194 5806 1438 5873 apponit.

263 5878 277 5915 ί
313 5877 388 5936 De
413 5872 564 5935 more
585 5876 1017 5950 pra‘pnsltioucm
1051 5891 1111 5930 ex
1140 5872 1286 5931 verbi
1318 5873 1596 5941 0.1'ttttdtt‘ll,
1621 5872 1758 5928 idem

1448 5987 1470 6024 κ

1868 4760 2030 4815 bono.
2060 4758 2384 4814 Drusum.

1941 4851 2167 4918 Venite,
2194 4850 2322 4918 ﬁlii,
2355 4849 2538 4907 audite
2580 4862 2668 4905 me
2697 4845 2824 4919 [Μδ.
2868 4855 2968 4902 (ac.
2997 4846 3104 4919 me]
3152 4863 3168 4903 :
3204 4845 3454 4904 timorem

1869 4943 2082 5001 Domini
2105 4943 2311 5000 docebo
2335 4957 2452 4999 vos.

1867 5149 1969 5192 ms.
1997 5132 2156 5210 obelo
2179 5131 2407 5210 jugulat.
2443 5202 2456 5210 _
2585 5201 2597 5210 _
2621 5201 2636 5210 _
3009 5208 3017 5210 ᾗ
3147 5197 3159 5210 .
3193 5199 3224 5210 Α.

1940 5217 1964 5254 s
1998 5207 2149 5260 llunc
2178 5201 2308 5258 Vero
2335 5202 2553 5257 ohelum
2585 5201 2724 5256 idem
2751 5215 2853 5254 ms.
2892 5201 3274 5269 prtrtcrmittit.

1938 5275 1966 5313 ιι
2000 5277 2229 5339 Vocem,
2259 5284 2461 5341 autem,
2491 5287 2613 5342 qum
2638 5282 2691 5325 et
2721 5273 2771 5324 in
2814 5272 2980 5342 llebr.
3017 5281 3164 5342 tequ
3203 5282 3451 5342 resonat,

1865 5357 1926 5402 ut
1963 5357 2016 5404 et
2062 5345 2401 5414 Diapsalma,
2454 5341 2597 5414 quod
2639 5342 2800 5396 obelo
2849 5341 3182 5407 confoditur,
3226 5341 3453 5397 Palatin.

1865 5434 1969 5474 ms.
2003 5422 2232 5481 ignorat.

1949 5489 1962 5527 ί
2004 5480 2084 5544 Ex
2125 5494 2351 5554 August.
2384 5483 2688 5538 Veronens.
2721 5480 2991 5554 ιηεηΝοηΔ
3042 5484 3211 5537 mirus
3245 5484 3329 5552 ﬁet
3371 5500 3460 5536 rex.

1870 5561 1923 5616 in
1955 5551 2282 5614 multitudine
2310 5556 2534 5613 virtutis,
2568 5563 2635 5612 et.
2664 5554 2714 5605 in
2747 5551 3077 5605 multitudine
3103 5551 3305 5607 virtutis
3331 5571 3460 5608 sum.

1874 5632 2106 5686 Mendax
2152 5645 2331 5695 equus,
2366 5636 2470 5678 etc.
2517 5624 2687 5677 Paulo
2730 5632 2869 5691 post,
2916 5633 2960 5676 et
3001 5634 3262 5694 sperantes
3306 5640 3458 5691 super

1873 5703 2223 5757 misericordia
2246 5700 2356 5767 ejus
2375 5704 2586 5749 uteruat
2619 5712 2650 5747 a
2669 5706 2970 5760 morte,ctc.
2993 5697 3246 5766 denique,
3276 5695 3463 5748 Anima

1873 5784 2048 5829 nostra
2081 5771 2290 5842 pariens
2319 5768 2414 5822 crit
2442 5767 2669 5821 Domino
2693 5767 2963 5838 quoniam,
2999 5775 3104 5821 rte.
