4062 6356
568 355 678 413 ιτδ

1569 342 1628 398 S.
1673 333 2058 396 lllEROMYMl
2095 325 2327 391 DIVINA
2366 319 2843 385 BIBUOTHECA.

3746 307 3777 371 ei
3787 302 3871 361 τϐ

639 466 770 535 Quis
810 474 882 522 est
924 463 1098 533 homo,
1127 460 1219 532 qui
1263 456 1367 513 vult
1408 456 1565 512 vitam
1589 471 1608 511 :
1633 452 1805 526 diligit
1841 452 1951 507 dies
1984 448 2159 504 videre
2190 450 2230 508 Α
2329 442 2462 535 Quis
2479 449 2563 535 est
2585 439 2749 535 homo
2773 430 3000 535 quivult
3022 428 3187 485 vitam
3216 446 3229 484 :
3259 434 3310 482 et
3334 422 3632 497 eupitHls.
3662 418 3869 492 diligit]

570 560 870 704 homines
895 648 1130 718 linguam
1158 652 1299 697 luam
1327 656 1360 695 a
1388 639 1526 695 malo
1548 654 1568 693 :
1613 647 1661 693 et
1692 636 1829 692 labia
1868 642 1957 689 tua
1992 649 2055 687 ne
2080 631 2158 687 lo-

567 749 792 814 quantur
820 738 1019 793 dolum.

641 831 851 886 Diverte
877 846 909 883 a
931 827 1071 882 malo
1099 834 1146 881 ct
1174 825 1259 895 fac
1280 822 1469 878 bonum
1500 838 1517 876 :
1552 835 1612 876 -εν
1647 820 1702 874 in
1733 818 1757 886 1
1789 818 1933 888 quire
1958 829 2157 886 pacem,

568 932 617 979 et
642 932 668 962 ³
691 935 992 994 persequere
1012 934 1146 973 eam.

641 1015 796 1071 Oculi
831 1012 1045 1069 Domini
1081 1026 1236 1081 super
1255 1012 1429 1082 justas
1455 1023 1475 1062 .'
1504 1016 1551 1064 et
1586 1020 1737 1088 aures
1762 1006 1876 1076 ejus
1904 1001 1957 1056 in
1988 1015 2161 1072 preces

566 1103 767 1144 eorum.

619 1176 631 1187 ’
650 1175 838 1232 Vultus
872 1190 919 1231 οξ
961 1184 1128 1229 autem
1159 1173 1181 1240 1
1207 1170 1420 1226 Domini
1456 1184 1609 1239 super
1634 1166 1877 1238 facientes
1904 1162 2075 1229 mala,
2104 1168 2161 1215 ut

561 1271 744 1344 perdat
765 1271 828 1323 de
856 1278 994 1324 terra
1022 1265 1328 1322 memoriam
1350 1278 1553 1318 eorum.

640 1361 1004 1416 Clamaverunt
1050 1372 1110 1411 οξ
1151 1355 1287 1427 justi
1324 1355 1346 1420 1
1391 1364 1438 1408 et
1462 1352 1713 1407 Dominus
1746 1349 1775 1389 ι)
1805 1348 2065 1405 exaudivit
2095 1361 2155 1401 ~3-

568 1468 656 1509 eos
696 1452 719 1521 1
760 1460 807 1507 et
851 1466 915 1505 ea:
962 1447 1198 1504 omnibus
1246 1445 1666 1501 tribulationibus
1703 1459 1885 1498 eorum
1930 1439 2163 1496 liberavit

567 1563 677 1602 808.
1204 1584 1213 1587 -

636 1634 899 1691 Juxta'est
939 1634 1196 1690 Dominus
1227 1635 1329 1703 Itis,
1361 1633 1451 1704 qui
1482 1630 1728 1687 tribttlato
1757 1639 1877 1686 sunt
1903 1628 2087 1696 corde,
2114 1634 2162 1682 et

566 1725 789 1782 humiles
812 1726 996 1798 spiritu
1020 1726 1267 1781 salvabit.

2151 594 2165 605 ,
2261 534 2449 591 videre
2480 533 2602 588 dies
2628 527 2844 587 bonos?
2890 593 2893 597 4

2335 625 2543 682 Cohibe
2573 624 2811 692 linguam
2842 628 2988 673 tuam
3015 629 3045 670 a
3067 613 3209 670 malo
3235 629 3248 667 :
3275 609 3489 667 etlabia
3521 617 3610 663 tua
3638 620 3705 663 ne
3730 605 3869 679 liis.

2262 728 2321 775 ιιι
2351 717 2483 788 non]
2515 716 2807 785 loquantur
2833 710 3041 766 dolum.

2335 820 2360 857 ε
2390 807 2617 864 Diverte
2646 821 2676 861 a
2710 804 2877 873 malo,
2906 810 2963 857 et
2991 800 3077 856 fac
3105 797 3307 855 bonum
3340 812 3353 849 :
3382 792 3596 865 inquire
3624 804 3819 864 pacem
3851 805 3870 844 :

2262 910 2319 958 et
2348 914 2579 969 sequere
2605 912 2749 953 eam.

2333 990 2490 1047 Oculi
2521 987 2736 1044 Domini
2775 1000 2941 1057 super
2964 983 3142 1055 justus
3169 999 3184 1038 :
3217 989 3274 1038 et
3293 994 3453 1037 aures
3484 977 3601 1050 ejus
3631 973 3696 1032 ad
3727 971 3871 1047 [315.

2262 1081 2342 1156 in]
2373 1095 2564 1152 preces
2592 1094 2805 1135 eorum.

2337 1173 2529 1230 Vultus
2554 1180 2735 1226 autem
2772 1166 3168 1242 Dominisupcr
3190 1162 3454 1220 facientes
3495 1159 3634 1217 mala
3660 1166 3720 1215 ut
3744 1170 3878 1229 per-

2264 1266 2358 1323 dat
2382 1264 2451 1320 de
2481 1274 2627 1320 terra
2655 1259 2972 1317 memoriam
3001 1274 3218 1315 eorum.

2334 1356 2721 1412 Clamaverunt
2744 1351 2875 1424 justi
2898 1393 2914 1418 ,
2947 1358 3004 1406 et
3036 1350 3297 1406 Dominus
3336 1345 3613 1403 exaudivit
3637 1358 3734 1400 eos
3768 1360 3783 1397 :
3814 1351 3877 1398 ct

2264 1462 2334 1505 ex
2385 1446 2639 1503 omnibus
2694 1441 3135 1499 tribulationibus
3184 1454 3372 1497 eorum
3429 1434 3681 1494 liberavit
3732 1433 3873 1507 [Με.

2263 1546 2428 1598 erultl
2459 1554 2575 1596 eos.

2336 1546 2409 1596 ult
2459 1554 2575 1596 eos.
3030 1544 3045 1551 ‘

2336 1540 2497 1691 Julta
2538 1641 2622 1689 est
2651 1629 2912 1687 Dominus
2939 1629 3027 1686 bis
3056 1628 3148 1701 qui
3170 1626 3199 1666 h
3227 1626 3486 1685 lribulato
3514 1632 3640 1681 sunt
3664 1620 3868 1690 corde;

2265 1735 2321 1785 et
2343 1724 2576 1781 humiles
2602 1723 2796 1795 spiritu
2828 1722 3079 1779 salvavit.

562 1843 568 1853 ι
634 1816 820 1872 Multa:
850 1817 1214 1873 tribulationes
1231 1818 1497 1885 justorum
1521 1834 1539 1873 :
1566 1818 1698 1872 etde
1726 1815 1959 1871 ontnibus
1986 1813 2066 1869 Itis
2096 1812 2161 1867 li-
2190 1835 2237 1897 Β
2337 1819 2520 1874 Multa:
2548 1817 2928 1872 tribulationes
2952 1816 3223 1887 justorum
3258 1827 3273 1869 :
3306 1821 3363 1870 et
3400 1811 3470 1869 de
3506 1809 3591 1867 bis
3617 1807 3876 1865 omnibus

568 1909 761 1964 berabit
787 1926 870 1965 eos
892 1907 1169 1965 Dominus.

639 1999 875 2054 Custodit
903 2014 963 2054 ομ
992 1998 1248 2055 Dominus
1274 2000 1297 2067 1
1330 2000 1506 2054 omnia
1531 2016 1648 2056 ossa
1678 2016 1853 2055 eorum
1878 2015 1896 2054 :
1924 2015 2081 2054 unum
2102 2012 2164 2052 ea:

567 2092 633 2147 iis
657 2109 759 2146 non
785 2101 1091 2147 conteretur.

642 2183 789 2240 Mors
826 2196 1153 2256 peccatorum
1201 2186 1421 2258 pessima
1451 2202 1470 2242 :
1501 2197 1547 2241 et
1589 2186 1680 2257 qui
1709 2186 1928 2242 oderunt
1957 2188 2163 2259 jn‘stum

569 2276 893 2347 delinquent.

641 2370 881 2426 Redintet
910 2368 1165 2426 Dominus
1203 2370 1407 2425 animus
1445 2386 1706 2426 servorum
1739 2386 1955 2427 suorum
1986 2378 2035 2427 et
2059 2387 2165 2427 non

572 2470 595 2502 ο
628 2460 890 2533 delinquct
918 2477 1095 2518 onmes
1122 2460 1212 2534 qui
1241 2470 1450 2533 sperant
1471 2462 1526 2517 in
1552 2479 1631 2519 eo.

2262 1914 2517 1971 liberavit
2549 1899 2677 1986 [Μεῖ
2703 1911 2865 1984 eruit]
2888 1927 2985 1968 eos
3010 1911 3297 1981 Dominus.

2335 2005 2601 2060 Dominus
2642 2004 2885 2059 custodit
2926 2004 3108 2058 omnia
3149 2016 3273 2058 ossa
3322 2014 3510 2057 eorum
3545 2016 3559 2054 :
3602 2013 3771 2055 unum
3800 2013 3872 2053 ex

2264 2095 2344 2154 eis
2369 2094 2498 2168 [Μδ.
2527 2094 2655 2165 illis]
2683 2111 2791 2150 non
2822 2102 3159 2150 conteretur.

2338 2187 2484 2243 Mors
2527 2196 2877 2258 peccatorum
2923 2186 3159 2256 pessima
3190 2191 3276 2240 est
3319 2183 3446 2257 [Με.
3494 2191 3599 2237 tac.
3630 2180 3781 2254 est]:
3820 2187 3879 2235 et

2267 2278 2364 2350 qui
2394 2262 2625 2334 oderunt
2649 2277 2855 2348 justum
2876 2275 3194 2348 delinquent
3220 2273 3351 2348 μη.
3394 2272 3761 2345 delinquunt].

2340 2368 2595 2428 Redimet
2639 2369 2905 2426 Dominus
2943 2369 3155 2425 animas
3196 2382 3479 2429 servorum
3510 2380 3736 2421 suorum
3772 2379 3787 2415 :
3818 2369 3878 2418 et

2266 2477 2378 2519 non
2405 2460 2723 2534 delinquant
2749 2475 2943 2519 omnes
2971 2460 3060 2533 qui
3098 2465 3327 2532 sperant
3355 2457 3410 2516 in
3440 2471 3507 2515 eo
3533 2452 3664 2531 (ut.
3698 2449 3875 2522 eum].

1890 2622 2031 2686 PSA
2042 2624 2251 2690 LMUS
2294 2624 2598 2689 XXXIV.
3204 2675 3208 2678 ‹
3312 2662 3320 2691 ι

1140 2780 1189 2823 αι
1227 2780 1324 2823 lPSl
1353 2765 1377 2835 1
1408 2780 1590 2822 num.

577 2840 591 2853 ’
638 2858 850 2929 Judica,
897 2857 1153 2926 Domine,
1198 2868 1437 2915 nocentes
1483 2874 1607 2914 me:
1650 2857 1677 2895 ά
1708 2874 1949 2933 expugna
1990 2861 2162 2934 impu-

570 2964 787 3029 gnantes
807 2970 905 3009 me.

638 3044 979 3118 Appreltende
1012 3048 1160 3098 arma
1188 3052 1237 3100 et
1267 3051 1471 3099 scutum
1497 3057 1516 3099 :
1550 3052 1596 3098 et
1624 3058 1842 3114 exsurge
1872 3044 1924 3100 in
1954 3042 2161 3116 adjuto-

569 3138 708 3193 rium
729 3137 879 3191 milii.

2899 2782 3026 2826 DUIC
3064 2783 3244 2825 DM'lD.

2338 2860 2526 2919 Judica
2545 2905 2561 2933 ,
2591 2860 2845 2929 Domine,
2869 2869 3129 2918 nocentes
3156 2874 3243 2916 me
3276 2878 3290 2917 :
3322 2870 3568 2930 expugna
3590 2855 3879 2929 impugan-

2270 2960 2351 3010 tes
2377 2952 2509 3025 [01s.
2537 2950 2937 3026 expugnantes]
2964 2968 3072 3009 me.
3585 3000 3591 3009 .

2340 3046 2705 3119 Apprehende
2732 3061 2881 3102 arma
2911 3054 2967 3103 et
2987 3052 3201 3103 scutum
3231 3061 3244 3098 :
3275 3052 3332 3102 et
3358 3056 3595 3115 exsurge
3621 3041 3674 3098 in
3705 3039 3875 3112 adju-

2273 3139 2475 3196 torium
2507 3138 2665 3195 mihi.

643 3227 875 3296 Effunde
895 3228 1172 3298 frameam,
1202 3235 1248 3281 et
1275 3224 1528 3281 conclude
1553 3227 1797 3283 adversus
1826 3244 1910 3283 eos
1930 3229 2023 3300 qui
2049 3243 2167 3297 per—
2194 3257 2240 3323 ο
2348 3228 2578 3285 ElIunde
2613 3229 2902 3295 frameam,
2926 3232 2997 3283 'et
3036 3228 3300 3285 concludo
3344 3226 3608 3286 adversos
3646 3242 3743 3284 eos
3787 3227 3877 3299 qui

567 3327 851 3392 sequuntur
878 3336 958 3373 me
986 3336 999 3372 :
1026 3319 1107 3373 dic
1125 3319 1314 3373 animce
1337 3334 1461 3373 mea:
1480 3334 1499 3373 :
1530 3317 1690 3374 Salus
1713 3329 1800 3374 tua
1820 3336 1913 3390 ego
1934 3336 2069 3374 sum.

642 3413 1041 3485 Confundantur
1079 3421 1125 3467 et
1164 3422 1521 3480 revereantur,
1558 3422 1581 3451 ε
1624 3421 1908 3489 qntvrentes
1936 3413 2163 3467 animam

576 3522 689 3560 mea
695 3522 744 3560 ιιι
752 3545 765 3558 .

641 3600 955 3653 Avertantur
988 3605 1303 3664 retrorsum,
1345 3605 1393 3651 et
1435 3594 1847 3668 confundantur,
1882 3595 2163 3671 coyitantes

576 3688 704 3744 mihi
728 3690 887 3743 mala.

548 3842 566 3857 θ
645 3779 809 3835 Fiant
847 3790 1104 3851 tamquam
1123 3780 1293 3854 pulvis
1320 3788 1440 3835 ante
1464 3780 1652 3852 [aciem
1671 3781 1843 3836 venti:
1875 3789 1923 3836 et
1949 3780 2164 3848 angelus

574 3873 789 3931 Domini
809 3884 1081 3930 coarctans
1115 3888 1173 3929 σιν
1202 3891 1291 3929 eos
1329 3873 1352 3943 1

646 3966 769 4022 Fiat
800 3968 881 4021 via
919 3965 1129 4021 illorum
1173 3965 1395 4020 tenebrte
1424 3973 1473 4018 et
1514 3962 1813 4019 lubricum:
1854 3973 1904 4019 et
1947 3963 2166 4036 angelus

574 4058 789 4115 Domini
818 4072 1121 4130 persequens
1151 4072 1257 4110 eos.

648 4150 904 4218 Quoniam
931 4148 1095 4222 gratis
1117 4145 1497 4200 absconderant
1536 4144 1664 4199 milii
1704 4145 1971 4200 interitum
2000 4144 2167 4216 laquei

573 4242 656 4296 sui
685 4256 705 4296 :
731 4256 1039 4311 supervacue
1073 4238 1508 4307 exprobrauerunt
1536 4237 1761 4291 animum
1792 4254 1975 4291 meam.

657 4331 841 4388 Veniat
884 4333 963 4386 illi
990 4328 1207 4400 laqueus
1231 4368 1246 4397 ,
1272 4345 1421 4400 quem
1456 4328 1683 4401 ignorat,
1714 4336 1763 4383 et
1794 4328 1988 4400 captio,
2014 4345 2167 4398 quam

578 4421 870 4488 abscondit,
897 4419 1252 4492 apprehendat
1273 4432 1426 4473 eum:
1474 4431 1535 4473 -ι-
1566 4429 1614 4473 et
1660 4416 1683 4487 1
1714 4416 1767 4471 in
1808 4416 2048 4489 laqueum
2082 4435 2169 4475 ca-

577 4514 670 4568 dat
699 4509 717 4550 ί
743 4512 795 4566 in
816 4511 1004 4584 ipsum.

2274 3336 2361 3379 me
2377 3331 2775 3392 persequuntur
2803 3339 2815 3375 :
2836 3321 2921 3376 dic
2933 3318 3127 3375 anima:
3141 3336 3273 3376 mca'
3290 3360 3306 3387 ,
3326 3321 3488 3375 Salus
3500 3329 3589 3375 tua
3607 3334 3705 3391 ego
3725 3335 3873 3375 sum.

2334 3410 2748 3468 Cuniundantur
2785 3421 2838 3466 et
2882 3419 3238 3469 revereantnr
3284 3410 3300 3450 ί
3346 3410 3551 3468 inimici
3588 3411 3735 3484 meig,
3780 3412 3874 3484 qui

2265 3515 2514 3576 quaarunt
2542 3503 2781 3558 animam
2816 3517 3015 3558 meam.

2338 3599 2671 3652 Avertantur
2716 3604 3015 3651 retrorsum
3045 3638 3059 3663 ,
3102 3603 3158 3651 et
3185 3595 3549 3664 erubescant,
3591 3593 3681 3667 qui
3721 3594 3878 3667 cogi-

2269 3695 2385 3743 tant
2411 3685 2541 3758 [Μδ.
2576 3684 2901 3759 cogitantes]
2930 3685 3061 3740 mihi
3091 3686 3252 3742 mala.

2340 3776 2498 3832 Fiant
2528 3784 2801 3848 tamquam
2842 3775 3020 3847 pulvis
3041 3787 3168 3833 ante
3192 3775 3383 3834 faciem
3422 3775 3600 3846 venti,
3631 3783 3685 3834 ct
3709 3791 3879 3849 ange-

2265 3869 2347 3927 lus
2376 3869 2588 3927 Domini
2624 3881 2637 3921 l
2673 3869 2918 3941 altligens
2942 3885 3052 3928 eos.

2339 3963 2500 4019 Fiant
2529 3963 2628 4019 vite
2655 3978 2844 4019 eorum
2877 3964 3114 4020 tenebrae
3143 3973 3200 4021 et
3221 3964 3489 4022 lubricum
3515 3981 3531 4022 :
3560 3973 3616 4022 et
3644 3967 3875 4038 angelus

2270 4055 2481 4112 Domini
2511 4069 2845 4127 persequens
2872 4069 2990 4113 eos.

2342 4146 2608 4217 Quoniam
2645 4149 2810 4220 gratis
2862 4147 3267 4206 abscondcrunt
3308 4150 3438 4207 mihi
3480 4149 3760 4208 interitum
3798 4152 3871 4209 la-

2269 4242 2391 4313 quei
2416 4240 2505 4301 Sui
2530 4258 2543 4295 :
2567 4256 2707 4297 vane
2733 4241 3205 4311 esprobraverunt
3236 4244 3474 4300 animam
3505 4259 3706 4301 meam.

2343 4332 2541 4390 Veniat
2589 4334 2697 4389 illis
2739 4334 2962 4406 laqueus
3015 4351 3176 4406 quem
3231 4335 3515 4408 ignorant,
3565 4348 3621 4395 et
3663 4339 3866 4409 captio,

2274 4441 2436 4499 quam
2468 4425 2911 4496 occultaverunt,
2947 4427 3321 4500 apprehendat
3354 4429 3481 4503 μιι.
3512 4432 3873 4501 comprehen-

2271 4517 2384 4591 dat]
2414 4533 2508 4575 eos
2540 4536 2554 4574 :
2586 4527 2641 4575 et
2669 4519 2721 4574 in
2748 4519 3000 4592 laqueum
3024 4520 3260 4578 incidant
3285 4522 3336 4578 in
3366 4524 3627 4595 idipsum.

646 4602 834 4658 Anima
853 4611 1028 4657 autem
1048 4616 1161 4656 mea
1190 4597 1467 4656 exsultabit
1498 4599 1553 4655 in
1578 4597 1801 4657 Domino
1822 4610 1868 4658 et
1888 4600 2169 4659 delectabi-
2191 4645 2249 4708 Β
2342 4610 2536 4667 Anima
2562 4620 2741 4669 autem
2770 4627 2889 4669 mea
2925 4614 3224 4670 exsultabit
3253 4614 3306 4671 in
3341 4615 3571 4675 Domino
3603 4633 3618 4673 :
3667 4625 3724 4675 et
3766 4616 3867 4676 de-

576 4707 661 4751 tur
681 4712 836 4767 super
858 4692 1075 4750 salutari
1100 4708 1217 4748 suo.

648 4888 674 4917 ³·
701 4878 759 4935 In
794 4876 965 4935 Palat.
998 4889 1102 4932 ms.
1145 4881 1191 4931 et
1216 4889 1427 4945 sequere
1470 4887 1618 4944 eam,
1668 4876 1940 4933 recentior
1975 4891 2165 4935 manus

577 4952 815 5007 scripsit.

648 4968 873 5077 i'piiiém
921 5034 1024 5075 ms.
1068 5017 1510 5089 praepositionem
1554 5017 1703 5074 verbi
1742 5019 2006 5074 exaudivit
2038 5035 2167 5076 veru

578 5092 1009 5148 transverberat.

651 5173 675 5201 ε
702 5162 934 5219 Temere
955 5162 1005 5217 in
1028 5160 1277 5218 Palatino
1297 5159 1420 5217 cod.
1441 5161 1662 5232 sequior
1677 5175 1865 5215 manus
1887 5162 2052 5217 reseri
2061 5162 2170 5231 psit

575 5232 915 5306 derelinqttet.

644 5303 672 5341 ιι
700 5300 1144 5376 Pri-positionem
1175 5322 1240 5359 ea:
1261 5303 1329 5376 de
1357 5317 1511 5357 more
1542 5300 1772 5376 Dalatin.
1803 5317 1904 5376 ms.
1931 5302 2163 5376 ὀϐελίζει.

650 5386 674 5414 θ
704 5371 903 5431 lterum
934 5376 1188 5431 secundis
1217 5375 1362 5430 curis
1403 5372 1699 5442 repositum
1727 5372 1780 5426 in
1806 5371 2034 5428 Palatin.
2061 5391 2163 5432 tus.

572 5447 662 5518 qui
682 5455 939 5518 quierant.

652 5518 670 5555 ί
694 5512 874 5574 Carus
896 5517 1109 5572 obelum
1141 5512 1324 5569 verbis
1368 5512 1421 5565 in
1465 5513 1638 5580 ipsum
1677 5524 2069 5583 praeposuerat.
2104 5517 2160 5572 In

569 5587 802 5646 Palatia.
853 5599 1032 5643 autem
1092 5585 1213 5642 cod.
1269 5585 1549 5654 rescripsit
1597 5585 1818 5654 sequior
1872 5601 2061 5641 manus
2110 5591 2164 5641 in

571 5676 709 5714 11180.

595 5677 1048 5783 mfilnntinentcr
1078 5726 1394 5797 ex_t\ugust.
1428 5733 1560 5781 utet
1583 5734 1777 5781 etulera
1810 5744 1927 5797 qua:
1957 5728 2010 5783 in
2040 5727 2163 5784 libri

567 5799 693 5856 albo
725 5797 1119 5855 annotavimus.
1150 5794 1447 5853 Veroneus.
1482 5813 1583 5853 tus.
1622 5794 1840 5854 Declina
1871 5815 1903 5853 a
1929 5800 2085 5866 malo,
2115 5809 2169 5854 et

2271 4702 2565 4761 lectabitur
2594 4717 2758 4777 super
2780 4704 3020 4762 salutare
3041 4702 3069 4743 ¹ι
3100 4704 3240 4777 ejus.

2275 4881 2359 4954 [ac
2379 4883 2517 4950 quod
2545 4882 2734 4936 bonum
2761 4892 2837 4937 est
2866 4899 2885 4937 :
2912 4898 3084 4953 qurere
3111 4902 3317 4954 pacem,
3350 4894 3455 4943 etc.

2345 4951 2562 5025 {'Atque
2577 4955 2677 5007 ltoc
2695 4955 2850 5008 unice
2870 4951 2991 5008 cum
3011 4951 3311 5025 Augustino
3331 4958 3630 5014 Veroncns.
3662 4974 3763 5016 ms.
3787 4962 3871 5017 his

2272 5022 2362 5103 qui
2387 5025 2697 5103 obtriverunt
2735 5041 2824 5079 cor
2853 5041 2871 5081 :
2919 5034 3062 5098 tum,
3092 5022 3262 5083 ialvos
3291 5028 3444 5099 faciet
3475 5046 3574 5100 pro
3616 5030 3865 5100 salvavit,

2274 5094 2391 5149 sive
2414 5094 2650 5148 saltabit.
3039 5094 3050 5154 ς

2353 5162 2367 5200 ί
2404 5165 2611 5247 Tacent
2633 5164 2685 5247 in
2720 5163 3018 5248 Veronensi
3048 5182 3149 5223 ms.
3181 5176 3239 5223 ut
3259 5178 3309 5223 ct
3338 5169 3478 5241 apud
3510 5169 3867 5244 Augustinum

2273 5249 2435 5290 VOCCS
2464 5252 2660 5288 ιιιιηιιει
2689 5252 2788 5289 met
2798 5278 2810 5291 .

2345 5307 2360 5355 ἱ
2403 5306 2568 5361 Iidem
2600 5306 2725 5361 libri
2771 5308 3025 5362 tribulans
3054 5326 3140 5363 eos
3172 5325 3190 5363 :
3225 5318 3335 5364 tum
3379 5313 3578 5369 minori
3616 5331 3863 5373 numera.

2270 5375 2397 5431 Fiat
2430 5377 2511 5431 via
2541 5392 2719 5431 eorum
2742 5392 2761 5430 :
2803 5390 2858 5432 et
2892 5381 3055 5448 paulo
3101 5393 3266 5449 post,
3310 5383 3697 5440 absconderunt
3741 5385 3866 5439 mihi

2272 5448 2656 5526 corruptionem
2677 5449 2984 5526 muscipulrv
3012 5448 3141 5514 sna},
3175 5455 3316 5526 quod
3342 5470 3535 5510 nomen
3564 5472 3664 5526 pro
3684 5455 3865 5525 laqueo

2271 5517 2727 5593 subsequentibus
2774 5517 2907 5593 locis
2957 5519 3151 5575 iterum
3194 5517 3518 5593 'itcrutnquc
3564 5517 3799 5581 'servant
3849 5545 3863 5580 :

2271 5588 2556 5668 muscipula
2588 5604 2745 5655 quam
2776 5589 3062 5659 ignorant:
3094 5601 3147 5646 et
3166 5632 3181 5658 ,
3211 5593 3266 5648 in
3308 5588 3603 5668 muscipula
3642 5599 3865 5653 incident

2357 5677 2407 5713 η.

2357 5677 2407 5713 η.

2271 5677 2373 5767 ψει
2408 5729 2650 5811 Librarii
2677 5728 2876 5811 mendo
2921 5741 3067 5811 tuum
3110 5733 3241 5804 legit
3287 5735 3586 5797 Veronens.
3629 5754 3732 5797 ms.
3772 5753 3868 5811 pro

2275 5817 2459 5870 suum,
2495 5810 2553 5856 ut
2574 5810 2655 5857 cst
2677 5800 2816 5871 apud
2846 5800 3223 5875 Augustinum.
