4062 6356
221 349 348 406 177

1553 341 1756 402 LIBER
1799 343 2244 403 PSALMORUM.

3437 346 3541 406 178

311 465 500 522 Omnia
542 480 663 521 ossa
707 481 820 520 mra
867 465 1052 536 ditent.
1078 480 1098 520 :
1130 462 1380 531 Domine,
1421 462 1535 536 quis
1563 461 1762 533 fsimitis
1807 471 1830 499 ο
1861 465 1914 524 Α
2008 461 2196 518 Omnia
2222 473 2346 515 ossa
2372 474 2489 516 mea
2515 460 2701 517 dicent
2727 461 3019 526 :Domine,
3043 460 3166 531 quis
3186 458 3381 515 similis
3406 460 3538 516 tibi?

223 567 338 619 tibi
357 567 381 618 ?

307 657 552 728 Eripiens
582 658 792 726 inopem
829 657 894 710 de
921 672 1080 710 manu
1108 655 1385 726 fortiorum
1421 657 1536 726 ejus
1570 669 1588 707 :
1622 669 1837 723 egenum

221 760 276 802 et
309 765 590 820 pauperem
616 765 647 802 a
663 748 1025 816 diripientibus
1049 763 1186 801 eum.
1213 743 1537 815 Surgentesb
1556 754 1706 798 testes
1731 744 1834 797 ini-

229 844 333 911 qui
359 858 473 911 queo
495 842 804 913 ignorabam
824 839 1211 909 interrogabant
1235 855 1333 892 me.

315 933 685 987 Retribuebant
736 931 863 986 mihi
911 931 1054 984 mala
1103 946 1196 1001 pro
1245 929 1391 984 bonis
1435 944 1454 983 :

227 1026 426 1078 animat
450 1041 604 1078 metu.

241 1160 244 1163 .
309 1116 419 1188 Ego
448 1126 626 1172 autem
655 1133 772 1172 cum
808 1117 936 1171 mihi
978 1116 1180 1172 molesti
1212 1122 1378 1170 essent
1407 1130 1426 1169 :
1467 1112 1724 1169 induebar
1762 1113 1838 1167 ci-

226 1207 379 1262 licia.

305 1299 674 1353 Humiliabam
708 1299 761 1352 in
801 1299 1010 1371 jejunio
1054 1300 1281 1352 animam
1310 1313 1474 1352 meam
1509 1312 1527 1351 :
1571 1304 1617 1352 et
1662 1297 1834 1350 oratio

226 1407 353 1444 mea
377 1392 427 1444 in
450 1392 571 1444 sinu
590 1408 702 1445 meo
731 1400 1075 1445 convertatur.

311 1483 470 1548 Quasi
507 1483 835 1552 proximum,
888 1493 910 1520 ο
956 1491 1003 1535 ct
1033 1470 1182 1554 quasi
1221 1485 1438 1551 fratrem
1482 1489 1737 1547 nostrum,
1764 1480 1836 1534 sic

224 1571 620 1638 complacebam
644 1589 662 1626 :
685 1573 835 1640 quasi
862 1572 1042 1643 lugens
1067 1579 1114 1628 et
1147 1573 1500 1638 contristatus,
1542 1572 1616 1625 sic
1657 1571 1836 1626 humi-

229 1663 430 1717 liabar.

306 1754 374 1808 Et
408 1754 684 1808 aduersum
724 1770 802 1808 me
832 1755 993 1822 laetati
1020 1763 1163 1820 sunt,
1193 1763 1240 1807 et
1270 1761 1616 1808 convenerunt
1650 1769 1669 1809 :
1699 1769 1824 1808 con-

231 1856 446 1914 gregata
464 1855 585 1898 sunt
607 1863 764 1917 super
793 1863 871 1900 me
893 1845 1132 1918 ﬂagella,
1161 1855 1205 1899 et
1234 1846 1488 1916 ignoravi.

305 1934 562 2006 Dissipati
585 1947 740 2001 sunt,
773 1953 863 1990 nec
891 1937 1184 2005 compuncti
1201 1977 1213 2000 ,
1241 1945 1557 1990 tentaveruut
1583 1952 1691 2001 me,
1720 1936 1840 1990 sub-

227 2038 583 2083 sannarerunt
612 2044 693 2081 me
730 2029 1164 2083 subsannatione:
1203 2028 1549 2099 [renduerunt
1581 2043 1735 2097 super
1754 2045 1834 2082 me

240 2121 480 2174 dentibus
508 2120 636 2174 suis.

303 2214 556 2277 Domine,
586 2213 798 2281 quando
830 2213 1113 2282 respicies?
1145 2211 1378 2266 Restitue
1401 2213 1629 2266 animam
1665 2227 1835 2266 meam

229 2319 263 2355 a
291 2305 618 2376 malignitate
647 2319 823 2358 eorum
845 2348 859 2372 ,
892 2321 925 2357 a
953 2301 1186 2356 leonibus
1215 2304 1422 2356 unicam
1450 2318 1640 2356 meam.

301 2394 595 2464 Conﬁtebor
624 2395 714 2448 tibi
744 2395 794 2448 in
823 2394 1036 2448 ecclesia
1085 2408 1273 2464 magna
1311 2408 1330 2446 .'
1363 2394 1415 2447 in
1446 2393 1644 2463 populo
1691 2392 1837 2463 gravi

225 2485 456 2539 laudabo
478 2495 548 2539 te.

303 2577 428 2632 Non
478 2577 898 2648 supergaudeant
947 2578 1110 2649 mihi,
1163 2578 1253 2650 qui
1315 2579 1661 2634 adversantur
1711 2579 1838 2632 mihi

225 2672 403 2742 inique
435 2687 454 2724 .'
485 2672 572 2740 qui
608 2671 820 2723 oderunt
854 2685 932 2722 me
959 2671 1120 2741 gratis
1141 2711 1157 2732 ,
1193 2679 1238 2722 et
1269 2680 1508 2724 annuunt
1537 2669 1724 2723 oculis.

304 2763 566 2830 Quoniam
609 2761 737 2814 mihi
779 2760 987 2830 quidem
1026 2761 1239 2831 paci/ise
1270 2760 1610 2830 loquebantur
1641 2775 1660 2814 :
1693 2770 1738 2814 et
1781 2760 1835 2814 in

222 2853 505 2906 iracundia
630 2863 775 2906 terra:
811 2851 832 2919 ζ
865 2848 889 2886 ἀ
921 2850 1183 2928 loquentes
1213 2851 1362 2906 dolos
1388 2850 1704 2921 cogitabant.

304 2945 374 2998 Et
407 2944 758 2998 dilatauerunt
780 2959 937 3014 super
960 2959 1038 2996 me
1065 2958 1122 2998 os
1145 2960 1318 3013 suum,
1349 2943 1595 2998 dixerunt
1620 2959 1638 2997 :
1663 2940 1831 3012 Euge,

226 3051 393 3105 euge,
427 3034 667 3088 uiderunt
693 3033 828 3086 oculi
857 3033 1042 3087 nostri.

310 3125 503 3180 Vidisti
523 3167 538 3193 ,
573 3125 794 3180 Domine
816 3165 830 3192 ,
863 3140 925 3178 ne
969 3124 1124 3178 sileas
1172 3140 1191 3179 :
1223 3123 1472 3192 Domine,
1504 3140 1567 3179 ne
1595 3124 1833 3179 discedas

226 3233 258 3268 α
299 3232 400 3270 me.

300 3307 568 3378 Exsurge,
616 3315 662 3360 et
694 3307 901 3362 in‘ende
937 3306 1142 3380 judicio
1185 3321 1295 3360 meo
1353 3321 1370 3358 :
1403 3304 1544 3360 Deus
1576 3322 1752 3375 meus,
1781 3316 1830 3361 et

235 3402 493 3456 Dominus
528 3411 551 3438 ⁸
585 3417 722 3455 meus
746 3402 798 3454 in
828 3417 1036 3454 causam
1066 3417 1253 3454 meam.

295 3494 492 3548 Judica
523 3509 601 3545 me
626 3492 910 3546 secundum
932 3492 1194 3564 justitiam
1221 3501 1394 3559 tuam,
1427 3489 1648 3546 Domine
1690 3489 1832 3545 Deus

226 3606 406 3656 meus,
439 3598 486 3642 et
514 3605 618 3641 non
652 3589 1067 3658 supergaudeant
1095 3587 1244 3642 milii.

301 3685 428 3738 Non
458 3685 635 3737 dicant
665 3684 718 3736 in
744 3682 987 3736 cordibus
1013 3682 1122 3736 suis
1150 3697 1167 3734 :
1196 3680 1364 3752 Euge,
1400 3678 1419 3717 τ
1452 3695 1604 3750 euge,
1640 3680 1833 3736 anima:

227 3789 421 3833 nostra:
453 3794 473 3832 :
505 3795 596 3830 nec
625 3778 802 3831 dicunt
834 3793 852 3830 :
885 3776 1251 3830 Det'oravintus
1280 3792 1416 3829 eum.

301 3869 667 3936 Erubescant,
700 3879 748 3923 et
778 3876 1110 3922 revereantur
1144 3867 1326 3936 simul,
1371 3865 1461 3937 qui
1505 3865 1834 3936 gratulantur

228 3979 276 4014 ru
295 3963 398 4014 alis
430 3961 576 4014 meis.
1204 3952 1214 3959 ’

243 4110 249 4115 ,
301 4051 608 4106 Induantur
634 4049 950 4121 confusione
990 4058 1036 4103 et
1066 4047 1395 4115 reverentia,
1436 4047 1526 4118 qui
1580 4057 1605 4096 8
1647 4065 1836 4120 magna

230 4142 280 4196 lo
291 4151 519 4210 quantm
545 4158 700 4214 super
731 4157 831 4194 me.

307 4233 622 4298 Exsultant,
657 4243 703 4286 et
727 4233 964 4287 lwtentur
990 4232 1076 4302 qui
1107 4232 1284 4286 volunt
1326 4232 1590 4306 justitiam
1620 4249 1785 4288 meam
1815 4250 1833 4288 :

227 4334 275 4380 et
325 4326 504 4379 dicant
548 4342 746 4396 semper
776 4343 789 4380 :
825 4324 1191 4396 Magni/iretur
1216 4323 1504 4391 Dominus,
1537 4325 1624 4395 qui
1655 4326 1834 4379 volunt

232 4435 414 4488 pacem
441 4418 576 4471 servi
601 4419 734 4486 ejus.

309 4508 380 4562 Et
429 4509 616 4579 lingua
661 4524 772 4562 mea
819 4507 1154 4562 meditabitur
1172 4507 1435 4579 justitiam
1466 4515 1612 4560 tuam
1664 4521 1684 4562 :

233 4601 320 4656 die
353 4602 566 4656 laudem
597 4611 760 4656 tuam.

1510 927 1837 982 sterilitatem

1731 4515 1836 4562 (Old

1864 4661 1916 4720 D

310 4924 339 4989 ξι
368 4915 470 4989 bis.
494 4915 770 4972 Palatinus
798 4919 913 4989 quis
941 4918 1127 4972 similis
1157 4920 1231 4972 tui
1255 4922 1280 4974 ?

311 4985 342 5023 ιι
378 4988 562 5040 Denuo
590 4997 792 5044 temere
810 4985 971 5053 prior
996 4990 1033 5044 S
1065 4991 1245 5044 littera
1269 4991 1320 5045 in
1352 4990 1582 5046 Palatin.
1615 5005 1716 5046 ms.
1741 4991 1836 5046 dc-

239 5057 405 5131 lelur,
439 5068 500 5111 ut
530 5059 739 5131 legatur
766 5060 872 5114 alio
893 5073 1086 5131 sensu,
1117 5059 1386 5131 Urgentes.
1441 5058 1450 5068 ’

319 5138 343 5198 ὴ
376 5129 432 5198 lu
452 5128 642 5181 eodem
675 5144 776 5182 ms.
811 5139 856 5182 et
883 5129 1075 5198 capnla
1111 5128 1472 5186 desideratur.

318 5195 344 5231 ι¹
377 5197 603 5270 Videtur
635 5199 811 5263 ipsum
843 5195 1059 5267 quoque
1106 5202 1330 5255 verbum
1363 5203 1623 5270 loquentes
1647 5248 1660 5268 ,
1695 5210 1839 5256 aste-

239 5267 390 5320 risco
441 5268 856 5342 illustrandum,
905 5270 1022 5342 sive
1076 5271 1176 5340 ipsi
1219 5267 1597 5342 postponenda
1656 5273 1838 5327 ﬁtialia

243 5347 491 5412 puncta;
525 5339 579 5392 in
624 5338 828 5394 Graecis
865 5341 1017 5412 enim
1072 5338 1479 5412 exemplaribus
1533 5345 1837 5397 communis

241 5406 506 5486 editionis
529 5419 817 5486 utrumque
845 5410 1188 5466 desideratur
1213 5406 1349 5486 .-γῆς
1369 5414 1654 5486 λαλοῦντες.

245 5547 300 5602 ὁ.
321 5488 346 5514 υ
376 5478 432 5532 In
472 5477 739 5533 Palatino
767 5494 869 5535 ms.
903 5495 1202 5550 pronomen
1235 5477 1412 5551 meus,
1458 5485 1616 5538 obelo
1657 5481 1844 5538 confo-

287 5562 419 5602 itur.

287 5562 419 5602 lllﬂ'.

326 5617 622 5692 {Alterum
653 5635 785 5692 euge
834 5622 886 5674 in
936 5621 1168 5676 Palatia.
1223 5637 1327 5677 ms.
1381 5638 1513 5678 veru
1566 5624 1845 5692 praeﬁxum

247 5688 457 5761 habet:
506 5698 618 5761 tum
649 5688 1012 5746 deuorabimus
1043 5708 1140 5760 pro
1167 5693 1522 5746 devoravimus
1554 5688 1770 5761 legitur.”

327 5767 350 5801 τι
386 5758 533 5810 Iland
581 5759 718 5810 bene
761 5763 816 5815 in
863 5758 1054 5818 eodeni
1090 5777 1216 5831 ms.,
1257 5765 1487 5833 maligna
1517 5758 1802 5835 loquuntur
1829 5780 1849 5818 :

252 5841 356 5898 pro
385 5844 570 5898 magna
597 5871 612 5896 ,
643 5840 751 5886 etc.

1865 1835 1912 1894 B

1940 556 2178 624 eripiens
2203 554 2330 627 [Ms.
2358 555 2580 626 erucas]
2605 557 2823 626 inopem
2849 556 2916 610 de
2939 570 3097 609 manu
3121 551 3360 610 fortioris
3382 554 3536 620 ejus:

1942 663 2170 719 egenum
2215 658 2269 702 et
2314 663 2606 718 pauperem
2638 664 2669 703 a
2710 648 3047 718 rapientibus
3086 662 3206 703 eum
3237 646 3363 719 [Μδ.
3398 646 3534 702 diri-

1943 739 2263 812 pientibus].
3284 811 3288 814 ,

2013 834 2387 904 Exsurgentes
2419 835 2546 906 ΙΜε.
2586 833 2955 904 Insurgentes]
2993 840 3161 889 testes
3196 831 3387 902 iniqui,
3412 846 3535 900 qua:

1940 925 2253 995 ignorabam
2295 925 2704 997 interrogabant
2741 941 2826 981 me
2879 943 2891 978 :
2936 933 2992 979 et
3021 925 3149 997 [Με.
3195 933 3295 978 tac.
3336 921 3411 994 et]
3449 938 3536 979 re-

1941 1017 2257 1073 tribuebant
2300 1018 2433 1073 mihi
2486 1017 2627 1072 mala
2677 1032 2774 1091 pro
2827 1017 3024 1081 bonis,
3080 1023 3138 1070 et
3191 1014 3533 1070 sterilitatem

1939 1109 2130 1164 anima:
2169 1123 2327 1164 mea}.

2013 1202 2122 1271 Ego
2153 1212 2333 1256 autem
2375 1201 2498 1256 dum
2533 1201 2665 1273 [Ms.
2706 1200 2854 1272 cum]
2895 1201 3024 1254 mihi
3058 1197 3268 1253 molesti
3301 1204 3488 1252 essent
3518 1215 3534 1250 :

1939 1294 2225 1350 inducbam
2259 1286 2550 1350 mc‘cilicio
2583 1295 2712 1367 [:lls.
2758 1293 3054 1364 cilicium],
3097 1304 3149 1347 et
3177 1291 3536 1346 humiliabam

1937 1386 1990 1441 in
2022 1386 2228 1456 jejunio
2256 1387 2490 1439 animam
2524 1401 2723 1450 meam,
2755 1394 2812 1440 et
2840 1385 3016 1439 oratio
3041 1398 3159 1438 mea
3185 1384 3236 1438 in
3268 1382 3390 1436 sinu
3413 1396 3534 1437 meo

1939 1478 2067 1550 [Ms.
2099 1478 2288 1534 Sinqu
2317 1478 2518 1550 meum]
2548 1478 2988 1533 convertebatur.

2011 1570 2162 1626 Sicut
2184 1571 2510 1640 proximum,
2538 1579 2590 1623 et
2617 1569 2747 1640 [llls.
2777 1580 2878 1624 tac.
2903 1568 2981 1640 et]
3004 1569 3141 1624 sicut
3169 1567 3385 1623 fratrem
3417 1581 3537 1622 nos-

1939 1671 2079 1717 trum
2100 1706 2115 1730 ,
2151 1666 2220 1718 ita
2251 1661 2658 1731 eomplacebam
2694 1679 2706 1714 :
2735 1671 2989 1732 tanquam
3025 1660 3219 1730 lugens
3250 1668 3305 1714 et
3333 1659 3536 1714 contri-

1936 1762 2110 1808 status
2129 1795 2144 1820 ,
2175 1755 2246 1806 ita
2275 1753 2621 1807 luuniliabar.

2012 1842 2039 1881 ιι
2066 1844 2340 1900 Adversus
2390 1860 2477 1899 me
2517 1843 2679 1897 laet-ili
2731 1851 2885 1908 sunt,
2929 1852 2983 1897 et
3029 1851 3432 1910 convenerunt,
3478 1849 3533 1897 ct

1942 1943 2412 2008 congregaverant
2433 1935 2486 1990 in
2521 1950 2606 1989 me
2632 1934 2842 2004 ﬂagella
2866 1974 2880 1998 ,
2913 1943 2966 1990 et
2996 1935 3408 2004 ignoraverunt.
3498 2003 3531 2013 _

2012 2027 2268 2082 Dissoluli
2285 2038 2431 2092 sunt,
2451 2042 2551 2082 nec
2564 2026 2874 2095 compuncti
2889 2035 3033 2091 sunt,
3059 2035 3403 2082 tentaverunt
3419 2041 3529 2093 me,

1939 2125 1996 2174 et
2021 2119 2331 2174 deriserunt
2361 2117 2542 2173 derisu
2566 2117 2897 2173 :stridcrunt
2925 2117 2976 2171 in
3005 2132 3090 2170 me
3115 2118 3372 2174 dentibus
3393 2119 3527 2173 suis.

2013 2211 2274 2277 Domine,
2343 2211 2559 2279 quando
2623 2207 2924 2278 respicies?
2973 2209 3219 2264 Restitute
3289 2210 3525 2264 animam

1942 2318 2117 2357 meam
2150 2317 2178 2357 a
2226 2302 2526 2357 malefactis
2564 2301 2706 2373 [Ms.
2742 2303 2809 2358 ab
2839 2301 3094 2373 astutiis]
3141 2317 3364 2370 eorum,
3412 2311 3465 2360 et
3495 2319 3528 2359 a

1941 2393 2193 2450 leonibus
2223 2394 2436 2449 unicam
2461 2409 2661 2449 meam.

2011 2484 2322 2541 Conﬁtebnr
2353 2487 2487 2555 tibi,
2530 2487 2780 2553 Domine,
2812 2487 2867 2541 in
2893 2487 3124 2543 ecclesia
3155 2502 3344 2558 magna
3375 2487 3389 2560 [
3421 2486 3522 2543 Ms.

1939 2579 2108 2634 multa
2135 2578 2152 2649 ]
2185 2596 2199 2634 :
2233 2580 2283 2633 in
2317 2579 2510 2648 populo
2537 2580 2685 2647 gravi
2720 2579 2950 2634 laudabo
2978 2587 3049 2634 te.

2012 2670 2078 2724 Ut
2104 2669 2241 2741 [Με.
2275 2679 2402 2722 tacet
2424 2681 2479 2723 ut
2503 2668 2522 2740 ]
2547 2686 2648 2722 non
2677 2669 2938 2724 insultent
2977 2671 3028 2723 in
3059 2685 3146 2725 me
3181 2669 3306 2742 [Ms.
3339 2670 3528 2740 mihi],

1938 2761 2027 2832 qui
2052 2761 2403 2816 adversantur
2429 2760 2556 2814 mihi
2581 2760 2762 2831 inique
2797 2779 2808 2814 :
2841 2759 2935 2830 qui
2963 2761 3193 2816 oderunt
3224 2778 3308 2818 me
3332 2763 3526 2832 gratis,

1937 2862 1993 2910 et
2010 2855 2320 2909 annucbant
2348 2853 2474 2926 [Με.
2503 2853 2829 2924 annuentes]
2858 2854 3056 2908 oculis.

2007 2946 2272 3014 Quoniam
2302 2946 2431 3000 mihi
2454 2945 2670 3016 quidem
2701 2946 2928 3014 pacitice
2960 2944 2979 3017 [
3007 2943 3112 2998 Ms.
3143 2945 3367 3017 pacilica
3399 2943 3525 3016 llo-

1937 3038 2245 3108 quebantur
2279 3058 2291 3090 :
2337 3047 2390 3093 et
2419 3053 2585 3106 super
2615 3038 2750 3091 iram
2782 3035 2908 3108 [llIs.
2943 3037 2995 3092 iu
3026 3037 3128 3110 ira]
3159 3037 3347 3093 dolose
3374 3037 3524 3109 cogi-

1939 3129 2143 3184 tabam.

2016 3219 2032 3258 ί
2065 3221 2434 3275 Dilatavcrunt
2458 3219 2510 3273 in
2541 3235 2628 3276 me
2671 3235 2732 3275 os
2773 3234 2964 3288 suum,
3001 3219 3258 3276 dixerunt
3292 3239 3304 3274 :
3334 3220 3523 3292 Euge,

1935 3327 2104 3382 euge,
2138 3313 2393 3367 viderunt
2423 3312 2562 3366 oculi
2610 3313 2781 3366 nostri
2819 3329 2833 3367 :
2868 3311 3084 3380 vidisti,
3143 3312 3369 3367 Domine
3392 3353 3406 3378 ,
3457 3325 3528 3367 ne

1934 3406 2065 3460 silas
2090 3424 2101 3458 :
2127 3405 2375 3470 Domine,
2409 3419 2475 3458 ne
2507 3403 2752 3460 discedas
2784 3419 2812 3458 a
2846 3419 2952 3462 mc.

2008 3497 2295 3567 Exsurge,
2346 3497 2575 3551 Domine
2603 3537 2617 3562 ,
2658 3505 2714 3551 et
2765 3497 2988 3552 intende
3039 3496 3302 3564 judicium
3344 3509 3525 3551 meum

1938 3588 1959 3662 ι
1986 3590 2087 3644 Ms.
2113 3589 2317 3659 judicio
2346 3588 2511 3660 meo]
2543 3588 2688 3643 Deus
2712 3603 2896 3654 meus,
2927 3598 2981 3644 et
3005 3587 3270 3644 Dominus
3295 3602 3451 3644 meus
3473 3588 3528 3642 in

1935 3696 2158 3737 causam
2189 3695 2386 3735 meam.

2006 3773 2202 3828 Judiea
2249 3787 2334 3826 me
2382 3772 2394 3822 ἱ
2451 3770 2754 3825 secundum
2796 3784 3044 3838 magnam
3097 3769 3526 3826 misericordiam

1937 3873 2126 3932 tuam,
2159 3863 2390 3920 Domine
2414 3863 2560 3919 Deus
2590 3877 2776 3930 meus,
2810 3872 2996 3918 utnon
3023 3863 3288 3918 insultent
3344 3864 3396 3917 in
3438 3877 3527 3917 me

1905 3957 2145 4014 .inimici
2171 3958 2274 4012 mei
2312 3973 2326 4010 :
2359 3972 2460 4012 nec
2489 3955 2673 4011 dicant
2723 3956 2776 4010 in
2825 3955 3083 4011 cordibus
3123 3957 3235 4010 suis
3282 3972 3295 4009 :
3340 3955 3526 4025 Euge,

1936 4065 2103 4120 euge,
2134 4049 2327 4104 animm
2351 4059 2574 4114 nostrae,
2596 4063 2696 4103 nec
2717 4047 2926 4104 dicant:
2955 4047 3353 4104 Obsorbuimus
3377 4062 3524 4102 eum.

2007 4141 2380 4210 Erubescant,
2436 4150 2489 4195 et
2535 4149 2895 4195 revereantur
2943 4139 3146 4201 simul,
3199 4139 3288 4207 qui
3336 4147 3524 4207 gratu-

1938 4232 2117 4286 lantur
2147 4231 2303 4285 malis
2336 4231 2469 4285 meis
2496 4250 2508 4284 :
2543 4229 2844 4285 induantur
2871 4229 3076 4299 pudore
3102 4238 3156 4284 et
3185 4229 3490 4285 reverentia
3517 4269 3534 4298 ,

1939 4322 2028 4394 qui
2059 4337 2248 4392 magna
2281 4322 2576 4393 loquuntur
2604 4321 2892 4376 adversum
2923 4337 3030 4376 me.

2013 4416 2297 4471 Exsultcnt
2325 4424 2375 4469 ct
2404 4415 2658 4469 laetentur
2680 4414 2773 4484 qui
2802 4415 2994 4468 volunt
3014 4413 3282 4483 justitiam
3307 4428 3483 4470 meam
3516 4431 3530 4468 :

1939 4516 1996 4564 et
2023 4508 2205 4563 dicant
2233 4522 2448 4577 semper
2473 4524 2486 4560 :
2511 4507 2881 4577 Magniticetur
2905 4506 3188 4572 Dominus,
3221 4508 3316 4576 qui
3347 4508 3536 4562 volunt

1940 4614 2126 4671 pacem
2156 4599 2300 4653 servi
2329 4599 2465 4668 ejus.
2497 4599 2605 4654 Sed
2635 4598 2764 4671 [Ms.
2795 4607 2926 4653 tacet
2962 4598 3081 4670 sed]
3120 4609 3176 4654 et
3201 4601 3380 4670 lingua
3413 4615 3536 4656 mea

1948 4693 2301 4750 meditabitur
2325 4693 2594 4764 justitiam
2631 4704 2777 4747 tuam
2814 4700 2964 4749 :tota
2990 4692 3078 4747 die
3109 4693 3324 4749 laudem
3364 4701 3534 4748 tuam.

2016 4919 2044 4958 ιι
2072 4919 2421 4976 Continenter
2444 4922 2596 4992 juxta
2625 4922 2852 4989 August.
2878 4921 3182 4976 Veronens.
3225 4935 3327 4974 ms.
3363 4929 3409 4974 et
3435 4921 3537 4973 ad-

1943 5008 2115 5047 uersus
2155 5009 2233 5046 me
2262 4992 2425 5046 lretati
2451 5002 2602 5056 sunt,
2633 5001 2681 5044 et
2719 5004 3061 5046 convenerunt
3093 4994 3145 5044 in
3177 5007 3370 5051 unum,
3415 5005 3544 5042 con-

1944 5071 2153 5133 gregata
2185 5073 2305 5116 sunt
2354 5065 2406 5116 in
2437 5081 2515 5116 me
2542 5062 2784 5134 ﬂagella.
2830 5071 2879 5116 et
2901 5063 3288 5134 ignoraverunt.
3322 5059 3539 5113 Discissi

1943 5131 2060 5187 sunt
2084 5149 2102 5186 :
2135 5141 2242 5187 tum
2275 5143 2321 5186 et
2353 5131 2793 5188 subsan'naberunt
2819 5148 2902 5184 me
2924 5131 3404 5196 subsannalionem,
3427 5137 3536 5183 etc.

2023 5203 2038 5239 ί
2070 5203 2134 5274 In
2159 5204 2458 5274 Augustino
2486 5215 2539 5258 et
2577 5203 2870 5257 Veronensi
2903 5218 3032 5274 ms.,
3065 5210 3111 5256 et
3146 5201 3490 5274 dilatarerunt
3519 5216 3539 5254 .'

1949 5283 2058 5327 tum
2089 5273 2227 5327 idem
2248 5271 2379 5343 'plus
2413 5276 2581 5329 habet
2606 5275 2849 5326 dixerunt
2879 5271 3037 5343 milii,
3065 5272 3206 5340 quod
3238 5285 3536 5343 pronomen

1948 5359 2122 5467 {neque
2153 5341 2375 5399 Grajcus
2407 5347 2526 5415 ipse
2553 5353 2734 5399 textus
2754 5383 2768 5407 ,
2805 5356 2907 5396 nec
2939 5341 3086 5408 libri,
3119 5356 3255 5411 quos
3279 5342 3416 5407 scio,
3444 5341 3536 5394 alii

1965 5429 2014 5467 ta
2059 5422 2170 5467 ent.

1950 5416 2170 5468 habent.

2028 5487 2042 5534 t
2072 5484 2122 5536 In
2149 5483 2449 5538 Veronensi
2473 5497 2626 5552 aeque
2655 5489 2817 5550 atque
2839 5477 3232 5552 Augustiniano
3253 5481 3540 5552 Psalterio,

1952 5553 2147 5607 Jutlica
2177 5571 2280 5621 me,
2317 5549 2564 5616 Domine,
2596 5549 2874 5604 secundum
2900 5551 3162 5620 justitiam
3193 5567 3361 5604 meam.
3388 5592 3401 5613 ,
3430 5549 3537 5603 Do-

1956 5625 2090 5677 mine
2117 5623 2256 5676 Deus
2301 5641 2474 5689 meus,
2528 5639 2626 5675 non
2660 5623 2927 5682 insultent,
2954 5629 3085 5687 etc.,
3119 5639 3221 5674 non
3269 5623 3443 5673 dicunt
3488 5622 3541 5672 in

1956 5694 2109 5747 corde
2134 5711 2250 5758 suo,
2283 5705 2334 5748 et
2368 5693 2724 5747 absorbuintus
2750 5709 2846 5762 pro
2875 5691 3232 5744 obsorbuimns
3261 5707 3278 5742 :
3310 5693 3543 5758 denique

1959 5765 2118 5840 paulo
2145 5774 2266 5831 post
2285 5805 2299 5829 ,
2342 5764 2670 5834 gratulantur
2698 5763 2846 5818 malis
2877 5763 3022 5830 meis,
3053 5765 3340 5817 induantur
3364 5765 3550 5840 (θηρί’

1957 5835 2151 5889 sionem
2177 5845 2222 5887 et
2245 5837 2600 5889 reverentiam.
