4062 6356
520 370 625 430 179

1523 355 1583 415 S.
1624 347 2010 413 HIERONYMI
2048 344 2281 405 DIVINA
2319 342 2797 404 BIBLIOTHECA.

3708 335 3822 394 180

1805 464 2506 550 ιΡεΑιΜυειχΧχν.

534 586 607 635 μισεῖ
654 585 749 617 τιν’

528 590 607 645 ei?
656 590 737 617 τί
826 593 851 623 τι
875 598 926 640 IN
964 597 1156 649 rtusu,
1197 592 1364 638 senvo
1401 590 1586 636 ponunt
1623 590 1807 633 ωηο.

596 680 746 736 Dixit
778 679 1005 752 injustas
1032 719 1047 741 ,
1076 685 1134 730 ut
1161 675 1432 746 delinquat
1460 674 1517 727 in
1555 670 1826 741 semetipso
1862 683 1877 720 :
1910 681 2013 721 non
2048 673 2122 720 est

532 774 687 828 timor
712 771 810 826 Dei
837 780 956 825 ante
979 768 1159 824 oculos
1186 771 1322 840 ejus.

598 863 854 930 Quoniam
888 860 1066 915 dolose
1095 861 1195 929 egit
1223 860 1276 913 in
1308 864 1584 928 conspectu
1609 855 1729 924 eius
1749 851 1778 910 :~
1798 858 1855 907 ut
1880 849 2119 906 invenia-

528 965 611 1011 tttr
635 956 879 1025 iniquitas
904 957 1013 1026 ejus
1035 952 1103 1005 ad
1132 950 1329 1005 odium.

604 1046 773 1101 Verba
801 1047 903 1100 oris
923 1046 1037 1115 ejus
1060 1044 1309 1117 iniquitas
1331 1050 1380 1098 et
1400 1038 1552 1097 dolus
1576 1054 1594 1093 :
1616 1037 1783 1093 noluit
1804 1034 2116 1107 intelligere,

526 1149 582 1194 ut
611 1139 733 1193 bene
759 1134 950 1209 ageret.

598 1229 939 1300 Iniquitatem
971 1228 1249 1298 meditatus
1300 1234 1376 1282 est
1418 1225 1473 1280 in
1525 1221 1686 1278 cubili
1729 1236 1824 1276 suo
1855 1236 1874 1273 :
1905 1216 2118 1275 astititb

530 1328 586 1391 -ξα
633 1324 775 1379 omni
807 1323 829 1393 1
863 1324 957 1379 via:
986 1338 1087 1378 non
1139 1323 1313 1390 bonae,
1360 1319 1616 1375 malitiam
1651 1330 1712 1373 σε»
1757 1323 1927 1371 autem
1957 1314 1981 1383 1
2014 1329 2120 1368 non

531 1417 717 1472 adivit.

595 1509 815 1564 Domine
839 1510 893 1569 in
946 1507 1072 1564 caelo
1116 1505 1473 1561 misericordia
1519 1510 1608 1560 tua
1634 1520 1654 1561 :
1690 1518 1751 1561 -ε-
1784 1510 1833 1558 et
1874 1502 1896 1572 1
1930 1502 2120 1557 ueritas

526 1610 617 1654 tua
644 1617 801 1671 usque
822 1599 892 1653 ad
918 1600 1095 1654 nubes.

594 1691 810 1747 Iustitia
840 1700 928 1747 tua
972 1691 1106 1746 sicut
1136 1697 1330 1746 montes
1362 1688 1457 1746 Dei
1486 1703 1505 1744 :
1535 1688 1733 1758 iudicia
1762 1695 1853 1745 tua
1898 1687 2118 1760 abyssus

524 1785 708 1839 multa.

594 1875 843 1929 Homines
872 1884 920 1930 et
955 1874 1195 1945 jumenta
1237 1873 1489 1942 salvabis,
1533 1871 1756 1929 Domine
1802 1886 1822 1927 :
1868 1871 2116 1942 quemad-

524 1969 737 2023 modum
757 1970 1109 2041 multiplicasti
1136 1966 1542 2023 misericordiam
1568 1976 1735 2034 tuam,
1768 1963 1946 2019 Deus!

2142 573 2199 632 A
2276 583 2330 626 IN
2367 583 2558 637 etscis,
2599 581 2772 625 seavo
2809 580 2991 625 noumt
3027 578 3189 621 DAVID
3227 534 3373 635 [διε.
3414 571 3516 615 1P8!
3554 558 3761 634 num]
3806 561 3818 631 ς

2892 672 3147 716 ΡςΑιιιῢε.

2296 755 2442 811 Dixit
2480 753 2754 824 injustus,
2808 760 2868 808 ut
2917 753 3198 825 delinquat
3242 754 3297 809 in
3326 750 3627 823 semetipso
3655 765 3671 806 :
3702 761 3814 806 non

2223 855 2307 903 est
2332 848 2497 903 timor
2525 846 2624 902 Dei
2652 854 2779 901 ante
2807 846 2994 901 oculos
3022 846 3160 916 ejus.

2292 940 2558 1010 Quoniam
2590 939 2781 995 dolose
2808 939 2920 1010 egit
2948 940 3001 995 in
3032 945 3333 1008 conspectu
3357 937 3477 1011 ejus
3520 955 3535 993 :
3561 943 3625 993 ut
3652 934 3813 991 inve-

2223 1031 2369 1088 niret
2397 1032 2742 1103 iniquitatem
2774 1047 2926 1087 suam
2957 1040 3016 1087 et
3050 1027 3067 1067 ῖ
3099 1030 3307 1086 odium.

2302 1124 2475 1181 Verba
2501 1127 2615 1180 oris
2633 1125 2753 1194 ejus
2783 1125 3043 1195 iniquitas
3082 1132 3138 1179 et
3180 1122 3374 1191 dolus,
3408 1123 3584 1180 noluit
3610 1122 3821 1180 intelli-

2225 1234 2354 1291 gere
2378 1260 2393 1285 ,
2424 1229 2481 1274 ut
2512 1218 2652 1276 bene
2682 1226 2873 1291 ageret
2905 1237 2916 1272 :
2950 1218 3296 1291 iniquitatem
3323 1217 3616 1274 meditatus
3648 1227 3734 1274 est
3757 1217 3817 1273 in

2225 1312 2394 1368 cubili
2419 1326 2540 1368 suo.

2295 1405 2483 1462 Astitit
2509 1404 2665 1461 omni
2693 1403 2795 1460 vite
2824 1417 2932 1460 non
2960 1401 3120 1459 bcnte
3160 1418 3177 1462 :
3201 1401 3462 1458 malitiam
3487 1408 3669 1459 autem
3700 1416 3819 1458 non

2221 1496 2414 1555 odivit.

2300 1589 2559 1659 Domine,
2603 1589 2660 1645 in
2707 1588 2851 1645 cmlo
2906 1585 3289 1646 misericordia
3342 1596 3433 1643 tua
3469 1601 3485 1646 :
3518 1593 3575 1643 et
3610 1586 3821 1644 veritas

2222 1694 2313 1742 tua
2335 1701 2510 1755 usque
2538 1684 2606 1739 ad
2638 1684 2832 1747 nubes.

2292 1776 2512 1835 iustitia
2555 1784 2648 1832 tua
2701 1776 2844 1832 sicut
2887 1781 3102 1831 montes
3144 1773 3237 1830 Dei
3270 1790 3283 1828 :
3314 1774 3341 1815 ⁸
3375 1779 3432 1830 et
3470 1771 3671 1845 judicia
3721 1780 3815 1830 tua

2222 1871 2455 1945 abyssus
2485 1869 2679 1925 multa.
2774 1870 2779 1875 ’

2139 1961 2187 2023 Β
2287 1952 2545 2020 Homines
2564 1971 2618 2018 et
2638 1961 2884 2029 iumenta
2910 1959 3093 2015 salvos
3123 1957 3314 2026 facies,
3340 1957 3813 2030 Dominetquem-

596 2058 728 2114 Filii
768 2069 939 2115 autem
963 2058 1263 2128 hominum,
1295 2060 1350 2115 in
1394 2057 1614 2131 tegmine
1656 2056 1863 2112 alarum
1902 2065 2113 2112 tuarum
2212 2054 2503 2111 admodum
2534 2051 2910 2137 multiplieasti
2934 2049 3342 2107 misericordias
3384 2060 3527 2117 tuas,
3563 2049 3751 2107 Deus:

525 2152 823 2222 sperabunt.

596 2241 1003 2298 lnebriabuntur
1029 2242 1092 2297 ab
1121 2242 1349 2306 ubertate
1378 2239 1561 2297 domus
1593 2247 1698 2295 tua:
1723 2253 1741 2294 :
1770 2247 1818 2295 et
1839 2247 2065 2296 torrente
2089 2250 2110 2280 ο

521 2332 803 2403 voluptatis
834 2344 936 2388 tua:
959 2332 1158 2404 potabis
1178 2347 1284 2388 eos.

536 2495 575 2504 ﬁ
594 2425 855 2493 Quoniam
875 2427 1020 2496 apud
1048 2436 1096 2480 te
1123 2435 1196 2482 est
1223 2427 1341 2497 fons
1364 2426 1481 2482 vita:
1508 2441 1525 2481 :
1558 2439 1619 2482 -ε-
1655 2435 1704 2480 et
1748 2422 1773 2495 1
1818 2425 1873 2480 in
1922 2424 2120 2481 lumine

527 2527 616 2572 tuo
646 2520 929 2575 videbimus
956 2522 1151 2575 lumen.

590 2609 869 2666 Prcetende
899 2611 1313 2667 misericordiam
1346 2619 1489 2666 tuam
1522 2610 1808 2667 scientibus
1859 2621 1906 2668 te
1929 2621 1977 2668 et
2002 2611 2117 2682 ius-

529 2702 694 2755 titiam
722 2713 863 2757 tuam
886 2704 963 2759 Itis
1001 2705 1092 2774 qui
1120 2714 1255 2759 recto
1281 2712 1400 2759 sunt
1425 2704 1599 2760 corde.

596 2793 721 2850 Non
740 2797 910 2850 veniat
938 2797 1067 2852 mihi
1096 2814 1187 2871 pes
1213 2798 1467 2871 superbia:
1491 2814 1510 2854 :
1539 2807 1588 2853 et
1616 2814 1801 2854 manus
1829 2796 2116 2871 peccatoris

527 2900 631 2940 non
654 2898 850 2942 moveat
872 2905 972 2946 me.

587 2977 674 3033 lbi
702 2980 995 3035 ceciderunt
1032 2981 1123 3053 qui
1171 2991 1457 3053 operantur
1499 2983 1832 3056 iniquitatem
1862 2999 1880 3039 :
1913 2982 2119 3055 expulsi

515 3077 674 3141 sunt,
711 3088 803 3126 nec
827 3080 1110 3146 potuerunt
1134 3082 1293 3128 stare.

2291 2146 2413 2203 Filii
2442 2157 2622 2203 autem
2650 2145 2934 2201 hominum
2970 2145 3022 2199 in
3069 2144 3421 2215 protectione
3460 2143 3668 2199 alarum
3695 2151 3820 2199 tua-

2234 2253 2357 2295 rum
2388 2236 2687 2308 sperabunt
2727 2254 2740 2289 :
2775 2233 3197 2290 inebriabuntur
3243 2234 3312 2290 ab
3342 2234 3589 2290 ubertate
3613 2234 3816 2291 domus

2224 2342 2365 2401 tute,
2399 2339 2453 2387 et
2483 2337 2724 2386 torrente
2746 2327 3047 2399 voluptatis
3075 2335 3184 2383 ture
3212 2327 3429 2398 potabis
3454 2340 3571 2383 eos.

2297 2422 2564 2492 Quoniam
2595 2419 2737 2492 apud
2767 2428 2819 2475 te
2846 2426 2933 2476 est
2954 2417 3077 2475 fons
3106 2418 3232 2474 vita:
3261 2434 3275 2472 :
3306 2418 3403 2491 et[
3436 2416 3539 2474 Ms.
3568 2423 3700 2472 tacet
3723 2415 3819 2489 et]

2224 2515 2278 2572 in
2303 2512 2508 2570 lumine
2539 2522 2631 2568 tuo
2651 2510 2959 2567 videbimus
2987 2512 3189 2567 lumen.

2293 2607 2581 2664 Prtetende
2628 2605 3064 2662 misericordiam
3111 2612 3257 2659 tuam
3295 2602 3597 2660 scientibus
3636 2610 3689 2660 te
3718 2619 3735 2657 :
3763 2609 3821 2659 et

2216 2700 2485 2772 justitiam
2515 2707 2658 2753 tuam
2688 2695 2773 2752 bis
2798 2696 2890 2768 qui
2929 2702 3079 2752 recto
3106 2703 3237 2751 sunt
3259 2694 3446 2751 corde.

2291 2793 2409 2848 Non
2433 2792 2617 2848 veniat
2649 2790 2782 2845 mihi
2825 2803 2921 2861 pes
2948 2787 3219 2860 superbiat
3254 2803 3269 2843 :
3295 2798 3351 2844 et
3398 2800 3590 2844 manus
3615 2800 3819 2861 pecca-

2226 2896 2404 2944 torum
2434 2902 2541 2942 non
2565 2892 2783 2942 moveat
2809 2884 2829 2957 [
2862 2883 2968 2939 Ms.
3001 2880 3301 2954 moveant]
3330 2896 3438 2937 me.

2297 2977 2374 3034 Ibi
2405 2975 2721 3034 ceciderunt
2748 2990 2939 3032 omnes
2966 2975 3058 3047 qui
3089 2983 3386 3055 operantur
3414 2971 3765 3045 iniquitatem
3801 2989 3815 3028 :

2221 3069 2433 3140 expul~i
2463 3079 2587 3125 sunt
2606 3110 2622 3137 ,
2653 3083 2753 3125 nec
2782 3075 3078 3139 potuerunt
3100 3076 3270 3123 stare.

1814 3187 2173 3251 PSALMUS
2215 3187 2518 3250 XXXVI.

1077 3301 1138 3344 -εν
1167 3301 1264 3344 lPSl
1309 3288 1333 3357 1
1370 3304 1558 3345 mmo.

595 3375 622 3416 ιι
654 3378 850 3450 Aleph.
904 3378 1033 3434 Noli
1084 3380 1323 3436 temulari
1367 3382 1423 3437 in
1455 3381 1866 3455 malignantibtts
1899 3399 1917 3438 :
1957 3397 2120 3455 neque

519 3471 768 3526 zelaveris
794 3473 1046 3543 facientes
1067 3473 1412 3544 iniquitatem.

592 3564 853 3630 Quoniam
906 3555 1166 3634 tamquam
1210 3569 1387 3638 fenum
1446 3568 1697 3624 uelociter
1728 3576 1961 3624 arescent
2011 3583 2030 3624 :
2071 3578 2121 3625 et

523 3658 964 3728 quemadmodum
995 3660 1136 3713 olera
1160 3658 1444 3714 herbarum
1477 3670 1499 3698 ο
1532 3661 1631 3715 cito
1659 3661 1912 3716 decident.

597 3750 760 3806 Belli.
788 3750 959 3823 Spera
984 3752 1038 3805 in
1072 3750 1299 3806 Domino
1322 3792 1337 3818 ,
1367 3751 1525 3824 et[fac
1555 3753 1827 3809 bonitatem
1852 3771 1870 3808 :
1904 3769 1966 3810 σε-
1998 3758 2045 3809 et
2092 3755 2115 3823 1

524 3840 760 3896 inltabita
790 3852 983 3897 terram
1001 3883 1015 3909 ,
1038 3853 1087 3897 et
1117 3843 1348 3915 pasceris
1383 3845 1438 3898 in
1467 3844 1662 3898 divitiis
1689 3849 1822 3919 ejus.

599 3934 873 3992 Delectare
898 3936 953 3990 in
984 3936 1246 4003 Domino;
1273 3944 1325 3992 et
1353 3935 1493 3991 dabit
1521 3937 1613 3992 tibi
1639 3938 1911 4011 petitiones
1945 3940 2121 3994 cordis

529 4030 626 4084 tui.

592 4120 791 4177 Gimel.
828 4121 1018 4177 Revela
1048 4120 1275 4177 Domino
1301 4122 1435 4177 uiam
1461 4130 1632 4188 tuam,
1668 4138 1719 4178 et
1749 4139 1899 4194 spera
1925 4124 1980 4179 in
2017 4140 2117 4180 eo:

522 4220 569 4267 et
600 4212 710 4280 ipse
736 4213 910 4283 faciet.

594 4303 667 4357 Et
688 4305 867 4359 educet
888 4306 1039 4375 quasi
1077 4305 1251 4361 lumen
1291 4306 1555 4377 justitiam
1594 4315 1755 4376 tuam,
1784 4317 1835 4364 et
1854 4310 2118 4381 judicium

527 4408 789 4469 tamquam
815 4399 1101 4455 meridiem.

592 4492 808 4548 Daletlt.
831 4489 1086 4547 Subditus
1113 4501 1220 4549 esto
1245 4493 1467 4549 Domino
1486 4535 1503 4562 ,
1535 4503 1585 4549 et
1611 4511 1704 4550 ora
1732 4512 1849 4551 eum
1876 4512 1898 4552 :

598 4583 728 4638 Noli
779 4585 1018 4639 wumlari
1057 4586 1111 4640 in
1156 4601 1217 4640 eo
1259 4587 1349 4658 qui
1403 4595 1738 4659 prosperatur
1780 4590 1836 4644 in
1876 4589 1958 4646 uia
1982 4606 2118 4658 sua;

520 4676 578 4731 in
606 4673 817 4731 homine
840 4676 1063 4745 faciente
1090 4676 1373 4749 iujustitias
1397 4692 1417 4733 :

591 4911 620 4974 _a
645 4901 817 4958 Carus
835 4903 940 4972 ipsi
958 4945 972 4969 ,
1006 4900 1285 4974 Palatinus
1314 4917 1417 4958 ms.
1448 4904 1715 4974 prmponit
1748 4903 2011 4960 Psalmus.
2072 4904 2075 4907 ’

593 4971 635 5045 ιᾲ
653 4971 928 5029 Palatinus
956 4988 1065 5045 ms.
1089 4973 1230 5029 hunc
1256 4982 1311 5029 et
1332 4974 1425 5044 qui
1450 4971 1702 5042 proxime
1741 4976 2109 5045 subsequitur,

2148 3293 2195 3354 C

2680 3300 2804 3343 llUlC
2842 3284 2994 3359 [Ms.
3025 3301 3126 3343 rem
3151 3283 3172 3357 ]
3198 3301 3379 3342 nmo.

2297 3380 2483 3453 Aleplt.
2531 3378 2653 3435 Noli
2683 3378 2711 3417 ιι
2738 3379 2980 3434 :emulari
3012 3381 3151 3435 inter
3190 3378 3583 3449 malignantes,
3635 3393 3817 3450 neque

2224 3472 2510 3529 aemulatus
2539 3471 2709 3526 lueris
2737 3470 3002 3527 facientes
3021 3470 3383 3541 iniquitatem.

2296 3562 2562 3630 Quoniam
2590 3571 2864 3631 tamquam
2893 3560 3076 3615 fenum
3127 3562 3389 3643 velo‘citer
3418 3572 3671 3620 arescent
3702 3579 3717 3619 :
3756 3573 3817 3621 et

2226 3660 2366 3715 sicut
2395 3659 2543 3713 olera
2573 3658 2865 3713 herbarum
2889 3656 2997 3711 cito
3019 3655 3235 3712 cadent.

2296 3749 2447 3805 Betti.
2476 3750 2648 3821 Spera
2696 3750 2750 3805 in
2808 3749 3067 3816 Domino,
3111 3759 3166 3805 et
3211 3748 3296 3806 l'ac
3322 3748 3624 3805 bonitatem
3680 3766 3696 3804 :
3760 3759 3818 3805 et

2225 3842 2465 3899 inbabita
2495 3850 2825 3907 terram,~et
2851 3841 3092 3911 pasceris
3122 3842 3178 3897 in
3208 3840 3410 3921 divitiis
3454 3840 3474 3913 [
3522 3838 3627 3897 Ms.
3674 3840 3820 3897 divi-

2228 3933 2372 3989 tibus
2402 3932 2420 4005 ]
2451 3934 2588 4003 ejus.

2295 4022 2578 4079 Delectare
2621 4022 2675 4079 in
2708 4021 2937 4079 Domino
2980 4038 2994 4078 :

2222 4114 2402 4170 cordis
2435 4117 2534 4170 tui.

2294 4206 2481 4263 Ginzel.
2534 4207 2733 4264 Revela
2763 4207 2997 4263 Domino
3025 4206 3174 4281 [11s.
3201 4208 3271 4263 ad
3300 4207 3628 4280 Dominum]
3660 4207 3811 4265 viam

2224 4309 2403 4370 luant,
2432 4310 2482 4356 et
2515 4314 2679 4369 spera
2708 4300 2766 4356 in
2796 4314 2860 4355 eo
2883 4301 2902 4372 [
2928 4300 3023 4354 Ms.
3055 4314 3179 4356 eum
3208 4299 3228 4371 j
3262 4316 3277 4355 :
3307 4310 3366 4356 et
3397 4299 3514 4371 ipse
3568 4300 3584 4337 ί
3622 4301 3810 4357 faciet.

2292 4394 2363 4449 Et
2387 4394 2584 4450 educet
2611 4404 2882 4463 tamquam
2913 4392 2929 4463 [
2960 4391 3065 4447 Ms.
3094 4392 3273 4465 sicut]
3318 4393 3498 4448 lumen
3532 4394 3812 4465 justitiam

2225 4498 2370 4545 tuam
2409 4506 2422 4543 :
2459 4488 2799 4558 etjudicium
2833 4497 3013 4554 tuum,
3044 4486 3521 4543 sicutmeridiem.

2292 4579 2503 4636 ΠαιειΙι.
2534 4581 2791 4637 Subditus
2812 4591 2934 4635 esto
2978 4579 3214 4635 Domino
3237 4623 3252 4649 ,
3286 4589 3343 4637 et
3374 4583 3602 4638 obsecra
3622 4591 3758 4637 Cum
3794 4600 3809 4638 :

3040 4029 3096 4080 et
3138 4021 3288 4107 dabit
3338 4022 3436 4079 tibi
3481 4021 3814 4094 petitionem

2134 4681 2190 4742 1)
2213 4689 2281 4730 ne
2301 4673 2589 4729 aemulatus
2610 4672 2775 4728 fueris
2796 4671 2927 4745 [Μδ.
2945 4671 3341 4743 submmuleris]
3374 4687 3522 4738 eum,
3549 4673 3642 4743 qui
3673 4689 3809 4743 pro-

2213 4774 2462 4839 speratur
2490 4768 2541 4821 in
2565 4766 2648 4821 via
2680 4780 2774 4821 sua
2794 4805 2811 4834 ,
2846 4764 2905 4820 in
2927 4764 3146 4821 homine
3166 4764 3405 4822 faciente
3438 4766 3805 4838 iniquitatem.

2215 4918 2291 4963 set
2318 4924 2337 4962 :
2363 4906 2442 4962 sic
2468 4905 2603 4960 infra
2624 4948 2639 4972 ,
2667 4905 2786 4960 odio
2807 4904 2987 4961 habuit
3017 4918 3115 4974 pro
3146 4904 3308 4962 odiui.

2292 4988 2318 5028 ε
2344 4977 2717 5033 Praetermissa
2757 4984 2806 5031 et
2835 4975 3053 5044 copula,
3105 4974 3387 5031 unanimes
3430 4976 3691 5035 continuo
3715 4978 3800 5036 le-

519 5043 1098 5120 obelosprzetermittit
1122 5062 1135 5098 :
1155 5052 1270 5120 _tutn
1296 5043 1366 5120 ad
1389 5059 1580 5101 versus
1604 5047 1767 5102 linem
1798 5043 2105 5117 Diapsalma
2207 5057 2341 5120 gunt
2376 5047 2786 5120 Augustinuset
2809 5043 3111 5120 Veronens.
3137 5060 3240 5100 ms.
3280 5047 3489 5120 judicia
3543 5056 3634 5103 tua
3662 5052 3800 5115 sicut

520 5116 747 5183 appetiit
773 5126 1064 5184 utrumque
1095 5115 1275 5171 minus
1296 5115 1458 5170 bene.

593 5194 616 5223 ο
651 5184 704 5237 In
737 5184 982 5239 Palatino
1013 5198 1142 5251 ms.,
1171 5188 1469 5240 uoluntatis.

589 5251 617 5291 ἀ
647 5254 800 5309 Hunc
828 5256 1093 5322 psalmum
1121 5267 1370 5311 recenset
1398 5257 1757 5326 Hieronymus
1790 5255 1842 5311 in
1867 5256 2103 5326 Prologo

517 5322 917 5392 Scripturarum
955 5327 1096 5397 inter
1122 5341 1219 5382 eos
1241 5370 1256 5394 ,
1296 5328 1385 5397 qui
1416 5322 1864 5397 viginti'duarum
1890 5322 2066 5384 littera
2087 5361 2099 5371 α

513 5409 634 5448 rum
656 5404 917 5466 texuntur
941 5396 1228 5458 alpltabeto
1264 5416 1275 5449 :
1309 5396 1739 5466 quarelitteras.
1764 5398 1879 5453 sive
1911 5414 2097 5456 earum

515 5465 1086 5536 nominaretinnimus
1115 5467 1168 5521 in
1205 5468 1308 5523 hoc
1330 5465 1563 5536 psalmo.
1598 5468 1775 5522 MART.

588 5535 907 5608 -—llebraici
924 5537 1196 5605 alpltabeti
1221 5535 1429 5593 litteras
1455 5537 1651 5608 cuique
1675 5538 1826 5608 juxta
1848 5538 2096 5596 ordinem

512 5606 691 5678 versui
721 5608 1049 5678 praepositas
1068 5608 1339 5663 Palatinus
1371 5623 1473 5663 ms.
1504 5606 1734 5678 ignorat.

2204 5116 2420 5190 abyssus
2453 5116 2633 5190 multa.
2669 5116 2920 5174 Homines
2939 5127 2986 5190 et
3013 5120 3252 5190 jumenta
3271 5116 3511 5179 salvebis.
3549 5120 3794 5185 Domine,

2203 5187 2336 5245 sicut
2385 5188 2727 5260 multiplicata
2764 5202 2838 5260 est
2884 5187 3233 5243 misericordia
3259 5196 3379 5260 tua,
3432 5190 3576 5244 Deus
3602 5207 3621 5244 .'
3653 5199 3710 5245 et
3740 5192 3793 5246 itt

2203 5260 2480 5385 sequgntis
2501 5258 2753 5320 versiculi
2781 5258 2909 5327 ﬁne,
2930 5267 3207 5314 torrentem
3235 5258 3543 5316 deiicientm
3571 5270 3783 5317 tuarum

2205 5341 2326 5385 pota
2364 5348 2407 5384 ts
2438 5346 2543 5385 eos.

2204 5341 2407 5401 potatus
2438 5346 2543 5386 eos.

2277 5398 2306 5439 ιι
2334 5401 2433 5457 Ms.
2460 5399 2789 5455 subtemulari
2814 5399 2867 5454 in
2910 5399 3313 5469 malignautibus
3343 5417 3507 5470 neque
3531 5401 3791 5457 azmuleris

2200 5480 2334 5536 etc.;
2360 5481 2471 5528 tum
2500 5473 2658 5526 unice
2676 5486 2800 5526 cum
2824 5472 3144 5540 Augustino,
3174 5472 3272 5525 cito
3293 5481 3547 5539 arescent,
3579 5485 3627 5527 et
3655 5473 3787 5527 sicut

2204 5542 2346 5597 olera
2378 5542 2514 5611 prati
2543 5543 2643 5611 cito
2672 5544 2880 5611 cadent.

2276 5612 2292 5651 ί
2324 5608 2475 5681 Quod
2509 5608 2739 5682 preuiert
2759 5610 3085 5673 Veronensis
3116 5625 3219 5666 ms.
3256 5616 3340 5681 fac
3370 5612 3651 5666 bonitatem
3681 5628 3783 5682 pro

587 5686 612 5713 θ
648 5677 743 5731 llic
771 5676 988 5754 obelum
1031 5677 1259 5733 Palatitt.
1301 5694 1415 5754 _ms.
1469 5676 1593 5754 voci
1636 5681 1740 5735 cito
1764 5679 2034 5751 praeﬁgit,
2063 5695 2095 5737 a
2195 5684 2306 5753 ipse
2334 5676 2689 5754 fbcietffacile
2709 5680 2780 5736 de
2801 5683 3065 5754 superiori
3083 5676 3503 5753 proximeversu
3526 5676 3781 5741 librarius

515 5746 899 5818 qunsequenti
924 5761 1052 5818 vero
1082 5755 1130 5800 et
1160 5748 1407 5818 copulam
1436 5750 1641 5805 eximit.

589 5816 609 5854 ί
640 5815 810 5874 Iidem
844 5819 1001 5874 unice
1032 5817 1172 5875 inter
1212 5815 1271 5876 se
1294 5818 1702 5893 consentientes
1729 5819 1853 5878 libri
1879 5829 1927 5877 et
1957 5820 2096 5878 odis-

2196 5752 2343 5812 aliud
2369 5768 2535 5824 agens
2557 5752 2863 5822 supposuit.
2933 5789 2941 5795 μ
