4062 6356
231 345 318 404 181

1517 344 1723 402 LIBER
1765 346 2206 406 PSALMORUM.

3405 351 3509 410 182

292 461 388 518 lle.
443 459 640 517 Desine
681 461 746 516 ab
787 463 898 528 ira,
946 468 993 516 et
1042 460 1342 534 derclinque
1387 462 1621 534 furorem
1664 463 1812 518 :noli
1841 467 1889 524 Λ
1987 462 2088 518 He.
2128 463 2322 520 Desine
2350 463 2418 518 ab
2447 462 2547 531 ira,
2573 461 3396 536 etderelinquc[Ms.relinque]
3425 465 3506 521 fu-

229 556 455 612 mulori
482 597 498 621 ,
529 565 584 611 ut
605 555 921 627 maligneris.

295 650 556 718 Quoniam
580 651 673 721 qui
698 650 1049 722 malignantur
1066 691 1080 714 ,
1105 647 1587 703 exterminabuntur
1612 649 1812 706 :susti-

227 751 394 797 nentes
419 749 598 794 autem
620 740 931 805 Dominum,
964 739 1067 810 ipsi
1095 739 1476 809 hereditabunt
1499 750 1712 795 terram.

294 836 423 889 γῆν.
455 834 526 889 Et
565 835 738 889 adhuc
765 833 1038 904 pusillum,
1084 843 1137 890 et
1169 849 1273 888 non
1311 833 1408 888 erit
1457 843 1740 905 peccator:
1767 844 1818 890 et

232 944 420 1001 quietes
448 928 623 1002 locum
650 932 760 1002 ejus
777 971 790 996 ,
821 936 868 980 et
895 943 997 980 non
1023 927 1270 982 invenies.

257 1018 549 1074 ~llansueti
571 997 744 1074 autem
769 1019 1146 1073 harreditabunt
1175 1027 1372 1074 terram

223 1113 407 1166 buntur
434 1113 489 1166 in
517 1111 854 1166 multitudine
881 1111 1047 1182 pacis.

289 1203 441 1261 Zain.
474 1204 776 1261 Obseruabit
801 1214 1036 1278 peccator
1057 1207 1301 1277 justum:
1334 1212 1380 1258 et
1403 1203 1637 1259 stridebit
1666 1221 1821 1277 super

222 1314 333 1352 eum
362 1298 600 1352 dentibus
626 1299 755 1352 suis.
784 1307 811 1336 ι

286 1388 542 1464 Dominus
576 1405 636 1444 -ι-
663 1396 835 1443 autem
869 1389 890 1456 ζ
923 1388 1159 1444 irridebit
1186 1389 1589 1459 eum:quoniam
1615 1387 1818 1461 prospi-

220 1482 283 1534 cit
302 1483 438 1553 quod
460 1483 629 1559 ueniet
653 1482 764 1535 dies
785 1483 917 1551 ejus.

286 1573 448 1628 Heth.
485 1573 736 1628 Gladium
778 1573 1175 1646 euaginaverunt
1203 1581 1495 1642 peccatores
1529 1587 1546 1626 :
1585 1571 1820 1627 intende-

219 1676 340 1721 runt
367 1683 549 1722 areum
577 1683 751 1732 suum,
1026 1647 1030 1660 ’

287 1760 355 1816 Ut
401 1761 432 1801 δ
472 1763 724 1834 dejiciant
770 1776 1051 1834 pauperem
1098 1769 1148 1816 et
1178 1760 1429 1833 inopem:
1458 1768 1514 1814 ut
1563 1761 1817 1816 trucident

217 1863 377 1909 rectos
397 1855 576 1909 corde.
703 1927 708 1935 Ι

285 1947 448 2003 Tetb.
491 1945 716 2002 Gladius
745 1963 921 2002 eorum
957 1949 1116 2002 intret
1156 1947 1212 2000 in
1251 1945 1412 2000 corda
1450 1947 1684 2017 ipsorum
1714 1961 1733 2000 :
1770 1955 1818 2000 et

219 2055 366 2094 arcus
395 2055 575 2094 eorum
603 2039 989 2110 confringatur.

288 2131 481 2185 illelius
513 2141 536 2171 ο
564 2141 637 2187 est
665 2131 924 2186 modicum
943 2134 1092 2203 justo
1116 2171 1132 2198 ,
1168 2131 1322 2203 super
1347 2129 1554 2185 divitias
1585 2138 1818 2202 peccato-

213 2240 326 2279 rum
351 2225 564 2280 multas.

283 2319 546 2385 Quoniam
589 2319 802 2374 brachia
840 2301 1162 2390 peccatorum
1209 2326 1579 2374 conterentur:
1622 2318 1816 2390 conﬁr-

210 2421 318 2466 utat
343 2422 513 2466 autem
535 2413 711 2483 justas
741 2410 1015 2468 Dominus.

278 2503 404 2560 Jod.
437 2504 593 2560 Novit
626 2503 878 2559 Dominus
909 2505 1018 2560 dies
1047 2503 1501 2559 immaculatorum
1525 2519 1544 2558 :
1576 2510 1621 2558 et
1650 2502 1813 2558 luere-

214 2596 351 2650 ditas
376 2612 554 2651 eorum
583 2592 609 2633 ἀ
633 2596 686 2650 in
718 2605 965 2651 aeternum
992 2598 1108 2651 erit.
1735 2582 1738 2584 i

283 2687 407 2743 Non
455 2689 840 2760 confundentur
878 2689 934 2743 in
979 2699 1205 2761 tempore
1243 2687 1381 2742 malo
1413 2703 1433 2743 :
1461 2696 1509 2742 et
1544 2687 1599 2742 in
1636 2686 1812 2742 diebus

210 2781 370 2851 famis
397 2781 790 2836 saturabuntur.

277 2873 455 2944 Caph.
490 2875 626 2942 Quia
646 2883 938 2945 peccatores
964 2872 1223 2944 peribunt.

277 2965 493 3020 Inimici
528 2982 645 3022 vero
686 2963 898 3020 Domini
942 2981 1061 3020 mea:
1103 2975 1126 3004 ο
1158 2975 1214 3020 ut
1260 2964 1587 3034 honoriﬁcati
1617 2966 1808 3033 fuerint

205 3067 253 3112 et
285 3059 505 3112 eraltati
527 3074 545 3113 :
573 3059 861 3129 deﬁcientes
888 3057 1318 3130 quemadmodum
1348 3060 1520 3128 fumus
1547 3057 1799 3126 deﬁcient.

280 3149 504 3205 Lamed.
541 3150 863 3205 Mutnabitur
885 3160 1142 3220 peccator,
1187 3158 1232 3204 et
1260 3165 1363 3204 non
1403 3149 1561 3204 solvet
1590 3165 1608 3203 :
1627 3150 1804 3221 justus

206 3253 382 3298 mrtem
412 3245 701 3312 miseretur,
734 3254 780 3298 et
812 3243 1060 3299 ftribuet.

284 3337 425 3404 Quia
459 3337 817 3391 benediceutes
857 3338 903 3390 ei
934 3337 1301 3392 ltwreditabunt
1327 3345 1516 3391 terram
1549 3355 1567 3392 :
1598 3338 1816 3393 maledi-

206 3438 376 3484 centes
399 3440 572 3484 autem
592 3433 637 3484 ei
665 3429 1005 3502 disperibunt.

283 3524 447 3579 Mem.
483 3524 639 3593 Apud
668 3521 947 3579 Dominum
980 3540 1184 3596 gressus
1224 3523 1444 3578 hominis
1474 3523 1766 3596 dirigentur
1797 3542 1818 3580 :

206 3625 252 3671 et
277 3617 416 3671 viam
446 3618 559 3688 ejus
585 3617 742 3671 colet.

282 3709 414 3762 Cum
443 3710 706 3776 ceciderit,
731 3725 830 3764 non
853 3709 1162 3766 collidetur:
1190 3709 1311 3778 quia
1334 3707 1588 3762 Dominus
1617 3723 1810 3780 suppo-

205 3802 287 3855 nit
317 3817 527 3856 manum
554 3818 725 3855 suam.
758 3811 784 3847 κ

279 3893 428 3950 Nun.
458 3893 650 3948 Iunior
677 3897 775 3966 fui,
814 3895 1001 3951 etenim
1028 3895 1174 3948 senui
1203 3910 1223 3949 :
1253 3901 1300 3948 et
1331 3909 1435 3948 non
1469 3893 1573 3948 uidi
1613 3895 1810 3966 justum

206 3986 539 4053 derelictum,
567 4002 660 4041 nec
682 4003 852 4041 semen
879 3988 993 4058 ejus
1013 4002 1244 4058 quarens
1268 4001 1474 4058 panem.

280 4077 418 4131 Tota
440 4079 524 4132 die
552 4081 847 4148 miseretur,
881 4088 926 4134 et
954 4079 1244 4133 commodat
1268 4093 1284 4131 :
1313 4085 1359 4131 et
1389 4093 1560 4133 semen
1588 4077 1733 4132 illius
1756 4079 1811 4132 in

203 4171 560 4230 benedictione
587 4186 646 4226 ἐν
681 4173 777 4226 erit
812 4172 833 4240 ζ

1439 1035 1458 1075 :
1501 1027 1548 1073 et
1591 1019 1818 1074 delecta-

284 4320 309 4348 ι
334 4311 498 4365 Addit
529 4310 617 4364 hic
644 4310 820 4374 Palat,
849 4324 952 4363 ms.
987 4307 1311 4373 Diapsuln'ta.

280 4381 309 4420 ι’
340 4381 512 4435 Palat.
565 4398 667 4434 ms.
715 4383 996 4444 decipiant,
1047 4394 1204 4444 quem
1254 4389 1497 4431 errorem
1549 4375 1806 4433 discimus

205 4456 380 4508 etiam
411 4451 744 4506 Veronensis
770 4452 1016 4504 Psalterii
1045 4449 1280 4502 scribam
1308 4462 1544 4501 errasse.

289 4536 309 4559 θ
342 4523 512 4578 Tacet
536 4523 680 4577 idem
709 4537 813 4576 ms.
845 4523 1069 4576 verbum
1099 4530 1191 4584 est,
1217 4520 1360 4588 quod
1386 4534 1560 4588 neque
1593 4519 1644 4574 itt
1673 4518 1822 4574 Grat-

205 4611 279 4652 co
308 4605 552 4649 resontt.
845 4601 902 4632 κ

284 4663 310 4702 ά
343 4663 795 4734 Prmpositionem
834 4663 889 4717 in
947 4661 1180 4717 Palatia.
1227 4674 1329 4715 ms.
1362 4669 1417 4716 et
1456 4659 1626 4716 Carus
1663 4659 1820 4717 obclo

213 4738 484 4790 iugulant.

281 4755 308 4775 η
356 4755 400 4786 ιιι
473 4777 484 4790 .

206 4755 492 4862 1υῖυωᾟη
527 4821 628 4862 ms.
661 4814 715 4860 ut
751 4805 937 4860 vocula
975 4802 1357 4874 prmtermissa,
1395 4801 1563 4856 verba
1604 4811 1651 4855 et
1679 4801 1820 4856 exal-

209 4879 334 4942 tati,
368 4877 538 4932 minio
567 4878 763 4932 iniecta
794 4884 1170 4944 repra'sentat.

292 4950 311 4987 ί
339 4950 573 5016 Sequior
594 4962 788 5002 manus
813 4942 1079 5000 incudem
1104 4944 1222 5016 cod.
1251 4943 1532 5016 rescripsit
1552 4942 1814 4998 retribuet.

292 5029 315 5065 ετ
347 5015 546 5073 Iturium
594 5019 681 5071 ltic
729 5017 1036 5085 Diapsalma
1084 5015 1234 5067 addit
1279 5015 1508 5068 Palatia.
1558 5031 1658 5068 ms.
1704 5025 1816 5068 tum

212 5090 540 5144 adverbium
585 5090 770 5145 etenim
813 5105 879 5144 ex
915 5095 1088 5157 parte,
1123 5087 1336 5151 ὀϐελίζει
1377 5100 1414 5140 —:
1471 5092 1518 5142 et
1561 5087 1696 5140 enim
1741 5102 1820 5139 se-

213 5179 337 5222 ιιιιι,
373 5175 480 5216 CIC.

295 5230 318 5267 ιι
356 5231 464 5285 Pro
497 5231 731 5302 nequiter
762 5229 848 5284 hic
881 5237 1042 5302 atque
1076 5228 1209 5282 inira
1241 5227 1466 5302 maligne
1493 5227 1658 5302 iidem
1694 5228 1819 5284 libri

216 5303 519 5368 pra-ferunt
567 5300 581 5357 ἑ
633 5312 744 5356 tutu
798 5301 1105 5355 sustinentes
1150 5309 1318 5352 autent
1352 5300 1663 5363 Dominum,
1695 5315 1816 5352 cum

218 5373 509 5428 Gallicana
529 5417 543 5436 ,
570 5387 804 5442 quocum
847 5387 1060 5427 rursum
1081 5411 1095 5438 ,
1120 5381 1165 5425 et
1193 5371 1360 5424 adhuc
1389 5368 1638 5441 pusillum
1663 5413 1677 5437 ,
1705 5380 1810 5425 etc.

218 5455 268 5498 et
299 5462 408 5496 non
440 5445 688 5498 invenies.

303 5515 315 5550 ί
371 5515 498 5569 Plus
532 5515 695 5568 habet
726 5514 1032 5570 Veronens.
1081 5529 1183 5569 ms.
1217 5511 1473 5567 mansueti
1499 5522 1666 5565 autem
1718 5510 1820 5580 ipsi

221 5586 526 5641 luereditate
552 5585 925 5656 possidebunt,
972 5594 1100 5656 δια,
1146 5585 1320 5642 ferme
1350 5594 1530 5639 autem
1553 5598 1676 5639 cum
1705 5586 1820 5638 Au-

259 5657 467 5713 u-tinn.

220 5672 503 5799 guttildgin
554 5743 682 5797 ms.,
727 5729 898 5782 statim
945 5737 1000 5782 ut
1050 5727 1593 5799 glori/icabtmtur,_ct
1634 5725 1828 5799 exalta-

229 5797 419 5869 buntur
461 5816 534 5853 :a
568 5794 677 5868 quo
715 5814 821 5853 nuo
854 5794 1456 5869 verbo,'gloriabuntur,
1503 5794 1830 5869 Augustinus

229 5868 460 5924 abludit.
486 5867 692 5925 thtcra
721 5873 1001 5942 {mueratur
1025 5867 1281 5942 peccator,
1302 5877 1346 5924 et
1374 5883 1476 5923 non
1505 5867 1830 5939 solvetﬁ‘tum

1845 4451 1898 4509 D

1920 571 2098 612 rorem
2125 598 2140 623 ,
2187 572 2254 612 ne
2295 556 2566 612 temulcris
2609 555 2735 627 Uis.
2774 555 3194 628 subaemuleris],
3246 566 3304 612 ut
3345 555 3370 594 ιι
3409 573 3506 614 ne-

1920 649 2100 721 quiter
2129 649 2316 705 facias.

1992 741 2260 809 Quoniam
2292 742 2385 813 qui
2418 743 2668 812 nequiter
2693 750 2897 813 agunt,
2934 743 3448 800 exterminabuntur
3481 762 3493 798 :

1918 835 2009 903 qui
2037 849 2166 888 vero
2194 843 2513 904 exspectant
2541 835 2833 891 Dominum
2859 881 2872 904 ,
2907 835 3008 908 ipsi
3031 835 3354 894 hteredilate
3378 853 3506 908 pos-

1920 927 2174 982 sidebunt
2203 939 2423 990 terram.

1999 1019 2134 1075 Van.
2170 1020 2428 1074 Pusillum
2460 1019 2671 1087 adhuc,
2723 1030 2777 1075 ct
2823 1035 2934 1076 non
2981 1022 3084 1077 erit
3115 1029 3369 1092 peccator
3413 1031 3511 1079 :ct

1920 1129 2130 1184 quaeres
2158 1114 2331 1168 locum
2363 1114 2503 1185 ejus,
2547 1131 2644 1170 nec
2675 1115 2943 1172 invenies.

1997 1206 2013 1244 ί
2043 1205 2302 1261 Mansueti
2327 1217 2503 1262 autem
2538 1209 2886 1277 possidebunt
2923 1217 3120 1264 terram
3155 1226 3168 1263 :
3197 1216 3253 1265 et
3276 1209 3514 1266 delecta-

1917 1298 2119 1354 buntur
2150 1301 2199 1353 in
2227 1299 2567 1356 multitudine
2601 1301 2765 1370 pacis.

1990 1391 2141 1445 Zain.
2173 1391 2490 1446 Observabit
2520 1403 2770 1461 peccator
2797 1393 3032 1464 justum,
3065 1402 3120 1450 et
3150 1394 3344 1450 fremet
3375 1395 3504 1468 [Με.

1919 1481 2134 1554 stridet]
2165 1498 2326 1556 super
2355 1499 2476 1538 eum
2503 1484 2749 1539 dentibus
2773 1487 2886 1540 suis
2911 1503 2922 1540 :
2952 1487 3207 1542 Dominus
3231 1495 3406 1542 autem
3433 1489 3508 1542 ir-

1916 1575 2111 1630 ridebit
2133 1592 2277 1643 eum,
2307 1577 2559 1646 quoniam
2587 1578 2842 1647 prospicit
2863 1579 3005 1648 quod
3028 1579 3208 1634 veniet
3230 1578 3344 1633 dies
3369 1578 3506 1648 ejus.

1989 1665 2146 1720 ﬂet/2.
2205 1667 2453 1723 Gladium
2527 1671 3128 1744 evaginavcruntst.
3189 1672 3512 1746 eduxerunt]

1916 1769 2231 1830 peccatores
2279 1780 2289 1813 :
2337 1761 2680 1817 tetenderunt,
2720 1762 2848 1834 [Με.
2893 1763 3273 1835 extenderunt]
3324 1779 3508 1821 arcum

1844 1849 1894 1908 B
1921 1866 2097 1917 suum,
2141 1863 2198 1907 ut
2237 1853 2494 1922 dejiciant
2539 1855 2754 1928 inopem
2807 1862 2862 1911 et
2891 1870 3206 1926 pauperem,
3257 1866 3318 1912 ut
3342 1859 3508 1912 truci-

1922 1945 2053 2002 dent
2080 1956 2258 2002 rectos
2285 1948 2468 2004 corde.

1993 2040 2142 2094 Tetlt.
2192 2040 2414 2098 Gladius
2458 2041 2585 2115 [lils.
2630 2041 2856 2114 framea]
2899 2058 3087 2100 eorum
3129 2044 3294 2101 intret
3328 2045 3380 2100 in
3419 2059 3513 2100 cor

1919 2131 2160 2203 ipsorum
2191 2149 2204 2188 :
2234 2142 2290 2188 et
2314 2149 2472 2190 arcus
2494 2149 2682 2191 eorum
2715 2145 3050 2192 conteratur.

1986 2223 2176 2279 Melius
2216 2236 2296 2280 est
2331 2226 2597 2282 modicum
2620 2227 2790 2299 justo,
2820 2243 2982 2300 super
3009 2228 3221 2285 divitias
3263 2237 3515 2301 peccato-

1918 2331 2038 2372 rum
2066 2313 2288 2375 multas.

1989 2409 2252 2476 Quoniam
2303 2411 2523 2470 brachia
2569 2420 2908 2482 peccatorum
2953 2421 3348 2471 conterentur:
3383 2428 3512 2472 con-

1920 2500 2097 2558 ﬁrmat
2124 2512 2302 2560 autem
2321 2504 2497 2575 justos
2529 2505 2810 2560 Dominus.
3284 2522 3289 2550 ε

1987 2593 2112 2649 Jod.
2145 2595 2304 2652 Novit
2334 2597 2592 2652 Dominus
2615 2598 2728 2651 vias
2760 2597 3231 2654 immaculatorum
3267 2607 3364 2656 :et
3395 2597 3508 2654 ha:-

1914 2688 2116 2746 reditas
2138 2705 2327 2746 eorum
2360 2691 2409 2745 iu
2443 2701 2704 2745 :etcrnum
2732 2691 2855 2746 erit.

1987 2784 2102 2838 Non
2131 2783 2529 2838 coniundemur
2568 2783 2618 2838 in
2657 2792 2902 2853 tempore
2931 2783 3073 2839 malo
3102 2800 3115 2838 :
3143 2790 3196 2838 et
3236 2782 3292 2839 in
3321 2779 3511 2840 diebus

1914 2876 2071 2930 lamis
2106 2876 2493 2930 Saturabuntur
2530 2877 2543 2924 i
2578 2875 2702 2945 [Με.
2738 2873 2965 2945 manet].

1981 2967 2146 3040 Caph.
2188 2968 2451 3036 Quoniam
2480 2976 2789 3037 peccatores
2819 2966 3092 3037 peribunt.
3498 3020 3513 3040 ε

1981 3059 2185 3115 Inimici
2213 3072 2392 3115 autem
2434 3060 2646 3114 Domini
2681 3075 2804 3112 mox
2835 3068 2893 3113 ιιι
2934 3057 3182 3113 honorati
3212 3037 3515 3113 ctexallatl

1913 3152 2118 3210 fuerint
2149 3172 2161 3207 :
2187 3154 2502 3208 deﬁcientes
2525 3162 2582 3207 ut
2607 3153 2814 3219 fumus,
2839 3152 3111 3206 deﬁcient.

1836 3239 1882 3300 C
1987 3248 2202 3302 Lamed.
2250 3249 2520 3304 Mutuatur
2547 3256 2817 3317 peccator,
2857 3253 2912 3301 et
2945 3261 3052 3300 non
3082 3244 3242 3299 solvit
3279 3261 3291 3298 :
3329 3241 3513 3313 justus

1921 3350 2101 3396 autem
2127 3341 2438 3404 miseretur,
2467 3349 2520 3393 ct
2546 3338 2873 3392 Commodat.

1993 3431 2255 3499 Quoniam
2285 3430 2669 3484 bcnedieontcs
2707 3444 2826 3483 cum
2867 3427 3225 3498 possidebunt
3271 3434 3510 3482 terram:

1920 3522 2309 3577 maledicentes
2333 3530 2509 3575 autem
2543 3520 2693 3574 illum
2725 3518 3040 3588 disperit-nt.

1995 3614 2154 3669 Mem.
2181 3615 2225 3668 A
2259 3613 2489 3668 Domino
2514 3626 2733 3681 gressus
2755 3611 2990 3666 hominis
3016 3626 3028 3664 :
3054 3610 3362 3682 diriguntur
3383 3610 3512 3681 [Με.

1921 3694 2204 3765 dirigetur]
2236 3713 2247 3747 :
2281 3705 2334 3749 et
2365 3695 2391 3732 ιί
2423 3695 2561 3748 viam
2592 3695 2708 3761 ejus
2733 3693 2895 3748 volet.

1989 3775 2122 3831 Cum
2162 3776 2421 3831 ceciderit
2469 3773 2482 3811 ι
2533 3776 2733 3844 justus,
2767 3789 2874 3829 non
2903 3772 3315 3828 conturbabitur
3347 3791 3358 3828 :
3388 3773 3512 3844 quia

1918 3855 2179 3912 Dominus
2206 3857 2384 3911 [irruat
2422 3871 2640 3910 manum
2674 3855 2812 3924 ejus.

1993 3936 2140 3991 Nun.
2185 3938 2446 3994 Juvenior
2487 3935 2580 4001 lui,
2626 3944 2677 3990 ct
2707 3934 2858 3989 senui
2889 3951 2900 3988 :
2934 3942 2988 3988 et
3017 3948 3124 3987 non
3157 3931 3266 3987 vidi
3308 3934 3511 4003 justum

1917 4015 2261 4086 derelictum,
2297 4033 2396 4072 nec
2427 4031 2613 4072 semen
2642 4015 2760 4084 ejus
2788 4028 2952 4084 egens
2978 4027 3139 4084 pane.

1987 4097 2122 4152 Tota
2158 4098 2247 4151 die
2277 4097 2589 4161 miseretur,
2619 4104 2671 4149 et
2713 4093 3060 4149 commodat:
3089 4100 3142 4148 ct
3169 4106 3354 4148 semen
3395 4092 3513 4163 ejus

1944 4192 1979 4232 n
2012 4176 2388 4233 benedictione
2409 4175 2534 4230 erit.

1915 4311 2266 4365 benedicentes
2311 4303 2454 4381 eunt],
2487 4307 2785 4381 Ita’retlifate
2823 4305 2932 4381 (vel
2971 4305 3341 4381 Itwretlitatcm)
3399 4323 3516 4376 pos.

1919 4383 2154 4434 sitlelmnl
2183 4392 2393 4442 terram,
2427 4376 2583 4434 unice
2605 4395 2667 4433 ex
2700 4379 2938 4446 ejusdem
2967 4376 3342 4432 emendatione
3365 4390 3512 4434 sunt.

1997 4452 2020 4489 ¹ί
2056 4453 2110 4506 In
2137 4454 2283 4507 etlito
2311 4451 2459 4512 Cari,
2493 4452 2636 4519 cupit
2670 4451 2841 4502 nimis.
2867 4449 2995 4502 Mss.
3018 4462 3144 4519 vero
3162 4446 3516 4504 Carnutensis

1926 4531 1981 4577 et.
2025 4524 2362 4577 Sorbonicus
2390 4563 2404 4585 ,
2450 4523 2539 4589 qui
2566 4517 2893 4574 'ROutanum
2940 4517 3262 4589 Psalterium
3314 4519 3515 4574 habent

1925 4593 2293 4662 descriptum,
2329 4588 2514 4660 legunt
2538 4590 2702 4653 uolet,
2747 4591 2867 4644 sine
2898 4589 3048 4662 nimis
3075 4604 3094 4641 :
3123 4588 3265 4662 quod
3295 4589 3514 4662 quidem

1924 4659 2252 4732 expunitisse
2274 4659 2488 4718 videtur
2523 4663 2881 4730 Hieronymus
2907 4705 2920 4726 ,
2957 4659 3079 4727 quia
3113 4659 3356 4732 additum
3386 4660 3514 4714 illud

1923 4729 2284 4806 agnoscebat,
2335 4748 2435 4788 nec
2467 4731 2654 4788 haberi
2699 4729 2837 4801 apud
2870 4745 3198 4802 quemquam
3247 4729 3513 4800 Interpre-

1921 4813 2055 4860 tum.
2089 4806 2274 4860 MART.

2001 4873 2017 4912 ι
2055 4877 2220 4932 Tacet
2253 4875 2525 4948 idemms.
2552 4877 2751 4948 justus,
2779 4870 2921 4943 quod
2963 4879 3018 4927 et
3044 4873 3374 4948 superﬂuum
3411 4881 3514 4948 cst.

1927 4945 2053 5002 Plus
2075 4963 2202 5002 vero
2234 4961 2357 5001 mox
2391 4941 2574 5012 habet,
2605 4941 2875 5014 con/irritat
2909 4960 3115 4995 ntanunt
3143 4945 3274 5013 ejus.
3303 4941 3518 4996 Juvenis

1926 5019 2025 5089 fui,
2051 5028 2098 5072 et
2139 5035 2250 5072 ecce
2289 5019 2434 5071 senui
2461 5033 2478 5071 :
2509 5015 2705 5089 deinde
2735 5029 3192 5089 quwrensjmnem,
3234 5029 3329 5081 pro
3366 5029 3519 5089 egens

1927 5083 2083 5156 pane,
2112 5099 2166 5144 et.
2197 5106 2290 5159 pro
2315 5089 2624 5152 commodat,
2661 5087 2878 5159 ferterat.
2905 5083 3114 5159 celebri
3139 5085 3226 5159 illa
3249 5087 3518 5159 sententia

1927 5154 2260 5228 Augustinus
2294 5171 2475 5212 tuetur
2505 5160 2556 5210 in
2587 5154 3020 5228 enarrationibus
3047 5155 3114 5228 ad
3147 5155 3286 5208 hunc
3315 5155 3517 5208 lucunt.

1926 5222 2225 5285 Feiieratur
2251 5231 2457 5302 quident
2475 5228 2663 5302 Latine
2689 5227 2875 5278 dicitur
2899 5232 2944 5274 et
2959 5223 3056 5302 _qn_i
3078 5222 3166 5275 dut
3196 5233 3450 5302 mutuum,
3476 5235 3524 5278 et

1962 5302 2012 5355 ui
2061 5293 2295 5371 accipit':
2340 5301 2546 5370 planius
2585 5300 2682 5371 hoc
2711 5307 2890 5371 autem
2935 5293 3146 5371 dicitur,
3192 5297 3236 5371 si
3270 5297 3526 5371 dicamus,

1967 5365 2185 5426 eberat:
2206 5365 2358 5439 Quid]
2381 5371 2448 5423 ad
2479 5387 2567 5422 nos
2597 5366 2720 5439 quid
2754 5365 3075 5439 grammatici
3123 5365 3276 5439 velint
3299 5369 3322 5419 Σ)
3345 5368 3525 5418 melius

1920 5444 1974 5496 in
2006 5435 2322 5497 barbarisnto
2349 5435 2538 5494 inostro
2580 5435 2664 5490 ros
2705 5435 3012 5504 intelliqitis.
3056 5451 3210 5504 quam
3249 5437 3300 5488 in
3352 5447 3526 5489 nostra

1923 5514 2285 5568 disertitudine
2327 5528 2412 5564 vos
2457 5511 2634 5563 diserti
2675 5509 2853 5577 eritis.
2881 5504 3018 5576 Erga
3036 5507 3364 5577 justnsiste,
3415 5515 3525 5559 tota

1927 5585 2013 5640 die
2082 5585 2364 5639 miseretur
2416 5589 2472 5636 ct
2528 5580 2755 5632 fenerat.
2809 5575 2925 5631 Non
2963 5575 2966 5576 ⁷
3007 5575 3160 5633 latuit
3225 5576 3523 5630 Veroneus.

1929 5655 2177 5711 Psalterii
2208 5653 2469 5706 editoretn
2505 5649 2591 5703 hic
2620 5649 2772 5704 locus
2802 5666 2814 5701 :
2846 5662 2944 5701 nec
2983 5657 3162 5702 tamen
3189 5646 3374 5700 doceri
3416 5657 3522 5698 tam

1933 5727 2205 5780 luculento
2236 5723 2544 5776 testimonio
2577 5721 2768 5789 potuit,
2802 5735 2919 5772 eam
2949 5734 3067 5788 quas
3108 5721 3178 5772 ita
3220 5717 3524 5786 praeferret,

1937 5795 2382 5865 Augustinianam
2409 5793 2787 5865 recensioncm
2819 5805 2985 5865 esse,
3017 5805 3121 5841 non
3167 5799 3402 5844 veterem
3423 5830 3436 5856 ,
3470 5796 3524 5842 et

1939 5859 2098 5939 quam
2131 5865 2246 5937 ipse
2275 5878 2374 5935 pro
2409 5862 2536 5921 Itala
2564 5861 2824 5926 obtrudit,
2858 5859 3199 5927 editionem.
