4090 6338
548 284 655 343 185

1546 286 1605 345 S.
1646 285 2029 350 HIERONYMI
2067 291 2304 355 DIVINA
2343 297 2823 363 BlBLlOTHECA.
2854 374 2859 379 ε

3737 319 3845 378 184

617 376 871 457 Sameelt.
900 401 1119 457 Declina
1146 418 1180 456 a
1208 401 1369 468 malo,
1395 410 1444 458 et
1475 402 1559 473 fac
1586 402 1775 459 bonum
1796 420 1818 460 :
1841 414 1890 461 et
1914 406 2147 464 inhabita
2172 415 2225 475 Α
2322 413 2566 473 Samech.
2595 419 2817 479 Declina
2845 376 2876 478 a
2903 422 3050 480 malo
3069 431 3123 481 et
3149 424 3233 481 lac
3251 423 3453 484 bonum
3479 435 3573 486 τοι
3602 376 3847 493 inhabita

545 490 603 544 in
626 492 869 547 siccatum
896 503 922 531 ιι
949 509 993 549 σε
1032 496 1209 550 seaculi
1232 494 1255 563 1

619 583 757 650 Quia
797 583 1054 639 Dominus
1094 595 1235 639 amat
1275 585 1561 657 judicium,
1606 597 1654 642 et
1695 604 1801 643 non
1831 589 2150 663 derelinquct

544 686 748 731 sanctos
775 694 894 733 ειιοδ
923 695 943 733 ἔ
973 680 1028 732 in
1056 688 1308 734 (διετηωη
1332 680 1790 736 conservabuntur.

621 784 680 824 ἡ
708 767 908 843 Injusti
934 772 1217 840 punientur
1251 770 1274 839 1
1310 780 1358 826 et
1384 787 1557 827 semen
1578 772 1855 845 impiorum
1881 776 2088 843 peribit.

614 858 755 915 Justi
790 876 851 917 +
876 873 1049 917 autem
1084 864 1106 931 1
1139 863 1516 918 Itwreditabnnt
1538 874 1731 920 terram
1760 882 1780 921 :
1807 876 1855 923 et
1888 867 2151 924 inhabita-

541 952 667 1008 bnnt
692 956 743 1008 in
772 955 1020 1009 sccculum
1052 970 1099 1011 -ξ
1142 956 1318 1010 stzculi
1353 956 1375 1025 1
1401 973 1556 1029 super
1576 973 1712 1012 eam.

2252 504 2307 563 in
2329 511 2586 566 steculum
2610 515 2794 570 smculi
2823 514 2953 588 [Με.
2978 519 3175 574 saecula
3206 521 3557 596 saeculorum]
3583 542 3599 581 :

2321 600 2586 669 Quoniam
2617 605 2879 665 Dominus
2904 620 3052 666 autat
3067 610 3359 681 judicium,
3378 622 3436 671 et
3462 630 3572 685 non
3599 616 3847 677 derelin-

2250 703 2380 766 quet
2405 708 2629 755 sanctos
2653 716 2782 760 suos
2804 718 2820 756 :
2847 703 2902 759 in
2922 711 3187 761 aeternum
3209 710 3700 769 conservabuntur.
3870 759 3876 764 .

2319 785 2512 877 Injusti
2532 800 2713 847 autem
2753 794 3088 864 punientur:
3120 806 3178 854 et
3205 813 3395 857 semen
3427 800 3718 873 impiorum
3748 819 3848 876 pc-

2250 879 2401 937 ribit.

2317 970 2459 1029 .lusti
2477 988 2610 1032 vero
2638 975 2768 1048 [Ms.
2795 986 2926 1035 tacet
2957 979 3108 1052 vero]
3136 981 3459 1041 litereditate
3485 987 3849 1057 possidebunt

614 1046 749 1102 Phe.
778 1046 848 1101 Os
866 1049 1005 1151 justi
1032 1048 1359 1104 meditabitur
1386 1039 1696 1120 sapientiam
1718 1065 1738 1106 ε
1759 1061 1807 1107 et
1826 1053 2005 1125 lingua
2033 1057 2148 1126 eiut
2250 1071 2448 1121 terram
2465 1075 2545 1123 :et
2564 1039 2941 1126 inliabitabunt
2960 1071 3013 1127 in
3036 1039 3294 1130 saeculum

543 1135 783 1203 loquetur
800 1137 1089 1211 judicium.

615 1228 725 1285 Lex
752 1230 853 1285 Dei
873 1234 987 1304 ejus
1012 1232 1067 1286 in
1096 1231 1253 1286 corde
1280 1231 1447 1301 ipsius
1480 1247 1537 1288 -ε-
1572 1242 1622 1290 et
1652 1233 1675 1303 1
1706 1250 1812 1291 non
1835 1237 2146 1311 supplanta-

542 1320 738 1376 buntur
759 1338 965 1393 gressus
992 1327 1122 1394 ejus.

2316 1157 2454 1216 Phe.
2495 1160 2570 1217 Os
2605 1161 2738 1233 justi
2776 1163 3125 1222 meditabitur
3162 1167 3511 1239 sapientiam,
3554 1179 3613 1227 et
3661 1171 3843 1244 lingua

2247 1248 2367 1321 ejus
2395 1250 2650 1323 loquetur
2665 1253 2950 1324 judicium.

2319 1341 2429 1399 Lex
2475 1344 2568 1401 Dei
2601 1346 2723 1416 ejus
2754 1347 2809 1403 in
2839 1347 3007 1407 corde
3050 1350 3262 1422 ipsius:
3290 1360 3349 1409 et
3386 1368 3496 1411 non
3530 1356 3849 1428 supplanta-

611 1412 776 1469 Sade.
817 1411 1125 1470 Cousiderat
1164 1422 1401 1486 peccator
1420 1416 1620 1486 justum
1649 1432 1668 1472 :
1713 1426 1762 1475 et
1788 1420 1972 1490 quaerit
2007 1436 2146 1477 mor-
2247 1433 2452 1492 bum“.-
2477 1411 2704 1510 gpess'us
2729 1443 2870 1511 ejus,

542 1506 744 1577 tiﬁcare
763 1522 903 1561 eum.

611 1598 871 1654 Dominus
897 1615 945 1653 οξ
982 1608 1156 1656 autem
1180 1601 1203 1669 1
1228 1617 1333 1659 non
1355 1602 1673 1675 derelinquet
1693 1622 1808 1662 eum
1826 1608 1882 1662 in
1906 1608 2145 1664 manibus
2244 1622 2375 1680 dere
2423 1626 2440 1697 [
2451 1625 2550 1680 Ms,
2588 1598 2935 1702 ιηοηῑίὶοειῖθ]

537 1693 673 1763 ejus,
710 1707 800 1746 nec
827 1692 1094 1747 damnabit
1116 1710 1230 1747 eum
1258 1710 1374 1748 cum
1391 1696 1722 1765 judicabitur
1757 1713 1814 1753 οε-
1847 1697 1929 1753 illi
1958 1699 1979 1768 1

2318 1529 2482 1587 Sade.
2513 1530 2838 1591 Considerat
2862 1545 3116 1607 peccator
3138 1538 3370 1611 justum,
3402 1549 3459 1599 et
3486 1544 3678 1614 quierit
3723 1560 3851 1617 per-

2979 1646 3102 1687 eum
3141 1649 3155 1687 :
3203 1632 3463 1691 Dominus
3505 1646 3686 1693 autem
3733 1653 3868 1695 non'

2244 1716 2595 1789 derelinquct
2635 1734 2760 1776 eum
2800 1723 2857 1777 in
2902 1723 3155 1781 manibus
3221 1725 3365 1797 ejus,
3422 1742 3525 1786 nec
3564 1728 3849 1788 damnabit

608 1784 783 1852 COpll.
824 1784 1086 1854 Exspecta
1117 1785 1424 1854 Dominum,
1454 1799 1502 1844 et
1530 1791 1733 1845 custodi
1762 1792 1900 1846 uiam
1930 1794 2064 1864 ejus,
2094 1801 2142 1849 et
2172 1799 2221 1860 B
2245 1822 2393 1873 eum,
2423 1784 2549 1865 αξη,
2573 1810 2906 1881 iudicabitur
2926 1814 3031 1869 ίιιί,

536 1875 785 1928 exaltabit
821 1885 889 1940 te,
930 1885 983 1930 ut
1010 1877 1310 1933 Ioa'reditate
1335 1881 1513 1953 capias
1537 1892 1729 1938 terram
1767 1900 1787 1938 :
1818 1900 1935 1940 cum
1973 1886 2143 1954 perie-

533 1966 641 2020 rint
666 1975 983 2032 pcccatores,
1010 1968 1222 2023 videbis.

615 2055 740 2110 Vidi
801 2058 1015 2127 impium
1067 2062 1508 2132 supei'exaltatum
1533 2105 1550 2133 ,
1603 2073 1652 2120 et
1700 2066 1956 2123 eleuatum
2010 2070 2141 2125 sicut

538 2151 717 2204 cedros
752 2150 957 2207 Libani.

607 2242 736 2297 Res.
770 2241 838 2297 Et
873 2245 1118 2315 transivi,
1150 2255 1198 2299 et
1227 2261 1341 2301 ecce
1370 2263 1472 2302 non
1499 2256 1611 2303 erat
1646 2264 1664 2302 :
1692 2258 1739 2304 et
1764 2250 1974 2321 qumsiui
2001 2268 2138 2322 eum,

536 2340 585 2387 et
613 2350 714 2387 non
739 2342 815 2389 est
840 2334 1076 2390 inuentus
1111 2351 1169 2390 ᾧ
1206 2336 1353 2391 locus
1377 2341 1491 2410 ejus
1515 2338 1537 2406 1
1900 2358 1905 2365 ·

606 2423 724 2479 Sin.
772 2422 986 2479 Custodi
1020 2427 1389 2495 innocentiam,
1422 2438 1469 2483 et
1500 2431 1614 2487 vide
1642 2432 1935 2503 aequitatem
1962 2449 1982 2490 :
2011 2451 2141 2507 quo-

534 2505 819 2570 niam’sunt
846 2515 1078 2586 reliquiae
1105 2516 1302 2573 homini
1326 2520 1567 2591 pacifica.

605 2605 807 2676 Injusti
846 2607 1356 2680 autemjdisperibunt
1388 2611 1564 2682 simul,
1600 2614 1834 2689 reliquiis
1862 2617 2138 2691 impiorum

537 2696 849 2753 interibunt.

609 2788 724 2842 Van
755 2787 783 2827 δ
815 2787 990 2845 Thau.
1025 2789 1185 2847 Salus
1227 2802 1396 2847 autem
1428 2795 1695 2866 justorum
1731 2812 1765 2849 a
1807 2794 2036 2854 Domino
2070 2813 2133 2856 σιμ-

535 2880 627 2947 et1
654 2890 911 2950 protector
937 2898 1113 2937 eorum
1138 2884 1193 2938 in
1223 2893 1450 2957 tempore
1477 2887 1849 2944 tribulationis.

606 2969 678 3025 Et
717 2972 981 3045 adjuvabit
1024 2990 1108 3028 eos
1156 2973 1410 3031 Dominus
1431 3018 1447 3044 ,
1492 2988 1539 3032 et
1589 2979 1828 3036 liberabit
1856 2997 1943 3037 eos
1977 2997 1997 3037 :
2024 2992 2073 3038 et
2107 2983 2130 3052 1

535 3072 678 3117 eruet
708 3080 794 3117 eos
826 3081 856 3118 a
887 3065 1239 3136 peccatoribus
1261 3076 1311 3122 et
1341 3067 1560 3126 saluabit
1589 3085 1694 3140 eos,
1734 3072 1859 3143 quia
1896 3083 2137 3145 sperave-

537 3162 658 3213 runt
688 3154 743 3210 in
769 3171 850 3211 eo.

2319 1900 2487 1972 ϐορὰ.
2516 1902 2781 1975 Exspecta
2809 1905 3120 1974 Dominum,
3158 1916 3215 1965 et
3238 1911 3451 1968 custodi
3473 1912 3592 1971 vias
3618 1914 3768 1985 ejus,
3791 1924 3847 1972 et

2244 1993 2512 2050 exaltabit
2562 2004 2641 2062 te,
2696 2004 2755 2052 ut
2787 1996 3111 2057 °inhabites
3164 2009 3365 2059 terram
3404 2020 3419 2059 :
3458 2019 3583 2061 cum
3631 2007 3849 2077 parient

2242 2099 2585 2158 peccatores,
2618 2089 2852 2147 videbis.

2315 2181 2437 2264 Yidi
2466 2182 2700 2264 _iu_npiu_m
2734 2184 3217 2257 superexaltatum,
3263 2196 3323 2245 et
3363 2191 3643 2247 elcvatum
3681 2183 3851 2264 super

2242 2255 2438 2310 cedros
2464 2253 2679 2311 Libani.

2314 2342 2438 2401 Res.
2471 2344 2743 2412 Transivi,
2771 2354 2829 2402 et
2862 2360 2990 2404 ecce
3019 2363 3126 2405 non
3161 2358 3282 2407 erat
3309 2367 3324 2405 :
3348 2352 3568 2423 ειυωεὶνί
3602 2367 3756 2422 eum,
3792 2362 3849 2412 et

2243 2451 2350 2494 non
2373 2446 2461 2496 est
2481 2437 2739 2496 iuventus
2762 2440 2913 2496 locus
2942 2440 3085 2512 ejus.

2314 2532 2434 2589 Sin.
2464 2534 2690 2591 Custodi
2717 2536 2999 2591 veritatem
3031 2535 3162 2609 [Ms.
3191 2537 3601 2612 innocentiam],
3630 2548 3688 2596 et
3716 2540 3847 2597 vida

2241 2627 2550 2696 aequitatem
2581 2642 2598 2682 :
2628 2627 2886 2697 quoniam
2912 2638 3040 2695 sunt
3071 2629 3318 2701 reliquiae
3343 2630 3550 2688 homini
3587 2633 3842 2704 pacilico.

2314 2720 2501 2791 Injusti
2542 2729 2726 2777 autem
2765 2721 3064 2794 disperient
3093 2720 3113 2761 ί
3151 2722 3315 2779 simul
3357 2726 3601 2798 reliquias
3647 2727 3848 2798 impio-

2241 2825 2360 2866 rum
2392 2812 2669 2882 peribunt.

2318 2903 2435 2959 Van
2483 2903 2653 2960 Tltau.
2701 2904 2861 2962 Salus
2902 2914 3083 2962 autem
3107 2905 3383 2978 iustorum
3423 2921 3457 2963 a
3498 2907 3729 2966 Domino
3761 2918 3847 2967 est

2242 2993 2371 3066 [Ms.
2408 3005 2540 3051 tacet
2572 2994 2678 3067 est]
2705 3014 2718 3052 :
2748 3006 2805 3054 et
2832 3006 3111 3070 protector
3133 3009 3341 3057 eorum
3380 3008 3469 3057 cst
3499 3001 3553 3057 in
3596 3008 3849 3074 tempore

2241 3086 2630 3144 tribulationis.

2160 3180 2208 3245 c
2312 3179 2375 3233 Et
2425 3178 2703 3249 adiuvabit
2748 3194 2848 3236 eos
2896 3180 3178 3248 Dominus,
3222 3190 3277 3238 et
3307 3182 3558 3240 liberabit
3592 3197 3690 3239 eos
3731 3200 3748 3239 :
3790 3192 3848 3241 et

2242 3249 2436 3321 eripiet
2458 3265 2555 3306 eos
2581 3266 2609 3306 a
2641 3252 3037 3320 peccatoribus,
3063 3260 3121 3308 et
3147 3252 3332 3310 salvos
3358 3252 3527 3311 faciet
3553 3268 3676 3324 eos,
3704 3269 3846 3328 quo-

2238 3349 2384 3406 niam
2414 3353 2769 3418 speraveruut
2797 3344 2852 3401 in
2875 3359 2944 3402 eo
2966 3341 3096 3417 [Με.
3126 3344 3296 3417 eum].

1806 3462 2168 3529 PSALMUS
2209 3460 2547 3525 XXXVII.

681 3561 925 3618 Pssumus
966 3561 1174 3632 Dawn,
1215 3578 1269 3619 IN
1309 3576 1839 3621 contueremur-tonuit
1872 3576 1896 3607 ο
1929 3581 1993 3622 -ε-

1115 3670 1184 3710 ne
1213 3656 1493 3711 Sssanno
1514 3657 1562 3725 1.

610 3748 851 3816 Domine,
881 3764 946 3803 ne
968 3748 1023 3803 in
1051 3752 1227 3821 furore
1267 3757 1355 3805 tuo
1391 3766 1586 3823 arguas
1614 3766 1695 3807 me
1724 3766 1744 3806 :
1775 3766 1937 3823 neque
1971 3751 2025 3807 in
2052 3753 2135 3809 ira
2166 3820 2169 3825 _

538 3853 628 3897 tua
655 3843 911 3914 corripias
940 3859 1040 3898 me.

535 3966 543 3988 ς
610 3937 872 4005 Quoniam
901 3938 1104 4010 sagittae
1131 3945 1235 3993 tuae
1261 3938 1439 4009 inﬁma:
1481 3949 1601 3995 sunt
1638 3939 1767 3996 milii
1790 3956 1809 3995 :
1849 3949 1899 3997 et
1932 3941 2129 4012 confir-

535 4031 690 4084 masti
719 4046 874 4099 super
894 4047 975 4085 me
994 4047 1208 4085 manum
1236 4040 1401 4086 tuam.

613 4119 737 4174 Non
764 4129 837 4174 est
867 4122 1064 4176 sanitas
1093 4122 1149 4176 in
1176 4138 1330 4177 carne
1362 4140 1473 4178 mea
1500 4140 1533 4178 a
1570 4125 1704 4197 facie
1729 4126 1824 4183 ira:
1850 4134 1953 4184 tum
1987 4142 2007 4183 :
2030 4144 2132 4186 non

540 4220 613 4265 est
640 4228 742 4279 pax
765 4212 963 4267 ossibus
992 4214 1117 4267 meis
1142 4231 1174 4268 a
1203 4215 1339 4285 facie
1365 4218 1687 4284 peccatorum
1715 4234 1968 4274 meorum.

613 4302 871 4368 Quoniam
920 4304 1216 4377 iniquitates
1261 4323 1388 4363 mea:
1428 4325 1774 4381 supergressa:
1818 4320 1939 4366 sunt
1982 4320 2136 4385 caput

537 4407 708 4448 meum
737 4410 750 4448 :
774 4390 802 4431 ἀ
827 4395 956 4449 sicut
985 4411 1117 4450 onus
1137 4412 1289 4468 graue
1313 4408 1536 4470 gravatis
1563 4411 1681 4455 sunt
1705 4416 1859 4473 super
1886 4419 1987 4458 me.

612 4654 840 4725 “Atque
890 4651 978 4725 hic
1028 4651 1209 4725 minus
1261 4652 1397 4725 bene
1435 4652 1715 4712 Palatinus
1764 4669 1868 4713 ms.
1914 4655 2129 4712 obclum

537 4723 768 4799 omittit,
806 4738 914 4799 nec
959 4724 1073 4799 ipse
1117 4723 1238 4799 ejus
1286 4724 1414 4799 libri
1454 4726 1635 4799 editor
1682 4728 1827 4784 cavit
1872 4727 2132 4799 decipiant

537 4812 635 4866 pro
657 4797 928 4868 dejiciant.
954 4794 1162 4868 leera
1193 4796 1479 4868 Augustini
1505 4798 1689 4868 omnia
1718 4807 1863 4854 sunt.

608 4868 637 4907 b
656 4864 856 4921 Locum
868 4865 1074 4937 ultimae
1091 4864 1283 4919 littera:
1304 4865 1578 4937 alphabeti
1596 4879 1826 4933 occupat
1845 4885 1938 4924 vav
1961 4869 2121 4937 istud;

538 4952 662 5010 nam
696 4936 747 4991 in
781 4936 1013 4991 Hebraso
1053 4944 1435 5010 commntum
1482 4935 1847 5010 Utltschuhattt
1892 4935 2121 5010 legatur,

539 5007 594 5061 id
625 5018 728 5077 est,
760 5024 853 5061 vav
874 5013 999 5059 ante
1022 5005 1344 5078 tltav,_initio
1362 5009 1613 5063 versiculi
1632 5012 1846 5078 ;’prima
1876 5005 2119 5078 ejusdem

539 5074 731 5147 versus
755 5093 860 5132 non
893 5078 1065 5146 potuit
1104 5074 1188 5129 edi
1223 5077 1433 5143 littera,
1479 5081 1606 5147 quin
1632 5074 1724 5134 vae
1762 5074 2123 5138 scriberetur.

537 5146 667 5222 Mss.
697 5155 876 5222 tamen
909 5147 1028 5222 th_av
1056 5147 1397 5222 solummodo
1429 5146 1646 5218 legunt,
1680 5151 1825 5222 quod
1859 5160 1915 5207 ct
1942 5166 2043 5207 nos
2069 5155 2122 5209 in

538 5215 758 5271 Canone
788 5218 982 5271 imitati
1012 5231 1219 5272 sumus.
1246 5218 1426 5273 Mam.

538 5315 609 5326 —
646 5285 950 5362 Vi_des_i_s_tle
986 5296 1253 5362 postrema
1287 5290 1399 5362 _hac
1429 5291 1629 5356 littera,
1662 5307 1782 5362 quae
1809 5293 1876 5349 ad
1919 5295 2128 5350 versio-

537 5371 663 5412 nem
692 5372 758 5411 ex
794 5357 955 5412 llebr.
996 5357 1248 5415 diximus.
1272 5358 1540 5418 Caeterum
1566 5357 1734 5418 Palat.
1762 5380 1864 5419 ms.
1909 5364 2124 5421 obelum

537 5427 766 5511 praefigit
794 5428 910 5481 voci
942 5436 1131 5511 autem.

613 5499 1011 5574 {Hieronymus
1035 5499 1099 5574 ad
1125 5501 1399 5574 Algasium
1419 5503 1663 5559 scribens
1689 5504 1934 5561 meminit
1962 5506 2122 5574 hujus

534 5567 699 5645 tituli.
743 5568 919 5645 MADT.
943 5598 1014 5645 —_-
1040 5567 1314 5645 ldem'ms.
1347 5572 1445 5629 Die
1465 5575 1681 5642 sabbati,
1711 5576 1868 5631 obelo
1899 5567 2122 5645 pt'teter-

2242 3562 2486 3619 PSALIIUS
2518 3565 2685 3618 Dum
2725 3560 2853 3636 [Ms.
2896 3576 2995 3618 msr
3034 3560 3248 3633 Dum],
3292 3576 3347 3617 tu
3385 3577 3844 3623 REIEIORA'I'IONI

2569 3659 2697 3733 [Ms.
2729 3655 3190 3729 recordationem]
3226 3657 3518 3713 SABBA'I’BI.

2311 3754 2556 3822 Domine,
2585 3768 2653 3808 ne
2681 3755 2732 3808 in
2769 3760 2795 3799 ε
2827 3752 2906 3807 ira
2936 3762 3023 3808 tua
3058 3765 3253 3823 arguas
3277 3766 3365 3808 me
3395 3770 3408 3807 :
3444 3766 3624 3824 neque
3659 3753 3715 3810 in
3750 3753 3844 3811 lu-

2235 3861 2363 3904 rore
2393 3855 2486 3902 tuo
2513 3845 2775 3916 corripias
2796 3858 2902 3902 me.

2307 3939 2570 4008 Quoniam
2598 3936 2808 4009 sagittze
2846 3945 2952 3993 tute
2980 3935 3164 3992 inlisa:
3203 3945 3331 3993 sunt
3356 3936 3512 4007 mihi,
3544 3945 3613 3995 et
3631 3937 3841 3995 conﬁr-

2238 4031 2400 4088 masti
2424 4044 2588 4101 super
2612 4043 2701 4086 me
2718 4044 2936 4086 manum
2959 4037 3131 4086 tuam.

2305 4121 2417 4179 Nec
2457 4121 2586 4196 [Ms.
2627 4121 2756 4194 non]
2799 4132 2883 4179 est
2919 4123 3122 4179 sanitas
3169 4123 3223 4178 in
3270 4135 3437 4180 carne
3465 4135 3585 4180 mea
3613 4137 3645 4178 ι
3683 4122 3841 4181 vultu

2233 4215 2331 4272 irze
2360 4225 2487 4284 tute,
2517 4224 2574 4271 et
2603 4213 2732 4289 [Με.
2764 4224 2898 4270 tacet
2927 4214 3001 4288 et]
3042 4230 3150 4272 non
3179 4224 3267 4273 est
3294 4229 3397 4287 pax
3428 4215 3642 4275 ossibus
3670 4215 3835 4287 meis,

2234 4322 2266 4363 a
2292 4307 2427 4364 [acie
2451 4317 2795 4379 peccatorum
2828 4322 3100 4364 meorum.

2304 4399 2570 4468 Quoniam
2598 4400 2910 4470 iniquitates
2940 4413 3077 4455 mete
3111 4396 3142 4437 ιι
3169 4409 3636 4471 superposuerunt
3670 4409 3839 4472 caput

2151 4480 2208 4542 Ῑ)
2232 4509 2411 4552 meum
2443 4511 2459 4550 :
2490 4495 2630 4551 sicut
2657 4509 2797 4551 onus
2825 4509 2988 4569 grave
3012 4502 3251 4566 gravata:
3278 4505 3404 4552 sunt
3427 4511 3592 4568 super
3612 4511 3723 4553 me.

2232 4672 2337 4735 que
2363 4656 2418 4735 in
2444 4657 2813 4735 liebr._neque
2834 4657 3025 4735 Graeco
3047 4658 3165 4730 ipso
3191 4668 3336 4717 textu
3358 4670 3601 4735 resonet,
3633 4662 3701 4720 ad
3732 4664 3833 4723 Pa-

2230 4727 2382 4785 latini
2416 4744 2519 4785 ms.
2552 4727 3127 4800 lidem'expuuximu's.

2305 4810 2328 4878 ἐ
2356 4799 2684 4856 Veronensis
2707 4799 2892 4855 ms.’et
2919 4801 3271 4871 Augustinus,
3302 4813 3358 4859 ut
3382 4803 3682 4861 hereditate
3709 4823 3827 4878 pos.

2226 4870 2395 4950 sideas
2439 4879 2653 4950 terram,
2706 4888 2824 4950 cum
2873 4881 3087 4944 pereunt
3133 4885 3471 4950 peccatores:
3497 4884 3610 4931 lum
3650 4870 3831 4950 super-

2225 4941 2451 4996 exaltari
2489 4951 2536 4995 et
2578 4942 2765 5015 elevari
2789 4941 2965 5015 super,
2995 4952 3103 5000 etc.
3133 4941 3463 5013 'Ettransioi,
3494 4956 3543 5000 et
3572 4962 3686 5002 ecce
3711 4941 3827 5005 'non

2224 5021 2333 5083 erat
2367 5020 2452 5083 :et
2472 5014 2704 5083 quaesivi,
2737 5014 2861 5067 etc.
3026 5029 3033 5033 ·

2305 5081 2324 5121 τ
2356 5081 2523 5139 Unice
2546 5099 2666 5139 cum
2696 5084 2998 5154 Augustino
3024 5083 3168 5141 idem
3192 5101 3319 5149 ms..
3342 5087 3628 5154 disperient
3649 5088 3704 5143 in
3722 5089 3827 5144 idi-

2226 5169 2395 5224 psum,
2431 5164 2480 5208 et
2506 5156 2739 5226 reliquiae
2776 5157 3054 5229 impiorum
3092 5159 3391 5212 interibunt.
3423 5161 3515 5216 Sic
3546 5168 3826 5229 postremo

2229 5238 2415 5298 versu,
2445 5236 2587 5282 eruet
2615 5244 2722 5289 eos,
2754 5238 2800 5281 et
2826 5227 3013 5282 eximet
3038 5244 3124 5282 eos
3153 5244 3216 5282 ea:
3242 5227 3617 5298 peccatoribus.

2302 5296 2705 5370 (Augustinus,
2734 5313 2894 5370 quem
2922 5298 3221 5354 Veronens.
3244 5296 3355 5355 ‘ms.
3379 5301 3662 5368 describit,
3688 5318 3750 5355 ne
3769 5302 3826 5355 in

2227 5366 2584 5441 indignatione
2613 5379 2702 5422 tua
2729 5366 2919 5441 arguas
2944 5383 3044 5435 me,
3075 5385 3237 5441 neque
3262 5371 3316 5425 in
3342 5372 3425 5425 ira
3452 5382 3542 5426 tua
3578 5366 3822 5427 eruenda-

2227 5439 2369 5510 veris
2384 5438 2481 5510 (al.
2515 5439 2773 5509 emendes)
2807 5454 2904 5493 me.
3076 5496 3079 5497 ν

2299 5504 2327 5544 δ
2353 5504 2516 5563 Iidem
2536 5513 2701 5584 unice
2731 5504 2872 5564 inter
2897 5522 2958 5566 se
2982 5511 3335 5570 concinentes
3360 5513 3507 5582 libri,
3531 5514 3825 5584 iniquitates

2224 5593 2350 5633 mea:
2381 5579 2693 5634 sustulerunt
2722 5589 2877 5659 caput
2913 5596 3103 5650 meum,
3142 5584 3275 5639 sicut
3304 5585 3461 5659 fascis
3488 5579 3673 5659 gravis
3696 5602 3820 5657 gra-

534 5639 723 5721 misso,
763 5638 890 5730 legit
920 5657 933 5692 :
976 5637 1117 5722 haud
1154 5643 1311 5730 bene,
1346 5653 1405 5698 ut
1440 5653 1525 5730 c~t
1553 5637 1768 5730 quoque
1798 5637 1943 5730 .illu'd
1977 5648 2120 5720 quod
2221 5658 2354 5730 uati:
2370 5658 2488 5730 sunt
2507 5667 2658 5723 super
2674 5637 3820 5730 me_.'Commttuei-unt,ret'putriei'untjiu‘bres

534 5708 710 5787 prium
738 5712 915 5764 statim
945 5714 1212 5787 versiculo
1239 5712 1543 5785 Diapsalma
1563 5708 1857 5787 subjuugit.

603 5776 630 5817 ἀ
658 5778 829 5838 Antea
872 5783 1283 5855 praeponebatur
1320 5776 1368 5840 et
1403 5786 1619 5858 cepala,
1654 5776 1837 5859 quam,
1872 5804 1993 5847 cum
2018 5804 2119 5849 ne-

2222 5720 2322 5801 mei
2346 5737 2367 5775 :
2396 5720 2607 5801 tantum
2635 5723 2833 5778 rectius
2859 5724 3001 5795 apud
3047 5720 3276 5801 August.
3314 5720 3569 5786 scribitur
3595 5726 3820 5798 Compsa-

2220 5796 2477 5859 truerunt,
2501 5801 2547 5847 et
2572 5802 2872 5865 putuerunt.
