4090 6338
226 338 324 399 183

1507 341 1712 398 LIBER
1754 341 2199 403 PSALMORUM.

3408 350 3513 408 186

296 456 614 511 Putruerunt
643 465 691 511 et
714 463 975 528 corrupta:
1002 461 1119 511 sunt
1153 454 1417 510 cicatrices
1446 471 1589 525 utere,
1616 472 1646 509 a
1674 457 1810 527 [acie
1836 462 1890 521 Α
1983 456 2468 529 Computruerunt,
2487 458 3323 519 etdeterioraveruntcicatrices
3344 477 3503 534 mete,

217 555 523 625 insipientia:
550 570 703 608 mete.

297 648 451 703 Miser
474 650 651 719 factus
680 665 795 702 sum
823 658 871 701 et
916 656 1157 702 curvatus
1197 663 1312 700 sum
1348 662 1504 714 usque
1526 647 1579 699 in
1618 647 1775 716 finem
1798 660 1817 699 .‘

223 751 329 796 tota
356 741 437 793 die
462 741 799 794 contristatus
819 739 1166 812 ingrediebar.

295 832 543 899 Quoniam
569 832 729 885 lumbi
754 831 853 885 mei
881 831 1079 901 impleti
1102 838 1223 884 sunt
1254 830 1581 885 illusionibus
1605 846 1621 883 :
1646 837 1692 883 et
1716 846 1818 885 non

218 936 294 981 est
315 924 505 979 sanitas
528 924 585 977 in
607 940 763 978 carne
788 940 921 977 ntea.

290 1020 525 1089 Afﬂictus
550 1036 691 1087 sum,
723 1028 772 1073 et
804 1018 1107 1073 humiliatus
1137 1034 1251 1073 sum
1275 1018 1429 1072 nimis
1453 1032 1471 1072 :
1495 1018 1761 1089 rugiebam
1786 1036 1817 1073 a

216 1114 405 1183 gemitu
433 1110 611 1164 cordis
638 1112 759 1165 mei.

288 1204 522 1271 Domine,
548 1215 672 1259 ante
692 1213 741 1259 te
761 1220 912 1258 omne
939 1205 1255 1259 desiderium
1284 1220 1451 1259 meum
1480 1220 1497 1258 :
1526 1212 1572 1258 et
1594 1206 1818 1276 gemitus

214 1313 355 1351 meus
381 1307 478 1351 ate
499 1312 605 1350 non
635 1308 709 1351 est
739 1296 1096 1353 absconditus.

287 1387 387 1442 Cor
429 1404 600 1443 meum
638 1390 999 1443 conturbatum
1051 1398 1143 1455 est,
1203 1389 1473 1459 dereliquit
1520 1405 1601 1443 me
1652 1389 1816 1444 virtus

214 1498 347 1546 mea,
393 1492 440 1536 et
467 1482 641 1537 lumen
688 1483 955 1538 oculorum
1001 1499 1267 1549 meorum,
1305 1491 1354 1539 et
1395 1484 1567 1554 ipsum
1608 1500 1712 1539 non
1741 1494 1817 1539 est

214 1590 434 1628 mecum.

285 1668 450 1720 Amici
488 1668 609 1735 mei,
638 1676 685 1721 et
715 1669 938 1741 proximi
968 1669 1085 1736 mei,
1116 1669 1391 1725 adversum
1423 1687 1502 1725 me
1533 1673 1817 1744 appropin-

214 1768 516 1828 quieverunt,
544 1769 591 1814 et
622 1770 891 1814 steterunt.

1921 565 1953 606 a
1983 552 2119 607 facie
2144 551 2471 621 insipientia:
2503 568 2657 608 mete.

1994 643 2490 716 Miseriisjafllictus
2534 662 2657 701 sum
2678 690 2692 715 ,
2728 658 2781 703 et
2809 659 3065 705 curvatus
3110 666 3229 704 sum
3261 665 3430 721 usque
3460 651 3512 707 in

1924 737 2090 794 linem
2127 758 2138 792 :
2175 748 2284 792 tota
2316 739 2405 793 die
2433 740 2789 795 contriSIatus
2821 751 2844 779 ε
2878 742 3242 813 ingrediebar.

1992 832 2261 900 Quoniam
2308 832 2485 886 anima
2516 847 2634 887 mea
2683 834 2948 904 completa
2993 844 3077 891 est
3122 834 3511 891 illusionibus:

1921 934 1979 980 et
2008 939 2115 978 non
2148 931 2231 977 est
2263 924 2467 977 sanitas
2498 924 2551 977 in
2583 939 2747 979 carne
2772 940 2913 980 mea.

1990 1015 2304 1070 lncurvatus
2333 1030 2450 1069 sum
2486 1027 2540 1071 et
2578 1014 2895 1071 humiliatus
2934 1032 3055 1073 sum
3098 1032 3509 1090 usquequaque,

1919 1110 2193 1179 rugiebam
2221 1124 2248 1161 a
2273 1108 2475 1180 gemitu
2500 1109 2679 1163 cordis
2722 1112 2827 1165 mei
2859 1127 2875 1166 ε
2904 1120 2959 1166 et
2988 1122 3115 1166 ante
3140 1120 3191 1166 te
3229 1121 3313 1167 est
3343 1128 3505 1169 omne

1922 1203 2249 1259 desiderium
2282 1218 2497 1268 meum,
2547 1210 2602 1257 et
2648 1204 2884 1273 gemitus
2926 1219 3081 1259 meus
3112 1219 3142 1259 a
3185 1213 3236 1260 te
3282 1221 3389 1260 non
3431 1215 3514 1261 cst

1921 1294 2297 1351 absconditus.

1992 1388 2101 1445 Cor
2128 1405 2305 1445 meum
2327 1389 2709 1445 conturbatum
2742 1398 2826 1445 est
2855 1389 2905 1444 in
2937 1404 3046 1456 me,
3078 1398 3130 1445 et
3159 1389 3398 1446 deseruit
3428 1406 3516 1448 me

1922 1481 2177 1538 fortitudo
2223 1498 2381 1538 mea:
2434 1492 2489 1540 et
2535 1484 2720 1539 lumen
2766 1484 3047 1539 oculorum
3100 1500 3371 1555 meorum,
3405 1500 3512 1541 non

1921 1583 2004 1630 εει
2032 1590 2266 1629 mecum.

1993 1666 2167 1722 Amici
2200 1667 2325 1730 mei,
2354 1674 2410 1722 et
2440 1667 2670 1738 proximi
2701 1668 2842 1734 mei,
2896 1666 3159 1723 adversus
3199 1682 3285 1723 me
3318 1682 3509 1739 appro-

1920 1760 2208 1831 piaverunt
2234 1759 2360 1831 Ws.
2386 1759 2998 1832 appropinquaverunt].
3038 1770 3093 1816 et
3123 1768 3417 1830 steterunt,
3453 1771 3511 1818 et

286 1848 354 1901 Et
391 1851 482 1919 qui
500 1852 661 1922 juxta
701 1868 779 1904 me
817 1858 987 1915 erant,
1019 1851 1082 1906 de
1112 1852 1262 1919 longe
1304 1861 1550 1907 steterunt
1583 1869 1600 1908 :
1633 1862 1677 1907 et
1707 1854 1806 1909 vim
1844 1852 1885 1910 Β
1916 1853 2153 1925 proximi
2184 1853 2292 1908 mei
2328 1867 2357 1906 a
2387 1852 2549 1922 longe
2578 1860 2871 1907 steterunt.

215 1941 464 2008 faciebant
487 1944 578 2011 qui
604 1944 903 2011 qumrebant
931 1945 1159 1997 animam
1188 1960 1379 2013 meam,

284 2031 352 2086 Et
374 2035 463 2101 qui
492 2034 812 2101 inquirebant
840 2036 978 2089 mula
1006 2036 1155 2102 mihi,
1183 2036 1344 2091 locuti
1372 2047 1489 2091 sunt
1508 2038 1757 2095 vanitates
1788 2056 1807 2094 :

212 2136 259 2180 et
287 2126 437 2179 dolos
464 2136 571 2180 tota
596 2127 681 2180 die
708 2127 1112 2182 meditabantur.

283 2216 395 2289 Ego
432 2229 604 2272 autem
626 2227 891 2291 tamquam
923 2222 1111 2274 surdus
1140 2237 1243 2275 non
1268 2219 1560 2289 audiebam,
1591 2231 1638 2277 et
1675 2223 1809 2277 sicut

211 2320 379 2363 mutus
408 2325 511 2363 non
539 2311 777 2378 aperiens
801 2327 857 2364 os
878 2327 1051 2366 suum.

281 2400 347 2456 Et
378 2404 550 2473 [actus
572 2419 684 2455 sum
710 2404 845 2456 sicut
886 2402 1039 2457 homo
1070 2420 1171 2458 non
1210 2405 1427 2459 audiens
1456 2421 1476 2460 :
1504 2414 1551 2460 et
1582 2422 1682 2460 non
1713 2405 1810 2461 ha-

205 2492 329 2546 bens
349 2493 401 2545 in
430 2509 518 2545 ore
538 2509 633 2546 suo
664 2494 1073 2563 redargutiones.
1111 2504 1136 2532 τι

279 2583 540 2648 Quoniam
568 2586 623 2639 in
656 2595 725 2651 te,
767 2584 1011 2654 Domine,
1043 2588 1268 2659 speravi,
1314 2598 1369 2642 tu
1399 2588 1666 2653 exaudies,
1699 2587 1810 2643 Do-

205 2677 346 2729 mine
371 2674 513 2731 Deus
539 2693 706 2732 meus.

279 2769 417 2835 Quia
446 2769 556 2823 dixi
581 2785 600 2823 :
634 2768 717 2823 Ne
745 2771 953 2842 quando
982 2775 1401 2844 supergaudeant
1444 2774 1574 2828 mihi
1606 2789 1667 2829 οξ·
1700 2774 1807 2829 ini-

205 2863 327 2916 mici
358 2864 457 2917 mei
492 2863 513 2930 ζ
558 2872 604 2919 et
644 2865 766 2919 dum
794 2876 1178 2922 commoventur
1213 2869 1364 2939 pedes
1393 2869 1511 2936 mei,
1546 2884 1703 2939 super
1732 2884 1810 2922 me

206 2976 398 3029 inagna
426 2958 589 3013 locuti
610 2968 753 3015 sunt.

280 3054 540 3121 Quoniam
582 3071 675 3127 ego
717 3057 769 3109 in
799 3055 1014 3127 ﬂagella
1056 3066 1271 3127 paratus
1303 3053 1332 3095 ι)
1369 3072 1482 3110 sum
1512 3070 1531 3110 :
1582 3063 1628 3111 et
1657 3055 1810 3111 dolor

204 3160 352 3199 meus
379 3146 433 3198 in
456 3156 730 3215 conspectu
758 3163 868 3202 meo
898 3163 1120 3217 semper.

1986 1944 2057 1999 Et
2088 1945 2193 1998 vim
2218 1942 2493 1999 faciebant
2526 1945 2617 2015 qui
2663 1946 2981 2015 qumrebant
3024 1944 3262 1999 animam
3293 1961 3469 1999 meam
3497 1964 3510 2000 :

1915 2046 1971 2092 et
1999 2038 2091 2107 qui
2122 2035 2139 2075 ί
2177 2037 2529 2107 inquirebant
2560 2037 2699 2091 mala
2731 2037 2897 2104 mihi,
2933 2038 3098 2093 locuti
3150 2046 3277 2092 sunt
3305 2039 3516 2093 vanita-

1916 2140 2019 2195 tes,
2052 2140 2105 2186 et
2134 2131 2294 2185 dolos
2323 2140 2432 2185 tota
2465 2132 2554 2186 die
2586 2132 3011 2187 meditabantur.

1986 2225 2099 2296 Ego
2121 2234 2302 2281 autem
2334 2225 2479 2279 velut
2508 2225 2708 2279 surdus
2758 2240 2865 2279 non
2910 2224 3198 2279 audiebam
3232 2240 3247 2282 :
3292 2232 3348 2279 et
3378 2223 3516 2278 sicut

1914 2327 2113 2381 mutus,
2145 2318 2236 2388 qui
2270 2332 2376 2371 non
2410 2317 2587 2387 aperit
2625 2316 2751 2387 Uis.
2785 2316 3059 2387 aperiens]
3090 2330 3153 2371 os
3183 2331 3367 2371 suum.

1984 2412 2049 2467 Et
2078 2412 2252 2466 lactus
2280 2428 2400 2466 sum
2435 2422 2492 2466 ut
2523 2410 2687 2466 homo
2718 2428 2826 2466 non
2867 2412 3097 2466 audiens
3130 2430 3143 2467 :
3189 2419 3245 2465 et
3277 2426 3386 2465 non
3419 2410 3513 2465 ba-

1912 2503 2048 2561 bens
2079 2503 2132 2558 in
2164 2518 2257 2559 ore
2289 2518 2389 2558 suo
2420 2503 2823 2573 increpationes
2853 2502 2981 2574 [Μσ.
3010 2502 3373 2573 argutiones].

1983 2597 2248 2664 Quoniam
2278 2598 2331 2652 in
2358 2606 2427 2661 te,
2455 2598 2703 2663 Domine,
2731 2596 2946 2666 speravi
2980 2605 3030 2661 ις,
3056 2594 3170 2650 (Ιίςὶ
3199 2612 3213 2654 ;
3240 2595 3320 2649 Tu
3344 2608 3511 2650 exau-

1913 2690 2029 2746 dies
2060 2705 2168 2755 me,
2202 2689 2429 2744 Domine
2459 2690 2599 2744 Deus
2632 2704 2808 2743 meus.

1985 2783 2119 2850 Quia
2149 2782 2261 2837 dixi
2292 2799 2305 2836 :
2337 2782 2414 2837 Ne
2443 2780 2732 2853 aliquando
2776 2781 3037 2836 insultent
3078 2780 3132 2834 in
3170 2794 3259 2836 me
3299 2779 3506 2834 inimici

1913 2877 2043 2942 mei,
2077 2884 2132 2930 et
2158 2876 2283 2929 dum
2315 2883 2798 2930 commoverentur
2824 2873 2992 2945 pedes
3022 2874 3152 2942 mei,
3188 2874 3242 2929 in
3275 2888 3360 2929 me
3387 2888 3505 2928 ma-

1910 2984 2016 3041 gna
2048 2969 2214 3025 locuti
2256 2976 2403 3023 sunt.

1992 3062 2257 3130 Quoniam
2305 3075 2408 3131 ego
2444 3058 2512 3115 ad
2562 3058 2774 3129 ﬂagella
2808 3064 3033 3128 paratus
3075 3070 3193 3111 sum
3226 3073 3239 3109 :
3270 3064 3325 3111 et
3355 3054 3513 3111 dolor

1912 3170 2068 3211 meus
2094 3160 2219 3208 ante
2252 3168 2339 3208 me
2386 3162 2470 3207 CSl
2508 3166 2747 3219 semper.

282 3236 541 3302 Quoniam
569 3239 888 3309 iniquitatem
916 3255 1081 3296 meam
1107 3239 1422 3296 annuntiabo
1448 3256 1467 3296 :
1498 3256 1558 3297 -t—
1584 3249 1629 3296 et
1660 3241 1683 3310 ζ
1716 3258 1801 3296 co-
1833 3247 1880 3311 ρ
1981 3248 2254 3317 Quoniam
2286 3245 2627 3316 iniquitatem
2668 3258 2844 3300 meam
2885 3257 2987 3314 ego
3020 3240 3317 3315 pronuntio
3349 3257 3363 3295 :
3395 3249 3449 3297 et
3480 3240 3506 3279 ι

205 3328 378 3398 gitabo
400 3345 495 3399 pro
522 3341 731 3399 peccato
762 3348 895 3386 meo.

278 3419 494 3475 Inimici
520 3432 690 3477 autem
724 3426 824 3478 mei
854 3424 1058 3493 vivunt,
1080 3434 1129 3479 et
1156 3426 1449 3493 conﬁrmati
1476 3436 1597 3482 sunt
1627 3442 1683 3483 σε-
1721 3444 1809 3482 su-

206 3530 302 3583 per
324 3532 400 3569 me
424 3515 446 3582 ζ
477 3525 526 3570 et
551 3518 882 3590 multiplicati
907 3528 1046 3587 sunt,
1072 3520 1159 3587 qui
1184 3520 1402 3573 oderunt
1432 3537 1509 3574 me
1538 3520 1731 3591 inique.

279 3607 386 3673 Qui
404 3610 691 3664 retribuunt
712 3610 851 3664 mala
870 3628 962 3684 pro
981 3613 1124 3666 bonis
1139 3612 1471 3668 detrahebant
1489 3612 1613 3668 mihi
1638 3629 1657 3668 :
1680 3630 1808 3683 quo-

205 3703 351 3753 niam
372 3703 618 3773 sequebar
643 3705 921 3759 bonitatem
947 3717 993 3760 ο.

279 3794 367 3850 Νι
393 3797 723 3870 derelinquas
750 3817 848 3865 me,
888 3799 1110 3856 Domine
1146 3799 1285 3855 Deus
1314 3815 1455 3855 meus
1479 3816 1496 3854 :
1525 3816 1589 3854 ne
1614 3799 1807 3855 disces-

202 3892 338 3945 seris
366 3909 399 3944 a
431 3908 534 3946 me.

283 3982 509 4038 Intende
533 3986 584 4040 in
613 3987 934 4058 adjutorium
963 4004 1150 4055 nteum,
1184 3987 1432 4056 Domine,
1458 3983 1485 4024 ἀ
1513 4001 1565 4043 -ι-
1606 3985 1744 4041 Deus
1778 3985 1799 4055 ζ

200 4078 388 4132 salutis
420 4094 563 4133 metu.

203 4292 308 4410 af
334 4282 435 4338 llic
457 4282 656 4339 iterum
689 4282 999 4355 Diapsalma
1027 4283 1094 4339 de
1129 4298 1229 4340 suo
1258 4283 1542 4339 Palatinus
1584 4298 1684 4339 ms.
1712 4283 1807 4339 ad-

245 4366 313 4409 it.

277 4425 307 4464 ιι
339 4425 559 4481 Rectius
591 4426 731 4481 idem
762 4442 865 4480 ms.
897 4426 1128 4481 verbum
1167 4443 1281 4481 sum
1315 4435 1461 4481 tacet
1489 4443 1501 4479 :
1526 4428 1645 4495 plus
1676 4441 1808 4483 vero

203 4496 376 4569 habet
400 4497 751 4569 subsequenti
786 4512 970 4569 versu,
996 4514 1087 4569 ego
1110 4498 1454 4565 annuntiabo,
1490 4510 1597 4551 etc.

282 4578 305 4605 ε
339 4568 570 4638 Rursum
601 4567 905 4636 Diapsttlma
931 4567 1183 4623 hie‘idetn
1210 4585 1311 4622 ms.
1340 4569 1614 4638 subjungit
1644 4587 1655 4623 :
1691 4578 1801 4624 tum

199 4637 357 4707 legit.
396 4636 513 4691 Non
546 4639 892 4708 derelinquas,
925 4648 1032 4693 etc.

275 4708 306 4747 ει
342 4709 492 4762 llunc
515 4710 728 4763 obclum
758 4712 975 4778 sequior
1001 4724 1192 4764 manus
1222 4710 1274 4763 in
1298 4709 1543 4763 Palatino
1575 4724 1678 4764 ms.
1706 4711 1801 4766 de—

199 4780 336 4834 levit
361 4797 376 4833 :
403 4782 698 4851 prtestabat
724 4795 852 4834 vero
877 4782 1075 4849 ipsum,
1104 4779 1263 4847 Deus,
1290 4794 1510 4849 DOIIIell,
1534 4782 1679 4851 quod
1706 4798 1801 4837 ne-

197 4866 311 4921 que
344 4851 398 4905 in
427 4849 618 4906 Graeco
647 4861 751 4915 est,
776 4851 978 4905 induci.

283 4931 307 4957 ο
342 4921 463 4975 Pari
491 4937 760 4977 consensa
786 4922 1121 4990 Augustinus
1145 4932 1199 4976 et
1223 4922 1553 4976 Veronensis
1576 4937 1677 4975 ms.
1704 4923 1799 4978 ba-

199 4992 336 5047 bcnt
363 4993 689 5046 ambulabant
709 5010 804 5059 pro
819 4994 1145 5061 ingrediebar
1171 5008 1187 5045 :
1212 5003 1266 5047 et
1296 4995 1459 5061 paulo
1484 5003 1625 5060 post,
1652 4994 1802 5059 inﬁr-

198 5076 374 5117 matus
401 5081 508 5116 sum
544 5079 640 5134 pro
664 5066 987 5131 incurvatus,
1015 5074 1072 5119 et
1101 5080 1262 5135 usque
1292 5064 1447 5117 nimis
1480 5080 1577 5133 pro
1608 5081 1799 5135 usque-

235 5151 428 5202 itaque.

277 5151 306 5184 tt
413 5175 428 5189 .

197 5151 791 5271 qu‘qutgustinianum
824 5214 878 5259 et
905 5205 1256 5271 Veronense,
1301 5204 1441 5274 quod
1500 5204 1642 5260 idem
1695 5215 1800 5271 est,

199 5273 555 5335 Psalterium,
574 5278 660 5344 qui
683 5277 978 5344 qmrrebant
1006 5278 1149 5330 mula
1170 5293 1303 5340 mea,
1321 5273 1491 5329 locuti
1512 5284 1630 5329 sunt
1659 5279 1803 5331 vani-

202 5356 388 5408 tatem,
431 5357 477 5399 et
504 5347 682 5400 dolum
730 5358 840 5401 tota
870 5349 953 5401 die
981 5348 1381 5411 meditabantur,
1431 5351 1626 5401 vitiose
1658 5348 1802 5403 ettitn

201 5416 322 5485 ejus
355 5418 535 5471 editor
560 5418 775 5483 ντωίύιί
808 5419 1219 5474 meditabantur.

277 5498 302 5533 ιδ
341 5488 443 5541 llic
472 5489 698 5541 verbum
728 5488 861 5554 dixi,
905 5499 1014 5542 tum
1040 5508 1117 5543 me
1151 5503 1450 5558 pronomen
1482 5488 1645 5543 iidem
1679 5502 1801 5544 cum

201 5558 489 5612 Gallicano
519 5568 853 5629 prmterennt
884 5577 897 5612 :
934 5574 1058 5613 mox
1084 5576 1214 5614 vero
1240 5560 1381 5629 quod
1412 5575 1510 5629 pro
1553 5560 1802 5614 insultent

200 5629 255 5700 in
280 5645 385 5700 nte,
416 5628 632 5694 prtel'ert
659 5629 960 5685 Veronens.
985 5634 1238 5685 exsultent
1263 5628 1659 5699 nti/ti,’propius
1679 5630 1798 5700 qui-

202 5699 328 5752 dem
362 5698 550 5753 Gneeo
577 5703 893 5775 intzuiprnoi
921 5724 1009 5775 μρι
1043 5705 1244 5775 lueret:
1269 5702 1336 5755 ab
1360 5698 1673 5775 Augustino
1693 5698 1790 5754 nu-

206 5778 339 5835 tem,
378 5780 434 5822 ut
463 5786 529 5825 ne
573 5756 706 5838 quid
736 5756 1177 5837 dissim'ttlemus,
1217 5774 1269 5826 in
1320 5756 1551 5839 vulgatis
1597 5772 1787 5827 saltem

205 5841 631 5912 exetttplaribus,
674 5842 900 5909 abludit,
935 5845 1024 5899 ubi
1056 5851 1213 5900 vetus
1248 5843 1408 5899 lectio
1448 5843 1702 5897 insultant
1733 5844 1783 5899 in

1912 3340 2165 3412 cogitabo
2192 3354 2293 3411 pro
2322 3347 2546 3409 peccato
2576 3352 2721 3394 meo.

1985 3432 2193 3488 inimici
2223 3431 2330 3487 mei
2356 3441 2536 3487 autem
2558 3431 2766 3496 vivunt,
2789 3439 2841 3485 et
2864 3428 3159 3485 conlortati
3182 3438 3309 3485 sunt
3336 3444 3505 3500 super

1914 3540 2003 3582 me
2033 3543 2048 3581 :
2078 3534 2133 3581 et
2159 3523 2496 3594 multiplicati
2522 3523 2759 3593 suntqui
2786 3522 3018 3578 oderunt
3048 3536 3137 3579 me
3168 3522 3373 3593 inique.

1984 3614 2085 3681 Qui
2110 3614 2487 3670 retribuebant
2517 3614 2646 3669 mibi
2688 3613 2827 3669 mala
2872 3629 2971 3685 pro
3021 3614 3214 3681 bonis,
3257 3614 3509 3669 detrahe-

1918 3706 2050 3761 bant
2076 3706 2205 3760 mibi
2237 3706 2496 3776 quoniam
2522 3705 2845 3761 subsecutus
2870 3720 2989 3761 sum
3016 3704 3287 3774 justitiam
3318 3706 3360 3761 ί.

1987 3800 2064 3855 Ne
2094 3800 2441 3869 derelinquas
2494 3814 2602 3867 me,
2647 3798 2877 3854 Domine
2919 3800 3062 3855 Deus
3094 3814 3271 3865 meus,
3323 3813 3390 3853 ne
3428 3799 3510 3853 di-

1914 3891 2177 3948 scesseris
2207 3906 2236 3945 a
2267 3905 2352 3946 me
2387 3907 2400 3944 :
2430 3888 2655 3947 intende
2687 3890 2739 3945 in
2780 3889 3112 3960 adjutorium
3154 3903 3366 3959 meum,
3400 3890 3508 3945 Do-

1914 3988 2061 4042 mine
2090 3985 2235 4041 Deus
2260 3984 2451 4040 salutis
2480 3998 2637 4041 mete.

1909 4302 2009 4353 me,
2039 4286 2327 4341 retinetur.
2355 4284 2517 4340 Falso
2544 4285 2728 4356 itaque
2754 4284 3090 4341 Veronensis
3112 4285 3231 4355 ejus
3262 4298 3365 4340 ms.
3391 4284 3507 4340 edi-

1911 4368 1997 4411 tor
2026 4358 2123 4423 ait,
2158 4374 2219 4412 ne
2239 4357 2523 4426 aliquando
2564 4358 2818 4411 exsultent
2856 4357 2923 4426 ab
2954 4358 3259 4426 Augustino
3290 4371 3507 4426 quoque

1908 4428 2012 4496 legi
2040 4429 2090 4482 in
2117 4425 2466 4487 enarratione
2509 4428 2669 4497 hujus
2705 4425 2916 4496 psalmi,
2954 4425 3103 4483 num.
3144 4428 3237 4481 2'2.
3275 4426 3377 4479 Vix
3407 4425 3506 4496 ego

1907 4497 2047 4552 banc
2076 4500 2365 4553 lectionem
2396 4499 2703 4567 Augustino
2733 4507 2916 4553 notam
2961 4498 3128 4552 fuisse
3167 4497 3404 4566 coniicio
3434 4513 3503 4551 ex

1906 4571 2207 4643 παραηήλῳ
2266 4569 2619 4643 testimonio,
2672 4570 2816 4638 quod
2872 4569 3090 4635 laudat,
3121 4571 3210 4638 qui
3262 4586 3341 4623 me
3385 4585 3507 4639 pro-

1911 4653 2077 4701 munt,
2106 4641 2458 4698 exsultabant,
2491 4642 2534 4693 si
2566 4650 2729 4694 motus
2760 4645 2927 4708 fuero.

1984 4708 2011 4746 ¹¹
2142 4712 2441 4783 Augustino
2455 4711 2786 4783 Veronensis
2807 4726 2907 4764 ms.
2935 4727 3297 4783 curamgerum
3324 4710 3503 4779 :quod

1911 4782 2156 4849 sequitur
2185 4784 2275 4853 qui
2315 4782 2543 4853 oderunt
2568 4798 2646 4835 me
2690 4782 2883 4853 inique,
2919 4782 3255 4852 Augustinus
3284 4795 3506 4853 quoqm;

1911 4855 2135 4925 retinet,
2162 4850 2262 4907 nis.
2297 4862 2475 4907 tamen
2511 4850 2814 4925 Verone‘ns'.
2849 4850 3058 4925 mavult
3089 4854 3314 4925 injuste,
3359 4850 3503 4919 quod

1912 4922 2133 4991 dignum
2168 4932 2355 4977 notatu
2384 4931 2503 4976 erat
2530 4923 2648 4990 ejus
2672 4922 2894 4989 editori,
2920 4925 3009 4993 qui
3035 4922 3253 4977 minima
3278 4934 3505 4993 qumque

1912 4994 2153 5048 studiose
2180 4995 2546 5063 persequitur.
2585 4993 2789 5048 Deinde
2829 4992 2949 5062 pari
2978 5008 3273 5059 consensu,
3306 4992 3397 5060 qui
3423 5006 3506 5043 re-

1910 5064 2145 5117 tribuunt
2202 5066 2337 5118 mala
2401 5082 2495 5135 pro
2553 5064 2738 5133 bonis,
2800 5076 2854 5118 ct
2906 5066 3149 5135 quoniam
3208 5070 3505 5134 persecutus

1905 5152 2038 5198 sum,
2074 5144 2182 5191 etc.

1988 5204 2002 5241 ί
2036 5206 2188 5272 Quod
2219 5207 2523 5261 Veronens.
2558 5222 2660 5260 ms.
2687 5205 2968 5272 subiungit
3010 5211 3165 5259 vetus
3205 5204 3504 5274 glossema,

1907 5283 1955 5329 et
1985 5281 2313 5348 projecerunt
2340 5294 2417 5330 me
2444 5279 2689 5331 dilectum
2721 5288 2979 5348 tamquam
3017 5285 3275 5329 mortuum
3309 5274 3505 5348 abomif

1908 5345 2113 5417 natum,
2156 5364 2220 5403 ex
2268 5349 2574 5417 Augustino
2621 5347 2841 5415 quidem
2886 5347 3199 5414 descripsit,
3229 5350 3317 5416 qui
3370 5345 3503 5417 illud

1910 5415 1993 5472 bis
2018 5422 2210 5473 recitat
2242 5420 2294 5472 iu
2328 5415 2681 5472 enarratione
2717 5435 2728 5469 :
2778 5417 3065 5471 tamenetsi
3098 5415 3269 5471 videri
3300 5416 3499 5484 possit,

1912 5502 2017 5541 non
2053 5504 2149 5558 pro
2182 5489 2342 5557 hujus
2386 5489 2642 5542 versiculi
2693 5498 2877 5555 parte,
2911 5490 3004 5541 sed
3056 5503 3156 5556 pro
3196 5488 3417 5541 aliunde
3450 5487 3502 5540 in

1907 5558 2025 5625 ejus
2048 5564 2332 5615 sententiae
2364 5558 2479 5613 sive
2512 5558 2785 5627 allegoria:
2832 5560 3061 5627 gratiam
3103 5559 3316 5612 adscito
3351 5558 3503 5610 testi-

1904 5632 2087 5686 m0nio
2138 5629 2435 5693 accepisse.
2473 5630 2579 5682 Nec
2632 5638 2809 5683 tamen
2856 5634 3166 5699 ignoramus
3220 5644 3250 5682 c
3295 5628 3501 5699 Grtecis

1900 5701 2029 5754 illttd
2063 5703 2471 5769 exemplaribus
2506 5700 2746 5763 ﬂuxisse,
2781 5717 2810 5754 e
2832 5698 3034 5769 quibUs
3064 5701 3285 5755 totidem
3321 5698 3500 5750 verbis

1895 5772 2074 5828 laudat
2107 5772 2503 5829 Theodoretus.
2555 5778 2643 5828 Καὶ
2668 5774 2965 5845 ansa-stum
3009 5795 3067 5845 με
3098 5774 3182 5826 τὸν
3220 5771 3498 5845 ἀγαπητὸν,

1872 5850 1963 5904 ,ὡς
2006 5844 2171 5920 νεκρὸν
2222 5845 2572 5923 ἐϐδελυγμένον
2618 5862 2631 5900 :
2682 5854 2821 5901 unde
2870 5844 2929 5899 et
2969 5844 3244 5898 vet-siones
3264 5844 3481 5911 aliquot
