4090 6338
584 329 688 390 187

1600 327 1657 385 S.
1699 324 2084 384 IIIERONYMI
2122 325 2354 385 DIVINA
2395 276 2868 386 BIBLIO'I'IIECA.

3765 328 3884 388 188

1818 461 2180 527 PSALMUS
2224 461 2589 524 XXXVIII.

767 606 821 650 IN
846 604 1006 649 nam
1040 597 1063 628 τι
1095 602 1193 646 lBSl
1220 603 1462 657 lDITHUN,
1493 602 1762 645 cau'rtcuu
1792 604 1978 645 num.

1771 716 1805 749 hx}

649 778 777 835 Dixi
806 794 823 833 :
849 776 1147 834 Custodiam
1192 778 1300 832 vias
1345 793 1484 833 meas
1514 794 1531 833 :
1562 786 1620 833 ut
1653 794 1759 833 non
1796 777 2091 850 delinquant
2121 777 2175 832 in

582 875 763 946 lingua
788 890 921 929 mea.
1856 862 1861 865 ’

648 966 813 1022 Posui
842 968 921 1021 ori
953 982 1060 1022 meo
1083 965 1374 1022 custodiam
1403 981 1421 1022 :
1447 981 1563 1021 cum
1605 966 1904 1021 consisteret
1935 968 2174 1037 peccator

581 1060 851 1117 adversum
872 1075 976 1114 me.

652 1150 945 1207 Obmutuib
966 1159 1016 1206 et
1044 1166 1105 1208 -εν
1144 1152 1166 1222 ζ
1196 1150 1498 1207 humiliatus
1520 1168 1634 1208 sum
1661 1166 1720 1209 οξ-
1746 1160 1794 1207 et
1826 1150 1848 1222 ζ
1881 1151 2005 1207 silui
2034 1168 2063 1207 a
2084 1152 2173 1208 bo-

576 1246 658 1301 nis
688 1261 705 1300 :
736 1252 783 1298 et
803 1245 951 1299 dolor
977 1261 1117 1299 meus
1148 1253 1424 1299 renovatus
1448 1255 1539 1299 est.

648 1333 917 1393 Concaluit
946 1353 1035 1390 cor
1059 1353 1227 1391 meum
1256 1337 1392 1391 intra
1424 1351 1503 1391 me
1536 1350 1597 1392 -:~
1629 1346 1676 1392 et
1703 1335 1727 1407 ζ
1758 1337 1813 1391 in
1839 1337 2172 1393 meditatione

575 1443 690 1483 mea
717 1428 1013 1484 exardescct
1033 1428 1191 1502 ignis.

648 1522 879 1577 Locutus
905 1539 1020 1576 sum
1044 1522 1099 1576 in
1128 1522 1306 1593 lingua
1342 1537 1496 1577 mea:
1522 1520 1717 1577 Notum
1747 1523 1832 1594 fac
1871 1520 2018 1590 mihi,
2061 1521 2170 1578 Do-

575 1621 735 1687 mine,
760 1620 918 1689 ﬁnem
944 1632 1134 1671 meum.

643 1698 717 1767 Et
744 1726 1017 1767 numerum
1048 1710 1246 1765 dierum
1291 1725 1551 1782 meorum,
1594 1709 1711 1779 quis
1754 1710 1867 1766 est?
1910 1718 1967 1766 ut
2006 1710 2169 1766 sciam

573 1804 700 1877 quid
726 1804 856 1860 desit
885 1802 1032 1857 mihi.

643 1892 779 1952 Ecce
805 1894 1171 1951 mensurabiles
1198 1896 1418 1968 posuisti
1448 1896 1557 1951 dies
1588 1911 1724 1951 meos
1756 1911 1774 1949 :
1801 1904 1847 1952 et
1876 1896 2166 1955 substantia

568 2007 682 2046 mea
712 2001 974 2063 tamquam
1004 1988 1225 2045 nihilum
1255 2000 1373 2045 ante
1403 2000 1470 2046 te.

652 2084 1014 2140 Verumtamen
1040 2085 1279 2140 universa
1322 2086 1554 2155 vanitas,
1582 2088 1747 2143 omnis
1780 2088 1931 2144 homo
1971 2089 2163 2146 vivens.

577 2177 908 2236 Dursawa.

649 2270 1017 2325 Verumtamen
1045 2270 1102 2325 in
1144 2270 1373 2342 imagine
1417 2272 1699 2343 pertransit
1749 2272 1938 2343 homo;
1987 2274 2075 2330 sed
2116 2284 2165 2331 et

571 2367 769 2434 [rustra
798 2364 1154 2420 conturbatur.

643 2455 1000 2525 Thesaurizat,
1024 2466 1072 2513 et
1098 2457 1303 2528 ignorat
1326 2456 1410 2511 cui
1438 2458 1768 2532 congregabit
1796 2474 1875 2514 ea.

647 2549 716 2606 Et
741 2567 879 2606 nunc
910 2567 1027 2621 quae
1053 2559 1127 2608 est
1156 2553 1466 2622 exspectatio
1493 2554 1645 2608 mea?
1674 2568 1842 2610 nonne
1869 2550 2166 2610 Dominus?

576 2656 639 2698 αθ-
664 2652 712 2697 et
743 2644 764 2711 ζ
799 2644 1086 2699 substantia
1109 2662 1222 2700 mea
1248 2646 1389 2716 apud
1411 2654 1458 2701 te
1481 2655 1576 2702 est.

640 2735 717 2791 Ab
742 2737 978 2792 omnibus
1008 2737 1363 2808 iniquitatibus
1386 2740 1510 2795 meis
1533 2755 1658 2796 erue
1678 2756 1760 2796 me
1782 2757 1801 2796 ε
1825 2743 2162 2814 opprobrium

567 2828 832 2898 insipienti
851 2831 1038 2886 dedisti
1060 2847 1160 2887 me.

645 2919 891 2975 Obmutui
922 2936 983 2975 -ξι
1010 2922 1105 2990 et:
1140 2938 1245 2976 non
1283 2924 1465 2993 aperui
1511 2940 1566 2979 os
1593 2941 1784 2996 meum,
1814 2928 2061 3000 quoniam
2104 2937 2160 2985 tu

568 3013 735 3083 fecisti
766 3028 785 3067 :
814 3029 992 3068 amove
1019 3031 1053 3067 a
1080 3030 1158 3069 me
1185 3014 1367 3087 plagas
1393 3025 1530 3072 tuas.

639 3105 684 3158 Α
716 3105 1019 3167 fortitudine
1042 3121 1225 3160 manus
1254 3115 1355 3161 tuae
1391 3122 1484 3181 ego
1510 3108 1676 3180 tle/“cci
1710 3110 1764 3163 in
1798 3109 2161 3183 increpationi-

570 3195 663 3250 bus
688 3212 708 3251 :
732 3207 943 3268 propter
971 3198 1291 3269 iniquitatem
1315 3202 1614 3273 corripuisti
1636 3202 1919 3260 hominem.

639 3286 709 3344 Et
758 3276 1025 3345 tabescere
1058 3291 1222 3361 fecisti
1260 3294 1388 3346 sicut
1444 3310 1689 3351 araneam
1725 3299 1953 3354 animam
1987 3299 2108 3373 ejus:
2136 3318 2156 3357 :

566 3393 916 3440 verumtamen
938 3402 1066 3441 vane
1092 3401 1149 3443 -μ
1181 3391 1519 3445 conturbatur
1554 3391 1578 3460 ζ
1602 3392 1768 3448 omnis
1796 3394 1972 3451 homo.
2001 3371 2133 3453 Dur

2263 3382 2704 3456 deprecationem
2747 3398 2924 3440 meam
2978 3400 2993 3440 :

569 3488 761 3531 εΑωιΑ.

639 3585 701 3627 σε»
737 3571 820 3626 Ea:
848 3572 870 3641 ζ
902 3573 1023 3631 audi
1050 3575 1335 3630 orationem
1358 3593 1543 3648 meum,
1569 3579 1810 3649 Domine,
1838 3591 1885 3641 et
1909 3584 2158 3656 depreca-

565 3662 753 3725 tionem
782 3678 843 3719 —:—
874 3680 1039 3719 meam
1074 3666 1095 3734 ζ
1125 3668 1342 3722 auribus
1373 3672 1576 3743 percipe
1605 3670 1872 3745 lacrgmas
1899 3693 2037 3732 meas
2063 3694 2083 3734 .°

640 3756 725 3812 Ne
767 3759 940 3826 sileas,
979 3762 1219 3830 quoniam
1248 3763 1446 3820 advena
1483 3779 1578 3836 ego
1612 3784 1724 3823 sum
1753 3771 1897 3842 apud
1925 3782 2006 3840 te,
2038 3782 2059 3811 ο
2092 3786 2153 3828 οὶ·

567 3861 615 3906 et
651 3851 673 3920 ζ
708 3854 1013 3925 peregrinus
1046 3871 1065 3912 :
1091 3856 1224 3911 sicut
1254 3873 1428 3914 omnes
1453 3867 1625 3928 patres
1648 3864 1767 3918 mei.

639 3942 861 4000 Remitte
890 3945 1018 4000 mihi
1059 3955 1115 4001 ut
1166 3950 1441 4021 refrigerer
1488 3954 1791 4025 priusquam
1846 3956 2066 4014 abeam:
2111 3970 2158 4015 et

565 4040 788 4111 amplius
810 4046 911 4097 nan
942 4059 1051 4098 ero.

2199 590 2252 650 Α
2279 603 2331 644 tu
2376 603 2561 656 nam,
2612 602 2712 645 rno
2742 586 3005 662 ξιυιτιιυΝ,
3054 603 3327 645 CANTICUI
3352 588 3536 646 puto
3575 588 3733 665 [Aug
3768 603 3880 647 res:

2976 680 3177 754 eum].

2354 773 2471 829 Dixi
2506 791 2519 827 :
2558 773 2873 831 Custodiam
2921 774 3039 831 vias
3085 790 3235 832 meas
3270 782 3377 834 :ut
3417 791 3529 833 non
3560 775 3881 851 delinquam

2277 864 2331 920 in
2361 864 2542 936 lingua
2575 881 2717 923 mea.
2930 852 2935 855 ’

2346 958 2506 1015 Posui
2536 961 2614 1015 ori
2648 976 2766 1018 meo
2793 961 3130 1019 custodiam:
3167 962 3295 1019 dum
3323 963 3575 1020 Consistit
3609 974 3873 1037 peccator

2275 1048 2536 1107 adversus
2573 1068 2680 1109 me.

2346 1142 2371 1180 (ι
2402 1145 2679 1217 Obmutui,
2731 1156 2786 1205 et
2820 1148 3132 1207 humiliatus
3162 1165 3305 1221 sum,
3350 1158 3407 1208 et
3449 1149 3572 1208 silui
3601 1168 3632 1208 a
3658 1152 3825 1210 bonis
3861 1170 3877 1210 :

2273 1242 2328 1292 et
2358 1236 2515 1293 dolor
2543 1255 2695 1296 meus
2720 1251 3016 1298 renovatus
3042 1251 3149 1299 est.

2343 1328 2625 1387 Concaluit
2653 1347 2748 1387 cor
2779 1349 2955 1390 meum
2985 1334 3128 1391 intra
3157 1350 3243 1394 me
3273 1352 3288 1393 :
3328 1344 3384 1394 et
3420 1335 3476 1393 in
3514 1336 3877 1395 meditatione

2272 1436 2391 1478 mea
2421 1425 2727 1482 exardescit
2752 1427 2911 1501 ignis.

2342 1516 2579 1573 Locutus
2608 1534 2725 1575 sum
2760 1521 2812 1576 in
2837 1521 3017 1594 lingua
3048 1537 3170 1578 mea
3198 1541 3209 1579 :
3236 1521 3434 1579 Notum
3464 1521 3600 1579 mihi
3636 1522 3738 1590 fac,
3764 1521 3878 1577 Do-

2270 1607 2434 1674 mine,
2468 1608 2630 1665 linem
2663 1626 2844 1667 meum
2880 1630 2893 1668 :
2926 1622 2982 1670 et
3022 1630 3310 1670 numerum
3356 1612 3566 1671 dierum
3596 1629 3873 1683 meorum,

2268 1701 2388 1789 quis
2420 1700 2546 1773 [Μδ.
2578 1702 2694 1775 qui]
2721 1704 2837 1760 est?
2858 1714 2918 1761 ut
2948 1707 3112 1761 sciam
3136 1706 3266 1778 quid
3299 1705 3440 1762 desit
3473 1706 3630 1762 mihi.

2267 1804 2285 1853 Ξ
2341 1795 2480 1851 Ecce
2510 1806 2725 1853 veteres
2741 1799 2971 1870 posuisti
2990 1799 3107 1856 dies
3132 1815 3315 1858 meos:
3338 1810 3395 1857 et
3416 1800 3723 1857 substantia
3749 1816 3874 1860 mea

2270 1896 2542 1959 tamquam
2571 1889 2707 1946 nihil
2728 1899 2854 1948 ante
2883 1901 2934 1948 te
2956 1902 3041 1948 est
3060 1890 3190 1967 [Με.
3217 1903 3351 1949 tacet
3379 1891 3512 1967 est].

2190 1986 2241 2049 B
2339 1983 2720 2041 Verumtamen
2769 1987 3022 2044 universa
3067 1988 3301 2055 vanitas,
3348 1987 3525 2044 omnis
3574 1986 3741 2044 homo
3791 1989 3875 2046 vi-

2273 2089 2424 2132 vens.
2455 2076 2781 2133 DIAPSALHA.
2814 2077 3151 2152 Quamquam
3172 2080 3225 2135 in
3250 2079 3487 2151 imagine
3510 2087 3534 2116 ε
3560 2077 3657 2135 Dei
3677 2077 3875 2135 ambu-

2270 2171 2345 2227 lat
2373 2172 2534 2229 homo
2567 2189 2582 2228 :
2617 2187 2756 2230 vane
2782 2173 3219 2231 conturbabitur.
3255 2171 3276 2245 ζ

2340 2265 2716 2334 Thesaurizat,
2744 2278 2799 2325 et
2821 2268 3035 2340 ignorat
3059 2269 3147 2325 cui
3182 2274 3476 2341 congregat
3511 2281 3575 2324 ea
3606 2283 3619 2321 :
3648 2273 3705 2321 et
3724 2280 3875 2323 nunc

2268 2375 2389 2432 quae
2413 2371 2495 2417 est
2524 2362 2862 2432 exspectatio
2892 2363 3054 2420 mea?
3093 2377 3278 2420 nonne
3319 2359 3618 2418 Dominus?
3658 2368 3716 2415 et
3740 2358 3871 2416 sub-

2261 2452 2459 2508 stantia
2491 2468 2607 2508 mea
2639 2461 2909 2525 tamquam
2936 2454 3074 2510 nihil
3105 2464 3231 2511 ante
3258 2464 3312 2512 te
3338 2464 3441 2511 est.

2338 2547 2420 2603 Ab
2448 2547 2699 2603 omnibus
2747 2546 3125 2619 iniquitatibus
3169 2548 3308 2607 meis
3354 2548 3510 2622 eripe
3537 2549 3670 2624 [Με.
3710 2552 3865 2627 erue]

2266 2653 2354 2695 me
2383 2657 2396 2694 :
2429 2640 2780 2710 opprobrium
2811 2641 3093 2712 insipienti
3121 2642 3321 2699 dedisti
3350 2658 3462 2699 me.

2335 2734 2616 2801 Obmutui,
2640 2743 2695 2791 et
2711 2749 2821 2791 non
2843 2737 3032 2807 aperui
3054 2750 3117 2793 os
3140 2753 3343 2804 meum,
3368 2738 3624 2810 quoniam
3649 2748 3708 2798 tu
3741 2740 3764 2780 τ
3789 2739 3868 2799 ie-

2263 2824 2385 2881 cisti
2406 2842 2515 2893 me,
2546 2841 2738 2883 amove
2758 2844 2788 2883 a
2811 2843 2898 2884 me
2920 2827 3104 2901 plagas
3127 2837 3248 2886 tuas
3272 2847 3292 2886 :
3312 2844 3341 2885 a
3370 2828 3691 2890 fortitudine
3713 2832 3866 2890 enim

2262 2933 2453 2973 manus
2482 2928 2586 2974 tua:
2613 2934 2714 2990 ego
2740 2918 2915 2975 deieci
2945 2920 3000 2975 in
3030 2921 3515 2994 increpationibus.

2333 3011 2563 3082 Propter
2607 3012 2951 3083 iniquitatem
2992 3014 3307 3084 corripuisti
3342 3016 3658 3075 hominem:
3690 3027 3750 3075 el.
3784 3027 3865 3076 ta-

2258 3103 2485 3160 bescere
2512 3103 2685 3159 iecisti
2717 3104 2859 3161 sicut
2877 3121 3132 3163 araneam
3159 3105 3391 3162 animam
3423 3108 3564 3178 ejus.

2333 3195 2717 3252 Verumtamen
2761 3197 3011 3253 universa
3056 3199 3297 3269 vanitas,
3347 3200 3527 3255 omnis
3571 3199 3736 3257 homo
3786 3204 3866 3259 vi-

2259 3305 2415 3346 vens.
2449 3290 2775 3345 Dursaena.
2804 3291 3034 3358 Exaudi,
3067 3292 3238 3359 Deus,
3270 3293 3575 3350 orationem
3597 3309 3783 3351 meam
3805 3306 3864 3354 et

3049 3382 3272 3441 auribus
3319 3385 3540 3457 percipe
3584 3385 3866 3459 lacrymas

2265 3492 2437 3533 meas.

2334 3568 2606 3638 Quoniam
2638 3578 2663 3618 Β
2700 3569 2875 3626 incola
2920 3584 3021 3641 ego
3050 3584 3174 3627 sum
3222 3570 3365 3641 apud
3411 3579 3463 3630 te
3489 3572 3546 3630 in
3591 3580 3735 3632 terra
3771 3582 3865 3632 :et

2263 3663 2586 3736 peregrinus
2614 3664 2754 3720 sicut
2773 3679 2963 3720 omnes
2993 3671 3179 3735 patres
3210 3665 3337 3722 mei.

2334 3754 2576 3812 Remitte
2603 3755 2757 3824 mihi,
2787 3764 2847 3812 ut
2870 3755 3157 3829 reirigerer
3209 3757 3525 3832 priusquam
3581 3773 3749 3818 eam:
3802 3769 3859 3819 et

2263 3849 2498 3921 amplius
2528 3862 2634 3903 non
2675 3861 2770 3903 ero

1852 4210 2210 4279 PSALMUS
2252 4212 2566 4281 XXXIX.

982 4363 1034 4404 IN
1071 4365 1254 4421 FINEII,
1295 4368 1455 4409 navm
1484 4367 1738 4412 vsawos.

635 4442 953 4515 Exspectant;
973 4448 1263 4516 exspectavi
1288 4445 1669 4509 Dominumwt
1704 4455 1922 4509 intendit
1967 4457 2117 4514 mihi.

630 4533 703 4589 Et
735 4551 796 4591 -s-
825 4554 890 4592 ex
919 4537 942 4607 ζ
968 4538 1163 4593 audivit
1190 4557 1362 4610 preces
1400 4560 1575 4599 meas:
1604 4555 1651 4601 et
1673 4546 1854 4602 eduait
1873 4565 1953 4605 me
1985 4552 2049 4605 de
2078 4552 2157 4607 la.

560 4642 625 4687 cu
648 4629 889 4698 miserita,
925 4644 984 4687 -:—
1005 4639 1053 4686 et
1088 4631 1110 4702 ζ
1132 4633 1197 4687 de
1214 4632 1324 4689 luto
1350 4634 1515 4705 faecis.

559 4859 850 4941 orientales
881 4873 946 4941 ea
974 4858 1490 4941 Crteeo‘derivatas,
1520 4871 1576 4920 et
1606 4867 1897 4925 nonnullos
1926 4882 2139 4941 quoque

558 4931 780 4987 Latinos
807 4930 1025 4986 codices
1056 4934 1311 5001 pervasit.

632 5011 658 5075 ft
684 5002 961 5075 Palatinus
984 5016 1232 5075 ms.,ipro
1262 5003 1500 5062 [dit/tun.

627 5070 658 5109 ι)
688 5074 976 5152 Perperam
999 5073 1062 5152 in
1094 5070 1385 5131 Martianzei
1415 5079 1654 5137 editione
1681 5088 1793 5137 tota
1826 5080 2017 5137 isthmc
2049 5097 2140 5152 pe-

556 5142 766 5211 ricope,
795 5154 840 5197 et
866 5144 1170 5199 humiliatus
1199 5163 1336 5212 sum,
1380 5160 1447 5215 et,
1483 5151 1640 5205 obolo
1673 5142 2083 5208 confvdiebatttr
2121 5173 2136 5208 :

562 5217 1009 5292 quemnuecsatis
1040 5215 1176 5270 bene
1207 5218 1358 5272 alteri
1392 5228 1596 5276 tantum
1628 5231 1681 5277 et
1720 5225 1930 5292 copula:
1974 5223 2142 5280 Carus

561 5299 682 5338 cum
714 5285 965 5361 I’nl:tlillt}_
996 5302 1098 5340 tus.
1139 5292 1515 5356 praeponebat.
1563 5293 1672 5346 Nos
1721 5285 1981 5347 [lubricus
2031 5297 2144 5361 ipse

566 5364 745 5429 textus
777 5371 898 5429 cunt
928 5355 1117 5411 Cra-co
1146 5355 1492 5429 'compnratus
1522 5362 1588 5417 de
1618 5364 1685 5418 iis
1714 5366 1857 5418 notis
1900 5378 1997 5419 suo
2027 5355 2145 5421 loco

568 5426 921 5480 re5titucntlis
954 5430 1182 5482 monuit.

640 5506 661 5533 ο
694 5497 840 5575 Ilauc
866 5513 1079 5575 quoque
1107 5503 1451 5575 etcepulam,
1482 5504 1623 5574 quod
1654 5521 1825 5575 neque
1845 5505 2148 5564 in‘llebraeo

564 5574 728 5646 textu"
743 5569 835 5630 sit,
859 5568 931 5646 ad
956 5568 1176 5646 Palatini
1212 5568 1311 5646 nis.
1343 5568 1512 5627 ﬁdem
1535 5592 1663 5632 veru
1695 5568 2080 5646 prmttotamns.

635 5635 661 5673 ί¹
690 5635 822 5692 Cum
856 5640 972 5695 solo
1014 5640 1319 5706 Augustino
1362 5646 1663 5703 Veronens.
1697 5635 1814 5701 'ms.
1846 5649 2102 5702 obsurdni
2134 5666 2151 5704 :

567 5710 708 5787 quod
740 5720 795 5762 et
822 5709 1127 5787 initam-rs.
1160 5714 1240 5777 I0,
1266 5719 1549 5783 scripsisse
1578 5728 1822 5781 autumo,
1849 5735 1944 5787 pro
1967 5720 2146 5773 obmu-

567 5779 677 5843 tui;
699 5783 1005 5859 _t_um_c_aluit
1036 5800 1128 5859 cor
1150 5801 1336 5848 meum,
1365 5779 1415 5840 et
1447 5788 1743 5859 erartlcscet
1771 5779 1931 5859 ignis.

644 5859 666 5885 ο
699 5850 796 5906 Vix
829 5853 915 5908 hic
942 5869 1045 5909 uno
1079 5856 1363 5925 uitamque
1397 5858 1563 5912 verbo
1589 5859 1747 5915 iidetn
1782 5850 1922 5914 inter
1955 5875 2013 5916 se
2039 5860 2145 5917 dis-

2296 4382 2348 4420 IN
2387 4380 2545 4420 rineu
2584 4378 2815 4420 PSALMUS
2851 4380 3011 4421 nmo
3056 4364 3164 4439 (us.
3198 4368 3301 4422 ιιιδὶ
3335 4382 3496 4423 ιιΑνιι)
3533 4367 3818 4441 PSALIIUS].

2334 4455 2361 4496 1‘
2380 4459 2711 4529 Exspectans
2737 4461 3042 4530 exspectavi
3075 4460 3378 4527 Dominum,
3395 4468 3449 4517 et
3470 4462 3715 4532 respexit
3736 4477 3856 4519 me:

2263 4562 2321 4610 et
2344 4553 2616 4609 exaudivit
2645 4553 3087 4623 deprecationem
3116 4568 3316 4624 meam,
3343 4566 3401 4612 et
3419 4554 3613 4613 eduxit
3648 4569 3741 4612 me
3793 4554 3861 4611 de

2184 4658 2238 4719 ι)
2263 4644 2380 4702 lacu
2404 4645 2658 4711 miseriae,
2691 4654 2745 4703 et
2772 4644 2840 4700 de
2862 4644 2977 4699 luto
3005 4643 3181 4701 fascis.

2250 4870 2601 4944 sident‘libri.
2647 4869 3015 4944 Augustinus,
3036 4871 3361 4944 Quamquam
3390 4871 3441 4925 in
3483 4869 3715 4942 imagine
3744 4885 3856 4924 am-

2249 4940 2389 5013 bulat
2415 4940 2644 5013 (Veron.
2681 4939 3025 5013 perambulat)
3067 4939 3252 5009 homo,
3283 4952 3452 4996 tamen
3484 4939 3612 4995 vane
3637 4953 3855 4996 contur-

2249 5012 2413 5067 batur.
2448 5012 2793 5067 Thesaurizat
2823 5023 2870 5068 et
2894 5012 3263 5084 nonagnoscit
3291 5013 3628 5081 (Veronens.
3664 5012 3851 5079 nescit)

2248 5084 2331 5135 cui
2354 5086 2681 5155 congregabit
2706 5101 2787 5150 ea,
2813 5096 2865 5139 et
2889 5101 3059 5139 nonne
3083 5085 3335 5138 Dominus
3357 5084 3686 5152 (Veronens.
3716 5099 3854 5153 prte-

2250 5154 2403 5227 pouit
2434 5154 2516 5227 tu),
2541 5166 2585 5208 et
2609 5155 2900 5227 substantia
2924 5173 3035 5208 utea
3066 5166 3191 5227 ante,
3216 5166 3260 5209 te
3289 5164 3361 5209 est
3391 5164 3614 5227 semper.
3668 5170 3683 5181 ·

2326 5224 2344 5261 τ
2380 5223 2574 5279 Iisttn
2600 5228 2650 5280 in
2685 5226 2857 5289 libris,
2892 5236 2947 5279 tu
2972 5243 3022 5280 es
3052 5227 3140 5294 qui
3170 5226 3342 5293 fecisti
3369 5241 3467 5286 me,
3501 5223 3685 5278 amove
3711 5242 3744 5278 a
3772 5240 3853 5278 me

2250 5295 2458 5365 ﬂagella
2482 5305 2591 5356 tua.
2615 5314 2646 5350 a
2678 5297 2985 5364 fortitudine
3016 5313 3221 5351 manus.
3250 5297 3410 5361 Tum,
3446 5294 3554 5350 Pro
3577 5297 3850 5360 iniquitate

2250 5368 2535 5420 emendas'i
2575 5368 2842 5435 (August.
2878 5367 3138 5435 erudisti)
3182 5365 3470 5423 hominem.
3518 5376 3565 5419 et
3596 5368 3851 5419 tabescere

2255 5436 2423 5506 fecisti
2472 5438 2601 5491 sicut
2649 5453 2899 5491 araneam
2948 5437 3173 5491 animasn
3224 5454 3408 5490 meam.
3467 5435 3847 5490 Verumtamen:

2260 5524 2385 5561 vane
2416 5508 2747 5561 conturbatur
2788 5508 2954 5561 omnis
2993 5507 3169 5568 homo,
3202 5519 3306 5560 etc.
3350 5507 3613 5577 Denique,
3658 5505 3848 5560 exaudi

2260 5580 2542 5649 orationem
2568 5595 2751 5641 meam.
2779 5578 3018 5645 Domine,
3051 5586 3097 5632 et
3127 5577 3559 5649 deprecationem,
3593 5585 3701 5649 etc.

2331 5658 2354 5694 Β
2388 5648 2491 5702 Pro
2523 5649 2717 5715 incola,
2757 5659 2842 5704 est
2874 5652 3078 5717 pariter
3119 5650 3170 5701 in
3193 5645 3406 5702 'iisdcm
3443 5649 3597 5702 libris
3624 5645 3844 5717 inquili-

2253 5734 2370 5789 nus,
2406 5727 2461 5771 et
2492 5733 2649 5771 voces
2676 5720 2732 5789 in
2758 5728 2916 5789 terra,
2947 5722 3153 5789 pariter
3186 5719 3523 5787 ignorantur.

2325 5787 2349 5825 ιι
2379 5788 2643 5861 Continuo
2665 5787 2822 5856 juxta
2846 5787 3201 5861 Augustinum
3229 5788 3508 5861 Vcroncns
3547 5787 3843 5861 ms.VSusti-

2206 5875 2214 5883 ·
2250 5874 2376 5915 ucns
2401 5859 2644 5928 sustinui,
2679 5858 3093 5932 ctpaulo'pOSI,
3121 5861 3184 5913 de
3214 5860 3325 5913 luto
3354 5858 3464 5913 litui
3497 5874 3595 5930 pro
3642 5858 3803 5930 [ποεῖς.
