4090 6338
227 370 328 432 189

1516 359 1718 417 LIBER
1760 350 2208 419 PSAIMORUM.

3413 358 3518 417 190

299 482 359 538 Et
378 479 555 535 statuit
581 492 742 548 super
768 482 966 548 petram
991 475 1144 547 pedes
1193 490 1331 530 meos
1363 489 1383 530 :
1437 489 1496 530 ~:—
1525 483 1550 511 α
1579 485 1626 529 et
1673 476 1696 543 ζ
1740 473 1822 528 di-
1847 474 1898 534 Α
1997 475 2065 530 Et
2090 475 2278 530 statuit
2305 487 2467 545 supra
2499 473 2627 548 [Ms.
2651 471 2836 544 super]
2887 481 3094 543 petram
3125 469 3293 542 pedes
3323 483 3473 524 meos
3499 515 3513 539 ,

228 576 350 631 rexit
375 587 583 644 gressus
610 586 770 624 meos.

297 666 358 720 Et
383 665 596 719 immisit
615 664 669 718 in
689 680 744 717 os
773 678 940 717 meum
964 664 1220 718 canticum
1246 679 1451 732 novum,
1475 679 1681 718 carmen
1710 662 1820 718 Deo

229 768 390 816 securo
408 777 426 814 :

306 851 549 908 Videbunt
581 851 732 908 multi
762 894 778 920 ,
809 861 856 908 et
883 853 1168 922 timebunt,
1199 859 1249 905 et
1301 851 1576 923 sperabunt
1618 853 1671 908 in
1717 851 1821 906 Do-

227 944 375 999 mino.

290 1035 476 1090 Beatus
503 1038 584 1089 vir
616 1038 770 1108 cujus
801 1046 872 1090 est
893 1051 1073 1090 nomen
1095 1035 1300 1089 Domini
1321 1051 1439 1105 spes
1464 1037 1573 1106 ejus
1598 1051 1616 1090 :
1638 1043 1685 1089 ct
1715 1051 1818 1090 non

219 1129 431 1195 respexit
463 1130 518 1182 in
549 1131 806 1184 vanitates
827 1139 873 1183 et
895 1128 1123 1182 insanias
1153 1129 1337 1200 falsas.

289 1218 452 1274 Multa
481 1220 654 1289 fecisti
694 1231 750 1274 tu
780 1264 794 1287 ,
853 1221 1075 1273 Domine
1116 1221 1253 1274 Deus
1311 1236 1455 1273 meus
1481 1266 1495 1289 ,
1553 1220 1817 1276 mirabilia

215 1325 303 1370 tu
332 1332 350 1370 :
379 1325 422 1370 et
452 1317 855 1386 cogitationibus
884 1316 986 1369 tuis
1015 1331 1117 1368 non
1143 1323 1216 1368 est
1242 1315 1329 1383 qui
1355 1315 1542 1368 similis
1564 1315 1628 1367 sit
1655 1315 1764 1370 tibi.

287 1409 598 1462 Annuntiavi
620 1419 668 1462 et
696 1407 897 1463 locutus
919 1424 1034 1462 sum
1065 1423 1083 1460 :
1121 1407 1454 1480 multiplicati
1505 1417 1622 1461 sunt
1661 1423 1822 1477 super~

214 1516 498 1554 numerum.

286 1592 617 1661 Sacrificium
644 1599 693 1646 et
725 1589 1030 1646 oblationem
1053 1589 1264 1645 noluisti
1293 1606 1311 1644 :
1338 1607 1489 1646 aures
1527 1605 1585 1646 οξ
1640 1599 1812 1644 autem

211 1683 469 1754 perfecisti
508 1682 659 1735 mihi.

286 1774 661 1830 Holocaustum
687 1783 734 1828 et
763 1791 856 1845 pro
902 1781 1110 1844 peccato
1159 1789 1264 1828 non
1305 1773 1626 1844 postulasti:
1690 1783 1811 1829 tunc

212 1868 321 1920 dixi
351 1883 367 1921 :
390 1865 527 1921 Ecce
553 1867 724 1921 venio.

283 1959 348 2013 In
367 1961 533 2030 capite
553 1959 676 2013 libri
695 1958 945 2030 scriptum
968 1967 1040 2012 est
1069 1956 1133 2010 de
1165 1972 1267 2021 me,
1300 1965 1356 2011 ut
1386 1956 1608 2028 facerem
1630 1956 1812 2012 volun-

213 2059 360 2102 tatem
391 2060 536 2103 tuam
569 2065 588 2103 :
617 2049 760 2103 Deus
791 2064 933 2103 meus
954 2089 968 2114 ,
994 2049 1156 2115 votui,
1187 2055 1234 2102 et
1265 2047 1425 2120 legem
1454 2055 1599 2102 tuam
1624 2048 1678 2103 in
1705 2064 1812 2104 tne-

210 2144 298 2196 dio
335 2143 505 2196 cordis
524 2143 648 2198 mei.
1349 2151 1364 2160 ’

278 2237 594 2290 Αιηαηιὶαυὶ
643 2235 916 2307 justitiam
967 2250 1027 2291 οξ-
1081 2234 1280 2302 tuam:
1323 2233 1378 2289 in
1427 2234 1646 2289 ecclesia
1698 2251 1810 2289 ma-

210 2344 312 2399 gna
353 2345 372 2382 :
425 2343 539 2384 ecce
603 2327 744 2382 labia
780 2343 892 2382 mea
950 2344 1052 2383 non
1084 2326 1397 2400 prohibebo,
1443 2326 1697 2392 Domine,
1757 2338 1812 2383 tu

211 2423 369 2475 scisti.
1219 2485 1224 2496 ⁸

277 2513 546 2568 Justitiam
572 2521 716 2568 tuam
737 2529 840 2567 non
867 2512 1110 2567 abscondi
1126 2511 1180 2566 in
1203 2511 1356 2566 corde
1376 2527 1488 2567 meo
1507 2527 1526 2566 :
1547 2512 1810 2567 veritatem

213 2618 351 2661 tuam
375 2616 422 2659 et
450 2605 679 2660 salutare
707 2614 852 2659 tuum
882 2605 1012 2660 dixi.

277 2699 400 2753 Non
414 2699 660 2752 abscondi
683 2696 1091 2752 misericordiam
1118 2704 1277 2765 tuam,
1295 2705 1342 2750 et
1364 2696 1623 2751 veritatem
1641 2704 1804 2765 tuam,

205 2806 238 2843 α
283 2790 504 2844 concilio
548 2789 732 2846 multo.

275 2881 359 2936 Tu
386 2897 444 2938 -θ
488 2891 656 2936 autem
689 2881 710 2949 ζ
737 2880 978 2946 Domine,
1004 2896 1066 2934 ne
1090 2878 1119 2919 1³
1148 2880 1300 2953 longe
1325 2879 1490 2950 facias
1516 2880 1808 2934 miseratio-

204 2990 294 3028 nes
328 2982 444 3027 tuas
469 2990 500 3027 a
522 2988 602 3028 me
625 2989 645 3028 :
664 2972 1016 3027 misericordia
1049 2981 1135 3026 tua
1159 2981 1210 3026 et
1253 2972 1441 3026 veritas
1487 2981 1575 3026 tua
1607 2987 1806 3042 semper

203 3077 539 3138 susceperunt
573 3083 672 3121 me.

278 3158 539 3224 Quoniam
561 3159 1011 3214 circumdederunt
1040 3174 1119 3213 me
1149 3159 1305 3224 mala,
1338 3173 1559 3229 quorum
1597 3175 1697 3213 non
1728 3168 1804 3214 est

1925 575 1980 622 et
2010 568 2208 622 direxit
2239 582 2460 637 gressus
2499 582 2650 623 meos
2688 585 2702 622 :
2758 575 2811 622 et
2859 566 3084 622 immisit
3135 566 3185 618 in
3237 579 3298 618 os
3338 577 3516 618 meum

1923 659 2194 715 canticum
2227 676 2451 723 novum,
2484 659 2742 731 hymnum
2776 658 2886 713 Deo
2919 666 3125 711 nostro.

1995 751 2267 806 Videbunt
2295 753 2471 819 multi,
2495 751 2512 789 τ
2539 759 2593 808 et
2619 751 2904 820 timebunt,
2932 762 2986 807 et
3009 747 3307 820 sperabunt
3333 747 3385 802 in
3411 746 3520 802 Do-

1923 844 2090 898 mino.

1992 936 2190 992 Beatus
2220 936 2324 1002 vir,
2358 935 2511 1005 cujus
2540 943 2622 990 est
2644 951 2840 991 nomen
2872 931 3088 988 Domini
3114 948 3238 1002 spes
3265 931 3421 1003 ejus:
3460 939 3516 988 et

1920 1044 2026 1084 non
2059 1030 2297 1099 respexit
2320 1030 2372 1084 in
2407 1030 2696 1083 vanitatem
2721 1041 2775 1084 et
2807 1029 3045 1083 insanias
3072 1027 3256 1080 falsas.

1991 1121 2153 1176 Multa
2194 1121 2370 1177 fecisti
2407 1131 2482 1186 tu,
2522 1121 2746 1177 Domine
2797 1122 2940 1175 Deus
2994 1133 3191 1185 meus,
3248 1115 3513 1172 mirabilia

1919 1220 2008 1265 tua
2054 1231 2066 1266 :
2131 1223 2184 1268 et
2229 1213 2649 1284 cogitationibus
2703 1214 2809 1268 tuis
2864 1227 2970 1268 non
3021 1220 3106 1268 est
3153 1209 3275 1282 quis
3325 1207 3517 1266 similis

1921 1301 2042 1358 tibi.

1989 1394 2335 1458 Annuutlavi,
2364 1404 2417 1449 et
2443 1395 2656 1451 locutus
2679 1392 3180 1464 sum,multiplieati
3209 1399 3333 1447 sunt
3355 1405 3517 1462 super

1917 1502 2204 1544 numerum
2234 1504 2247 1542 :
2284 1487 2609 1542 sacriﬁcium
2637 1497 2690 1543 et
2714 1487 3041 1543 oblationem
3067 1483 3291 1540 noluisti
3323 1525 3338 1551 ,
3389 1498 3512 1540 cor-

1914 1595 2019 1649 pus
2049 1588 2228 1634 autem
2259 1580 2535 1650 perfecisti
2569 1581 2723 1635 mihi.

1987 1675 2314 1730 lloloeausta
2348 1675 2513 1731 etiam
2542 1692 2637 1746 pro
2667 1675 2869 1732 delicto
2906 1690 3014 1731 non
3059 1672 3348 1747 postulasti
3379 1671 3508 1746 [Ms.

1915 1765 2118 1836 petisti]
2154 1787 2164 1819 :
2211 1779 2336 1822 tunc
2358 1767 2510 1822 dixi:
2547 1768 2686 1822 Ecce
2717 1767 2898 1822 venio.

1843 1881 1886 1940 Β
1917 1833 1928 1836 ﬂ
1986 1859 2040 1913 in
2073 1833 2249 1930 capite
2279 1859 2405 1916 libri
2435 1861 2693 1930 scriptum
2731 1871 2814 1914 est
2845 1860 2910 1913 de
2935 1874 3044 1925 me,
3079 1833 3346 1914 utiaciam
3381 1855 3508 1928 [Με.

1916 1953 2180 2023 facerem]
2205 1955 2537 2009 voluntatem
2569 1964 2711 2009 tuam
2741 1969 2756 2008 :
2788 1953 2933 2008 Deus
2964 1951 3322 2022 meus,volui,
3353 1959 3406 2006 ct
3436 1950 3513 2006 lc-

1917 2061 2035 2117 gem
2064 2057 2208 2102 tuam
2234 2047 2287 2100 in
2318 2046 2496 2100 medio
2533 2045 2713 2100 cordis
2743 2045 2872 2100 mei.

1988 2140 2134 2194 Bene
2163 2141 2405 2194 nuntiavi
2420 2137 2689 2208 justitiam
2718 2148 2861 2192 tuam
2891 2138 2945 2191 in
2988 2133 3226 2191 ecclesia
3268 2147 3458 2206 magna
3496 2151 3508 2187 :

1915 2249 2043 2290 ecce
2072 2234 2211 2288 labia
2239 2248 2357 2288 mea
2387 2218 2503 2287 non.
2528 2231 2845 2303 prohibebo.

1987 2329 2232 2393 Domine,
2269 2338 2322 2382 tu
2353 2328 2684 2398 cognovisti:
2708 2324 2982 2396 justitiam
3023 2331 3168 2378 tuam
3224 2336 3332 2377 non
3388 2320 3512 2377 abs-

1915 2423 2077 2479 condi
2130 2424 2184 2479 in
2209 2422 2375 2479 corde
2428 2437 2549 2478 meo
2598 2439 2610 2476 :
2653 2421 2937 2478 veritatem
2969 2427 3112 2474 tuam
3169 2425 3226 2472 et
3268 2416 3510 2473 salutare

1912 2523 2062 2572 tuum
2086 2517 2218 2572 dixi.

1981 2609 2100 2664 Non
2159 2609 2330 2664 celavi
2381 2607 2812 2663 misericordiam
2867 2614 3057 2673 tuam,
3117 2612 3173 2660 et
3225 2603 3510 2660 veritatem

1913 2709 2058 2756 tuam
2083 2715 2110 2753 a
2143 2715 2417 2772 synagoga
2451 2699 2578 2770 lMs.
2606 2696 3054 2768 congregatione]
3084 2697 3272 2751 multa.

1982 2793 2062 2848 Ta
2093 2802 2298 2859 autem,
2334 2792 2582 2853 Domine.
2617 2807 2683 2846 ne
2713 2791 2873 2858 longe
2900 2789 3070 2844 iacias
3099 2787 3225 2860 [Με.
3260 2785 3507 2856 elongin-

1910 2884 2183 2955 quaveris]
2233 2882 2637 2939 misericordias
2667 2891 2786 2935 tuas
2808 2895 2839 2934 a
2863 2895 2984 2934 me:
3018 2875 3392 2934 misericordia
3417 2886 3508 2932 tua

1909 2981 1964 3029 et
1993 2975 2191 3029 veritas
2221 2983 2311 3028 tua
2333 2987 2550 3042 semper
2580 2980 2940 3041 susceperunt
2967 2985 3074 3025 me.

1981 3069 2247 3135 Quoniam
2271 3066 2744 3123 circumdederunt
2761 3081 2846 3120 me
2864 3065 3029 3132 mala,
3045 3077 3276 3134 quorum
3296 3077 3404 3116 non
3423 3069 3509 3117 est
3559 3055 3561 3058 ’

1910 3177 2197 3228 numerus,
2229 3159 2768 3230 comprehenderunt
2799 3173 2884 3213 me
2908 3157 3225 3228 iniquitates
3249 3169 3418 3220 mete,
3452 3163 3507 3211 et

202 3267 474 3320 numerus,
500 3251 1002 3320 comprehenderunt
1031 3267 1109 3306 me
1144 3252 1444 3323 iniquitates
1466 3267 1609 3320 mea},
1633 3261 1804 3306 etnon
1834 3257 1879 3320 C
1913 3271 2018 3312 non
2058 3257 2234 3326 potui,
2267 3263 2325 3310 ut
2352 3253 2615 3308 viderem.

202 3342 370 3411 potui,
401 3351 457 3394 ut
480 3343 726 3397 viderem.

280 3447 304 3472 ε
337 3435 705 3508 Multiplicata:
734 3445 852 3490 sunt
889 3453 1044 3508 super
1081 3435 1299 3506 capillos
1339 3437 1523 3508 capitis
1557 3437 1658 3491 mei
1687 3431 1707 3492 ἐ
1758 3446 1803 3492 et

201 3545 292 3583 cor
310 3544 478 3583 meum
501 3531 776 3601 dereliquit
801 3546 899 3584 me.

268 3622 297 3659 ά
325 3621 654 3692 Comptaceat
673 3624 784 3688 tibi,
813 3623 1051 3693 Domine,
1084 3636 1137 3679 ut
1163 3641 1312 3681 eruas
1329 3642 1408 3682 me
1429 3642 1448 3680 :
1467 3625 1706 3695 Domine,
1734 3631 1801 3684 ad

197 3716 555 3786 adjurandum
581 3734 661 3772 me
683 3719 898 3787 respice.

267 3806 692 3879 Confundantur,
727 3821 770 3866 et
803 3820 1154 3878 revereantur,
1189 3811 1344 3867 simul
1369 3814 1455 3883 qui
1475 3824 1716 3883 quierunt
1746 3833 1798 3869 a-

195 3901 394 3954 nimam
424 3918 608 3966 meam,
635 3912 688 3956 ut
719 3908 964 3974 auferant
995 3920 1129 3958 eam.

264 3989 643 4047 Convertuntur
659 4003 962 4064 retrorsum,
1006 4004 1054 4050 et
1084 4005 1412 4052 revereantur
1436 4039 1451 4067 ,
1483 3999 1572 4068 qui
1619 3999 1798 4054 volunt

193 4085 325 4138 mihi
347 4085 508 4141 mala.

257 4175 464 4232 Ferant
485 4180 756 4250 confestim
773 4181 1126 4252 confusionem
1140 4198 1312 4250 suam,
1333 4183 1422 4251 qui
1439 4183 1615 4238 dicunt
1633 4184 1758 4239 mihi
1775 4201 1795 4240 :

189 4265 364 4336 Euge,
396 4285 542 4340 euge.

257 4355 562 4428 Exsultent,
589 4371 635 4414 et
674 4361 910 4416 (tutentur
931 4380 1086 4433 super
1118 4372 1164 4418 te
1192 4373 1214 4402 ε
1245 4381 1418 4420 omnes
1443 4379 1723 4434 maerentes
1748 4379 1796 4423 te

191 4467 250 4506 -ξ-
281 4459 331 4503 et
366 4452 388 4519 ζ
426 4452 601 4507 dicant
633 4471 862 4524 semper:
893 4455 1261 4528 Jlagniﬁcetur
1291 4462 1562 4527 Dominus,
1594 4466 1681 4534 qui
1713 4465 1792 4518 rli-

186 4543 360 4615 ligunt
396 4545 624 4600 salutare
646 4557 811 4602 tuum.

1981 3349 2345 3419 Multiplicalu:
2376 3347 2501 3420 [Μδ.
2534 3343 2904 3417 multiplicati]
2930 3350 3055 3398 sunt
3088 3357 3251 3414 super
3277 3340 3505 3412 capillos

1908 3443 2099 3513 capitis
2129 3441 2235 3497 mei
2270 3456 2285 3495 :
2318 3450 2372 3495 et
2400 3454 2494 3494 cor
2524 3453 2706 3494 meum
2737 3436 3034 3507 dereliquit
3065 3450 3150 3490 me
3181 3433 3310 3504 [Ms.
3342 3432 3502 3488 dere-

1907 3531 2142 3604 linquitj.

1975 3625 2320 3696 Complaccat
2353 3624 2470 3689 tibi,
2501 3623 2752 3691 Domine,
2805 3633 2829 3669 ετ
2864 3631 2921 3676 ut
2970 3620 3174 3690 eripias
3215 3635 3304 3676 me
3340 3638 3350 3673 ε
3400 3619 3495 3674 Do-

1907 3724 2074 3788 mine,
2112 3722 2162 3775 in
2195 3719 2454 3775 auxilium
2483 3733 2662 3773 meum
2687 3717 2921 3785 respice.

1973 3815 2406 3878 Confundantur,
2439 3825 2494 3868 et
2547 3820 2906 3866 revereantur
2958 3807 3162 3862 inimici
3203 3807 3308 3864 mei
3346 3824 3358 3862 :

1908 3916 2161 3981 quierunt
2189 3907 2424 3960 animam
2459 3919 2656 3970 meam,
2690 3913 2746 3958 ut
2769 3901 3013 3956 auferant
3038 3915 3183 3957 eam.

1971 4006 2300 4060 Avertantur
2329 4011 2654 4067 retrorsum,
2681 4007 2736 4054 et
2765 3996 3109 4061 erubescant,
3133 3993 3224 4066 qui
3248 3992 3492 4064 cogitant

1900 4097 2030 4152 mihi
2077 4095 2238 4151 mala.

1969 4189 2170 4243 Ferant
2198 4183 2486 4241 confestim
2513 4181 2892 4238 confusionem
2916 4192 3070 4236 suam
3098 4219 3114 4248 ,
3161 4176 3252 4248 qui
3301 4175 3490 4233 dicunt

1897 4281 2029 4336 mihi
2066 4300 2077 4334 :
2108 4282 2276 4350 Euge,
2320 4294 2476 4349 euge.

1969 4375 2270 4435 Exsullent,
2309 4381 2362 4426 et
2388 4370 2416 4407 ¹ι
2455 4371 2709 4424 laetentur
2737 4367 2825 4438 qui
2852 4374 3104 4436 quierunt
3135 4373 3209 4430 te,
3235 4363 3493 4423 Domine:

1896 4474 1949 4521 et
1980 4466 2166 4519 dicant
2197 4479 2452 4533 semper:
2485 4461 2856 4531 li‘laguiticetur
2891 4458 3182 4526 Dominus,
3215 4457 3324 4526 qui
3374 4454 3498 4510 dili-

1897 4569 2032 4632 gunt
2054 4558 2290 4613 salutare
2322 4567 2493 4611 tuum.

3410 3808 3502 3878 qui

252 4633 375 4709 Ego
413 4649 584 4691 autem
611 4640 874 4694 mendicus
899 4657 1034 4710 sum,
1059 4650 1105 4696 et
1129 4660 1326 4716 panper
1361 4643 1659 4701 :Dominns
1681 4649 1786 4705 sol-
1814 4650 1868 4709 D
1967 4653 2077 4723 Ego
2115 4667 2244 4705 vero
2289 4666 2489 4720 egenus
2544 4656 2598 4704 et
2624 4661 2827 4719 pauper
2865 4660 2984 4700 sum
3021 4661 3036 4704 :
3093 4644 3353 4699 Dominus
3391 4657 3488 4699 cu-

182 4727 360 4782 licitus
387 4738 459 4783 est
487 4731 609 4784 mei.

244 4817 482 4892 Adjntor
506 4839 648 4878 meus
670 4832 719 4877 et
738 4834 996 4896 protector
1018 4842 1162 4882 meus
1184 4836 1239 4882 tu.
1257 4845 1331 4897 es,
1362 4829 1500 4886 Deus
1531 4849 1694 4902 meus,
1724 4852 1786 4890 ne

179 4911 491 4968 tardaveris.

243 5145 276 5214 ξ
310 5136 502 5214 Beccat
525 5153 656 5194 vero
689 5138 775 5194 hic
806 5139 944 5214 idem
965 5156 1065 5200 me.
1093 5142 1308 5198 obelum
1332 5147 1770 5214 praetermittens.

240 5205 274 5245 δ
305 5208 589 5282 Palatinus
613 5225 712 5262 ms.
747 5228 808 5262 ne
836 5228 862 5263 e
889 5212 1038 5282 longe
1063 5214 1248 5281 facias.

243 5288 268 5315 ε
305 5278 454 5360 idem
489 5295 589 5333 tus.
626 5278 1461 5353 multiplicati;quemadmodum
1511 5298 1563 5344 et
1599 5289 1766 5346 Vero-

173 5364 380 5404 nensrs.

171 5467 198 5483 Α.
234 5417 267 5454 ἀ
300 5420 752 5488 Prmpositionem
785 5421 932 5474 verbi
984 5424 1318 5494 compluceat,
1351 5425 1627 5483 Palatinus
1658 5448 1760 5487 ms.

173 5505 306 5544 veru
338 5500 626 5559 przttuotat.

240 5571 266 5596 ε
293 5560 430 5614 Huic
455 5577 672 5629 quoque
695 5561 815 5617 voci
845 5579 1018 5617 omnes
1049 5607 1062 5628 ,
1109 5566 1321 5622 obelum
1368 5567 1599 5624 Palatio.
1653 5587 1754 5625 ms.

171 5631 418 5707 praeﬁgit,
443 5631 863 5707 subsequentem
888 5648 1017 5689 vero
1045 5646 1090 5691 et
1121 5641 1369 5707 cepulam
1401 5641 1468 5696 ab
1519 5656 1584 5696 co
1642 5644 1756 5698 cxi—

170 5704 264 5755 mit
300 5720 314 5755 :
347 5711 598 5756 neutrum
629 5705 787 5758 bene.

235 5771 256 5809 ῖ
290 5773 470 5848 Atque
499 5773 604 5848 line
636 5775 814 5836 unice.
848 5778 1128 5832 tamenetsi
1165 5780 1338 5833 minus
1392 5791 1540 5837 recte
1566 5826 1580 5848 ,
1631 5801 1753 5842 cum

167 5842 464 5915 Augustino
496 5843 637 5900 idem
669 5861 770 5902 tus.
794 5850 932 5917 justi
954 5860 1050 5917 pro
1079 5851 1243 5920 multi,
1276 5866 1397 5907 cum
1437 5853 1536 5910 hoc
1568 5842 1748 5912 tanien

1893 4760 2006 4800 ram
2040 4745 2201 4798 habet
2232 4742 2356 4797 mei.

1963 4836 2191 4905 Adjutor
2224 4820 2466 4890 meus‘et
2497 4831 2756 4888 liberator
2786 4845 2941 4887 meus
2986 4845 3043 4886 es
3091 4839 3167 4898 tu,
3227 4827 3485 4895 Domine,

1893 4946 1961 4987 nc
1991 4929 2311 4985 tardaveris.

1879 5164 1933 5207 et
1972 5155 2261 5222 originales
2286 5163 2482 5214 textus.
2517 5163 2571 5209 et
2617 5155 2742 5210 libri
2784 5153 2871 5206 alii
2927 5167 3121 5206 omnes
3157 5151 3482 5219 praeferant.

1881 5225 1956 5279 Ita
1980 5237 2030 5279 et
2063 5229 2220 5285 paulo
2251 5237 2370 5292 post
2392 5228 2640 5279 ranitates
2673 5238 2716 5276 et
2750 5227 2981 5277 insanias
3013 5223 3310 5277 mendaces.

1949 5307 1973 5344 ε
2008 5297 2334 5350 Veronensis
2354 5313 2451 5350 ms.
2478 5313 2598 5350 cum
2631 5297 2952 5359 Augustino,
2983 5293 3199 5346 Placeat
3226 5295 3337 5358 tibi,
3372 5295 3482 5349 Do-

1875 5369 2028 5431 minc,
2063 5367 2282 5421 liberare
2313 5369 2622 5432 (Augustin.
2647 5367 2842 5428 eruere)
2879 5381 2970 5424 me,
2997 5363 3236 5429 Domine,
3271 5369 3341 5418 ad
3369 5369 3479 5432 (vel

1872 5437 1949 5506 in)
1999 5439 2349 5506 adjuvandum
2399 5437 2525 5489 mihi
2555 5437 2765 5495 respice.
2800 5434 3204 5503 Confuntlantttr
3253 5447 3298 5489 et
3342 5454 3486 5490 rere-

1869 5520 2081 5560 rcantur
2105 5508 2261 5560 simul
2289 5509 2376 5576 qui
2405 5517 2657 5574 quierunt,
2691 5515 2821 5566 etc.;
2855 5518 2907 5558 et
2946 5507 3108 5575 paulo
3142 5517 3286 5576 post,
3341 5507 3481 5560 Conv

1867 5588 2127 5647 vertantur
2159 5594 2252 5644 pro
2293 5586 2605 5647 avsrtuntur,
2639 5586 2692 5628 ct
2721 5577 2913 5647 velunt,
2949 5593 3048 5646 pro
3078 5579 3329 5647 cogitant.

1935 5645 1960 5683 ιι
1997 5649 2096 5702 l’ro
2123 5649 2278 5700 unico
2305 5648 2465 5700 verbo
2496 5646 2754 5710 Ιαίεηιιιν,
2791 5645 3101 5700 ίίιΙριιίιίΙνηἿ
3141 5645 3260 5701 duo
3313 5664 3464 5716 pr

1869 5717 2066 5780 ferunt,
2088 5719 2441 5790 jocnnrlentur
2466 5734 2639 5770 omnes
2661 5734 2677 5769 .'
2705 5731 2812 5770 tum
2843 5723 3013 5772 .‘lliCl‘n
3043 5719 3109 5768 ab
3143 5718 3242 5771 hoc
3270 5735 3468 5790 versu,

1863 5805 2038 5842 curant
2065 5788 2265 5842 liabebit
2299 5788 2422 5841 nti/ti
2450 5805 2467 5840 :
2501 5790 2599 5841 mei
2634 5799 2808 5842 tamen
2835 5789 3162 5857 Augustinus
3214 5789 3410 5844 maluit
3450 5807 3462 5842 :

1861 5859 2092 5931 denique
2119 5869 2372 5932 protector
2389 5875 2487 5932 pro
2515 5859 2754 5916 liberator
2779 5862 2983 5930 pariter
3015 5859 3219 5929 legunt.
