4090 6338
619 330 716 388 191

1615 329 1675 389 S.
1716 326 2087 387 IIIERONYMI
2131 286 2364 384 DIVINd
2402 325 2883 399 BIBLIOTIIECA.

3802 336 3896 395 {9‘2

2000 443 2361 506 PSALMUS
2408 443 2543 504 XL.

1014 568 1066 608 ΙΝ
1103 567 1284 618 ΡΙΝΕΙ,
1328 564 1561 608 PSALIUS
1598 565 1779 606 DAVID.

691 644 879 700 Beatus
910 645 998 717 qui
1016 644 1257 715 intelligit
1282 660 1436 716 super
1462 659 1674 716 egenum
1710 657 1771 697 αξ-
1796 648 1845 694 et
1872 652 2148 709 pauperem
2186 636 2208 704 ζ

621 739 674 793 in
700 739 784 792 die
810 739 948 791 mala
970 738 1203 792 liberabit
1230 754 1348 793 eum
1368 737 1649 791 Dominus.

692 828 946 883 Dominus
976 839 1234 885 conservet
1260 846 1397 895 eum,
1425 837 1473 882 et
1500 826 1719 896 eiviﬁcet
1742 840 1878 890 eam,
1908 831 1956 878 et
2011 823 2214 876 beatum

618 922 781 993 faciat
802 939 917 977 eum
945 924 1000 978 in
1033 933 1171 978 terra
1194 940 1213 977 :
1233 933 1281 978 et
1309 939 1412 978 non
1434 921 1607 976 tradat
1636 936 1752 975 eum
1777 920 1831 973 in
1856 919 2090 972 animam
2111 917 2213 971 ini-

619 1018 867 1071 micorum
898 1020 946 1089 ej
953 1034 1033 1071 us.
1635 1077 1640 1080 _

690 1108 943 1163 Dominus
966 1124 1111 1180 opem
1134 1108 1267 1179 ferat
1292 1105 1371 1161 illi
1391 1121 1546 1176 super
1569 1102 1760 1160 lectum
1793 1099 1989 1156 doloris
2015 1114 2076 1154 οὲ
2101 1101 2212 1171 ejus

622 1198 968 1267 :universuni
1006 1206 1226 1252 stratum
1250 1199 1363 1269 ejus
1393 1195 1608 1249 uersasti
1646 1194 1700 1246 in
1740 1191 2041 1261 inﬁrmitate
2076 1193 2208 1260 ejus.

689 1285 802 1358 Ego
846 1286 991 1354 dixi,
1042 1286 1300 1350 Domine.
1345 1283 1586 1336 miserere
1633 1280 1775 1335 mei:
1815 1295 1948 1333 sana
1982 1277 2211 1330 animant
2296 1312 2299 1315 -

614 1395 805 1445 meam,
836 1380 956 1445 quia
982 1378 1188 1451 peccavi
1211 1376 1323 1429 tibi.

685 1469 899 1524 Inimici
927 1469 1024 1522 mei
1045 1469 1284 1522 dixerunt
1317 1464 1456 1521 mala
1478 1462 1607 1518 mihi
1625 1479 1645 1519 :
1676 1461 1904 1530 Quando
1933 1460 2208 1527 morietur,

610 1573 660 1619 et
685 1563 872 1634 peribit
900 1577 1097 1633 nomen.
1116 1560 1275 1634 ejus?

679 1655 749 1710 Et
769 1657 813 1710 si
840 1655 1241 1725 ingrediebatur,
1266 1660 1322 1706 ut
1346 1651 1559 1718 uideret,
1589 1664 1724 1703 uana
1752 1647 2057 1719 loquebatur
2077 1661 2097 1701 :
2118 1662 2209 1701 eor

608 1754 720 1822 ejus
741 1751 1072 1821 congregavit
1102 1747 1427 1817 iniquitatem
1452 1743 1571 1798 sibi.

678 1841 1053 1912 Egrediebatur
1077 1840 1220 1909 foras
1257 1854 1276 1892 :
1318 1846 1363 1890 et
1385 1834 1691 1906 loquebatur
1723 1832 1777 1886 in
1808 1832 2056 1903 idipsum.

2237 550 2290 606 A

2460 561 2513 600 ns
2552 560 2734 615 nmen,
2781 560 3016 601 PSALMUS
3059 562 3218 602 unus
3260 546 3368 620 [νε.
3398 563 3497 605 ιιιει
3538 522 3750 623 enim]:

2389 636 2585 693 Beatus
2606 640 2697 709 qui
2727 639 2979 709 intelligit
3001 653 3169 709 super
3197 655 3424 711 egenum
3466 650 3525 696 et
3568 657 3852 712 pauperem
3879 664 3893 704 :
3934 702 3937 709 ,

2316 728 2369 784 in
2398 729 2485 784 die
2508 732 2648 785 mala
2672 730 2927 786 liberabit
2945 732 3079 804 [51s.
3105 733 3248 788 malo
3270 732 3449 804 eruet]
3472 751 3601 789 cum
3633 736 3891 795 Dominus.

2389 822 2647 877 Dominus
2698 834 2988 881 conservet
3020 840 3169 890 eum,
3198 837 3251 880 et
3277 825 3518 881 vivificet
3536 842 3692 895 eum,
3718 838 3771 883 et
3785 831 3897 887 bea-

2314 919 2428 967 tum
2453 913 2617 969 faciat
2642 929 2765 969 eum
2782 955 2798 982 ,
2828 925 2885 972 et
2909 926 2932 953 ε
2955 917 3213 973 cmundet
3247 918 3300 973 in
3326 927 3468 973 terra
3489 921 3734 976 animam
3760 924 3895 992 ejus:

2312 1012 2369 1059 et
2411 1002 2432 1074 [
2461 1004 2565 1059 Ms.
2599 1015 2659 1060 ιιι
2686 1003 2703 1075 Ἰ
2733 1022 2838 1060 non
2870 1006 3048 1061 tradat
3077 1023 3201 1063 eum
3233 1009 3285 1063 in
3324 1024 3518 1063 manus
3543 1011 3749 1066 inimici
3772 1014 3894 1083 ejus.

2386 1096 2648 1151 Dominus
2670 1113 2828 1168 opem
2848 1099 2985 1155 ferat
3016 1100 3090 1155 illi
3113 1114 3278 1170 super
3303 1102 3497 1157 lectum
3521 1102 3735 1158 doloris
3772 1106 3895 1174 ejus.

2316 1186 2633 1244 Universqu
2648 1199 2874 1246 stratum
2898 1192 3017 1261 ejus
3041 1194 3268 1249 versasti
3297 1195 3349 1248 in
3374 1196 3689 1251 infirmitate
3701 1196 3833 1268 ejus.

2384 1281 2498 1351 Ego
2528 1281 2662 1348 dixi,
2703 1282 2958 1347 Domine.
2994 1284 3262 1340 miserere
3292 1286 3437 1341 mei:
3485 1300 3629 1341 sana
3676 1289 3896 1345 animam

2310 1388 2508 1444 meam,
2540 1374 2664 1445 quia
2700 1374 2829 1447 [Με.
2862 1376 3142 1447 quoniam]
3173 1380 3399 1447 peccavi
3437 1378 3558 1433 tibi.

2383 1467 2589 1521 Inimici
2632 1468 2737 1521 mei
2765 1468 3022 1524 dixerunt
3052 1470 3193 1523 mala
3224 1469 3356 1524 mihi
3387 1488 3398 1524 :
3432 1470 3670 1537 Quando
3720 1472 3899 1529 morie-

2329 1565 2439 1625 tur,
2466 1566 2519 1611 et
2548 1557 2723 1627 periet
2751 1556 2880 1628 [Ms.
2928 1556 3145 1627 peribit]
3175 1574 3371 1614 nomen
3404 1560 3527 1630 ejus
3554 1559 3580 1613 ?
3860 1608 3867 1617 .

2380 1649 2448 1703 Et
2507 1648 2964 1718 ingrediebantur,
3030 1661 3087 1703 ut
3125 1648 3411 1718 viderent,
3461 1666 3605 1705 vana
3658 1651 3880 1708 locutum

2312 1747 2399 1796 est
2426 1756 2524 1796 cor
2552 1756 2740 1796 eorum
2767 1757 2782 1795 :
2812 1753 3286 1812 congregaverunt
3312 1744 3661 1815 iniquitatem
3693 1746 3814 1800 sibi.

2382 1832 2449 1887 Et
2479 1833 2899 1902 egrediebantur
2940 1833 3108 1902 foras,
3140 1844 3195 1890 et
3224 1836 3593 1905 loquebamur
3629 1855 3642 1891 :
3692 1835 3712 1875 ί
3752 1838 3895 1894 simul

676 1933 961 1986 Adversum
995 1947 1075 1984 me
1099 1929 1444 1984 susurrabant
1474 1943 1648 1981 omnes
1678 1925 1873 1979 inimici
1926 1925 2027 1979 mei
2056 1939 2075 1978 :
2110 1922 2205 1977 ad-
2236 1930 2282 1990 Β
2314 1923 2364 1978 in
2397 1939 2559 1978 unum
2582 1924 2964 1978 susurrabant.

604 2041 805 2080 rersum
839 2041 915 2078 me
945 2022 1239 2095 ragitabant
1271 2020 1413 2075 mala
1436 2020 1580 2073 mihi.

681 2115 907 2170 Verbum
960 2115 1194 2185 iniquum
1249 2114 1626 2166 constituerunt
1667 2110 1941 2163 adversum
1994 2124 2075 2161 me
2141 2122 2203 2162 -εκ

605 2205 882 2278 Numquid
916 2206 937 2273 ζ
970 2206 1058 2275 qui
1084 2204 1273 2258 dormit
1304 2219 1407 2257 non
1435 2202 1668 2275 adjiciet,
1698 2210 1757 2254 ut
1775 2203 2049 2270 resurgat?

675 2297 885 2352 Etenim
915 2298 1066 2351 homo
1111 2296 1253 2368 pacis
1292 2310 1420 2350 mea:
1449 2296 1628 2365 inquo
1654 2293 1856 2364 speravi
1880 2291 2005 2362 :qni
2031 2290 2210 2345 edebat

603 2407 767 2463 panes
793 2405 959 2456 meos,
996 2366 1355 2461 ntagniﬁcavit
1386 2366 1537 2458 super
1568 2401 1649 2438 me
1677 2383 2170 2456 supplantationem.

671 2479 755 2535 Tu
782 2490 974 2544 autem,
1009 2478 1247 2545 Domine,
1276 2482 1512 2532 miserere
1550 2476 1649 2530 mei
1681 2491 1701 2529 :
1735 2483 1781 2529 et
1809 2473 2063 2529 resuscita
2094 2488 2198 2540 me,

606 2582 657 2627 et
678 2571 961 2627 retribuam
992 2571 1087 2626 eis.

674 2664 740 2719 In
776 2664 874 2718 hoc
917 2663 1132 2733 cognovi
1154 2661 1399 2732 quoniam
1418 2659 1630 2714 voluisti
1661 2674 1741 2713 me
1770 2673 1789 2712 :
1816 2656 2066 2728 quoniam
2095 2672 2200 2711 non

600 2755 845 2829 gaudebit
874 2755 1113 2808 inimicus
1139 2769 1285 2808 meus
1311 2768 1466 2824 super
1494 2767 1595 2808 me.

676 2847 765 2903 Ife
789 2857 961 2901 autem
994 2854 1203 2918 propter
1228 2844 1574 2899 innocentia»:
1599 2841 1867 2915 suscepisti
1889 2857 1908 2896 :
1935 2848 1983 2896 et
2012 2839 2203 2910 conﬁr-

606 2942 758 2997 masti
788 2956 867 2994 me
893 2940 948 2993 in
985 2947 1262 3009 conspectu
1282 2946 1371 2991 tuo
1398 2937 1453 2990 in
1480 2946 1734 2990 aeternum
1764 2944 1813 2988 ⁸.

679 3031 985 3086 Benedictus
1016 3028 1267 3083 Dominus
1285 3028 1424 3083 Deus
1440 3026 1611 3083 Israel
1627 3044 1659 3081 a
1676 3024 1869 3081 sarculo
1893 3033 1942 3080 et
1966 3040 2124 3097 usque
2143 3024 2199 3079 in

608 3124 856 3181 seculum
887 3138 905 3176 :
931 3122 1044 3192 ﬁat,
1066 3121 1180 3191 ﬁat.

2384 2014 2588 2070 Omnes
2615 2014 2818 2070 inimici
2843 2015 2948 2069 mei
2981 2013 3268 2069 adversum
3303 2026 3390 2066 me
3412 2010 3733 2081 cogitabant
3771 2011 3895 2067 mala

2312 2106 2444 2161 mihi
2481 2106 2707 2161 verbum
2748 2106 2987 2176 iniquum
3014 2106 3411 2160 mandaverunt
3459 2104 3751 2159 adversum
3798 2119 3891 2159 me.

2381 2196 2652 2266 Numquid
2667 2197 2759 2267 qui
2782 2197 2982 2252 dormit
3009 2212 3116 2251 non
3140 2196 3386 2265 adjiciet,
3418 2205 3477 2250 ut
3508 2205 3756 2262 resurgat
3779 2192 3892 2264 [113.

2312 2286 2559 2358 surgat]?
2575 2288 2787 2343 Etenim
2814 2287 2979 2343 homo
3002 2288 3153 2357 pacis
3180 2302 3313 2342 mea:
3342 2287 3397 2341 in
3420 2301 3530 2355 quo
3556 2296 3583 2331 ε
3607 2284 3891 2355 sperabam,

2313 2381 2405 2449 qui
2434 2379 2634 2434 edebat
2662 2394 2830 2449 panes
2861 2393 3033 2448 meos,
3065 2378 3345 2448 ampliavit
3365 2378 3638 2433 adversus
3674 2393 3758 2432 me
3784 2390 3894 2446 sup-

2313 2472 2722 2542 plantationem.

2384 2561 2464 2615 Tu
2489 2561 2954 2630 autem,Domine,
2979 2560 3241 2616 miserere
3269 2559 3372 2616 mei
3391 2568 3478 2616 :et
3502 2558 3765 2616 resuscita
3786 2572 3889 2625 me,

2312 2662 2368 2711 et
2389 2652 2615 2709 reddam
2645 2652 2775 2725 [Ms.
2803 2652 3125 2725 retribuam]
3154 2652 3283 2707 illis.

2382 2744 2443 2799 In
2469 2746 2573 2800 huc
2598 2745 2827 2814 cognovi
2878 2745 3135 2814 quoniam
3183 2742 3406 2798 voluisti
3452 2756 3539 2799 me
3576 2759 3592 2797 :
3624 2742 3750 2813 quia
3793 2755 3887 2798 non

2310 2836 2568 2908 gaudebit
2592 2836 2846 2909 inimicus
2876 2851 3033 2893 meus
3059 2851 3222 2906 super
3239 2850 3345 2891 me.

2376 2929 2607 2999 Propter
2628 2930 2999 2985 innocentiam
3017 2939 3198 2985 autem
3227 2943 3404 2984 meam
3426 2926 3563 3001 [Με.
3579 2936 3680 2982 tae.
3708 2924 3889 2996 meam]

2300 3022 2588 3092 suscepisti
2614 3037 2703 3078 me
2735 3040 2748 3078 :
2781 3022 3195 3079 etconlirma'sti
3236 3037 3323 3078 me
3369 3021 3428 3077 in
3477 3030 3773 3092 conspectu
3807 3030 3888 3075 tuo

2305 3113 2361 3170 in
2387 3122 2679 3169 aeternum.

2380 3204 2705 3262 Benedictus
2722 3204 2982 3264 Dominus
3007 3206 3152 3263 Deus
3170 3205 3338 3263 Israel
3362 3220 3393 3262 a
3421 3208 3629 3267 smeulo
3659 3216 3712 3266 et
3735 3220 3888 3278 usque

2308 3298 2364 3353 in
2383 3299 2642 3355 saeculum
2676 3316 2689 3353 :
2721 3298 2834 3369 liat,
2864 3298 2976 3355 flat.

1958 3411 2318 3478 PSALMUS
2368 3411 2538 3472 XLI.

850 3541 902 3582 IN
940 3538 1124 3590 PINEII,
1164 3533 1551 3587 INTELLEC’I'US,
1593 3530 1750 3574 FILIIS
1786 3530 1947 3573 CORE.

682 3698 1131 3769 Quemadmodum
1159 3696 1417 3752 desiderat
1442 3710 1619 3751 cervus
1640 3693 1708 3748 ad
1731 3694 1896 3765 fontes
1908 3705 2161 3763 aquarum
2182 3705 2203 3745 :

602 3797 679 3850 ita
703 3794 960 3849 desiderat
991 3793 1166 3846 anima
1198 3806 1310 3845 mea
1333 3790 1401 3843 ad
1422 3797 1492 3859 te,
1523 3786 1690 3842 Deus.

680 3886 852 3942 Sitivit
873 3885 1050 3938 anima
1068 3899 1177 3937 mea
1196 3883 1265 3936 ad
1285 3881 1443 3936 Deum
1468 3886 1532 3949 >ε<
1555 3884 1740 3951 fortem
1765 3877 1978 3945 :rivum
1998 3889 2018 3930 :
2038 3888 2203 3945 quan-

607 3980 674 4033 do
704 3980 923 4042 eeniam,
951 3987 998 4031 et
1019 3975 1049 4015 δ
1071 3974 1333 4046 apparebo
1358 3982 1481 4027 ante
1499 3972 1688 4042 [aciem
1708 3969 1847 4024 Dei?

678 4067 915 4123 Fuerunt
938 4067 1069 4121 mihi
1098 4068 1341 4137 lacrymw
1360 4080 1487 4119 meae
1513 4079 1670 4135 panes
1694 4062 1779 4114 die
1799 4076 1862 4113 ac
1878 4068 2029 4115 nocte
2048 4057 2204 4111 :dum

609 4160 799 4213 dicitur
831 4159 954 4212 mihi
985 4158 1258 4229 quotidie:
1293 4154 1393 4211 Ubi
1421 4163 1496 4210 est
1525 4152 1668 4209 Deus
1700 4154 1863 4207 tuus?

679 4250 810 4305 Ha'c
838 4250 1141 4305 recordatus
1162 4266 1297 4316 sum,
1312 4258 1361 4302 et
1385 4248 1552 4318 effudi
1576 4248 1629 4302 in
1651 4263 1731 4301 me
1755 4247 1981 4300 animam
2002 4259 2199 4299 meam:

603 4347 849 4419 quoniam
871 4346 1100 4401 transibo
1159 4346 1213 4399 in
1263 4345 1435 4401 locum
1493 4334 1822 4400 tabernaculi
1877 4344 2204 4401 admirabilis

609 4455 770 4510 usque
791 4439 860 4494 a:l
890 4439 1102 4493 domum
1124 4437 1242 4492 Dei.

679 4638 745 4697 In
760 4658 878 4697 voce
888 4643 1323 4710 exsul!ationis,et
1335 4642 1862 4715 confessionis,sonus
1876 4645 2153 4717 epulantis.
2176 4655 2199 4685 ο

677 4826 851 4892 Quare
883 4828 1044 4882 tristis
1073 4845 1145 4895 es,
1176 4829 1353 4885 anima
1383 4832 1532 4886 mea?
1555 4840 1604 4887 et
1640 4848 1699 4889 -εν
1735 4850 1900 4907 quare
1931 4835 1953 4904 ζ
1999 4844 2205 4890 contur-

610 4920 700 4972 bas
717 4936 796 4973 me
816 4920 841 4973 ?

676 5012 842 5082 Spera
870 5014 921 5067 in
957 5012 1088 5079 Deo,
1114 5015 1360 5085 quoniam
1387 5019 1452 5084 >1<
1475 5016 1649 5072 adhuc
1695 5019 1715 5087 ζ
1761 5019 2046 5091 conﬁtebor
2078 5020 2160 5075 illi
2185 5040 2206 5077 :

608 5103 837 5160 salutare
858 5105 1031 5161 vultus
1054 5107 1155 5161 mei
1176 5105 1204 5143 ά
1235 5122 1289 5163 -ξ
1325 5117 1373 5161 et
1405 5107 1427 5179 ζ
1466 5107 1603 5163 Deus
1631 5126 1793 5166 meus.

680 5262 835 5343 "ilic
859 5264 1037 5343 minus
1084 5264 1222 5320 bene
1267 5263 1543 5321 Palatinus
1585 5280 1687 5321 ms.
1722 5282 1887 5325 voces
1926 5280 1977 5325 et
2029 5286 2185 5343 usque

607 5336 996 5401 prmtermittit.

675 5402 700 5441 ιι
728 5402 825 5477 bis.
857 5405 1022 5477 idem,
1046 5407 1297 5461 secundis
1330 5416 1509 5463 tamen
1541 5410 1707 5477 curis,
1742 5410 1949 5477 parebo.

677 5486 700 5547 σε
727 5474 824 5547 llic
851 5476 999 5547 idem]
1020 5492 1120 5529 ms.
1147 5478 1422 5547 subiungit
1445 5474 1768 5545 Diapsalma.

675 5542 700 5581 ⁴¹
725 5546 855 5601 Sine
882 5546 1065 5611 obelo,
1094 5549 1183 5671 qui
1207 5542 1379 5618 neque
1400 5551 1451 5604 in
1480 5542 1827 5605 Alexandrini
1855 5550 2058 5606 codicis
2085 5568 2184 5608 nu-

675 5633 728 5671 ra
756 5619 997 5671 editione
1020 5619 1109 5671 adt
1132 5620 1261 5671 itur.
1287 5622 1454 5671 habet
1479 5632 1534 5671 et
1558 5622 1834 5671 Palatinus
1879 5637 1980 5671 ms.
2016 5624 2106 5671 aui
2131 5635 2184 5671 nt

604 5630 728 5694 pera
756 5619 997 5694 editione
1020 5619 1263 5694 additur.
1287 5622 1454 5675 habet
1479 5632 1534 5676 et
1558 5622 1834 5678 Palatinus
1879 5637 1980 5676 ins.
2016 5624 2186 5694 quiet

599 5690 735 5743 infra
763 5690 890 5759 legit
916 5689 1203 5742 ft‘rrnoniim
1231 5690 1295 5741 de
1322 5702 1512 5749 monte.
1544 5707 1649 5748 etc.

672 5770 695 5796 υ
747 5759 926 5842 Yerba
951 5771 997 5814 et
1026 5760 1286 5842 emundet.
1321 5766 1705 5842 tutn,_anima_m
1743 5771 1863 5842 ejus
1914 5767 1966 5823 in
2021 5768 2195 5822 Vero-

612 5831 771 5888 nensi
818 5841 980 5903 atque
1009 5830 1146 5886 adeo
1198 5829 1586 5899 Augustiniauo
1638 5829 1905 5893 Psalievio
1967 5848 2145 5896 tacent
2184 5854 2199 5893 :

2226 3511 2272 3572 C
2305 3525 2358 3564 IN
2395 3525 2577 3573 FINEI,
2619 3524 2855 3565 PSALIIUS
2894 3526 3073 3573 υΑνιι),
3118 3526 3490 3569 ιιιτειιεοτυε
3548 3528 3709 3570 ινιιιιε
3763 3525 3886 3567 COBK

2483 3581 2613 3651 [Ms.
2664 3596 3035 3637 INTELLEC'I‘US
3071 3598 3231 3639 FlLllS
3268 3599 3405 3640 eone
3445 3585 3724 3655 esurus].

2373 3692 2526 3749 Sicut
2542 3692 3168 3766 [Ms.Quemadmodum]
3190 3710 3382 3750 cervus
3400 3695 3680 3751 desiderat
3698 3694 3760 3749 ad
3780 3693 3887 3749 fon-

2303 3793 2389 3841 tes
2420 3800 2679 3856 aquarum
2713 3803 2725 3839 :
2753 3786 2825 3840 ita
2855 3784 3129 3841 desiderat
3154 3787 3332 3840 anima
3355 3802 3473 3843 mea
3497 3788 3564 3843 ad
3601 3797 3670 3856 te,
3701 3788 3853 3842 Deus.

2376 3896 2760 3952 Sitivitauima
2789 3912 2909 3952 mea
2935 3897 3002 3951 ad
3049 3897 3218 3953 Deum
3261 3898 3445 3953 vivum
3497 3917 3512 3955 :

2304 3987 2472 4053 niam,
2505 3995 2555 4042 et
2590 3988 2869 4058 apparebo
2897 3999 3025 4045 ante
3055 3989 3246 4045 faciem
3274 3990 3414 4046 Dei?

2378 4080 2618 4136 Fuerunt
2646 4081 2775 4134 mihi
2803 4080 3059 4151 lacryma:
3083 4096 3217 4136 meae
3253 4082 3571 4155 pauesws.
3604 4081 3779 4155 panis]
3806 4080 3886 4135 die

2303 4185 2369 4228 ac
2388 4184 2569 4238 nocte,
2585 4170 2711 4226 dum
2727 4170 2926 4226 dicitur
2942 4171 3072 4227 mihi
3090 4172 3359 4243 quotidie:
3380 4174 3480 4230 Ubi
3496 4184 3581 4229 est
3599 4176 3737 4231 Deus
3756 4170 3886 4228 tuus?

2379 4284 2505 4338 llaec
2534 4281 2854 4338 recordatus
2876 4282 3006 4353 [Ms.
3030 4284 3387 4356 memoratus]
3409 4301 3550 4349 sum.
3566 4296 3626 4341 et
3653 4280 3812 4341 effudi
3837 4282 3882 4333 in

2304 4373 2432 4446 [Ms.
2463 4372 2646 4446 super]
2701 4388 2789 4429 me
2852 4378 3089 4431 animam
3144 4391 3320 4431 meam
3356 4393 3369 4430 :
3406 4376 3665 4446 quoniam
3714 4367 3884 4444 ingre-

2304 4469 2424 4525 diar
2475 4468 2529 4523 in
2582 4469 2760 4524 locum
2816 4468 3153 4524 tabernaculi
3201 4468 3558 4539 admirabilis,
3620 4482 3781 4541 usque
3822 4462 3882 4520 ad

2305 4564 2529 4619 domum
2558 4564 2681 4619 Dei.

2378 4654 2438 4710 In
2465 4669 2601 4711 voce
2623 4653 3026 4720 exsultationis,
3059 4663 3113 4710 ct
3139 4653 3501 4712 confessionis
3526 4651 3555 4692 ιι
3586 4666 3748 4712 sonus
3766 4663 3884 4721 epu-

2305 4746 2489 4804 lautis.

2382 4844 2567 4911 Quare
2597 4841 2763 4898 tristis
2790 4855 2871 4908 es,
2898 4841 3077 4896 anima
3102 4839 3258 4896 mea?
3294 4847 3352 4895 et
3387 4853 3557 4911 quare
3609 4834 3881 4896 conturbas

3567 3899 3781 3972 quando
3807 3911 3886 3954 ve-

2235 4934 2439 4996 Dme?

2395 5027 2561 5096 Spera
2593 5027 2644 5080 in
2663 5026 2775 5081 Deo
2789 5024 2919 5099 [llls.
2948 5023 3284 5096 Dominum],
3318 5025 3574 5095 quoniam
3602 5018 3883 5081 confitebor

2323 5120 2398 5176 illi
2427 5137 2440 5174 :
2465 5120 2703 5176 salutare
2725 5121 2899 5175 vultus
2931 5119 3059 5189 mei,
3087 5127 3144 5175 et
3174 5119 3317 5175 Deus
3338 5133 3512 5174 meus.

2291 5276 2450 5346 paulo
2479 5291 2691 5345 quoque
2717 5283 2839 5346 post
2864 5275 3060 5329 vei-(isti
3086 5274 3283 5345 legitur
3314 5289 3413 5345 pro
3444 5275 3684 5329 versasti.

2368 5346 2385 5384 ί
2422 5345 2488 5400 In
2507 5348 2562 5400 id
2584 5349 2754 5413 ipsum
2781 5348 3050 5400 adversum
3088 5363 3185 5412 me,
3221 5361 3318 5414 pro
3373 5348 3531 5399 simul
3581 5349 3635 5399 in
3665 5348 3879 5414 unum:

2293 5426 2406 5471 tum
2437 5400 2804 5484 disposuerunt
2837 5431 2932 5484 pro
2953 5400 3342 5482 mandaverunt,
3386 5418 3543 5471 unice
3593 5430 3710 5470 cum
3768 5400 3871 5463 Διΐ-

2288 5489 2503 5557 gustino
2538 5488 2859 5541 Veronensis
2890 5501 2990 5557 ms.
3026 5486 3173 5553 legit.

2368 5568 2391 5606 κ
2420 5557 2583 5610 Iidem
2616 5558 2893 5637 dumtaxat
2916 5556 3059 5618 libri,
3081 5548 3138 5637 in
3165 5573 3313 5627 quem
3334 5557 3536 5627 speravi
3558 5574 3575 5621 ;
3594 5563 3653 5637 et
3675 5548 3881 5620 amplia-

2296 5628 2363 5682 vit
2395 5644 2547 5693 super
2576 5643 2655 5679 me
2674 5629 2996 5692 calcaneum,
3025 5628 3139 5691 pari
3168 5641 3437 5681 consensu
3479 5627 3781 5693 prml'crunt.

2373 5695 2398 5732 δ
2425 5689 2575 5763 Legit
2597 5712 2662 5749 ex
2683 5689 3312 5764 AugustinoVeronam.
3355 5713 3458 5750 tus.
3481 5689 3603 5750 sani
3654 5689 3878 5765 [estirita-

2306 5777 2405 5850 tem
2427 5759 2728 5822 celEbrantt's
2756 5759 2966 5836 {atque
2991 5768 3152 5837 inira,
3180 5767 3260 5822 Ad
3288 5784 3369 5822 me
3400 5769 3566 5839 ipsum
3616 5759 3709 5837 pro
3746 5759 3785 5814 Α
3808 5768 3877 5809 me

2317 5854 2453 5909 ipso.
