4090 6338
246 330 350 386 195

1545 313 1750 372 LIBER
1790 310 2234 370 PSALMORUM.

3421 306 3526 367 {£8

316 443 388 496 Ad
417 456 497 494 me
524 442 698 510 ipsum
727 439 904 493 anima
937 453 1049 493 mea
1078 437 1382 492 conturbata
1401 433 1474 488 est
1512 450 1530 488 :
1561 440 1828 504 propterea
1861 430 1909 487 Λ
2005 427 2051 483 Α
2085 441 2171 481 me
2199 425 2316 495 ipso
2348 423 2524 478 anima
2550 437 2668 478 mea
2695 422 2904 479 turbata
2930 430 3007 478 est
3043 439 3054 475 :
3086 429 3370 493 propterea
3410 441 3525 482 me-

246 552 429 591 mentor
468 551 556 589 ero
582 535 660 587 tui
712 534 777 589 de
821 541 961 587 terra
1015 531 1286 599 Iordanis,
1343 539 1390 585 et
1436 526 1765 582 Hermoniim
1795 540 1826 576 a

245 639 406 682 oronte
433 628 665 682 modico.

312 721 532 790 Abyssus
564 725 629 786 fe-f
669 729 694 758 ⁸
719 720 788 774 ad
821 720 842 788 ζ
876 719 1121 790 abyssum
1168 717 1369 770 invocat
1394 731 1411 769 :
1441 715 1494 768 in
1519 730 1637 768 voce
1680 722 1825 766 cata-

239 823 492 868 factarum
518 822 754 866 tuarum.

314 906 497 960 Omnia
527 904 730 960 excelsa
759 912 849 959 tua
879 912 925 960 et
955 907 1141 974 ﬂuctus
1194 903 1292 970 tui,
1317 917 1471 971 super
1496 917 1574 954 me
1600 899 1825 956 transie-

155 1034 168 1041 -
235 1008 376 1052 runt.

311 1089 372 1144 In
401 1090 486 1143 die
538 1090 806 1144 mandavit
831 1087 1092 1144 Dominus
1120 1087 1533 1142 misericordiam
1561 1102 1711 1141 suam
1735 1099 1753 1139 :
1780 1093 1827 1140 et

238 1191 377 1238 nocte
399 1181 664 1236 canticum
694 1186 830 1254 ejus.

305 1275 454 1345 Apud
467 1292 549 1328 me
569 1278 740 1328 oratio
767 1275 876 1328 Deo
892 1274 1008 1329 vita:
1026 1289 1169 1342 metu,
1185 1273 1357 1327 dicam
1377 1271 1486 1327 Deo
1510 1271 1827 1343 :Susceptor

235 1366 690 1434 musb-s-esj.

305 1459 478 1524 Quare
502 1460 698 1515 oblitus
723 1476 776 1514 es
801 1459 937 1513 mei?
965 1468 1011 1514 et
1040 1474 1196 1529 quare
1236 1459 1571 1512 contristatus
1620 1455 1822 1524 incedo,

233 1554 355 1606 dum
377 1553 575 1624 affligit
605 1570 684 1607 me
714 1553 995 1606 inimicus?

301 1645 436 1699 Dum
459 1648 866 1717 confringantur
884 1663 999 1701 ossa
1025 1663 1139 1700 mea
1162 1662 1180 1700 :
1210 1645 1647 1716 exprobrauerunt
1675 1644 1824 1710 mihi,

234 1739 318 1807 qui
341 1739 591 1792 tribulam
615 1757 696 1794 me
716 1740 912 1793 inimici
949 1741 1068 1794 mei.

1933 533 2051 572 mor
2081 532 2178 573 ero
2211 515 2568 582 tui,Domine,
2599 515 2666 570 de
2692 525 2831 568 terra
2859 514 3206 582 Jordanis,ct
3237 515 3521 574 llermonis

1932 608 2056 682 [Μδ.
2088 605 2366 677 Hermoui]
2390 624 2418 660 a
2451 615 2632 660 monte
2658 606 2893 661 modico.

2002 702 2248 772 Abyssus
2261 700 2516 770 abyssum
2533 699 2747 752 invocat
2764 699 2814 751 in
2831 712 2961 752 voce
2987 705 3378 754 cataractarum
3396 708 3517 753 tua-

1930 809 2052 848 rum
2089 810 2102 845 :
2137 790 2155 829 ί
2191 793 2374 846 omnia
2405 790 2623 846 excelsa
2654 799 2740 845 tua
2769 800 2819 845 et
2843 789 3040 846 ﬂuctus
3087 790 3159 845 lui
3206 807 3373 861 super
3431 803 3520 845 me

1932 886 2291 945 transierunt.
2638 875 2640 877 i

1998 1085 2055 1139 lu
2085 1083 2174 1139 die
2203 1081 2480 1138 mandavit
2507 1081 2770 1138 Dominus
2793 1082 3227 1139 misericordiam
3251 1099 3402 1139 suam
3426 1102 3437 1138 :
3468 1093 3523 1141 et

1931 1186 2089 1234 nocte
2115 1177 2437 1232 declaravit.
3504 1252 3506 1255 Ι

2000 1270 2158 1341 Apud
2189 1286 2273 1326 me
2301 1271 2479 1324 oratio
2501 1270 2610 1324 Deo
2637 1268 2761 1323 vita:
2808 1284 2944 1324 mea:
2972 1287 2983 1325 :
3009 1269 3182 1324 dicam
3233 1270 3341 1326 Deo
3390 1269 3520 1342 ldis.

1930 1363 2055 1416 add.
2077 1360 2220 1432 meo]
2251 1379 2264 1416 :
2298 1362 2595 1430 Susceptor
2626 1375 2778 1415 meus
2801 1375 2879 1415 es.

2001 1455 2177 1524 Quare
2207 1464 2232 1501 ε
2265 1469 2350 1508 me
2377 1453 2577 1508 oblitus
2608 1453 2707 1508 es?
2753 1461 2810 1507 et
2831 1469 2997 1522 quare
3029 1470 3115 1509 me
3149 1455 3432 1526 rt-pulisti?
3467 1463 3524 1511 et

1930 1561 2098 1617 quare
2123 1545 2292 1600 tristis
2321 1544 2534 1610 incedo,
2569 1544 2697 1599 dum
2726 1545 2913 1613 afﬂigit
2947 1561 3031 1600 me
3058 1545 3355 1601 inimicus?

2002 1637 2137 1691 Dum
2165 1635 2579 1705 confringuntur
2610 1635 2789 1690 omnia
2827 1650 2952 1689 ossa
2984 1651 3121 1698 mea,
3164 1637 3525 1706 esprobrave-

1931 1737 2058 1785 runt
2101 1744 2184 1783 me
2231 1728 2320 1798 qui
2362 1726 2620 1782 tribulaut
2673 1741 2795 1781 me:
2839 1726 2964 1780 dum
2995 1727 3191 1782 dicitur
3246 1729 3379 1784 mihi
3433 1744 3527 1798 per

303 1830 437 1884 Dum
466 1831 656 1884 dicunt
689 1831 816 1885 milii
865 1849 958 1902 per
987 1831 1221 1901 singulos
1250 1831 1360 1884 dies
1401 1847 1418 1883 :
1457 1830 1555 1885 Ubi
1582 1840 1657 1884 est
1690 1829 1830 1883 Deus
1862 1815 1908 1874 Β
1935 1822 2180 1894 singulos
2211 1820 2326 1876 dies
2354 1838 2366 1872 :
2404 1819 2501 1876 Ubi
2526 1828 2608 1873 est
2631 1818 2773 1872 Deus
2799 1819 2957 1873 llius?

238 1931 350 1976 tuus
364 1924 387 1975 ?
401 1923 579 1990 Quare
596 1923 758 1978 tristis
774 1941 847 1990 es,
863 1922 1037 1976 anima
1049 1939 1180 1984 mea,
1203 1932 1248 1976 et
1259 1939 1418 1990 quare
1432 1922 1704 1977 conturbas
1719 1940 1796 1976 me
1809 1923 1833 1975 ?

303 2016 470 2084 Spera
519 2016 575 2070 in
605 2014 738 2082 Deo,
784 2017 1028 2085 quoniam
1147 2015 1319 2068 adhuc
1352 2015 1373 2082 ζ
1400 2014 1678 2082 conﬁtebor
1712 2012 1834 2068 :illi

274 2109 509 2162 salutare
533 2108 706 2161 rullus
730 2108 839 2162 mei
972 2116 1017 2161 et
1054 2107 1076 2174 ζ
1111 2105 1258 2160 Deus
1280 2122 1442 2161 mt-us.

2012 1915 2195 1981 Quare
2225 1912 2395 1968 tristis
2428 1927 2512 1976 es,
2540 1909 2752 1964 anima?
2781 1919 2833 1963 et
2861 1925 3026 1979 quare
3056 1911 3351 1968 conturbas
3380 1913 3508 1968 me?

2015 2009 2183 2077 Spera
2215 2006 2268 2061 in
2300 2003 2551 2074 Dcolbls.
2587 2002 2916 2074 Dominum],
2945 2006 3198 2074 quoniam
3229 2006 3530 2062 confitebor

1942 2101 2017 2158 illi
2055 2117 2068 2154 :
2103 2098 2344 2156 salutare
2373 2097 2553 2153 vultus
2580 2095 2686 2151 mei
2711 2105 2764 2152 et
2789 2097 2927 2152 Deus
2960 2112 3137 2153 meus.

1569 2239 1930 2307 l’SALMUS
1975 2237 2171 2299 XLII.

735 2363 792 2404 ’ἓ-
852 2365 1088 2406 PSALMUS
1144 2365 1324 2406 DAVID.

297 2442 491 2498 Judica
533 2459 635 2512 me,
663 2441 828 2510 Deus,
862 2453 907 2497 et
939 2445 1171 2497 discerne
1189 2458 1397 2496 causam
1422 2457 1583 2496 meam
1605 2442 1666 2495 de
1681 2449 1829 2513 gente

230 2553 328 2592 non
349 2546 528 2592 sancta
558 2553 575 2592 :
599 2536 664 2590 ab
685 2533 890 2590 homine
919 2536 1096 2606 iniquo
1117 2543 1166 2590 et
1203 2534 1384 2591 doloso
1407 2549 1526 2589 erue
1556 2549 1654 2588 me.

301 2715 439 2781 Quia
469 2726 525 2769 tu
553 2730 610 2770 -:~
645 2732 696 2770 es
727 2725 749 2754 ο
787 2715 810 2784 ζ
843 2714 982 2768 Deus
1013 2715 1270 2785 fortitudo
1294 2731 1426 2782 mea,
1461 2731 1621 2787 quare
1644 2731 1722 2769 me
1741 2730 1826 2769 re-

226 2809 447 2876 pulisti?
474 2819 522 2865 et
564 2826 723 2881 quare
744 2809 906 2863 tristis
958 2809 1168 2876 incedo,
1223 2809 1345 2864 dum
1367 2809 1559 2881 afﬂigit
1608 2825 1688 2863 me
1727 2807 1831 2862 ini-

225 2901 390 2955 micus
403 2903 431 2955 3'

295 2990 325 3031 δ
355 2993 551 3049 Emitte
573 2993 742 3049 lucem
769 3004 913 3049 tuam
939 3006 984 3050 et
1013 2995 1277 3050 veritatem
1305 3005 1446 3048 tuam
1466 3010 1483 3048 :
1506 2995 1617 3066 ipsa
1634 3010 1713 3048 me
1738 2994 1830 3049 de-

220 3086 512 3154 duxerunt,
544 3098 591 3142 et
619 3087 949 3142 adduxerunt
990 3088 1044 3142 in
1083 3096 1306 3142 montem
1362 3093 1599 3141 sanctum
1652 3096 1822 3149 tuum,

218 3191 267 3235 et
287 3181 343 3234 in
362 3180 699 3234 tabernacula
728 3191 840 3236 tua.

294 3270 366 3325 Et
396 3273 621 3327 introibo
649 3274 717 3326 ad
744 3274 909 3329 altare
933 3272 1034 3330 Dei
1063 3275 1165 3329 :ad
1181 3272 1346 3328 Deum
1375 3275 1462 3344 qui
1487 3273 1716 3343 lwtiﬁcat
1729 3271 1824 3342 ju-

217 3375 479 3420 ventutem
508 3384 674 3422 meam
683 3408 696 3420 .

293 3457 590 3528 Conﬁtebdr
639 3461 730 3514 tibi
785 3461 840 3516 in
897 3462 1096 3515 cithara
1121 3459 1263 3514 Deus
1285 3457 1424 3513 Deus
1449 3475 1591 3512 meus
1620 3473 1638 3511 :
1668 3471 1827 3528 quare

225 3550 396 3603 tristis
421 3567 496 3615 es,
533 3552 708 3604 anima
730 3568 841 3605 mea
871 3563 916 3606 et
941 3568 1098 3622 quare
1120 3549 1398 3605 conturbas
1426 3551 1542 3604 me?

296 3642 470 3711 Spera
486 3645 540 3698 in
560 3644 686 3712 Deo,
704 3647 951 3717 quoniam
979 3651 1041 3712 3K
1058 3645 1231 3700 adhuc
1251 3645 1271 3713 ζ
1289 3645 1570 3714 conﬁtebor
1596 3641 1676 3697 illi
1697 3656 1714 3696 :
1734 3657 1822 3696 sa-

218 3732 392 3790 lutare
417 3733 592 3791 cultus
623 3737 741 3804 mei,
872 3745 919 3792 et
948 3737 970 3804 ζ
1003 3734 1144 3792 Deus
1179 3753 1342 3792 meus.

2501 2351 2738 2393 PSALMUS
2776 2352 2960 2392 DAVID.

2003 2432 2192 2490 Judica
2219 2447 2323 2499 me,
2344 2430 2508 2500 Deus,
2525 2441 2579 2486 et
2607 2431 2855 2486 discerne
2868 2443 3084 2485 causam
3099 2445 3271 2486 meam
3289 2430 3356 2488 de
3367 2441 3529 2504 gente

1931 2540 2037 2582 non
2088 2533 2275 2581 saneta
2334 2543 2346 2578 :
2400 2523 2468 2579 ab
2521 2523 2741 2580 homine
2790 2523 2976 2594 iniquo
3021 2527 3088 2595 ζει
3135 2525 3326 2583 doloso
3381 2529 3531 2599 eripe

1933 2618 2063 2692 [Ms.
2097 2616 2288 2690 libera]
2315 2633 2424 2673 me.

2002 2713 2136 2781 Quia
2161 2723 2216 2767 tu
2246 2727 2306 2768 es
2328 2711 2470 2766 Deus
2493 2725 2644 2766 mcus
2661 2719 2711 2764 et
2736 2710 2993 2767 fortitudo
3029 2726 3166 2778 mea,
3190 2710 3216 2748 ιι
3240 2727 3410 2783 quare
3438 2728 3526 2769 me

1931 2803 2218 2874 repulisti?
2272 2813 2325 2858 et
2368 2816 2536 2874 quare
2593 2800 3001 2869 tristisincedo,
3035 2801 3162 2859 dum
3185 2803 3378 2875 afﬂigit
3428 2821 3516 2862 me

1931 2894 2230 2952 inimicus?

2004 2987 2206 3042 Emitte
2232 2985 2406 3042 lucem
2439 2994 2587 3040 tuam
2605 2993 2659 3041 et
2673 2987 2956 3042 veritatem
2975 2995 3117 3041 tuam
3140 3004 3154 3044 :
3177 2987 3289 3059 ipsa
3317 3005 3402 3046 me
3427 2989 3526 3045 dc-
3581 3051 3592 3056 _

1929 3077 2248 3144 duxerunt,
2310 3088 2364 3132 et
2437 3075 2788 3133 adduxerunt
2856 3077 2910 3132 in
2968 3086 3206 3134 montem
3271 3088 3518 3136 sanctum

1849 3168 1895 3231 C
1928 3176 2100 3235 tuum,
2135 3169 2263 3223 etin
2296 3167 2643 3224 tabernacula
2676 3175 2787 3224 tua.

2000 3262 2244 3319 lutroibo
2270 3261 2339 3317 ad
2367 3261 2540 3318 altare
2588 3261 2683 3318 Dei
2717 3279 2728 3314 :
2757 3262 2822 3317 ad
2850 3261 3020 3319 Deum
3053 3262 3144 3335 qui
3169 3263 3402 3322 la-tilicat
3427 3265 3518 3338 ju-

1927 3366 2200 3414 ventutem
2231 3371 2405 3411 meam
2416 3394 2429 3410 ο

1999 3453 2316 3510 Confitebor
2347 3453 2444 3509 tibi
2469 3455 2520 3508 in
2547 3453 2941 3522 citltara,Deus
2963 3456 3275 3511 Deusmeus
3303 3471 3318 3510 ;
3353 3468 3525 3527 quare

1928 3548 2104 3603 tristis
2134 3564 2214 3615 es,
2247 3548 2427 3603 anima
2457 3549 2612 3604 mea?
2642 3558 2694 3604 et
2725 3564 2894 3620 quare
2927 3549 3226 3606 conturbas
3253 3552 3375 3604 me?

2000 3641 2172 3710 Spera
2197 3640 2251 3694 in
2280 3641 2388 3695 Deo
2419 3639 2548 3712 [Με.
2601 3638 2875 3712 Domino],
2902 3641 3172 3711 'quoniam
3222 3639 3521 3698 contitcbor

1929 3730 2039 3801 illi;
2065 3732 2305 3788 salutare
2326 3733 2507 3789 vultus
2539 3733 2671 3800 mei,
2705 3743 2758 3788 et
2787 3732 2928 3788 Deus
2952 3748 3124 3789 meus.

1545 3867 1906 3932 PSALMUS
1949 3867 2151 3930 XLIII
2165 3912 2178 3927 .

326 4007 380 4048 IN
419 4009 604 4060 FINEM,
647 4007 799 4048 ιιίιιιε
837 4008 996 4059 CORE,
1042 4008 1096 4048 σ-ξ-
1137 4009 1205 4048 AD
1251 4037 1272 4061 ο
1306 4004 1718 4047 ιητειιεοτυιι.

297 4085 462 4152 Deus,
489 4086 706 4142 auribus
728 4089 918 4142 nostris
950 4086 1279 4142 audivimus:
1309 4096 1480 4158 patres
1522 4082 1687 4139 nostri
1730 4099 1825 4136 an-

223 4180 603 4234 nuntiaverunt
625 4181 771 4235 nobis

305 4270 451 4342 Opus
499 4272 644 4343 quod
667 4281 908 4343 operatus
928 4287 980 4326 es
1013 4271 1066 4326 in
1095 4269 1276 4326 diebus
1305 4287 1505 4338 eorum,
1550 4285 1608 4328 -t—
1649 4280 1672 4309 °
1705 4279 1755 4328 et
1799 4269 1822 4339 ζ

222 4361 284 4417 in
311 4362 492 4418 diebus
519 4363 766 4435 antiquis.
1033 4357 1039 4363 ’

306 4452 503 4510 Manus
535 4448 626 4509 iua
665 4465 839 4526 gentes
881 4455 1214 4525 disperdidit,
1245 4464 1292 4512 et
1317 4454 1567 4527 plantasti
1587 4471 1668 4512 eos
1691 4470 1712 4511 .°
1741 4455 1824 4527 af-

227 4547 420 4617 ﬂizisti
452 4548 697 4621 populos,
731 4557 778 4605 et
801 4548 1046 4622 expulisti
1065 4566 1173 4604 eos.

315 4762 341 4789 ⁸
371 4751 740 4807 Prmtermissa
775 4752 843 4805 ad
868 4750 1279 4822 prmpositione,
1326 4762 1517 4822 vocem
1565 4745 1831 4822 abyssum,

235 4839 366 4896 qua;
391 4824 765 4896 Subsequitur,
792 4817 1369 4896 ast—criscoAillustrant
1418 4817 1693 4872 Palatinus
1723 4830 1827 4896 ms.

237 4906 300 4947 et
324 4894 518 4948 Catus.
545 4895 642 4948 Est
672 4906 851 4949 autem
886 4895 938 4947 in
986 4893 1214 4948 llebrmo
1240 4903 1332 4956 7x,
1376 4905 1533 4960 quam
1566 4893 1832 4955 1³1⁸³390⁵1-

239 4967 458 5018 tionem
510 4967 594 5019 ἐπὶ
643 4964 1000 5019 reddiderunt
1050 4961 1224 5018 Graeci
1279 4961 1628 5028 interpretes,
1675 4971 1837 5026 atque

237 5036 344 5106 ipsi
372 5036 543 5090 καλεῖν
574 5036 742 5090 verbo
761 5037 1074 5106 jungentes,
1111 5040 1395 5106 verterunt
1425 5029 1760 5086 ἐπικαλεῖται.

322 5106 350 5144 b
385 5107 539 5159 llunc
561 5122 777 5176 quoque
813 5105 1054 5170 obelum,
1099 5116 1154 5161 et
1200 5105 1752 5176 subsequentiversu
1794 5107 1839 5152 et

240 5177 503 5248 conulam
527 5173 808 5233 Palatinus
856 5193 960 5233 ms.
1006 5173 1369 5248 praetermittit
1413 5191 1426 5227 :
1468 5173 1610 5227 male
1634 5177 1842 5223 utrum-

288 5265 375 5303 uc.

241 5265 353 5359 qu:
389 5320 526 5376 Sine
555 5317 715 5374 obelo
738 5318 1012 5373 Palatinus
1035 5334 1136 5373 ms.
1170 5317 1319 5386 legit.

322 5388 352 5426 ἀ
391 5391 488 5445 ilic
515 5406 646 5444 vero
670 5390 812 5444 idem
845 5405 943 5444 ms.
980 5381 1417 5458 praepositionem
1447 5383 1599 5439 verbi
1632 5381 1842 5458 Emitte,

249 5470 378 5515 tum
424 5461 705 5531 sequentis
755 5475 942 5515 versus
982 5455 1216 5529 'prio’rem
1263 5458 1508 5531 vocuan
1557 5455 1847 5531 etnobelis

245 5525 522 5605 COnI’QdiI,
558 5547 609 5605 ἦ
649 5531 694 5605 Ε
727 5531 750 5598 ζ
778 5533 921 5585 mitte
943 5525 1133 5595 lucem,
1157 5539 1261 5583 etc.
1293 5545 1334 5583 οξ
1387 5525 1844 5605 Et_intreibo_,e}c.

329 5612 355 5640 ε
383 5597 519 5656 Tum
559 5597 800 5666 obelum,
848 5617 972 5656 cum
1016 5606 1183 5672 ipsam
1223 5611 1270 5655 et
1301 5597 1565 5670 copulam
1613 5597 1842 5650 Palatiu.

253 5689 368 5728 ms.
406 5674 793 5735 praetermittit.

338 5743 353 5781 ί
387 5743 687 5798 Veronens.
713 5759 817 5798 tus.
841 5759 1014 5814 omnes
1040 5758 1362 5814 suspensum:
1383 5752 1482 5795 ltttL’
1504 5755 1520 5792 :
1544 5738 1704 5811 paulo
1725 5753 1853 5794 cou-

265 5815 484 5871 cinnius
513 5814 653 5884 apud
686 5813 1047 5886 Augustinum
1071 5813 1448 5884 suspensioucs.

2104 4001 2157 4042 IN
2197 4001 2382 4052 FINEM,
2423 4001 2582 4042 FILIIS
2625 4001 2783 4054 CORE,
2827 4004 2894 4044 AD
2932 4003 3329 4048 INTELLECTUI.

1946 4119 1948 4122 -
2000 4082 2166 4149 Deus,
2199 4079 2422 4136 auribus
2448 4082 2651 4137 nostris
2674 4078 2979 4137 audivimus
3019 4099 3032 4136 :
3065 4093 3116 4139 et
3145 4081 3272 4156 [ills.
3315 4095 3417 4140 tac.
3446 4087 3526 4158 et}

1928 4183 2110 4246 patres
2139 4173 2311 4230 nostri
2335 4173 2800 4228 annuntiaverunt
2832 4173 2989 4230 nobis

2001 4265 2148 4336 Opus
2173 4264 2320 4337 quod
2351 4274 2606 4338 oneratus
2634 4281 2694 4322 es
2732 4266 2788 4322 in
2821 4265 3012 4323 diebus
3033 4282 3245 4340 eorum,
3269 4277 3324 4328 et
3345 4269 3399 4328 in
3412 4271 3525 4330 die-

1931 4357 2034 4413 bus
2063 4356 2323 4428 antiquis.

1999 4450 2191 4506 Manus
2208 4459 2292 4504 tua
2317 4458 2504 4520 gentes
2531 4448 2947 4520 disperdidit,ct
2969 4449 3220 4522 plautasti
3243 4467 3374 4512 eos:
3403 4453 3417 4494 ί
3440 4455 3524 4513 al-

1925 4543 2114 4601 ﬂixisti
2143 4542 2396 4615 populos,
2423 4551 2476 4599 ct
2497 4541 2750 4614 expulisti
2782 4558 2897 4600 eos.

2016 4752 2041 4790 s
2071 4741 2292 4814 Rectius
2315 4741 2411 4795 mei
2437 4739 2925 4814 prazlerunt‘iidem
2951 4741 3070 4797 libri
3100 4761 3111 4795 :
3138 4753 3190 4799 et
3217 4754 3271 4798 ut
3297 4748 3422 4814 quid
3450 4767 3528 4805 me

1938 4813 2196 4883 repulisti,
2217 4821 2262 4865 et
2287 4824 2342 4865 ut
2363 4814 2486 4879 quid
2511 4812 2695 4883 tristis.
2722 4811 2855 4866 'l‘um
2885 4812 3184 4869 Veronens.
3212 4811 3330 4872 voci
3354 4821 3528 4874 inimi-

1942 4882 2031 4938 cus
2063 4885 2207 4937 addit
2230 4899 2393 4945 meus,
2420 4883 2560 4952 quod
2591 4898 2621 4935 c
2654 4882 2858 4936 Latinis
2888 4899 3051 4937 unum
3094 4888 3206 4942 scio
3237 4888 3528 4945 Cassiodo-

1942 4957 2082 5028 rium
2131 4951 2705 5028 addidisse.’Caetera
2735 4954 2801 5007 de
2833 4971 2983 5028 inore
3031 4971 3151 5009 cum
3200 4957 3526 5028 Augustino,

1943 5027 2081 5079 Dum
2113 5025 2395 5097 confringit
2417 5025 2512 5094 (al.
2543 5024 2850 5097 confringet)
2893 5042 3006 5078 ossa
3035 5043 3168 5091 mea,
3194 5024 3530 5097 exprobrave;

1943 5107 2063 5151 runt
2085 5096 2208 5149 mihi.
2237 5112 2255 5149 .°
2285 5105 2337 5150 ct
2363 5095 2486 5148 dum
2517 5097 2694 5147 dicunt
2718 5095 2864 5159 milii,
2909 5106 3010 5151 clc.

2021 5167 2045 5203 ¹¹
2081 5169 2406 5221 Constanter
2431 5181 2528 5235 pro
2552 5181 2711 5235 quare
2735 5168 2818 5218 hic
2840 5175 3001 5234 atque
3033 5167 3168 5221 infra
3200 5169 3526 5231 Veronensis

1958 5238 2096 5292 liber
2122 5249 2286 5307 atque
2313 5241 2640 5306 Augustinus
2665 5237 2861 5289 habent
2890 5247 2943 5289 ut
2973 5239 3119 5307 quid.
3149 5239 3320 5296 Porro
3344 5243 3396 5297 in
3422 5246 3528 5301 line

1957 5310 2210 5363 versiculi
2239 5309 2354 5364 voci
2383 5309 2646 5371 inimicus,
2674 5308 2823 5360 addit
2857 5307 3154 5363 Veronens.
3188 5329 3349 5378 meus,
3383 5328 3432 5369 ut
3462 5317 3528 5371 ad

1955 5383 2226 5449 geminum
2253 5379 2373 5433 huic
2398 5380 2571 5432 lOCUm
2605 5381 2850 5446 proxime
2901 5389 3137 5432 notatum
3169 5395 3249 5437 est
3279 5403 3290 5437 :
3337 5396 3444 5440 tum
3477 5397 3533 5443 et

1956 5454 2120 5505 verbo
2152 5449 2504 5522 adduxerunt,
2556 5465 2650 5516 pro
2691 5463 2797 5515 quo
2836 5451 3188 5519 perduxerunt
3246 5457 3371 5522 legit
3409 5475 3530 5513 cum

1961 5520 2452 5592 AuguStino,addit
2471 5533 2686 5592 quoque
2709 5534 2817 5592 nte;
2833 5523 3062 5590 denique
3094 5535 3139 5576 et
3168 5520 3406 5592 intro—ibo,
3425 5538 3530 5583 etc.

2038 5588 2070 5628 Γ
2090 5593 2252 5666 Unice
2279 5606 2398 5666 eum
2428 5588 3078 5666 Augustindveroncns.
3109 5611 3205 5648 ms.
3263 5588 3539 5666 iuﬁrinusti

1963 5679 2060 5733 pro
2083 5662 2322 5733 af/liwisti
2351 5676 2367 5712 :
2394 5669 2524 5733 tum,
2556 5658 2872 5733 litereditate
2893 5665 3229 5731 possederunt
3251 5658 3462 5732 terram,
3486 5677 3541 5722 et
3601 5677 3610 5686 °

1961 5728 2287 5806 salvos—[eoin
2314 5747 2408 5806 pro
2433 5728 2647 5806 saluauit
2755 5728 2985 5804 denique
3009 5737 3365 5806 coitiplacttisti
3389 5728 3544 5794 in'eis

1962 5820 2060 5876 pro
2080 5801 2388 5874 complacuit
2419 5800 2527 5871 tibi,
2555 5802 2685 5875 etei
