4090 6338
570 282 673 344 193

639 400 752 457 Nec
791 399 929 457 enim
975 399 1029 457 in
1069 397 1246 476 gladio
1301 414 1393 455 suo
1447 402 1787 471 possederunt
1832 412 2019 459 terram
2064 420 2083 459 :

570 496 837 552 brachium
862 513 1041 553 eorum
1073 513 1175 551 non
1205 494 1427 551 salvavit
1458 512 1565 551 eos.

634 589 741 645 Sed
768 590 978 645 dextera
1020 597 1110 642 tua
1136 628 1149 651 ,
1178 595 1224 641 et
1257 586 1523 641 brachium
1555 598 1700 643 tuum
1726 634 1740 659 ,
1771 598 1818 645 et
1842 590 2159 645 illuminatio

562 680 734 734 vultus
767 680 882 733 tui:
913 679 1155 750 quoniam
1182 679 1539 750 complacuisti
1576 695 1619 734 ἡ
1666 682 1719 734 in
1756 681 1776 749 1
1813 681 1906 737 eis.

637 771 715 826 Tu
747 790 798 825 es
826 773 937 840 ipse
963 787 1054 825 rex.
1094 788 1235 826 meus
1267 786 1319 827 oz—
1358 780 1406 825 et
1436 772 1457 839 1
1485 770 1627 827 Deus
1655 788 1799 828 meus
1832 774 1855 842 1
1891 774 1977 844 qui
2008 792 2157 829 utau-

563 867 659 922 das
684 865 879 921 salutes
900 865 1083 921 Jacob.

633 958 700 1013 In
732 968 777 1012 te
806 959 1038 1013 inimicos
1083 966 1283 1013 nostros
1313 958 1669 1012 ventilabimus
1702 958 1728 987 °
1759 975 1920 1013 cornu
1959 976 1978 1013 :

568 1050 591 1117 1
625 1050 680 1103 in
705 1050 911 1103 nomine
938 1060 1025 1104 tuo
1049 1067 1348 1120 spernemus
1381 1039 1703 1121 insurgentes
1724 1051 1778 1103 in
1804 1052 1971 1105 nobis.

633 1141 758 1195 Non
794 1143 929 1196 enim
967 1142 1023 1195 in
1071 1159 1198 1198 arcu
1239 1159 1349 1198 meo
1398 1143 1615 1213 sperabo
1648 1158 1667 1196 :
1696 1150 1742 1197 et
1773 1144 1980 1214 gladius
2014 1160 2158 1199 meus

563 1249 665 1288 non
691 1233 910 1287 salrabit
940 1249 1039 1288 me.

635 1327 865 1383 Salvasti
895 1330 1029 1382 enim
1063 1345 1153 1383 nos
1196 1328 1261 1383 de
1303 1328 1659 1400 afﬂigentibus
1688 1328 1781 1384 nos
1809 1346 1828 1386 .'
1855 1338 1905 1387 et
1928 1331 2156 1386 odientes

563 1433 657 1475 nos
688 1420 995 1492 confudisti.
1961 1425 1965 1429 ’

634 1510 702 1567 In
730 1512 836 1566 Deo
868 1513 1202 1569 laudabimur
1230 1524 1337 1570 tota
1364 1516 1447 1571 die
1474 1533 1493 1573 :
1520 1528 1567 1572 et
1605 1533 1664 1574 vt
1692 1518 1745 1572 in
1776 1518 1798 1587 1
1831 1517 2038 1572 nomine
2071 1526 2157 1571 tuo

562 1605 924 1675 confitebimur
947 1608 1000 1661 in
1028 1606 1294 1663 steculum.
1321 1608 1652 1667 Drusum.
1730 1602 1745 1609 Ἢ
1872 1670 1875 1673 λ

632 1698 790 1754 Nunc
814 1710 988 1755 autem
1007 1703 1246 1775 repulisti
1277 1713 1325 1758 et
1348 1706 1629 1776 confudisti
1661 1723 1753 1763 nos
1778 1722 1795 1763 :
1817 1716 1864 1762 et
1887 1725 1989 1762 non
2009 1723 2152 1781 egre-

560 1789 719 1847 dieris
749 1808 797 1848 ~:
844 1789 872 1830 ι’
901 1794 1039 1849 Deus
1071 1796 1093 1863 1
1126 1798 1178 1850 in
1204 1797 1476 1852 virtutibus
1503 1801 1733 1854 nostris!

631 1885 871 1941 Avertiin
894 1905 986 1943 nos
1008 1899 1291 1943 retrorsum
1314 1901 1426 1961 post
1451 1892 1687 1949 inimicos
1712 1903 1914 1950 nostros
1947 1910 1965 1949 .'
1997 1904 2044 1952 et
2071 1898 2155 1967 qui

564 1975 785 2032 oderunt
807 1995 900 2033 nos
921 1980 1238 2052 diripiebant
1267 1983 1383 2037 sibi.

632 2067 833 2124 Dedisti
872 2087 964 2126 nos
999 2082 1262 2144 tamquam
1310 2091 1427 2131 oves
1460 2093 1694 2133 escarum
1726 2094 1743 2132 :
1771 2088 1818 2134 et
1846 2080 1897 2134 in
1924 2080 2155 2152 gentibus

559 2158 849 2232 dispersisti
877 2179 988 2217 nos.

636 2252 928 2309 Vendidiin
974 2259 1225 2328 populum
1254 2269 1400 2316 tuum
1437 2262 1548 2318 sine
1586 2264 1792 2334 pretio:
1835 2273 1882 2320 et
1919 2282 2023 2320 non
2053 2266 2152 2337 fuit

559 2344 840 2399 multitudo
870 2348 922 2401 in
955 2354 1441 2408 commutationibus
1463 2372 1661 2412 eorum.

629 2435 858 2493 Posuisti
887 2456 979 2495 nos
1010 2445 1343 2515 opprobrium
1369 2448 1548 2504 vicinis
1588 2451 1777 2504 nostris
1806 2466 1825 2506 :
1856 2452 2147 2507 subsanna-

563 2530 751 2587 tionem
781 2544 828 2587 et
857 2536 1083 2590 derisum
1117 2539 1197 2593 Itis
1224 2541 1315 2610 qui
1343 2550 1463 2595 sunt
1492 2543 1544 2596 in
1575 2543 1798 2599 circuitu
1830 2555 2024 2600 nostro.

629 2619 864 2680 Posuisti
890 2643 982 2681 nos
1018 2629 1071 2682 in
1100 2629 1491 2688 similitudinem
1518 2637 1754 2706 gentibus
1796 2653 1816 2692 :
1848 2639 2145 2694 commotio-

530 2730 673 2791 ‘uem
704 2720 889 2789 capitis
917 2719 971 2773 in
992 2724 1223 2793 populis.

626 2806 759 2863 Tota
792 2811 875 2865 die
905 2816 1219 2869 verecundia
1246 2834 1359 2873 mea
1386 2828 1567 2875 contra
1591 2838 1673 2877 me
1702 2837 1762 2879 «'-
1793 2832 1869 2879 cst
1895 2818 1925 2894 1
1949 2834 1997 2881 et
2026 2842 2148 2883 con-

560 2902 702 2971 fusio
723 2906 878 2976 faciei
899 2923 1025 2963 mea:
1052 2912 1316 2980 cooperuit
1346 2929 1444 2968 me.

482 2986 499 2993 ³
624 2999 671 3053 Α
691 3016 808 3056 voce
835 3002 1191 3072 exprobrantis
1214 3015 1261 3061 et
1290 3007 1633 3079 obloquentis,
1658 3027 1690 3065 a
1721 3011 1853 3081 facie
1877 3012 2072 3067 inimici
2095 3020 2145 3068 et

552 3094 919 3162 persequentis.

623 3182 756 3239 Haec
783 3187 958 3243 omnia
978 3199 1222 3246 venerunt
1251 3208 1404 3264 super
1425 3209 1539 3259 nos,
1570 3210 1661 3250 nec
1684 3194 1828 3250 obliti
1852 3211 2031 3252 sumus
2051 3202 2100 3250 te
2121 3211 2140 3250 :

552 3286 600 3331 et
628 3278 799 3349 inique
822 3298 923 3335 non
953 3284 1151 3356 egimus
1174 3285 1228 3339 in
1252 3294 1552 3341 testamento
1583 3298 1688 3342 tuo.

625 3386 684 3426 σιμ
719 3372 784 3426 Et
829 3372 851 3442 1
883 3393 986 3431 non
1030 3379 1240 3433 recessit
1282 3387 1417 3435 retro
1460 3395 1551 3435 cor
1589 3390 1822 3436 nostrum
1849 3396 1869 3435 :
1900 3389 1947 3436 et
1977 3381 2138 3437 decli-

550 3465 688 3516 nasti
716 3467 924 3521 semitas
952 3477 1153 3523 nostras
1182 3486 1215 3523 a
1244 3470 1326 3525 via
1353 3479 1464 3525 tua.

622 3555 879 3623 Quoniam
906 3557 1197 3616 Itumiliasti
1228 3577 1320 3615 nos
1343 3562 1396 3615 iu
1428 3561 1541 3617 loco
1567 3563 1874 3633 afﬂictionis
1903 3579 1924 3618 .'
1952 3575 1998 3620 et
2018 3579 2138 3619 coo-

546 3650 714 3720 peruit
742 3668 833 3706 nos
861 3654 1041 3708 umbra
1069 3654 1272 3709 mortis.

620 3743 682 3799 Si
704 3743 851 3799 obliti
872 3763 1051 3801 smnus
1081 3764 1265 3802 nomen
1295 3746 1392 3803 Dei
1416 3751 1578 3805 nostri
1606 3768 1623 3804 :
1651 3762 1699 3805 et
1735 3768 1791 3809 οξ-
1822 3754 1867 3808 si
1895 3753 1918 3822 1
1946 3770 2137 3826 expan-

547 3834 717 3891 dimus
747 3855 930 3894 manus
962 3850 1163 3895 nostras
1194 3846 1264 3895 ad
1295 3841 1462 3897 Deum
1488 3844 1735 3900 alienum.

618 3928 808 3986 Nonne
834 3933 974 3989 Deus
1000 3934 1222 4005 requiret
1264 3936 1405 3990 ista?
1430 3937 1540 4007 ipse
1576 3940 1713 3993 enim
1745 3941 1886 3995 novit
1912 3940 2132 3996 abscon-

543 4022 658 4077 dita
683 4024 876 4079 cordis.

621 4113 877 4181 Quoniam
899 4125 1108 4188 propter
1136 4125 1184 4173 te
1207 4119 1583 4190 mortiﬁcamur
1611 4130 1720 4178 tota
1740 4122 1828 4177 die
1849 4139 1869 4179 :
1895 4125 2139 4183 wstimati

543 4221 723 4261 sanius
743 4207 876 4262 sicut
897 4224 1014 4263 oves
1043 4209 1337 4266 occisionis.

616 4293 882 4369 Exsurge,
928 4316 1085 4369 quare
1130 4301 1410 4377 obdormis,
1459 4304 1713 4362 Domine?
1743 4317 1765 4347 ο
1792 4325 2028 4383 exsurge,
2065 4325 2129 4371 es-

541 4396 589 4441 et
622 4386 645 4455 1
671 4403 734 4442 ne
756 4389 981 4459 repellas
1008 4392 1062 4445 in
1089 4392 1267 4463 ﬁnem.

614 4478 789 4544 Quare
840 4486 1024 4554 faciem
1066 4496 1208 4541 tuam
1245 4489 1470 4544 avertis?
1512 4488 1825 4547 oblivisceris
1868 4493 2063 4566 inopia;
2102 4491 2131 4534 τί

540 4580 753 4639 nostras,
785 4583 832 4628 et
865 4576 1213 4634 tribulationis
1242 4589 1452 4635 nostrae.

614 4664 869 4743 Quoniam
916 4670 1191 4726 Immiliata
1229 4682 1302 4727 est
1342 4665 1397 4726 in
1432 4673 1640 4743 pulvere
1674 4678 1852 4733 anima
1903 4691 2078 4738 nostra
2110 4698 2129 4739 :

536 4736 921 4808 conglutinatus
942 4750 1016 4796 est
1049 4758 1110 4797 σεν-
1146 4752 1169 4781 °
1202 4744 1256 4799 in
1290 4744 1311 4811 1
1343 4736 1478 4800 terra
1502 4756 1673 4801 venter
1698 4759 1892 4805 noster.

2020 974 2081 1015 '2"
2111 968 2158 1014 et

608 4853 789 4937 “(Tum
817 4854 1049 4911 Palatin.
1088 4873 1202 4937 ms._
1219 4857 1410 4937 Carus,
1438 4862 1580 4919 battd
1610 4873 1785 4923 tamen
1815 4866 1973 4937 bene,
2004 4888 2123 4929 ven-

534 4921 795 4995 tilabimus
832 4942 891 4981 σξ-
926 4943 1086 4982 cornu
1109 4941 1155 4984 et
1186 4932 1239 4986 in
1268 4921 1493 4995 nomine.
1519 4943 1625 4991 etc.

535 4993 643 5118 hall;
662 4995 771 5119 {fec
796 5012 930 5054 veru
952 5042 966 5066 ,
1014 5015 1114 5056 nec
1142 5017 1340 5059 nomen
1372 4993 1545 5075 Deus,
1594 5008 1650 5063 in
1681 5007 1855 5067 Palat.
1898 5027 2004 5068 ms.
2037 5014 2128 5071 hic

647 5081 677 5120 e
706 5085 788 5123 ur.

535 5205 550 5226 ε
574 5136 1105 5226 -ξλξῖςειιροείιρρηθιῃ
1125 5147 1273 5202 verbi
1303 5134 1638 5226 exsurg_e,'_de
1669 5166 1822 5226 more
1851 5150 2125 5226 idemAms.

528 5208 740 5331 jugtltlat
779 5208 798 5263 ':
842 5213 1115 5287 subiungit
1158 5229 1422 5288 praeterea
1457 5208 1609 5276 "huic
1671 5223 1942 5279 versiculo
1992 5208 2131 5281 Dia;

536 5295 594 5333 ns
656 5297 760 5333 ma.

572 5295 760 5337 satum.

533 5295 568 5350 Ρ
609 5346 633 5385 ἀ
664 5349 821 5430 Prius
847 5355 1316 5429 istud'prouomen
1356 5372 1548 5419 nostra:
1569 5406 1583 5430 ,
1611 5360 1781 5420 Carus
1807 5373 1863 5421 et
1892 5365 2121 5424 Palatin.

552 5433 659 5476 ms.
692 5424 851 5482 obelo
876 5424 1199 5498 praui-olant.

602 5523 625 5550 θ
654 5506 984 5606 Voeiv-nS,
1019 5540 1140 5595 qum
1182 5527 1234 5582 in
1280 5527 1445 5585 Hebr.
1496 5540 1617 5597 est,
1673 5530 1786 5601 ipsa
1828 5532 2124 5591 includitur

528 5618 845 5729 rrml‘ositio
894 5620 978 5679 in,
1011 5634 1172 5686 quam
1208 5621 1344 5675 adeo
1389 5623 1571 5677 malim
1615 5621 1682 5677 ab
1721 5624 1883 5681 obelo
1929 5626 2113 5680 eximi.

558 5676 872 5729 [arlinnmnc
919 5690 1196 5729 cansmnlie
1244 5692 1392 5729 van-lsi
1445 5691 1679 5729 Παιριινιιο
1776 5697 2087 5729 ηναηηηοῖιῖη

558 5676 872 5766 Iftl‘liannms
919 5676 1196 5758 sequentis
1244 5676 1744 5766 verbilExsurge;
1776 5676 2115 5765 praepositio;

531 5761 863 5837 [ἰξητεληιιθηι
892 5775 1193 5837 numquam
1225 5772 1382 5837 antea
1415 5763 1516 5837 boc
1542 5761 1790 5831 Psalmo,
1821 5761 2113 5837 iugulave—

528 5827 634 5876 Νι·
668 5827 863 5888 i’eccat
895 5842 1026 5888 vero
1042 5827 1226 5902 imagis
1258 5831 1486 5890 Palatii).
1518 5847 1619 5889 ms.
1650 5837 1740 5907 qui
1772 5827 2109 5911 subsequen-

1578 280 1635 340 S.
1681 275 2061 339 IlIERONYMl
2101 274 2338 337 DIVINA
2382 274 2854 340 BIBLIOTHECA.

2125 413 2168 459 et
2197 394 2252 458 Δ
2345 399 2461 457 Non
2495 401 2640 458 enim
2688 400 2741 457 in
2766 397 2948 472 gladio
2994 409 3094 455 suo
3140 395 3505 470 possederunt
3530 402 3770 456 terram:
3804 404 3863 455 et

2263 496 2542 551 brachium
2585 510 2773 553 eorum
2806 510 2912 551 non
2941 495 3173 551 salvavit
3199 509 3317 550 eos.

2330 588 2433 644 Sed
2467 588 2689 644 dextera
2722 597 2834 654 tua,
2867 598 2924 644 et
2955 587 3239 644 brachium
3268 595 3421 641 tuum
3446 626 3462 652 ,
3497 594 3554 641 et
3583 584 3864 641 illumina-

2264 680 2338 735 tio
2363 681 2545 735 vultus
2582 682 2659 736 tui
2688 698 2701 735 :
2732 681 2992 752 quoniam
3018 679 3348 750 complacuit
3377 678 3477 734 tibi
3502 679 3556 733 in
3590 679 3720 734 illis.

2333 774 2409 828 Tu
2441 790 2500 829 es
2529 776 2642 842 ipse
2672 791 2768 831 rex
2809 788 2965 831 meus
3002 784 3057 830 et
3090 774 3236 830 Deus
3265 787 3420 830 meus
3450 789 3465 827 :
3500 773 3593 844 qui
3629 771 3860 829 mandas

2263 867 2495 921 salutem
2528 866 2719 921 Jacob.

2331 957 2389 1011 In
2423 964 2475 1011 te
2500 957 2751 1013 inimicos
2779 967 2999 1013 nostros
3026 956 3409 1013 ventilabimus
3440 973 3454 1011 :
3481 966 3535 1014 et
3556 957 3609 1014 in
3638 955 3861 1013 nomine

2265 1058 2359 1105 tuo
2391 1065 2717 1121 Spernemus
2749 1051 3098 1122 insurgentes
3129 1053 3183 1107 in
3212 1067 3336 1108 nos.

2336 1142 2451 1197 Non
2481 1143 2625 1198 enim
2661 1144 2712 1198 in
2741 1158 2872 1199 areu
2904 1158 3028 1201 meo
3060 1144 3297 1215 sperabo
3325 1160 3341 1199 :
3376 1152 3434 1202 et
3462 1143 3678 1217 gladius
3702 1156 3860 1201 meus

2261 1250 2372 1291 non
2407 1235 2641 1290 salvabit
2662 1250 2769 1291 me.

2337 1324 2356 1364 τ
2386 1326 2660 1382 Liberasti
2692 1329 2842 1395 enim
2890 1343 2986 1384 nos
3017 1344 3082 1386 ex
3115 1328 3482 1403 afﬂigentibus
3503 1344 3602 1389 nos
3629 1347 3644 1388 :
3674 1339 3729 1387 et
3758 1341 3859 1387 eos

2260 1417 2350 1489 qui
2377 1433 2474 1473 nos
2506 1418 2742 1475 oderunt
2763 1420 3083 1478 confudisti.

2334 1512 2393 1566 in
2438 1512 2552 1569 Deo
2594 1514 2935 1570 laudabimur
2975 1524 3082 1571 tuta
3124 1516 3213 1572 die
3256 1534 3270 1572 :
3304 1526 3360 1573 et
3391 1518 3443 1573 in
3495 1516 3719 1574 nomine
3762 1525 3857 1573 tuo

2258 1604 2645 1661 confitebimur
2670 1606 2723 1661 in
2752 1608 2975 1663 smeula.
3010 1609 3337 1665 Drusum.

2333 1698 2485 1755 Nune
2519 1707 2700 1753 autem
2743 1700 2993 1769 repulisti
3032 1709 3088 1755 et
3129 1701 3419 1757 confudisti
3458 1716 3558 1759 nos
3603 1719 3617 1760 :
3656 1711 3711 1759 et
3740 1715 3855 1759 non

2184 1779 2234 1841 B
2263 1792 2585 1865 egredieris,
2617 1793 2788 1860 Deus,
2821 1792 2875 1848 in
2903 1793 3198 1850 virtutibus
3230 1795 3463 1850 nostris!

2329 1886 2589 1941 Avertisli
2630 1899 2729 1941 nos
2761 1894 3061 1941 retrorsum
3102 1900 3216 1956 pra:
3249 1886 3485 1941 inimicis
3526 1886 3762 1954 nostris,
3798 1893 3858 1942 et

2257 1994 2351 2034 eos
2377 1978 2504 2049 Ws.
2538 1987 2640 2036 tae.
2672 1978 2788 2050 eos]
2818 1981 2910 2050 qui
2944 1993 3044 2036 nos
3072 1980 3331 2045 oderunt,
3363 1979 3694 2051 diripiebant
3716 1979 3849 2035 sibi.

2326 2073 2537 2129 Dedisti
2568 2089 2667 2129 nos
2696 2080 2972 2144 tamquam
3002 2088 3134 2130 oves
3164 2088 3413 2130 escarum
3448 2091 3461 2127 :
3494 2085 3549 2130 et
3584 2075 3637 2129 in
3666 2072 3851 2145 genti-

2256 2167 2356 2222 bus
2383 2166 2510 2236 ]Iils.
2538 2166 2870 2237 nationibus]
2901 2166 3210 2237 dispersisti
3242 2182 3361 2223 nos.

2327 2257 2633 2313 Vendidisti
2665 2258 2921 2329 populum
2956 2268 3104 2313 tuum
3141 2261 3259 2315 sine
3286 2258 3459 2329 pretio
3490 2275 3505 2316 :
3532 2267 3586 2314 et
3612 2273 3722 2317 non
3748 2257 3855 2315 luit

2253 2349 2545 2406 multitudo
2578 2351 2632 2406 in
2659 2361 2685 2399 κ
2708 2352 3228 2408 commutationibus
3249 2369 3463 2409 eorum.

2325 2443 2560 2499 Posuisti
2594 2459 2692 2499 nos
2724 2444 2777 2499 in
2810 2444 3162 2516 opprobrium
3186 2446 3383 2503 vicinis
3419 2446 3623 2502 nostris
3644 2487 3659 2515 ,
3694 2446 3849 2503 deri-

2251 2552 2368 2593 sum
2399 2549 2455 2593 et
2493 2548 2867 2609 contemptum
2897 2538 2982 2594 bis
3007 2539 3101 2609 qui
3132 2540 3183 2593 in
3219 2539 3452 2595 circuitu
3481 2550 3667 2596 nostro
3696 2550 3847 2597 sunt.

2322 2631 2561 2686 Posuisti
2604 2646 2703 2688 nos
2738 2633 2792 2687 iu
2821 2631 3230 2688 similitudinem
3261 2631 3518 2703 gentibus
3552 2648 3569 2689 :
3605 2647 3850 2690 commo-

2255 2724 2456 2781 tionem
2483 2724 2676 2794 capitis
2702 2726 2752 2780 in
2780 2725 3053 2795 plebibus.

2322 2817 2459 2872 Tota
2489 2816 2579 2873 die
2608 2817 2933 2872 verecundia
2975 2832 3096 2874 mea
3127 2825 3313 2874 contra
3348 2833 3436 2876 me
3470 2828 3555 2877 est
3590 2827 3686 2878 :et
3713 2832 3850 2877 con—

2249 2908 2391 2965 fusio
2416 2911 2598 2965 vultus
2625 2910 2733 2966 mei
2755 2910 2970 2981 operuit
2998 2926 3106 2968 me.

2319 3001 2367 3056 A
2393 3016 2529 3058 voce
2558 3003 2938 3072 exprobrantis
2967 3014 3021 3062 et
3064 3005 3414 3078 obloquenlis
3438 3048 3452 3076 ,
3499 3021 3531 3064 a
3565 3005 3708 3066 facie
3740 3006 3847 3065 ini-

2248 3093 2373 3149 mici
2407 3104 2457 3147 et
2483 3095 2885 3163 persequentis.

2319 3188 2446 3243 Hmc
2489 3190 2671 3244 omnia
2717 3201 2983 3247 venerunt
3028 3205 3196 3263 super
3238 3206 3378 3263 nos,
3428 3200 3488 3248 et
3531 3192 3683 3250 obliti
3730 3207 3843 3253 non

2245 3295 2437 3335 sumus
2468 3290 2520 3336 te
2553 3298 2566 3336 :
2599 3290 2654 3336 et
2685 3282 2870 3353 inique
2896 3296 3001 3337 non
3039 3284 3250 3354 egimus
3276 3284 3329 3339 in
3362 3292 3689 3342 testamento
3722 3296 3842 3355 tuo,

2243 3385 2298 3433 et
2327 3391 2434 3431 non
2469 3377 2699 3432 recessit
2732 3386 2881 3433 retro
2909 3391 3006 3433 cor
3033 3386 3302 3432 nostrum.

2314 3470 2379 3524 Et
2410 3468 2691 3525 deelinasti
2740 3468 2963 3525 semitas
2997 3478 3213 3526 nostras
3243 3485 3272 3524 a
3307 3468 3432 3542 [Με.
3466 3470 3556 3541 de]
3600 3470 3686 3526 via
3719 3479 3838 3537 tua,

2243 3564 2500 3636 quoniam
2544 3564 2840 3621 bumiliasti
2872 3578 2972 3620 nos
3002 3563 3055 3619 in
3098 3565 3219 3620 loco
3245 3564 3561 3620 stilletionis
3588 3563 3717 3638 [11s.
3754 3565 3844 3620 in-

2247 3659 2565 3729 ﬁrmitatis],
2594 3670 2647 3715 et
2675 3659 2889 3731 operuit
2910 3674 3010 3715 nos
3040 3659 3234 3715 umbra
3264 3659 3476 3714 mortis.

2317 3753 2372 3809 Si
2403 3753 2555 3808 obliti
2593 3768 2780 3808 sumus
2814 3767 3010 3807 nomen
3045 3752 3140 3807 Dei
3171 3751 3298 3824 [Ms.
3335 3751 3573 3827 Domini]
3606 3750 3783 3807 nosui
3821 3768 3838 3817 ;

2243 3854 2293 3899 et
2323 3844 2365 3899 si
2393 3842 2751 3914 expandimus
2782 3857 2978 3898 manus
3005 3852 3221 3898 nostras
3247 3842 3315 3898 ad
3350 3843 3518 3898 Deum
3560 3842 3835 3898 alienum.

2314 3937 2507 3993 Nonne
2537 3938 2680 3994 Deus
2708 3937 2947 4007 requiret
2969 3934 3113 3991 ista?
3139 3935 3255 4007 ipse
3282 3936 3427 3993 enim
3452 3936 3603 3993 novit
3620 3936 3837 3995 occulta

2241 4033 2449 4090 cordis.

2311 4127 2577 4195 Quoniam
2621 4134 2843 4198 propter
2873 4133 2927 4182 te
2966 4134 3145 4182 morte
3173 4121 3202 4162 ιι
3229 4123 3504 4181 allicimur
3538 4131 3652 4182 tota
3688 4122 3783 4182 die
3814 4139 3832 4181 :

2240 4222 2495 4278 aestimati
2522 4234 2710 4277 sumus
2748 4228 2808 4275 ut
2836 4234 2969 4275 oves
2993 4219 3305 4275 occisionis.
3668 4264 3673 4271 .

2310 4314 2560 4383 Exsurge
2583 4355 2598 4379 ,
2630 4326 2797 4382 quare
2820 4310 3104 4367 obdormis
3124 4352 3139 4379 ,
3173 4309 3440 4367 Domine?
3465 4324 3703 4382 exsurge
3724 4350 3742 4381 ,
3772 4316 3835 4368 et

2238 4422 2307 4463 ue
2336 4406 2572 4477 repellas
2604 4406 2656 4460 in
2687 4404 2870 4461 linem.

2312 4499 2491 4567 Quare
2520 4496 2709 4553 faciem
2760 4507 2904 4552 tuam
2944 4495 3186 4552 avertis?
3219 4496 3559 4554 Oblivisceris
3588 4494 3832 4568 impiam

2240 4601 2482 4647 nostram
2509 4600 2563 4646 et
2594 4589 3004 4645 tribulationem
3036 4589 3316 4645 nostram?

2309 4683 2577 4750 Quoniam
2610 4680 2892 4736 bumiliata
2925 4690 3010 4736 est
3042 4680 3093 4736 in
3127 4679 3349 4751 pulvere
3379 4681 3563 4737 anima
3590 4687 3774 4739 nostra
3811 4697 3825 4737 :

2236 4775 2463 4833 adhaesit
2484 4772 2612 4844 Uis.
2643 4769 2821 4843 haesit]
2851 4773 2904 4826 in
2935 4778 3079 4828 terra
3110 4781 3298 4828 venter
3328 4780 3535 4830 noster.

2234 4906 2341 4954 tem
2367 4894 2611 4960 proxime
2640 4888 2856 4960 obelum
2889 4888 3282 4959 praetermittit.
3626 4859 3668 4897 ‘

2309 4965 2329 5004 ί
2359 4959 2494 5021 Cum
2534 4964 2649 5017 solo
2695 4959 2997 5031 Augustino
3038 4960 3381 5019 continenter
3421 4968 3725 5028 Veronens.
3757 4968 3826 5026 li-

2232 5038 2352 5101 ber,
2380 5037 2548 5092 salvos
2571 5033 2706 5087 enim
2737 5032 2923 5103 fecisti.

2308 5119 2332 5155 ε
2364 5107 2533 5163 Iidem
2570 5105 2687 5159 libri
2710 5102 2811 5177 ,iu
2831 5102 3231 5177 jubilationibus
3272 5121 3290 5159 :
3318 5115 3431 5167 tum
3459 5114 3824 5170 subsnmmrio-

2234 5197 2351 5236 nem
2374 5190 2422 5232 et
2453 5176 2679 5249 derisum
2710 5175 2785 5226 Itis
2813 5175 2921 5244 qui,
2949 5184 3054 5229 etc.
3087 5175 3249 5249 atque
3273 5177 3491 5249 iterum,
3516 5186 3568 5239 in
3595 5185 3827 5239 nationi-

2237 5251 2329 5305 bus
2360 5265 2457 5318 pro
2497 5245 2732 5320 gentibus
2756 5285 2770 5305 .
2810 5255 2868 5299 ut
2900 5255 2955 5301 et
2982 5245 3141 5316 paulo
3168 5254 3418 5316 superius
3449 5245 3736 5326 {denique
3766 5256 3826 5311 in

2237 5320 2438 5369 immitis
2461 5362 2473 5369 .
2506 5334 2605 5369 nro
2634 5318 2687 5369 in
2719 5315 2970 5369 plebibus.

2401 5323 2438 5371 is
2461 5362 2473 5371 .
2500 5317 2605 5371 bro
2634 5318 2687 5371 in
2719 5317 2970 5371 plebibus.

2231 5320 2438 5394 populis
2461 5362 2473 5383 ,
2506 5334 2605 5389 pro
2634 5320 2687 5371 in
2717 5320 2970 5384 plebibus.
3647 5320 3661 5326 '

2234 5463 2263 5467 _r
2294 5396 2331 5467 7“
2364 5393 2493 5467 Uno
2527 5389 2693 5467 verbo
2737 5390 3111 5467 mortiﬁcamur
3163 5402 3266 5467 ιιι-οΔ
3310 5406 3472 5451 morte
3518 5397 3817 5467 efficimur,

2232 5463 2395 5518 iidem
2437 5461 2565 5536 libri
2594 5460 2794 5536 habent
2827 5474 2839 5510 :
2878 5469 2987 5513 tum
3033 5459 3266 5528 deputati
3294 5483 3472 5521 sumus
3499 5459 3636 5524 velut
3679 5459 3820 5536 oves;

2229 5543 2339 5590 etc.
2371 5529 2717 5597 subseqttenli
2749 5538 2927 5583 autem
2972 5543 3131 5585 versu
3163 5546 3303 5592 Ullus
3334 5538 3662 5594 Veronensis
3691 5529 3819 5591 dor;

2224 5607 2322 5659 mis
2357 5619 2452 5673 pro
2482 5598 2784 5679 obdorpnig.‘
2810 5609 2857 5679 ς(
2881 5619 2944 5654 ne
2963 5598 3193 5679 repellas
3216 5617 3306 5662 nos
3330 5611 3383 5662 in
3404 5609 3579 5675 ﬁnem,
3609 5609 3699 5665 ubi
3723 5626 3822 5664 ua;

2223 5668 2529 5745 pronomen
2557 5674 2704 5730 solus
2729 5668 2928 5729 dicitur
2956 5670 3342 5737 Cassiodorius
3365 5668 3640 5738 e'i.atiuis
3664 5680 3821 5737 addi—

2214 5747 2377 5804 disse.
