3994 6324
162 317 258 379 197

234 437 474 514 Exsurge
516 451 581 497 -ιν
613 439 834 496 Domine
867 439 890 510 1
925 437 1120 513 adjura
1165 451 1257 494 nos
1299 443 1393 492 :et
1434 436 1627 491 redime
1671 451 1763 492 nos

174 542 371 608 propter
402 549 598 588 nomen
631 541 798 588 tuum.

1473 313 1680 374 LIBER
1719 313 2162 377 PSALMORUM.

3353 313 3457 376 108

1946 434 2216 504 Exsurge,
2247 428 2496 498 Domine,
2527 430 2719 503 adiuva
2749 445 2848 488 nos
2881 445 2894 486 :
2927 439 2983 489 et
3009 431 3176 490 libera
3208 432 3335 508 [.Ms.
3372 449 3460 492 re-

1873 527 2039 598 dime]
2068 541 2164 582 nos
2197 535 2418 598 propter
2439 541 2638 582 nomen
2670 534 2844 582 tuum.

1490 642 1851 705 PSALMUS
1894 642 2116 704 XLIV.

174 752 220 808 Ῐῖ(
255 765 418 808 FINEM
442 793 456 816 ,
489 763 593 805 PRO
626 763 697 805 IIS
727 763 812 813 QUI
842 755 867 784 ³
892 759 1385 810 COHMUTABUNTL‘R,
1417 761 1575 800 FILIIS
1603 761 1756 813 CORE,

339 837 408 878 AD
437 835 819 878 INTELLECTUH
839 862 853 888 ,
886 833 1156 876 CANTICUI
1183 832 1286 872 ΡΝ.)
1329 831 1620 887 ωιιεοτο.)

237 1021 507 1078 Eructavit
531 1038 631 1096 cor
659 1037 831 1076 meum
857 1020 1064 1075 verbum
1094 1018 1306 1085 bonum,
1341 1017 1453 1072 dico
1485 1033 1577 1088 ego
1606 1031 1761 1089 opera

170 1133 275 1172 mea
311 1117 444 1190 regi.

236 1210 446 1282 Lingua
476 1209 606 1282 :ntea
649 1208 878 1264 calamus
917 1206 1146 1276 Scribw,
1187 1206 1423 1262 velociter
1452 1203 1480 1243 ι)
1530 1221 1588 1260 ὴ
1633 1203 1763 1258 scri-

171 1303 326 1358 bentis
360 1301 384 1370 1

239 1396 519 1467 Speciosus
549 1394 720 1465 [arma
750 1409 858 1467 pra:
884 1393 1008 1464 ﬁliis
1033 1393 1304 1448 hominum
1327 1389 1521 1459 diffusa
1543 1396 1618 1444 est
1646 1405 1764 1460 gra-

170 1489 235 1543 tia
255 1489 307 1542 in
334 1485 487 1541 labiis
519 1487 665 1540 tuis:
695 1494 962 1557 propterea
993 1485 1249 1541 benedixit
1287 1495 1333 1539 te
1366 1483 1504 1538 Deus
1535 1483 1589 1536 in
1611 1490 1762 1537 arter-

169 1599 309 1638 num.

233 1675 517 1748 Accingere
541 1673 721 1749 gladio
750 1682 835 1729 tuo
865 1688 1017 1747 super
1060 1675 1225 1744 femur
1257 1687 1314 1728 rzr—
1345 1681 1492 1726 tuum
1530 1671 1550 1739 1
1586 1678 1766 1742 polen-

171 1770 376 1826 tissime.

1867 759 1919 798 1N
1941 759 2121 808 manu,
2151 756 2351 815 rnouts
2373 758 2457 807 om
2482 741 2609 815 [Με.
2636 743 2775 814 QUI—2]
2794 759 3277 809 COMMUTABUNTUR,
3304 761 3458 803 FILIIS

1939 830 2094 877 coma,
2123 830 2188 867 Αι)
2222 814 2349 889 ιΜδ.
2386 814 2456 883 tu]
2485 814 2880 887 tNTELLECTUM,
2911 833 3175 873 CANTICUI!
3202 817 3330 889 [Μδ.
3355 830 3457 875 tae.

1937 900 2233 942 CANTICUIII
2267 901 2365 941 Ριιο
2391 903 2423 940 D
2447 902 2639 942 LECTO.
2708 933 2717 942 .

1946 1021 2229 1078 Eructavit
2265 1037 2360 1077 cor
2411 1039 2589 1078 mcum
2635 1023 2863 1082 verbum
2911 1024 3112 1082 bonum
3156 1043 3168 1079 :
3211 1025 3334 1083 dico
3362 1041 3464 1100 ego

1880 1131 2045 1187 opera
2080 1132 2197 1170 mea
2224 1117 2355 1186 rogi.

1950 1208 2156 1278 Lingua
2189 1224 2302 1263 mea
2334 1208 2572 1264 calamus
2602 1210 2816 1280 scribae,
2849 1211 3112 1268 velociter
3149 1214 3441 1270 scribentis

1945 1299 2235 1369 Speciosus
2284 1299 2452 1354 forma
2490 1316 2600 1370 pra:
2644 1301 2775 1357 ﬁliis
2804 1301 3084 1358 hominum
3117 1322 3129 1360 :
3160 1303 3352 1360 diﬂ‘usa
3383 1312 3468 1362 est

1875 1393 2046 1462 gratia
2081 1392 2134 1446 in
2165 1391 2320 1447 labiis
2352 1393 2478 1447 tuis.
2929 1379 2934 1382 ’

1941 1486 2228 1557 Propterea
2259 1487 2540 1542 benedixit
2573 1497 2625 1543 te
2659 1489 2802 1544 Deus
2830 1491 2881 1546 in
2912 1501 3174 1550 aeternum
3221 1514 3233 1548 :
3267 1493 3455 1548 accin-

1868 1596 1999 1651 gere
2022 1581 2200 1650 gladio
2232 1591 2320 1636 tuo
2348 1580 2474 1651 [Μδ.
2503 1581 2739 1654 gladium
2768 1584 2935 1653 tuuml
2959 1585 3104 1640 circa
3143 1585 3340 1654 lentur,
3368 1601 3462 1658 po-

1870 1675 2200 1730 tcntissime.

1941 1769 2135 1838 Specie
2169 1779 2190 1806 ο
2231 1776 2315 1822 tua
2359 1776 2414 1822 ot
2454 1763 2854 1838 pulchritudine
2908 1778 2997 1825 tua
3025 1811 3039 1837 ,
3097 1770 3349 1840 intende,
3397 1779 3455 1828 et

236 1861 424 1932 Specie
455 1869 546 1915 tua
577 1870 624 1915 et
648 1859 1042 1933 pulchritudine
1067 1869 1176 1931 tua,
1213 1869 1233 1898 ε
1260 1859 1486 1927 intende,
1523 1874 1768 1932 prospere
1797 1895 1844 1956 Β
1873 1876 2134 1936 prospere
2167 1860 2422 1930 procede,
2453 1871 2503 1915 et
2535 1878 2722 1932 regna.

175 1954 388 2025 procede
420 1967 476 2006 rs
519 1961 566 2007 et
603 1952 835 2022 1regna.
1698 2008 1700 2010 ,

238 2042 465 2114 Propter
489 2044 780 2109 ueritatem,
813 2052 859 2097 et
889 2043 1355 2110 mansuetudinem,
1393 2057 1434 2098 σε
1475 2051 1518 2097 et
1556 2044 1577 2110 1
1600 2041 1765 2116 justi-

170 2138 289 2192 tiam
320 2155 338 2192 :
373 2143 440 2204 )e-f
468 2147 517 2192 et
551 2137 575 2205 1
607 2136 826 2191 deducet
856 2146 901 2190 te
924 2137 1227 2192 mirabiliter
1253 2136 1463 2192 dextera
1495 2146 1602 2190 tua.

239 2231 461 2302 Sagith
497 2240 600 2284 tute
629 2239 823 2296 acutte,
852 2229 1033 2302 pepuli
1066 2230 1160 2285 sub
1188 2241 1235 2285 te
1273 2233 1457 2286 cadent
1482 2247 1500 2290 .'
1528 2231 1581 2286 in
1612 2230 1768 2286 corda

169 2325 501 2379 inimicorum
530 2326 688 2396 regis.

237 2405 526 2473 Sedes'tua
545 2459 561 2483 ,
606 2415 749 2470 Deus
772 2457 786 2482 ,
823 2416 878 2471 in
899 2417 1147 2472 swculum
1172 2417 1356 2474 sa'cuti
1383 2431 1401 2473 :
1433 2417 1575 2489 virga
1603 2417 1769 2472 direc-

171 2509 345 2577 tionis,
369 2509 517 2580 uirga
541 2511 695 2579 regni
727 2511 828 2564 tui.

235 2600 486 2656 Dilexisti
504 2601 793 2669 justitiam,
827 2608 874 2656 et
914 2603 1071 2657 odisti
1100 2603 1420 2674 iniquitatem
1455 2618 1475 2657 :
1501 2612 1772 2674 propterea

171 2696 313 2749 unxit
327 2704 374 2748 te
387 2691 553 2761 Deus,
564 2692 701 2748 Deus
715 2703 851 2759 tuus,
867 2695 980 2750 oleo
993 2695 1407 2768 lwtitiaeprweon
1416 2696 1634 2750 sortibus
1649 2697 1773 2752 tuis.

241 2784 484 2856 Myrrha,
515 2794 563 2840 et
588 2793 758 2856 gutta,
797 2795 843 2840 et
875 2788 1072 2859 casiaa
1094 2788 1404 2843 vestimentis
1429 2789 1531 2842 tuis
1552 2832 1566 2857 ,
1606 2804 1638 2841 a
1667 2788 1765 2841 do-

171 2878 332 2933 mibus
353 2879 594 2933 eburneis
620 2895 632 2931 :
666 2893 728 2932 ἡ·
757 2874 788 2916 ά
813 2895 876 2934 ea:
900 2879 923 2947 1
957 2881 1139 2951 quibus
1161 2880 1543 2937 delectaverunt
1575 2891 1622 2936 te
1643 2881 1769 2952 ﬁlia:

170 2982 344 3044 regum
371 2973 427 3026 in
457 2972 655 3026 honore
683 2980 794 3027 tuo.

242 3115 269 3143 ³
319 3106 378 3161 1η
424 3105 657 3176 epistola
708 3103 774 3159 ad
814 3104 1157 3176 Principiam
1194 3106 1455 3174 virginem
1491 3146 1506 3165 .
1549 3106 1780 3174 ﬁliorum

175 3176 338 3231 Litore
358 3219 374 3243 ,
409 3174 770 3247 intelligentia:
798 3174 1067 3230 Canticum
1101 3193 1194 3246 pro
1215 3177 1420 3230 dilecta.
1454 3177 1634 3235 MART.

241 3248 271 3286 ιν
294 3247 485 3318 Neque
518 3249 605 3302 hic
652 3247 866 3302 obelum
901 3249 1072 3302 Palat.
1107 3263 1212 3301 ms.
1246 3258 1535 3316 praenatat.

241 3329 266 3360 θ
293 3319 581 3392 Palatinus
601 3334 704 3392 m_s.
730 3328 779 3373 et
807 3319 1017 3373 intende
1046 3335 1064 3372 :
1091 3319 1181 3374 ubi
1210 3329 1257 3372 et
1285 3336 1532 3392 prospera
1561 3321 1778 3391 sequior

177 3404 370 3445 manus
399 3389 710 3459 rescripsit.

243 3459 268 3496 δ
300 3461 599 3532 Ρτωεῑπει
646 3461 751 3514 hoc
790 3461 952 3516 eximi
993 3460 1154 3516 obolo
1193 3477 1255 3516 ea;
1299 3462 1737 3532 praepositionem
1762 3507 1775 3531 ,

177 3548 292 3602 qua:
318 3542 372 3587 et
404 3534 460 3587 in
495 3531 859 3605 llebrmoﬂm
884 3543 1127 3605 resonat.
1165 3531 1386 3587 Deletur
1416 3549 1546 3589 vero
1579 3546 1627 3590 te
1656 3549 1779 3605 pro-

179 3619 397 3668 nomen,
425 3607 572 3674 quod
601 3603 870 3671 sequitur,
901 3604 952 3656 in
977 3603 1224 3658 Palatino
1251 3618 1351 3658 ms.

251 3684 274 3711 ε
306 3674 520 3743 Quarto
551 3689 646 3743 pro
679 3685 833 3728 sexto
875 3690 1004 3746 casu
1030 3676 1260 3746 speciem
1285 3718 1300 3742 ,
1334 3675 1577 3746 etc._l'ert
1611 3675 1782 3729 Vero-

180 3761 327 3800 nens.
365 3760 474 3800 ms.
497 3790 511 3813 ,
542 3745 631 3815 qui
683 3746 880 3815 passim
917 3743 1111 3798 obvius
1150 3761 1304 3799 crror
1335 3757 1416 3800 est
1446 3744 1498 3799 in
1542 3746 1780 3810 antiquis

180 3816 349 3882 libris,
378 3825 438 3871 ut
465 3814 597 3870 alibi
619 3814 888 3869 diximus:
920 3826 1030 3870 tum
1057 3817 1215 3871 habet
1240 3825 1288 3870 et
1308 3818 1537 3878 intende,
1565 3826 1612 3869 et
1638 3833 1786 3886 pros-

182 3905 334 3957 pere,
369 3897 479 3944 etc.
520 3901 658 3958 quas
709 3890 932 3957 capulas
977 3889 1094 3958 ipSe
1123 3889 1286 3942 etiam
1314 3888 1652 3958 Augustinus
1693 3902 1786 3958 ge-

181 3960 370 4014 minat.

256 4030 274 4068 τ
315 4029 580 4086 Additum
611 4040 693 4086 est
723 4029 824 4085 hoc
858 4043 1058 4084 nomen
1087 4071 1100 4096 ,
1132 4029 1500 4101 potentissime,
1527 4029 1594 4083 de
1618 4043 1783 4099 supe-

183 4101 312 4155 riori
341 4101 643 4166 versiculo,
677 4103 730 4156 in
763 4115 874 4170 quo
903 4100 1095 4170 legitur
1130 4100 1140 4151 ἑ
1171 4101 1450 4169 Accingere
1472 4101 1650 4169 gladio
1671 4113 1781 4166 tuo,

183 4183 286 4228 etc.
307 4171 553 4228 Cansule
581 4177 743 4242 epist.
773 4175 996 4226 Iliernn.
1031 4172 1190 4225 toties
1219 4180 1571 4226 ret-amatam.
1601 4172 1781 4225 Man'r.

251 4274 322 4283 —
345 4244 405 4298 In
438 4243 738 4299 Veroncnsi
773 4258 874 4298 ms.
906 4243 1298 4313 potentissimae,
1329 4243 1782 4311 quemadmodum

187 4313 254 4369 ab
302 4315 425 4384 ipso
461 4316 660 4370 lectum
694 4315 1030 4384 Augustino,
1075 4328 1138 4367 ex
1170 4314 1289 4382 ejus
1329 4313 1780 4383 interpretatione

188 4387 539 4456 perapicuum
570 4396 672 4441 est.
707 4386 771 4439 Et
802 4395 1088 4456 esttamen
1115 4386 1230 4456 haec
1252 4384 1464 4438 diversa
1499 4385 1780 4456 multuma

185 4454 375 4512 Graeco
396 4456 575 4513 δυνατέ
605 4457 786 4523 lectio,
813 4455 908 4509 sed
940 4454 1315 4522 Augustinum,
1340 4456 1501 4508 etiam
1531 4455 1787 4511 cumtmi-

185 4542 285 4582 nus
315 4538 467 4584 recte
501 4531 684 4592 habet,
717 4527 889 4581 codex
934 4525 1262 4580 Veronensis
1285 4525 1566 4580 describit.

259 4607 284 4644 ε
319 4600 499 4654 liabet
527 4598 830 4654 Veroueus.
861 4611 960 4650 ms.
992 4597 1044 4648 in
1077 4607 1370 4665 conspectu,
1403 4611 1501 4664 pro
1532 4597 1584 4648 in
1608 4596 1782 4662 corde,

186 4677 239 4739 et
289 4670 436 4739 quod
486 4671 702 4725 mireris
752 4671 962 4739 magis,
1005 4667 1056 4722 in
1087 4667 1569 4739 adversaquoque
1599 4667 1784 4722 Graeca

187 4737 400 4795 Latinis
449 4737 953 4795 litteriscolunma
997 4737 1217 4807 enopion
1261 4737 1600 4791 (‘Olttl'l'CItlcr
1630 4739 1785 4805 legit,

1946 1955 2175 2023 PrOpter
2201 1954 2480 2008 veritatem
2504 1965 2556 2009 et
2579 1957 3046 2013 mansuetudinem
3073 1956 3409 2025 etjustitiam
3439 1973 3454 2012 :

1873 2056 1927 2101 et
1961 2045 2193 2100 deducet
2222 2044 2352 2115 [Μδ.
2381 2045 2636 2118 deducat]
2674 2058 2723 2102 te
2757 2048 3079 2105 mirabiliter
3105 2050 3325 2104 dextera
3352 2059 3464 2104 tua.

1945 2139 2166 2207 Sagittae
2199 2149 2304 2192 tuae
2333 2153 2378 2190 at
2400 2149 2533 2204 utae,
2576 2137 2591 2175 τ
2633 2140 3033 2209 potentissime,
3063 2140 3466 2212 populusublte

1873 2232 2074 2288 cadent
2099 2231 2150 2285 in
2178 2240 2202 2278 8
2237 2230 2403 2286 corde
2429 2231 2773 2286 inimicorum
2808 2234 2976 2303 regis.

1948 2324 2117 2380 Sedes
2167 2332 2254 2378 tua
2293 2323 2436 2378 Deus
2469 2324 2519 2378 in
2561 2325 2819 2379 sseculum
2867 2325 3048 2379 smculi
3090 2324 3213 2396 [1|st
3265 2315 3482 2381 smcula'

1875 2415 2222 2485 saeculorum]
2259 2433 2269 2466 :
2308 2416 2455 2485 virga
2489 2413 2514 2451 ιι
2541 2423 2688 2470 recta
2721 2425 2824 2482 cst,
2860 2417 3007 2486 virga
3040 2417 3191 2485 regni
3224 2418 3323 2471 tui.

1915 2540 1918 2543 -
1949 2508 2195 2563 Dilcxisti
2222 2508 2508 2578 justitiam,
2536 2519 2586 2563 et
2607 2509 2765 2564 odisti
2795 2510 3132 2580 iniquitatem
3167 2527 3181 2564 :
3213 2519 3467 2581 propter—

1879 2617 1938 2657 ea
1968 2601 2116 2655 unxit
2143 2610 2193 2656 te
2223 2601 2384 2669 Deus,
2411 2600 2553 2656 Deus
2577 2609 2722 2670 tuus,
2746 2601 2865 2658 oleo
2895 2602 3093 2658 laetitia:
3122 2619 3232 2672 pra:
3256 2617 3470 2660 consor-

1877 2694 2025 2749 tibus
2056 2694 2181 2750 tuis.

1953 2788 2168 2859 Myrrha
2209 2798 2263 2843 et
2312 2796 2462 2858 gutta
2509 2796 2560 2844 et
2605 2788 2748 2843 casia
2779 2803 2808 2843 a
2853 2788 3194 2845 vestimentis
3239 2790 3344 2846 tuis
3374 2833 3388 2858 ,
3433 2806 3465 2846 a

1884 2877 1902 2914 ί
1945 2878 2203 2949 gradibus
2237 2878 2491 2933 eburneis
2540 2895 2554 2932 :
2607 2894 2671 2933 ex
2723 2877 2915 2950 quibus
2959 2889 3010 2936 te
3057 2879 3472 2936 delectaverunt

1884 2973 2007 3027 ﬁliae
2040 2986 2228 3042 regum
2259 2972 2312 3026 in
2344 2971 2550 3026 honore
2581 2981 2693 3026 tuo.

1963 3103 1980 3142 ί
2017 3105 2304 3180 Antiquior
2335 3105 2500 3180 lectio
2532 3105 2690 3180 vulgo
2724 3114 2940 3175 putatur
2966 3106 3133 3163 fuisse
3155 3108 3469 3180 agrestibus,

1885 3177 2029 3244 quod
2060 3175 2234 3242 ipsum
2264 3186 2381 3231 erat
2410 3177 2599 3231 vitium
2634 3177 2955 3231 Latinorum
2995 3175 3351 3248 quorumdam
3381 3175 3475 3235 co-

1885 3249 2064 3302 dicum
2097 3259 2224 3301 ante
2250 3249 2657 3319 Hieronymum.
2690 3247 2765 3302 Ac
2788 3248 2988 3302 factum
3017 3247 3201 3304 volunt
3223 3250 3470 3304 librario-

1887 3334 2222 3392 rumﬂerrore
2251 3320 2321 3373 ob
2366 3329 2568 3375 tantam
2610 3336 2802 3392 vocum
2844 3320 3082 3390 gravibus
3126 3330 3181 3375 et
3232 3323 3476 3392 gradibus

1808 3419 1855 3482 Ο
1885 3390 2296 3482 -ξὶρῃξξίξιιιιξξιιςῖιὶ
2315 3393 2479 3482 inter.
2502 3390 2886 3482 selutqhmc,‘
2907 3408 3026 3482 quae
3061 3390 3269 3482 melius.
3297 3394 3474 3482 aptari

1890 3461 2173 3514 videbatur
2205 3463 2480 3515 contextni
2502 3503 2517 3529 ,
2562 3476 2658 3531 pro
2691 3462 2778 3515 illa
2807 3462 3227 3516 substitueretur
3255 3462 3306 3517 in
3348 3463 3469 3517 aliis

1890 3532 2100 3586 Latinis
2137 3532 2311 3585 libris.
2341 3533 2490 3588 lianc
2531 3533 2911 3586 translatitiam
2953 3536 3264 3602 opinionem
3311 3534 3476 3588 Vero-

1889 3604 2073 3657 nensis
2100 3619 2315 3672 quoque
2347 3603 2595 3658 Psalterii
2638 3603 2816 3656 editor
2859 3606 3107 3670 arripuit.
3149 3606 3259 3674 ligo
3303 3605 3474 3659 multo

1889 3674 2048 3726 aliter
2077 3676 2250 3727 sentio
2270 3715 2283 3739 ,
2314 3690 2374 3727 ac
2411 3692 2515 3728 non
2545 3690 2611 3728 ex
2644 3674 2829 3727 Latina
2859 3690 3115 3744 perquam
3144 3674 3306 3729 simili
3340 3676 3476 3730 scri-

1891 3753 2043 3813 ptura
2072 3745 2368 3798 variantetn
2399 3745 2689 3798 lectioncm
2723 3757 2964 3796 exortam
2997 3746 3177 3808 velim,
3209 3747 3300 3798 Sed
3331 3763 3358 3798 a
3383 3763 3476 3798 va-

1890 3814 1989 3880 ria,
2018 3830 2175 3884 quam
2211 3814 2392 3868 statim
2424 3816 2655 3879 doccbo,
2687 3814 2859 3868 Graci
2889 3815 3091 3867 codicis:
3126 3818 3355 3870 lectione
3385 3832 3478 3870 va-

1887 3887 2023 3940 riam
2070 3901 2286 3954 quoque
2338 3887 2388 3938 in
2426 3886 2617 3940 Latino
2663 3888 3162 3951 interpretationem
3213 3888 3471 3952 ﬂuxisse,

1889 3966 2050 4023 atque
2091 3956 2226 4011 adeo
2269 3966 2514 4011 neutram
2560 3957 2782 4010 liltrario
2824 3958 3022 4010 memlo
3054 3957 3322 4010 laborare.
3356 3956 3474 4011 Una

1888 4028 2105 4096 quidem
2139 4037 2222 4081 est
2243 4027 2549 4082 Grmcorum
2581 4027 2996 4096 exemplarium,
3023 4043 3193 4097 eaque
3215 4041 3472 4097 germana

1889 4100 2051 4175 lectio
2084 4101 2189 4175 ἁπᾲ
2215 4099 2431 4175 βάρεων,
2461 4116 2490 4150 a
2523 4097 2778 4175 domibus,
2809 4114 2877 4151 ex
2927 4096 3220 4175 vernaculo
3272 4096 3472 4175 [Talasse

1891 4171 2015 4223 linis
2046 4169 2535 4246 t'octtl)u_to,_ﬁe'zptg,
2568 4170 2710 4246 quod
2762 4186 3001 4240 ll‘ltlgllam
3024 4171 3235 4246 domum
3265 4169 3474 4246 signiﬁ-

1889 4251 1972 4293 cat
2009 4258 2020 4293 :
2052 4252 2214 4307 atque
2242 4241 2315 4294 ita
2341 4240 2442 4310 ipsi
2467 4243 2630 4295 etiam
2661 4240 2928 4309 legerunt,
2961 4240 3103 4309 quia
3131 4241 3370 4311 gravibus
3397 4240 3479 4294 in-

1892 4313 2170 4384 terpretati
2217 4325 2377 4379 sunt,
2423 4320 2628 4365 tanturn
2675 4326 2702 4363 a
2746 4311 2935 4384 βαρὺς,
2984 4313 3126 4381 quod
3168 4320 3250 4366 est
3289 4327 3477 4384 grave,

1889 4382 2249 4436 deduxerunt.
2305 4385 2372 4436 At
2404 4384 2493 4453 qui
2533 4398 2564 4433 α
2618 4382 2862 4453 gradibus
2890 4392 3127 4436 vertunt.
3172 4399 3265 4438 eos
3293 4382 3475 4447 ’dico,

1890 4466 1992 4506 una
2019 4453 2257 4507 litterula
2286 4463 2510 4529 mutata,
2541 4453 2762 4524 βάσεων,
2797 4469 2892 4529 pr_o
2917 4455 3118 4529 βὰρεφν
3147 4454 3362 4523 legisse,
3392 4461 3475 4507 at-

1888 4538 1993 4592 que
2024 4537 2087 4575 ea
2129 4528 2335 4578 ratione
2375 4523 2508 4577 satis
2541 4523 2675 4577 bene
2722 4541 2789 4577 ex
2835 4523 3027 4579 Grinc'o
3064 4526 3473 4592 interpretatos,

1889 4609 1995 4647 nou
2032 4592 2340 4649 Latinorum
2371 4610 2562 4648 Vocum
2592 4596 2849 4662 deceptos
2868 4595 3239 4650 similitudine.
3267 4595 3322 4649 Si
3357 4597 3477 4648 uul-

1890 4663 1941 4737 ia
1969 4680 2111 4719 mmc
2139 4666 2326 4737 Graeca
2357 4665 2686 4735 exemplaria
2718 4667 3006 4722 lectionem
3029 4683 3145 4720 cant
3168 4666 3477 4737 proferunt,

1893 4735 1994 4807 hoc
2027 4736 2281 4790 nimirum
2315 4737 2368 4791 in
2397 4751 2555 4790 causa
2583 4745 2698 4801 est,
2728 4737 2870 4807 quod
2903 4755 2931 4791 a
2961 4735 3478 4804 Latino'mterprete

185 4823 284 4888 pro
317 4813 366 4865 ἐν
395 4811 606 4888 καρδίᾳ,
627 4812 680 4864 in
699 4811 871 4876 corde,
905 4805 1360 4888 quemadmodum
1395 4807 1514 4860 libri
1545 4809 1634 4888 alii
1657 4821 1773 4876 qum

1899 4806 2027 4860 [eota
2068 4807 2134 4860 ad
2178 4824 2298 4888 eum
2333 4807 2550 4888 modum
2573 4848 2605 4888 λ
2635 4805 2758 4860 non
2785 4819 2837 4861 ot
2870 4810 3166 4877 perscripta
3200 4824 3248 4888 tu
3277 4807 3478 4861 Grarcis

185 4882 302 4935 scio
345 4878 580 4946 omnes,
633 4891 796 4950 atque
835 4878 1074 4934 omnium
1118 4879 1425 4950 linguarum
1464 4878 1775 4946 prmferuut.

185 4950 375 5022 Neque
421 4955 561 5008 adeo
611 4949 737 5007 hinc
791 4953 914 5006 licet
958 4966 1056 5020 pro
1085 4960 1271 5022 vetere
1311 4949 1498 5022 Latina
1529 4951 1780 5022 versione

183 5019 569 5092 argumentum
596 5039 835 5090 sumere,
863 5019 981 5075 cum
1008 5020 1512 5092 uctptealiquodsit
1532 5019 1780 5075 Graecum

185 5091 495 5166 exerttiplar,
521 5099 664 5165 quod
689 5097 898 5151 ἐνώπιον
920 5095 1074 5166 legat.
1098 5091 1275 5166 Malim
1300 5106 1397 5160 ego
1421 5091 1558 5166 hunc
1576 5095 1784 5166 glossa-

188 5165 327 5220 toris
352 5162 570 5234 'putar'e
622 5181 833 5220 ausum.
889 5165 1090 5218 Adhmc
1134 5164 1313 5234 scias,
1365 5162 1532 5234 prima
1563 5163 1779 5231 quidem

185 5249 355 5310 manu
378 5232 604 5310 enopion
636 5239 688 5291 iu
731 5247 915 5310 nostro
941 5233 1142 5310 _Codice
1172 5232 1650 5310 scripttt:t_t_fuis_se,
1684 5235 1776 5310 sed

184 5308 370 5361 statim
417 5304 559 5372 alia,
594 5323 747 5373 atque
784 5318 839 5360 ut
869 5305 1082 5360 videtur
1121 5308 1337 5373 antiqua
1362 5342 1376 5368 ,
1416 5304 1605 5357 litteris
1632 5305 1780 5373 epion

188 5385 510 5434 transversa
545 5379 746 5434 lineola
780 5377 1012 5431 inductis
1035 5417 1048 5440 ,
1096 5383 1151 5429 et
1179 5375 1336 5429 obelo
1383 5373 1448 5426 ad
1477 5374 1595 5428 libri
1627 5391 1776 5428 oram

184 5461 455 5519 annotato
499 5450 783 5519 jugulatis,
825 5447 1244 5518 suprascriptum
1282 5444 1506 5519 cordia,
1543 5461 1686 5519 quae,
1722 5455 1780 5499 ut

187 5518 460 5588 diximus,
486 5517 804 5577 Gt-atcorum
823 5517 1065 5574 omnium
1082 5517 1471 5586 exemplarium
1495 5517 1776 5588 lectiocst.

258 5589 286 5624 δ
326 5587 614 5646 Ρτοίνεεια
640 5601 744 5654 est,
783 5592 832 5643 in
869 5589 1165 5643 Vcroueus.
1214 5601 1314 5640 ms.
1349 5589 1602 5657 azquitatis
1647 5587 1780 5640 dici-

186 5676 296 5726 tur.
333 5678 500 5731 penes
544 5663 902 5732 Augustinum
925 5659 1244 5732 Adirﬁectionis
1281 5673 1297 5710 :
1333 5665 1441 5732 tum
1474 5656 1594 5732 pati
1644 5673 1775 5732 Con-

187 5728 356 5792 sensu
380 5728 770 5804 utet-quofoleo
792 5729 1146 5804 exsultationis
1173 5728 1634 5804 pl‘tvnpat'liClpllyts
1655 5728 1775 5798 tuis,

200 5806 492 5865 tamenetsi
519 5799 806 5876 Augustini
840 5802 1003 5860 editio
1033 5801 1138 5857 suis
1172 5799 1442 5872 praeferat.

1890 4878 2314 4931 amanuensibus
2346 4880 2524 4932 fuerit.
2571 4878 2647 4932 lie
2678 4888 2857 4934 autem
2903 4882 3014 4947 ipsa
3044 4894 3164 4933 cum
3199 4877 3339 4931 idem
3371 4891 3476 4930 no-

1890 4964 2012 5002 men
2039 4950 2170 5001 intra
2191 4951 2289 5003 sub
2307 4948 2424 5003 aliis
2439 4949 2652 5004 casibus
2668 4951 2923 5012 occurrit,
2941 4961 3062 5017 puta
3085 4948 3287 5017 psalmo
3309 4962 3479 5014 XLVII,

1890 5034 2048 5074 versu
2079 5022 2398 5096 pettullimo,
2428 5024 2522 5082 τὰς
2548 5021 2760 5096 βάρεας,
2785 5020 2876 5096 qui
2907 5020 3098 5089 gradus
3123 5021 3480 5087 interpretan-

1893 5100 1999 5154 tur,
2020 5101 2087 5162 ut
2111 5091 2353 5162 plerique
2377 5091 2816 5160 l'aciunt,'perspi
2854 5108 2980 5145 uum
3007 5101 3105 5149 est.
3138 5105 3256 5162 eam
3290 5105 3474 5144 vocem

1893 5177 1989 5230 pro
2017 5161 2112 5215 hac
2137 5164 2244 5215 alia
2268 5161 2471 5234 graves,
2499 5179 2602 5217 non
2637 5164 2954 5234 accepisse:
2991 5172 3097 5213 tum
3139 5161 3263 5234 quia
3310 5162 3482 5230 major

1893 5235 2033 5286 inter
2056 5231 2340 5302 utramque
2363 5249 2552 5289 vocem
2577 5231 2960 5287 dissimilitudo
2986 5232 3293 5298 intercedit,
3319 5247 3481 5302 quam

1893 5319 2009 5373 qum
2044 5304 2220 5358 fraudi
2250 5320 2368 5358 esse
2395 5305 2558 5373 possit
2597 5323 2609 5358 :
2645 5312 2751 5356 tum
2786 5308 3020 5356 maxime
3051 5306 3172 5370 quia
3201 5318 3359 5357 nemo
3391 5312 3478 5358 est

1891 5372 2268 5442 interpretum,
2296 5372 2482 5445 quieo
2513 5377 2615 5428 loci
2644 5391 2819 5444 gi‘ttl't’S
2848 5376 3200 5445 transtulerit.
3233 5374 3484 5428 Manifes-

1887 5457 1996 5499 ttnn
2023 5461 2156 5513 ergo
2195 5444 2320 5512 est,
2356 5463 2514 5516 quam
2549 5447 2692 5509 quod
2741 5444 2998 5511 maxime,
3046 5445 3240 5515 legisse
3274 5462 3368 5500 eos
3409 5446 3481 5499 ibi

1883 5519 1982 5592 τὰς
2013 5519 2220 5592 ῥάττεις,
2265 5515 2497 5592 pro'ﬁu;
2538 5518 2734 5590 βάρεις,
2783 5523 2942 5592 atque
2993 5518 3130 5570 adeo
3181 5518 3344 5572 etiam
3380 5515 3484 5592 hic

1886 5590 1986 5661 loci
2014 5586 2076 5636 'ai
2109 5607 2200 5651 μμ)
2238 5586 2493 5661 tuleritis,
2527 5586 2616 5652 nui
2657 5605 2689 5640 a
2725 5589 2990 5661 gradibus,
3038 5603 3138 5656 pro
3164 5606 3194 5642 a
3245 5588 3485 5661 gravibus

1883 5659 2161 5721 scribunt,
2213 5675 2326 5716 ,‘tott
2354 5673 2383 5710 a
2413 5657 2723 5712 Latinorum
2758 5660 3005 5712 codicum
3040 5657 3265 5726 errore,
3314 5661 3406 5713 sed
3453 5674 3482 5710 a

1882 5728 2066 5783 Gt'wca
2115 5737 2195 5783 sui
2240 5756 2250 5778 ι
2289 5729 2580 5794 temptaris
2611 5729 2730 5785 sive
2771 5731 3024 5791 lectione,
3067 5732 3182 5784 sive
3228 5729 3481 5785 emenda-

1881 5800 2025 5856 tione
2054 5806 2288 5882 accepts,
2331 5818 2360 5850 ‘.
2405 5800 2598 5857 Errare
2641 5811 2822 5859 autent
2858 5801 3054 5873 oppido
3078 5800 3232 5869 illos,
3266 5801 3484 5870 quieos
