4090 6338
613 316 720 378 ωε)

682 429 859 485 Astitit
893 428 1074 500 regina
1099 443 1131 483 a
1157 426 1351 483 dextris
1377 426 1477 482 tuis
1502 426 1557 482 in
1596 424 1780 480 vestitu
1806 425 2101 480 deaurato:
2137 439 2196 480 +
2228 446 2277 503 Α

610 521 929 576 circumdata
951 529 977 557 ι
996 520 1244 574 varietate
1269 520 1291 587 ζ

683 613 840 680 Audi,
872 613 1005 682 lilia,
1034 621 1081 667 et
1111 610 1257 678 vide,
1281 619 1327 666 et
1360 611 1558 666 inclina
1586 626 1764 667 aurem
1798 619 1976 676 tuam:
2010 620 2054 666 et
2078 609 2210 666 obli-

608 705 798 759 viscere
823 702 1068 776 populum
1100 715 1266 769 tuum,
1299 711 1346 757 et
1374 702 1582 757 dontum
1602 704 1767 775 patris
1788 704 1884 756 tui.

681 795 751 851 Et
780 796 1102 868 concupiscet
1128 811 1222 851 rea:
1244 793 1482 851 decorem
1509 804 1692 850 tuum:
1720 795 1970 866 quoniam
1999 794 2109 864 ipse
2141 808 2203 848 σε·

604 898 679 943 est
706 888 728 957 ζ
767 887 1020 943 Dominus
1046 903 1097 944 -ξ
1142 888 1284 944 Deus
1318 887 1341 956 ζ
1371 896 1514 955 tuus,
1643 896 1690 941 et
1712 886 2007 941 adorabunt
2028 902 2167 941 eum.

682 978 748 1045 Et
775 979 798 1050 ζ
829 978 977 1048 ﬁlice,
1007 978 1134 1050 Tyri
1159 979 1214 1033 in
1245 980 1540 1034 muneribus
1570 994 1588 1031 :
1613 978 1810 1032 vultum
1839 984 1987 1032 tuum
2018 976 2206 1047 depre-

609 1070 861 1126 cabuntur
893 1086 953 1127 +
987 1069 1015 1110 δ
1041 1087 1217 1127 ontnes
1245 1071 1266 1140 ζ
1301 1069 1486 1127 divites
1504 1069 1692 1142 plebis."

682 1164 863 1220 Omnis
883 1164 1052 1237 gloria
1085 1178 1145 1219 -εν
1178 1164 1292 1236 ejus
1319 1163 1340 1232 ξ
1376 1164 1502 1233 ﬁliae
1537 1162 1673 1236 regis
1699 1160 1761 1215 ab
1791 1161 1929 1216 intus
1957 1175 1977 1216 :
2008 1160 2062 1215 in
2090 1160 2208 1230 ﬁm-

610 1255 733 1313 briis
761 1259 932 1315 aureis
960 1257 1346 1313 circumamicta
1372 1255 1729 1311 varietatibus.

681 1349 1021 1404 Adduceutur
1050 1349 1161 1423 regi
1194 1348 1417 1420 virgines
1456 1356 1572 1420 post
1609 1363 1720 1404 eam
1758 1362 1779 1401 :
1803 1342 2055 1419 proxima:
2094 1346 2208 1418 ejus

611 1441 900 1511 afferentur
921 1441 1032 1496 tibi.

683 1532 977 1601 A/Ierentur
1003 1533 1058 1587 in
1090 1530 1271 1588 lwtitia
1305 1540 1350 1587 et
1383 1528 1724 1587 exsultatione
1751 1546 1770 1587 :
1800 1529 2128 1584 adducentur
2152 1526 2208 1583 in

611 1625 861 1696 templum
888 1624 1044 1697 regis.

684 1716 794 1773 Pro
826 1716 1060 1789 patribus
1090 1717 1199 1772 tuis
1226 1716 1333 1772 uati
1357 1725 1474 1771 sunt
1515 1716 1603 1772 tibi
1641 1715 1741 1786 ﬁlii
1761 1731 1781 1771 :
1811 1714 2092 1791 constitues
2121 1729 2207 1770 eos

610 1809 868 1881 principes
890 1824 1045 1881 super
1073 1825 1277 1865 omnem
1311 1818 1523 1863 terram.

683 1902 939 1958 Memores
979 1912 1002 1942 °
1045 1912 1198 1957 erunt
1227 1902 1449 1959 nominis
1475 1901 1583 1972 tui,
1617 1901 1672 1957 iu
1702 1902 1843 1956 omni
1881 1902 2209 1974 generatione

610 2001 660 2048 et
686 1994 1092 2065 generationem.
1926 2054 1932 2061 ἡ

684 2084 964 2157 Propterea
1000 2085 1177 2158 populi
1205 2084 1590 2156 conﬁtebuntur
1617 2084 1709 2141 tibi
1746 2084 1803 2140 in
1831 2093 2083 2141 teternum
2119 2092 2208 2140 :et

609 2182 664 2234 in
690 2178 938 2235 saaculum
963 2193 1023 2234 σξη
1048 2178 1227 2235 διεσαιὶ
1257 2178 1278 2247 ζ
1544 2160 1552 2171 ’

1631 313 1686 371 S.
1732 307 2112 373 lllERONYMl
2149 310 2384 370 DIVINA
2421 309 2894 370 BIBLIOTBECA.

3790 309 3915 373 ωο

2379 423 2560 479 Astitit
2598 425 2782 494 regina
2817 439 2847 478 n
2893 421 3100 480 dextris
3135 423 3240 481 tuis
3264 423 3320 481 in
3364 424 3567 484 vomitu
3591 423 3859 481 deaurato
3889 441 3907 477 :

2309 513 2718 571 circumanticta
2762 514 2780 552 τ
2815 514 3189 572 varietatibus.

2380 608 2541 673 Audi,
2564 607 2700 674 lilia,
2734 616 2793 663 et
2816 606 2958 674 vide,
2988 618 3044 665 et
3065 608 3257 664 inclina
3281 624 3465 664 aurem
3498 617 3667 675 tuam,
3691 617 3747 665 et
3763 603 3912 664 obli-

2308 698 2521 755 viscere
2550 698 2807 769 populum
2851 708 3023 769 tuum,
3055 711 3109 756 ct
3136 700 3357 756 domum
3388 703 3556 777 patris
3587 702 3684 757 tui.

2379 790 2642 858 Quoniam
2668 792 2980 862 concupivit
3004 808 3102 848 rex
3128 794 3365 863 speciem
3393 801 3540 848 tuam
3574 792 3737 864 :quia
3782 792 3916 863 ipse

2310 894 2396 940 est
2429 884 2690 940 Dominus
2719 885 2858 958 [Με.
2891 895 2991 940 Iac.
3015 886 3311 957 Dominus]
3345 887 3488 942 Deus
3514 897 3661 955 tuus,
3685 896 3743 945 et
3766 886 3912 943 ado-

2308 975 2506 1031 rabunt
2537 992 2661 1032 eum
2695 960 2822 1032 lilia:
2851 976 2983 1050 Tyri
3013 977 3066 1033 in
3096 978 3433 1034 muneribus.

2382 1068 2604 1126 Vultum
2635 1080 2785 1126 tuum
2818 1070 3255 1140 deprecabuntur
3286 1082 3310 1120 ἐς
3341 1088 3533 1130 omnes
3562 1071 3760 1132 divites
3792 1072 3916 1143 ple-

2309 1161 2428 1229 bis;
2460 1162 2638 1218 omnis
2663 1162 2835 1233 gloria
2865 1162 2984 1233 ejus
3012 1162 3133 1219 ﬁlim
3176 1179 3363 1236 regum
3396 1165 3466 1220 ab
3495 1166 3662 1235 intus,

2381 1252 2441 1309 In
2466 1253 2696 1328 timbriis
2724 1255 2909 1310 aureis
2933 1255 3339 1312 circumamiela
3370 1255 3655 1313 varietate.

2381 1347 2735 1404 Adducentur
2754 1349 2869 1421 regi
2899 1347 3136 1419 virgines
3158 1358 3282 1421 post
3302 1365 3422 1407 eam
3456 1368 3470 1405 :
3498 1348 3763 1421 proxima:
3787 1347 3917 1419 ejus

2308 1441 2609 1499 atl‘ercntur
2637 1442 2733 1498 tibi
2768 1443 2823 1498 in
2852 1442 3039 1500 lautitia
3070 1455 3130 1501 et
3158 1443 3540 1513 exsultatione,
3567 1442 3917 1500 adducentur

2310 1536 2366 1593 in
2398 1536 2657 1607 templum
2700 1539 2872 1609 regis.

2382 1713 2490 1771 Pro
2512 1713 2756 1787 patribus
2778 1714 2886 1772 tuis
2914 1715 3026 1771 nati
3056 1723 3183 1772 sunt
3215 1714 3312 1773 tibi
3336 1714 3429 1772 lilii
3452 1714 3785 1773 :constitues
3814 1728 3918 1771 eos

2236 1846 2287 1908 Β
2312 1808 2594 1882 principes
2624 1824 2787 1880 super
2818 1825 3035 1866 omnem
3068 1820 3295 1868 terram.

2384 1903 2654 1959 Memores
2702 1911 2864 1960 erunt
2908 1902 3144 1960 nominis
3176 1902 3275 1973 tui,
3309 1899 3337 1942 ιι
3381 1903 3635 1973 Domine,
3668 1902 3725 1959 in
3759 1902 3914 1959 omni

2309 1997 2661 2068 generatione
2688 2004 2742 2052 et
2775 1995 3057 2069 progenie.

2380 2088 2674 2158 Proutcrea
2702 2087 2886 2160 populi
2906 2087 3308 2147 conﬁtebuntur
3330 2089 3425 2147 tibi
3450 2088 3506 2148 iu
3532 2098 3825 2156 mternum,
3858 2096 3917 2144 et

2310 2180 2364 2236 in
2409 2179 2670 2237 smculum
2701 2181 2910 2238 smculi.

1957 2292 2319 2357 PSALMUS
2361 2293 2556 2357 XLV.

699 2411 753 2452 IN
791 2410 981 2465 rtusu,
1022 2409 1179 2452 rtuts
1217 2409 1386 2467 cons,
1428 2410 1533 2452 eno
1569 2385 1827 2462 incisis,
1868 2409 2127 2451 PSALIIUS.

684 2484 820 2542 Deus
847 2497 1017 2543 noster
1045 2488 1308 2560 refugium
1330 2495 1379 2543 et
1408 2488 1567 2543 virtus
1600 2503 1620 2543 .°
1655 2487 1870 2560 adjutor
1897 2488 1954 2543 in
1990 2486 2211 2543 tribula-

609 2579 859 2647 tionibus,
887 2596 1001 2653 qua:
1024 2582 1327 2640 invenerunt
1351 2597 1444 2638 nos
1471 2582 1644 2637 nimis.

683 2670 967 2747 Propterea
1006 2691 1110 2730 non
1151 2674 1443 2730 timebimus
1468 2675 1594 2730 dum
1624 2675 1916 2731 turbabitur
1941 2682 2081 2731 terra
2106 2690 2128 2732 :
2158 2684 2209 2732 et

607 2770 987 2839 transferentur
1007 2777 1206 2824 montes
1228 2772 1282 2824 in
1312 2769 1601 2837 carptas-is.

679 2860 986 2916 Souuerunt
1008 2870 1057 2916 et
1090 2860 1310 2916 turbata:
1338 2870 1462 2916 sunt
1492 2876 1641 2931 aqua:
1660 2878 1837 2917 eorum
1865 2878 1883 2917 :
1916 2862 2206 2918 conturbati

602 2962 724 3008 sunt
752 2961 948 3007 montes
972 2954 1025 3008 in
1050 2954 1356 3025 fortitudine
1380 2954 1515 3025 ejus.
1540 2951 1567 2991 ά
1593 2953 1920 3010 ΒιΑιιδΑιιιΑ.

679 3041 945 3099 Fluminis
975 3044 1194 3116 impetus
1215 3044 1445 3115 laetificat
1467 3044 1722 3100 civitatem
1757 3030 1851 3102 Dei
1874 3061 1892 3100 :
1914 3046 2210 3117 sanctiﬁca-

603 3136 674 3192 vit
705 3137 1100 3192 tabernaculum
1130 3154 1281 3193 suum
1304 3137 1628 3194 Altissimus.

2428 2394 2443 2441 ί
2469 2411 2522 2451 ω
2550 2412 2733 2466 FINEI,
2762 2411 2922 2455 ι-Ίιιιε
2947 2414 3104 2469 ςοιιε,
3136 2415 3238 2459 ιιιιο
3265 2415 3509 2470 ABCAMS,
3542 2416 3802 2458 PSALIIIJS.

2386 2487 2530 2543 Deus
2555 2499 2742 2545 noster
2769 2489 3039 2562 refugium
3068 2499 3127 2548 et
3160 2493 3331 2548 virtus
3358 2513 3373 2551 :
3406 2493 3627 2565 adjutor
3651 2494 3706 2549 in
3739 2493 3917 2549 tribu-

2310 2579 2635 2651 lationibus,
2661 2597 2784 2654 qua:
2811 2582 3139 2641 invenerunt
3169 2600 3267 2641 nos
3290 2584 3471 2641 nimis.

2384 2671 2679 2743 Propterea
2713 2689 2821 2729 non
2851 2675 3196 2732 timebimus!
3240 2675 3370 2732 dum
3400 2674 3705 2733 turbabitur
3730 2685 3917 2732 terra:

2310 2773 2367 2821 et
2394 2761 2793 2823 transferentur
2824 2777 3042 2824 montes
3072 2768 3126 2824 in
3152 2783 3249 2824 cor
3268 2767 3405 2840 Uis.
3435 2767 3632 2840 corde]
3656 2769 3851 2822 utaris.

2383 2857 2720 2934 sonuerunt,
2743 2868 2801 2917 et
2827 2854 3058 2916 turbata:
3077 2868 3208 2915 sunt.
3234 2875 3388 2931 aqua:
3408 2860 3530 2930 ejus
3558 2857 3916 2917 :conturbati

2313 2962 2442 3009 sunt
2464 2965 2679 3009 montes
2708 2954 2762 3008 in
2790 2952 3111 3008 fortitudine
3135 2953 3256 3023 ejus
3290 2954 3418 3008 Due
3436 2966 3614 3008 auls.

2382 3046 2651 3102 Fluminis
2682 3044 2919 3117 impetus
2941 3048 3177 3103 laetiﬁcat
3206 3045 3482 3102 civitatem
3515 3046 3634 3112 Dei,
3667 3046 3918 3101 sanctiﬁ-

2311 3140 2456 3195 cavit
2478 3139 2890 3196 tabernaculum
2913 3153 3071 3195 suum
3097 3136 3412 3195 Altissimus
3434 3154 3450 3194 :
3469 3138 3611 3195 Deus
3641 3136 3694 3193 in
3725 3137 3917 3194 medio

679 3225 817 3281 Deus
848 3227 905 3282 in
932 3228 1104 3282 medio
1152 3231 1267 3301 ejus
1310 3245 1414 3284 non
1450 3230 1848 3287 commovebitur
1877 3248 1897 3289 :
1934 3230 2207 3306 adjuvabit
2232 3218 2280 3282 (ἶ
2312 3230 2433 3302 ejus
2466 3247 2572 3288 non
2604 3231 3063 3288 commovebitur.

607 3334 721 3374 eam
749 3319 891 3375 Deus
918 3337 1066 3375 mane
1094 3321 1354 3378 diluculo.

675 3410 1004 3468 Conturbator:
1028 3422 1151 3468 sunt
1170 3422 1369 3486 gentes,
1393 3430 1454 3471 -'r
1478 3427 1525 3472 et
1548 3416 1570 3485 ζ
1596 3416 1848 3479 inclinata
1868 3426 1990 3474 sunt
2019 3435 2203 3492 regna,

603 3501 750 3558 dedit
771 3517 944 3558 vocem
971 3520 1145 3572 suam,
1171 3513 1311 3561 mota
1332 3516 1408 3562 est
1438 3517 1596 3564 terra.

672 3594 935 3652 Dominus
960 3597 1210 3654 virtutum
1238 3598 1506 3655 uobiscum
1531 3617 1546 3657 :
1568 3612 1837 3676 susceptor
1861 3613 2034 3661 noster
2060 3603 2202 3661 Deus

598 3682 785 3741 Jacob.
816 3686 1143 3744 Dursuus.

685 3776 884 3845 Venite,
915 3788 962 3834 et
982 3779 1146 3835 videte
1173 3795 1330 3853 opera
1351 3760 1587 3852 Domini,
1627 3802 1743 3857 qute
1763 3787 1935 3860 posuit
1962 3789 2200 3862 prodigia

599 3885 754 3941 super
773 3878 964 3926 terram
993 3887 1013 3926 :
1040 3872 1284 3944 auferens
1310 3874 1445 3930 bella
1475 3892 1636 3947 usque
1659 3880 1729 3933 ad
1752 3881 1905 3951 ﬁnem
1930 3889 2101 3938 teme.

672 3963 866 4016 Arcum
905 3972 1163 4032 conteret,
1213 3973 1264 4020 et
1298 3966 1590 4040 confringet
1631 3986 1778 4026 arma
1807 3985 1828 4027 :
1872 3986 1933 4029 -t-
1965 3981 2012 4028 et
2051 3981 2197 4029 scuta

599 4051 863 4107 comburet
891 4053 1022 4124 igni.

682 4141 874 4199 Vacate
911 4154 961 4200 et
999 4144 1186 4227 videte,
1231 4148 1477 4217 quoniam
1518 4166 1611 4225 ego
1645 4160 1668 4190 ε
1702 4166 1763 4208 σεο
1807 4168 1921 4207 sum
1961 4153 1983 4223 ζ
2017 4150 2191 4226 Deus,

599 4236 866 4293 eaaltabor
889 4237 947 4295 in
971 4240 1204 4313 gentibus
1229 4255 1291 4298 -t—
1314 4246 1412 4315 et:
1443 4245 1716 4303 eaaltabor
1737 4248 1791 4303 in
1823 4257 1980 4306 terra.

673 4412 926 4473 Dominus
953 4416 1199 4475 virtutum
1226 4419 1490 4481 nobiscum
1522 4438 1541 4481 :
1568 4434 1829 4501 susceptor
1854 4439 2031 4487 noster
2049 4427 2191 4489 Deus

597 4504 788 4565 Iacob.
821 4514 888 4579 >ε<
918 4509 1245 4572 ΒιΑιιεΑιιιλ.

2379 3322 2671 3395 Adjuvabit
2697 3339 2816 3379 eam
2860 3323 3007 3380 Deus
3058 3324 3211 3379 vultu
3234 3338 3336 3380 suo
3367 3340 3382 3377 :
3409 3323 3748 3380 conturbata:
3779 3333 3918 3379 sunt

2304 3426 2522 3488 gentes,
2557 3425 2612 3472 et
2638 3414 2778 3489 [Με.
2810 3424 2911 3471 (ac.
2948 3424 3003 3472 et
3038 3413 3337 3486 ]inclinata
3373 3424 3501 3471 sunt
3531 3429 3726 3486 regna,
3757 3413 3919 3470 dedit

2304 3522 2496 3564 vocem
2523 3522 2679 3563 suam
2701 3507 3038 3577 Altissimus,
3068 3516 3125 3565 et
3151 3516 3297 3562 mota
3330 3514 3421 3564 est
3446 3516 3614 3563 terra.

2376 3598 2643 3655 Dominus
2691 3599 2954 3656 virtutum
3009 3598 3342 3656 nobiscum:
3382 3607 3670 3670 susceptor
3713 3606 3914 3656 noster
3986 3664 3987 3667 η

2302 3691 2448 3749 Deus
2486 3691 2678 3749 Jacob.
2711 3693 3036 3749 DIAPSALMA.

2374 3784 2587 3852 Venite,
2621 3794 2677 3842 et
2707 3784 2886 3843 videte
2915 3800 3084 3857 opera
3117 3784 3332 3843 Domini
3365 3801 3530 3858 :quac
3559 3786 3741 3858 posuit
3770 3802 3913 3859 pro-

2299 3877 2442 3949 digia
2480 3893 2644 3949 super
2690 3886 2911 3935 terram.

2370 3970 2641 4028 Auferens
2669 3971 2807 4028 bella
2831 3987 3004 4045 usque
3030 3972 3098 4029 ad
3127 3972 3266 4030 ﬁnes
3309 3983 3470 4029 terra;
3503 3988 3520 4026 :
3551 3987 3738 4030 arcum
3772 3987 3913 4030 con-

2298 4068 2458 4127 teret,
2487 4071 2544 4118 et
2570 4062 2875 4135 confringet
2898 4078 3071 4133 arma,
3102 4072 3323 4123 etseuta
3351 4065 3637 4124 comburet
3657 4066 3790 4137 i'gni.

2377 4150 2576 4210 Vacate
2622 4162 2676 4210 et
2727 4154 2930 4223 videte,
2973 4156 3232 4227 quoniam
3280 4170 3383 4227 ego
3431 4171 3551 4212 smn
3586 4155 3729 4213 Dens
3757 4154 3906 4229 [λιι.

2302 4244 2595 4318 Dominus]
2626 4261 2641 4302 :
2674 4245 2966 4305 exaltabor
3013 4246 3072 4305 in
3104 4247 3377 4321 gentibus,
3407 4256 3462 4306 et
3505 4247 3794 4306 essltabor
3848 4250 3906 4305 in

2302 4347 2472 4399 terra.
3341 4406 3353 4416 .

2373 4433 2636 4493 Dominus
2664 4435 2790 4509 [31s.
2810 4434 2977 4508 Deus]
3000 4434 3259 4493 virtutum
3285 4435 3565 4495 nobiscum
3583 4444 3905 4507 :susceptor

2300 4536 2486 4585 noster
2507 4526 2651 4586 Deus
2686 4527 2877 4585 Jacob.
2962 4566 2963 4569 η

592 4672 1239 4765 εξιδτοξᾲιεςὶνςξιέᾳριιιθηι..
1268 4677 1483 4763 Videsis
1512 4682 1830 4765 modorum
1854 4684 1922 4742 ad
1954 4686 2175 4765 ep_i_stol.
2209 4689 2257 4750 D
2357 4700 2381 4765 ς
2407 4690 2635 4765 Qbelum
2666 4690 2810 4765 hunc
2843 4691 2988 4749 idem
3011 4708 3116 4750 ms.
3147 4692 3554 4765 prmtermittit:
3590 4694 3751 4750 male.

596 4744 698 4807 65.
728 4746 794 4801 ad
823 4744 1172 4817 Principiam,
1207 4749 1492 4808 docuimus
1521 4756 1627 4809 col.
1657 4744 1764 4811 588
1796 4766 1890 4812 not
1918 4774 1972 4815 a.
1991 4744 2182 4816 'Vero-

597 4818 792 4901 ncnsjs
814 4819 952 4901 liber
979 4829 1140 4901 atque
1168 4823 1501 4901 Augustinus
1524 4841 1555 4901 (ζ
1580 4827 1820 4901 domibus
1841 4829 2051 4901 legunt.

670 4887 902 4981 loli-nus
922 4887 1377 4981 Abetté'ineot'lem
1400 4911 1517 4981 διιεῖ.
1540 4898 1630 4952 hic
1657 4899 1832 4981 ttnalia
1863 4887 2059 4970 pancta
2088 4917 2183 4974 ap-

598 4971 893 5030 ponuntur,
922 4970 1036 5016 tum
1074 4962 1375 5035 Diapsalma
1400 4966 1454 5020 in
1488 4966 1595 5023 line
1619 4962 1880 5025 additur:
2123 4962 2142 4974 ³

599 5100 612 5106 _
636 5029 696 5106 _h
732 5028 931 5087 Vocem
975 5048 1182 5106 omnes,
1220 5034 1509 5106 ipsumque
1542 5039 1680 5095 adeo
1726 5042 1941 5098 obelum
1983 5044 2183 5100 rectius

598 5099 740 5182 idem
764 5117 866 5158 ms.
892 5099 1280 5182 praetermittit.
1325 5099 1612 5182 ltlejetiam
1634 5151 1648 5175 ,
1682 5126 1789 5182 quo
1821 5129 1942 5167 mox
1972 5099 2183 5182 prmnoé

599 5179 744 5251 tatur
766 5188 1063 5242 pronomen
1091 5177 1225 5246 ejus,
1256 5179 1433 5251 omitti
1459 5177 1852 5248 poteram—satis
1880 5177 2025 5240 enim
2054 5187 2184 5243 illud

596 5247 827 5331 voce
864 5255 1325 5331 mna-remum.
1370 5247 1603 5331 Bursum
1658 5269 1787 5331 vero
1832 5255 1886 5308 in
1940 5256 2186 5313 Palatino

597 5326 697 5436 ms;
729 5326 827 5438 pro
855 5316 1185 5370 varietatibus
1217 5321 1512 5388 repositum
1542 5324 1782 5379 secunda
1808 5343 1967 5382 manu
1994 5340 2077 5384 est
2097 5346 2188 5384 va-

595 5397 671 5436 rie
695 5399 727 5436 a
752 5400 798 5437 e.

670 5464 694 5493 ο
724 5455 899 5525 Atque
933 5455 1037 5513 ltoc
1077 5473 1213 5533 sane
1243 5461 1421 5518 verius
1450 5462 1727 5522 Palatinus
1767 5483 1869 5523 ms.
1920 5472 2138 5533 nrtel'et‘t
2171 5488 2186 5527 :

595 5520 795 5603 Memor
812 5520 952 5603 ero,
966 5544 1064 5598 pro
1094 5528 1351 5588 Hemores
1371 5545 1539 5590 erunt.
1570 5520 2106 5603 llebrvaice‘
2122 5520 2155 5570 ἰ

665 5595 871 5685 ξρμοὰ
904 5595 991 5685 llic
1013 5610 1156 5656 tacet
1190 5604 1242 5657 in
1286 5605 1530 5685 Palatino
1567 5623 1671 5685 ms.
1704 5595 2196 5685 Diapsaltnanost

591 5666 1012 5754 subsequentem
1042 5687 1260 5754 versum
1291 5679 1601 5746 apponitur.
1637 5666 1847 5753 Atque"!
1868 5704 1917 5741 ta
1947 5666 2091 5754 quid
2114 5666 2199 5740 ni;

592 5735 906 5824 lerius‘est.
937 5752 1061 5812 post
1095 5745 1263 5802 alium
1293 5735 1509 5805 versum
1556 5735 1917 5824 apponatur."
1939 5735 2197 5813 lli—timum

594 5821 818 5879 prorsus
848 5820 1011 5872 tacet.
1591 5820 1608 5824 ⁷
1630 5820 1644 5822 “
1750 5822 1773 5857 ι’

2301 4792 2305 4796 ’
2360 4760 2380 4800 ί
2408 4762 2505 4835 llic
2527 4773 2693 4835 atque
2715 4762 2877 4833 intra,
2910 4765 2999 4819 ubi
3027 4760 3177 4821 locus
3209 4766 3312 4822 iste
3340 4760 3600 4827 recurrit,
3633 4766 3686 4820 in
3718 4765 3903 4820 Voro-

2286 4834 2441 4888 nensi
2489 4834 2611 4908 ms.
2645 4835 2905 4908 variegata
2957 4836 3175 4908 legitur,
3215 4852 3313 4907 pro
3362 4837 3646 4906 varietate,
3699 4837 3901 4894 Cra-co

2284 4905 2644 4975 πεποικιλμένη
2687 4905 2945 4973 pressius.
3014 4905 3033 4908 ⁷
3205 4968 3208 4971 γ

2358 4984 2383 5023 ε
2407 4975 2572 5031 Tacet
2603 4979 2689 5030 hic
2715 4991 2838 5030 cum
2871 4977 3145 5048 plerisque
3172 4977 3293 5034 aliis
3320 4977 3625 5036 Veronens.
3659 4993 3761 5033 ms.
3791 4995 3898 5033 vo-

2285 5060 2402 5120 cem
2433 5062 2606 5120 omnes
2639 5062 2657 5101 :
2689 5062 2818 5101 mox
2854 5058 3032 5104 autem
3073 5049 3230 5104 unice
3256 5065 3376 5104 cum
3410 5052 3741 5120 Augustino,
3777 5051 3900 5120 [ilia

2292 5118 2427 5192 regis
2468 5117 2782 5192 intrinsecus
2813 5158 2827 5181 ,
2856 5134 2975 5192 pro
3023 5120 3148 5190 filia:
3206 5136 3386 5192 regum
3441 5117 3519 5174 abl
3550 5122 3689 5174 inttts
3738 5117 3895 5191 legit.

2294 5186 2640 5243 Pauloctiatn
2668 5200 2809 5259 post,
2833 5186 3123 5257 Alferentur
3151 5186 3894 5260 reginroAddut-entur,Gtc.

2294 5273 2468 5365 eogule
2496 5261 2771 5365 gemin'nto
2796 5268 2987 5330 verbo,
3014 5260 3434 5365 agerentur'tibi,
3465 5262 3893 5365 itt.lts"titia.'_t"tc.

2688 5347 2758 5365 ..η
2799 5347 2995 5365 nam...
3094 5350 3261 5365 me...”
3333 5349 3461 5365 ........
3613 5349 3697 5365 ,μη
3767 5352 3866 5365 .....

2422 5330 2620 5384 lterum
2670 5331 2760 5387 hic
2799 5347 2997 5389 nomen
3040 5333 3261 5387 Domine
3310 5342 3491 5387 tacent
3536 5333 3698 5401 iidem
3746 5334 3894 5402 libri,

2295 5400 2584 5474 legumque
2618 5413 2847 5474 praetera
2880 5413 2927 5457 et
2954 5407 3306 5473 generatione,
3336 5419 3435 5474 pro
3463 5406 3723 5473 progenie.

2372 5479 2391 5517 ί
2423 5472 2632 5545 Titulus
2673 5472 2814 5545 idem
2837 5484 2922 5545 est
2956 5472 3133 5545 penes
3168 5472 3525 5545 Augustinum
3545 5472 3683 5531 etrin
3719 5473 3895 5529 Voro-

2256 5582 2267 5591 κ
2296 5542 2451 5617 nensi
2483 5542 2701 5610 codice,
2749 5540 2813 5597 In
2852 5540 3007 5613 ﬁnem
3048 5561 3142 5616 pro
3175 5540 3298 5615 ﬁliis
3326 5543 3477 5608 Core,
3508 5561 3604 5617 pro
3636 5547 3892 5613 occultis,

2298 5610 2564 5667 Psalmus.
2594 5624 2700 5667 etc.

2374 5630 2543 5666 annus
2594 5630 2700 5668 οιο.

2374 5684 2387 5733 i
2428 5654 2658 5739 Libr'arii
2692 5683 2886 5757 utendo
2920 5687 3162 5742 timebitis
3194 5688 3246 5741 in
3288 5685 3478 5744 eodem
3530 5702 3632 5743 ms.
3670 5688 3889 5757 legitur.

2300 5752 2515 5811 Caetera
2540 5769 2662 5811 cum
2683 5753 3008 5828 Augustino,
3037 5775 3153 5813 cum
3180 5758 3566 5813 conturbabitur
3596 5752 3756 5828 terra,
3781 5767 3888 5817 etc.
