  <div class='ocr_page' id='page_1' title='image "/cluster/home/n/w/nwhite01/storage/ocr_20150623/29/hvd.32044015471428/106.png"; bbox 0 0 3994 6324; ppageno 0'>
   <div class='ocr_carea' id='block_1_1' title="bbox 187 331 276 390">
    <p class='ocr_par' dir='ltr' id='par_1_1' title="bbox 187 331 276 390">
     <span class='ocr_line' id='line_1_1' title="bbox 187 331 276 390; baseline -0.022 0"><span class='ocrx_word' id='word_1_1' title='bbox 187 331 276 390; x_wconf 65' lang='lat' dir='ltr'><strong><em>ibi</em></strong></span> 
     </span>
    </p>
   </div>
   <div class='ocr_carea' id='block_1_2' title="bbox 1417 305 3130 386">
    <p class='ocr_par' dir='ltr' id='par_1_2' title="bbox 1417 305 3130 386">
     <span class='ocr_line' id='line_1_2' title="bbox 1417 305 3130 386; baseline -0.006 -3"><span class='ocrx_word' id='word_1_2' title='bbox 1417 327 1623 385; x_wconf 71' lang='lat' dir='ltr'><strong><em>nam</em></strong></span> <span class='ocrx_word' id='word_1_3' title='bbox 1659 325 2104 386; x_wconf 71' lang='lat' dir='ltr'><strong><em>PSALllORUM.</em></strong></span> <span class='ocrx_word' id='word_1_4' title='bbox 2638 305 2642 309; x_wconf 82' lang='grc'><strong>’</strong></span> <span class='ocrx_word' id='word_1_5' title='bbox 3108 346 3130 373; x_wconf 85' lang='lat'><strong><em>.</em></strong></span> 
     </span>
    </p>
   </div>
   <div class='ocr_carea' id='block_1_3' title="bbox 3324 327 3438 387">
    <p class='ocr_par' dir='ltr' id='par_1_3' title="bbox 3324 327 3438 387">
     <span class='ocr_line' id='line_1_3' title="bbox 3324 327 3438 387; baseline -0.026 0"><span class='ocrx_word' id='word_1_6' title='bbox 3324 327 3438 387; x_wconf 69' lang='lat'><strong><em>202</em></strong></span> 
     </span>
    </p>
   </div>
   <div class='ocr_carea' id='block_1_4' title="bbox 1465 442 2101 509">
    <p class='ocr_par' dir='ltr' id='par_1_4' title="bbox 1465 442 2101 509">
     <span class='ocr_line' id='line_1_4' title="bbox 1465 442 2101 509; baseline -0.008 -3"><span class='ocrx_word' id='word_1_7' title='bbox 1465 444 1829 509; x_wconf 82' lang='lat' dir='ltr'><strong><em>PSALMUS</em></strong></span> <span class='ocrx_word' id='word_1_8' title='bbox 1873 442 2101 506; x_wconf 85' lang='lat' dir='ltr'><strong><em>XLVI.</em></strong></span> 
     </span>
    </p>
   </div>
   <div class='ocr_carea' id='block_1_5' title="bbox 377 557 1495 613">
    <p class='ocr_par' dir='ltr' id='par_1_5' title="bbox 377 557 1495 613">
     <span class='ocr_line' id='line_1_5' title="bbox 377 557 1495 613; baseline 0 -12"><span class='ocrx_word' id='word_1_9' title='bbox 377 562 426 602; x_wconf 66' lang='lat' dir='ltr'><strong><em>IX</em></strong></span> <span class='ocrx_word' id='word_1_10' title='bbox 462 560 658 613; x_wconf 71' lang='lat' dir='ltr'><strong><em>FINII,</em></strong></span> <span class='ocrx_word' id='word_1_11' title='bbox 701 559 800 601; x_wconf 74' lang='lat' dir='ltr'><strong><em>PRO</em></strong></span> <span class='ocrx_word' id='word_1_12' title='bbox 839 557 994 600; x_wconf 76' lang='grc' dir='ltr'><strong><em>ιἰιιιε</em></strong></span> <span class='ocrx_word' id='word_1_13' title='bbox 1031 559 1199 612; x_wconf 74' lang='grc' dir='ltr'><em>εοηε,</em></span> <span class='ocrx_word' id='word_1_14' title='bbox 1243 558 1495 601; x_wconf 71' lang='lat' dir='ltr'><strong><em>PSAUIUS.</em></strong></span> 
     </span>
    </p>
   </div>
   <div class='ocr_carea' id='block_1_6' title="bbox 242 660 1732 731">
    <p class='ocr_par' dir='ltr' id='par_1_6' title="bbox 242 660 1732 731">
     <span class='ocr_line' id='line_1_6' title="bbox 242 660 1732 731; baseline -0.002 -13"><span class='ocrx_word' id='word_1_15' title='bbox 242 665 410 718; x_wconf 87' lang='lat' dir='ltr'><strong><em>Omnes</em></strong></span> <span class='ocrx_word' id='word_1_16' title='bbox 435 670 638 731; x_wconf 87' lang='lat' dir='ltr'><strong><em>gentes,</em></strong></span> <span class='ocrx_word' id='word_1_17' title='bbox 680 660 910 731; x_wconf 86' lang='lat' dir='ltr'><strong><em>plaudite</em></strong></span> <span class='ocrx_word' id='word_1_18' title='bbox 941 661 1176 716; x_wconf 87' lang='lat' dir='ltr'><strong><em>manibus</em></strong></span> <span class='ocrx_word' id='word_1_19' title='bbox 1220 675 1238 714; x_wconf 91' lang='lat'><strong><em>:</em></strong></span> <span class='ocrx_word' id='word_1_20' title='bbox 1265 660 1493 731; x_wconf 86' lang='lat' dir='ltr'><strong><em>jubilate</em></strong></span> <span class='ocrx_word' id='word_1_21' title='bbox 1531 661 1642 717; x_wconf 89' lang='lat' dir='ltr'><strong><em>Deo</em></strong></span> <span class='ocrx_word' id='word_1_22' title='bbox 1679 661 1732 716; x_wconf 88' lang='lat' dir='ltr'><strong><em>in</em></strong></span> 
     </span>
    </p>
   </div>
   <div class='ocr_carea' id='block_1_7' title="bbox 179 753 668 813">
    <p class='ocr_par' dir='ltr' id='par_1_7' title="bbox 179 753 668 813">
     <span class='ocr_line' id='line_1_7' title="bbox 179 753 668 813; baseline -0.004 -1"><span class='ocrx_word' id='word_1_23' title='bbox 179 775 277 813; x_wconf 81' lang='lat' dir='ltr'><strong><em>race</em></strong></span> <span class='ocrx_word' id='word_1_24' title='bbox 301 753 668 811; x_wconf 72' lang='lat' dir='ltr'><strong><em>exsultationis.</em></strong></span> 
     </span>
    </p>
   </div>
   <div class='ocr_carea' id='block_1_8' title="bbox 170 831 1733 921">
    <p class='ocr_par' dir='ltr' id='par_1_8' title="bbox 170 831 1733 921">
     <span class='ocr_line' id='line_1_8' title="bbox 170 831 1733 921; baseline 0.001 -19"><span class='ocrx_word' id='word_1_25' title='bbox 170 831 172 833; x_wconf 16' lang='lat' dir='ltr'><strong><em>l</em></strong></span> <span class='ocrx_word' id='word_1_26' title='bbox 239 849 474 918; x_wconf 79' lang='lat' dir='ltr'><strong><em>Quoniam</em></strong></span> <span class='ocrx_word' id='word_1_27' title='bbox 503 847 750 902; x_wconf 76' lang='lat' dir='ltr'><strong><em>Dominus</em></strong></span> <span class='ocrx_word' id='word_1_28' title='bbox 786 847 1018 902; x_wconf 76' lang='lat' dir='ltr'><strong><em>excelsus</em></strong></span> <span class='ocrx_word' id='word_1_29' title='bbox 1060 847 1306 903; x_wconf 80' lang='lat' dir='ltr'><strong><em>terribilis</em></strong></span> <span class='ocrx_word' id='word_1_30' title='bbox 1336 864 1354 903; x_wconf 89' lang='lat'><strong><em>:</em></strong></span> <span class='ocrx_word' id='word_1_31' title='bbox 1396 865 1489 905; x_wconf 76' lang='lat' dir='ltr'><strong><em>rea:</em></strong></span> <span class='ocrx_word' id='word_1_32' title='bbox 1517 866 1733 921; x_wconf 86' lang='lat' dir='ltr'><strong><em>magnus</em></strong></span> 
     </span>
    </p>
   </div>
   <div class='ocr_carea' id='block_1_9' title="bbox 179 950 755 1013">
    <p class='ocr_par' dir='ltr' id='par_1_9' title="bbox 179 950 755 1013">
     <span class='ocr_line' id='line_1_9' title="bbox 179 950 755 1013; baseline -0.01 -13"><span class='ocrx_word' id='word_1_33' title='bbox 179 959 306 1013; x_wconf 85' lang='lat' dir='ltr'><strong><em>super</em></strong></span> <span class='ocrx_word' id='word_1_34' title='bbox 326 957 515 996; x_wconf 84' lang='lat' dir='ltr'><strong><em>onmem</em></strong></span> <span class='ocrx_word' id='word_1_35' title='bbox 544 950 755 995; x_wconf 76' lang='lat' dir='ltr'><strong><em>terram.</em></strong></span> 
     </span>
    </p>
   </div>
   <div class='ocr_carea' id='block_1_10' title="bbox 236 1031 1731 1106">
    <p class='ocr_par' dir='ltr' id='par_1_10' title="bbox 236 1031 1731 1106">
     <span class='ocr_line' id='line_1_10' title="bbox 236 1031 1731 1106; baseline -0.003 -15"><span class='ocrx_word' id='word_1_36' title='bbox 236 1032 446 1104; x_wconf 85' lang='lat' dir='ltr'><strong><em>Subjecit</em></strong></span> <span class='ocrx_word' id='word_1_37' title='bbox 474 1031 696 1104; x_wconf 86' lang='lat' dir='ltr'><strong><em>papulos</em></strong></span> <span class='ocrx_word' id='word_1_38' title='bbox 722 1032 869 1086; x_wconf 89' lang='lat' dir='ltr'><strong><em>nobis</em></strong></span> <span class='ocrx_word' id='word_1_39' title='bbox 901 1049 917 1086; x_wconf 97' lang='lat'><em>:</em></span> <span class='ocrx_word' id='word_1_40' title='bbox 958 1043 1219 1106; x_wconf 86' lang='lat' dir='ltr'><strong><em>et&#39;gentes</em></strong></span> <span class='ocrx_word' id='word_1_41' title='bbox 1249 1033 1342 1088; x_wconf 87' lang='lat' dir='ltr'><strong><em>sub</em></strong></span> <span class='ocrx_word' id='word_1_42' title='bbox 1374 1034 1588 1105; x_wconf 77' lang='lat' dir='ltr'><strong><em>pedibus</em></strong></span> <span class='ocrx_word' id='word_1_43' title='bbox 1636 1051 1731 1088; x_wconf 83' lang='lat' dir='ltr'><strong><em>no-</em></strong></span> 
     </span>
    </p>
   </div>
   <div class='ocr_carea' id='block_1_11' title="bbox 177 1131 295 1187">
    <p class='ocr_par' dir='ltr' id='par_1_11' title="bbox 177 1131 295 1187">
     <span class='ocr_line' id='line_1_11' title="bbox 177 1131 295 1187; baseline -0.008 0"><span class='ocrx_word' id='word_1_44' title='bbox 177 1131 295 1187; x_wconf 87' lang='lat' dir='ltr'><strong><em>stris.</em></strong></span> 
     </span>
    </p>
   </div>
   <div class='ocr_carea' id='block_1_12' title="bbox 235 1222 1732 1298">
    <p class='ocr_par' dir='ltr' id='par_1_12' title="bbox 235 1222 1732 1298">
     <span class='ocr_line' id='line_1_12' title="bbox 235 1222 1732 1298; baseline 0.001 -20"><span class='ocrx_word' id='word_1_45' title='bbox 235 1223 386 1296; x_wconf 77' lang='lat' dir='ltr'><strong><em>Elegit</em></strong></span> <span class='ocrx_word' id='word_1_46' title='bbox 428 1222 574 1279; x_wconf 87' lang='lat' dir='ltr'><strong><em>nobis</em></strong></span> <span class='ocrx_word' id='word_1_47' title='bbox 623 1222 978 1280; x_wconf 72' lang='lat' dir='ltr'><strong><em>[nereditatem</em></strong></span> <span class='ocrx_word' id='word_1_48' title='bbox 1017 1242 1166 1280; x_wconf 89' lang='lat' dir='ltr'><strong><em>suam</em></strong></span> <span class='ocrx_word' id='word_1_49' title='bbox 1199 1242 1217 1279; x_wconf 89' lang='lat'><strong><em>:</em></strong></span> <span class='ocrx_word' id='word_1_50' title='bbox 1262 1225 1486 1298; x_wconf 83' lang='lat' dir='ltr'><strong><em>speciem</em></strong></span> <span class='ocrx_word' id='word_1_51' title='bbox 1531 1224 1694 1280; x_wconf 87' lang='lat' dir='ltr'><strong><em>Jacob</em></strong></span> <span class='ocrx_word' id='word_1_52' title='bbox 1719 1267 1732 1291; x_wconf 92' lang='lat'><strong><em>,</em></strong></span> 
     </span>
    </p>
   </div>
   <div class='ocr_carea' id='block_1_13' title="bbox 175 1316 880 1389">
    <p class='ocr_par' dir='ltr' id='par_1_13' title="bbox 175 1316 880 1389">
     <span class='ocr_line' id='line_1_13' title="bbox 175 1316 880 1389; baseline 0.001 -18"><span class='ocrx_word' id='word_1_53' title='bbox 175 1334 298 1389; x_wconf 77' lang='lat' dir='ltr'><strong><em>quam</em></strong></span> <span class='ocrx_word' id='word_1_54' title='bbox 324 1316 513 1372; x_wconf 73' lang='lat' dir='ltr'><strong><em>dilexit.</em></strong></span> <span class='ocrx_word' id='word_1_55' title='bbox 545 1316 880 1372; x_wconf 68' lang='lat' dir='ltr'><strong><em>Dursaws.</em></strong></span> 
     </span>
    </p>
   </div>
   <div class='ocr_carea' id='block_1_14' title="bbox 234 1407 1627 1481">
    <p class='ocr_par' dir='ltr' id='par_1_14' title="bbox 234 1407 1627 1481">
     <span class='ocr_line' id='line_1_14' title="bbox 234 1407 1627 1481; baseline 0.002 -18"><span class='ocrx_word' id='word_1_56' title='bbox 234 1407 446 1464; x_wconf 69' lang='lat' dir='ltr'><strong><em>Ascrndit</em></strong></span> <span class='ocrx_word' id='word_1_57' title='bbox 475 1408 614 1465; x_wconf 89' lang='lat' dir='ltr'><strong><em>Deus</em></strong></span> <span class='ocrx_word' id='word_1_58' title='bbox 637 1412 690 1464; x_wconf 90' lang='lat' dir='ltr'><strong><em>in</em></strong></span> <span class='ocrx_word' id='word_1_59' title='bbox 713 1411 930 1481; x_wconf 85' lang='lat' dir='ltr'><strong><em>jnbilo:</em></strong></span> <span class='ocrx_word' id='word_1_60' title='bbox 966 1411 1217 1466; x_wconf 79' lang='lat' dir='ltr'><strong><em>Dominus</em></strong></span> <span class='ocrx_word' id='word_1_61' title='bbox 1238 1413 1290 1466; x_wconf 87' lang='lat' dir='ltr'><strong><em>in</em></strong></span> <span class='ocrx_word' id='word_1_62' title='bbox 1323 1429 1444 1467; x_wconf 77' lang='lat' dir='ltr'><strong><em>uoce</em></strong></span> <span class='ocrx_word' id='word_1_63' title='bbox 1474 1410 1627 1468; x_wconf 72' lang='lat' dir='ltr'><strong><em>tubaz.</em></strong></span> 
     </span>
    </p>
   </div>
   <div class='ocr_carea' id='block_1_15' title="bbox 233 1587 1740 1666">
    <p class='ocr_par' dir='ltr' id='par_1_15' title="bbox 233 1587 1740 1666">
     <span class='ocr_line' id='line_1_15' title="bbox 233 1587 1740 1666; baseline 0.003 -22"><span class='ocrx_word' id='word_1_64' title='bbox 233 1587 427 1645; x_wconf 85' lang='lat' dir='ltr'><strong><em>Psallite</em></strong></span> <span class='ocrx_word' id='word_1_65' title='bbox 456 1589 564 1646; x_wconf 91' lang='lat' dir='ltr'><strong><em>Deo</em></strong></span> <span class='ocrx_word' id='word_1_66' title='bbox 599 1606 658 1647; x_wconf 73' lang='lat' dir='ltr'><strong><em>-e~</em></strong></span> <span class='ocrx_word' id='word_1_67' title='bbox 689 1599 864 1648; x_wconf 89' lang='lat' dir='ltr'><strong><em>nostro</em></strong></span> <span class='ocrx_word' id='word_1_68' title='bbox 905 1596 928 1666; x_wconf 74' lang='grc' dir='ltr'>ζ</span> <span class='ocrx_word' id='word_1_69' title='bbox 963 1595 1170 1666; x_wconf 88' lang='lat' dir='ltr'><strong><em>psallite</em></strong></span> <span class='ocrx_word' id='word_1_70' title='bbox 1195 1611 1214 1650; x_wconf 92' lang='lat'><strong><em>:</em></strong></span> <span class='ocrx_word' id='word_1_71' title='bbox 1249 1594 1456 1666; x_wconf 79' lang='lat' dir='ltr'><strong><em>psallite</em></strong></span> <span class='ocrx_word' id='word_1_72' title='bbox 1482 1595 1591 1665; x_wconf 86' lang='lat' dir='ltr'><strong><em>regi</em></strong></span> <span class='ocrx_word' id='word_1_73' title='bbox 1618 1611 1740 1649; x_wconf 85' lang='lat' dir='ltr'><strong><em>nos-</em></strong></span> 
     </span>
    </p>
   </div>
   <div class='ocr_carea' id='block_1_16' title="bbox 176 1685 503 1758">
    <p class='ocr_par' dir='ltr' id='par_1_16' title="bbox 176 1685 503 1758">
     <span class='ocr_line' id='line_1_16' title="bbox 176 1685 503 1758; baseline 0.012 -19"><span class='ocrx_word' id='word_1_74' title='bbox 176 1695 254 1750; x_wconf 83' lang='lat' dir='ltr'><strong><em>tto,</em></strong></span> <span class='ocrx_word' id='word_1_75' title='bbox 292 1685 503 1758; x_wconf 90' lang='lat' dir='ltr'><strong><em>psallite.</em></strong></span> 
     </span>
    </p>
   </div>
   <div class='ocr_carea' id='block_1_17' title="bbox 232 1777 1734 1854">
    <p class='ocr_par' dir='ltr' id='par_1_17' title="bbox 232 1777 1734 1854">
     <span class='ocr_line' id='line_1_17' title="bbox 232 1777 1734 1854; baseline 0.003 -22"><span class='ocrx_word' id='word_1_76' title='bbox 232 1779 466 1846; x_wconf 83' lang='lat' dir='ltr'><strong><em>Quoniam</em></strong></span> <span class='ocrx_word' id='word_1_77' title='bbox 491 1794 591 1833; x_wconf 77' lang='lat' dir='ltr'><strong><em>rea:</em></strong></span> <span class='ocrx_word' id='word_1_78' title='bbox 621 1782 790 1835; x_wconf 88' lang='lat' dir='ltr'><strong><em>onmis</em></strong></span> <span class='ocrx_word' id='word_1_79' title='bbox 819 1788 974 1836; x_wconf 79' lang='lat' dir='ltr'><strong><em>lerrte</em></strong></span> <span class='ocrx_word' id='word_1_80' title='bbox 1003 1777 1150 1836; x_wconf 88' lang='lat' dir='ltr'><strong><em>Deus</em></strong></span> <span class='ocrx_word' id='word_1_81' title='bbox 1176 1780 1424 1853; x_wconf 85' lang='lat' dir='ltr'><strong><em>:psallile</em></strong></span> <span class='ocrx_word' id='word_1_82' title='bbox 1451 1781 1734 1854; x_wconf 70' lang='lat' dir='ltr'><strong><em>sapienter.</em></strong></span> 
     </span>
    </p>
   </div>
   <div class='ocr_carea' id='block_1_18' title="bbox 231 1871 1736 1947">
    <p class='ocr_par' dir='ltr' id='par_1_18' title="bbox 231 1871 1736 1947">
     <span class='ocr_line' id='line_1_18' title="bbox 231 1871 1736 1947; baseline 0.002 -21"><span class='ocrx_word' id='word_1_83' title='bbox 231 1871 458 1942; x_wconf 75' lang='lat' dir='ltr'><strong><em>Rogitabit</em></strong></span> <span class='ocrx_word' id='word_1_84' title='bbox 483 1871 626 1928; x_wconf 89' lang='lat' dir='ltr'><strong><em>Deus</em></strong></span> <span class='ocrx_word' id='word_1_85' title='bbox 652 1891 810 1946; x_wconf 87' lang='lat' dir='ltr'><strong><em>super</em></strong></span> <span class='ocrx_word' id='word_1_86' title='bbox 829 1885 1006 1947; x_wconf 88' lang='lat' dir='ltr'><strong><em>gentes</em></strong></span> <span class='ocrx_word' id='word_1_87' title='bbox 1029 1891 1047 1930; x_wconf 89' lang='lat'><strong><em>:</em></strong></span> <span class='ocrx_word' id='word_1_88' title='bbox 1074 1873 1215 1930; x_wconf 83' lang='lat' dir='ltr'><strong><em>Deus</em></strong></span> <span class='ocrx_word' id='word_1_89' title='bbox 1235 1876 1378 1931; x_wconf 87' lang='lat' dir='ltr'><strong><em>sedet</em></strong></span> <span class='ocrx_word' id='word_1_90' title='bbox 1396 1892 1554 1946; x_wconf 85' lang='lat' dir='ltr'><strong><em>super</em></strong></span> <span class='ocrx_word' id='word_1_91' title='bbox 1565 1876 1736 1931; x_wconf 80' lang='lat' dir='ltr'><strong><em>sedem</em></strong></span> 
     </span>
    </p>
   </div>
   <div class='ocr_carea' id='block_1_19' title="bbox 175 1975 560 2029">
    <p class='ocr_par' dir='ltr' id='par_1_19' title="bbox 175 1975 560 2029">
     <span class='ocr_line' id='line_1_19' title="bbox 175 1975 560 2029; baseline 0.01 -13"><span class='ocrx_word' id='word_1_92' title='bbox 175 1975 374 2018; x_wconf 85' lang='lat' dir='ltr'><strong><em>sanctam</em></strong></span> <span class='ocrx_word' id='word_1_93' title='bbox 394 1982 560 2029; x_wconf 82' lang='lat' dir='ltr'><strong><em>suam.</em></strong></span> 
     </span>
    </p>
   </div>
   <div class='ocr_carea' id='block_1_20' title="bbox 234 2056 1737 2132">
    <p class='ocr_par' dir='ltr' id='par_1_20' title="bbox 234 2056 1737 2132">
     <span class='ocr_line' id='line_1_20' title="bbox 234 2056 1737 2132; baseline 0.004 -21"><span class='ocrx_word' id='word_1_94' title='bbox 234 2056 478 2130; x_wconf 78' lang='lat' dir='ltr'><strong><em>Principes</em></strong></span> <span class='ocrx_word' id='word_1_95' title='bbox 545 2059 864 2131; x_wconf 88' lang='lat' dir='ltr'><strong><em>populorum</em></strong></span> <span class='ocrx_word' id='word_1_96' title='bbox 915 2061 1220 2132; x_wconf 81' lang='lat' dir='ltr'><strong><em>congregati</em></strong></span> <span class='ocrx_word' id='word_1_97' title='bbox 1283 2069 1404 2116; x_wconf 87' lang='lat' dir='ltr'><strong><em>sunt</em></strong></span> <span class='ocrx_word' id='word_1_98' title='bbox 1457 2078 1571 2116; x_wconf 90' lang='lat' dir='ltr'><strong><em>cum</em></strong></span> <span class='ocrx_word' id='word_1_99' title='bbox 1626 2061 1737 2117; x_wconf 90' lang='lat' dir='ltr'><strong><em>Deo</em></strong></span> 
     </span>
    </p>
   </div>
   <div class='ocr_carea' id='block_1_21' title="bbox 178 2148 1740 2221">
    <p class='ocr_par' dir='ltr' id='par_1_21' title="bbox 178 2148 1740 2221">
     <span class='ocr_line' id='line_1_21' title="bbox 178 2148 1740 2221; baseline 0.004 -20"><span class='ocrx_word' id='word_1_100' title='bbox 178 2148 397 2204; x_wconf 77' lang='lat' dir='ltr'><strong><em>Abraham</em></strong></span> <span class='ocrx_word' id='word_1_101' title='bbox 421 2151 708 2221; x_wconf 87' lang='lat' dir='ltr'><strong><em>:quoniam</em></strong></span> <span class='ocrx_word' id='word_1_102' title='bbox 736 2149 813 2204; x_wconf 88' lang='lat' dir='ltr'><strong><em>dii</em></strong></span> <span class='ocrx_word' id='word_1_103' title='bbox 842 2150 1005 2220; x_wconf 76' lang='lat' dir='ltr'><strong><em>fortes</em></strong></span> <span class='ocrx_word' id='word_1_104' title='bbox 1027 2160 1176 2207; x_wconf 85' lang='lat' dir='ltr'><strong><em>terra:</em></strong></span> <span class='ocrx_word' id='word_1_105' title='bbox 1207 2153 1529 2210; x_wconf 73' lang='lat' dir='ltr'><strong><em>uehementer</em></strong></span> <span class='ocrx_word' id='word_1_106' title='bbox 1557 2155 1740 2209; x_wconf 84' lang='lat' dir='ltr'><strong><em>elerati</em></strong></span> 
     </span>
    </p>
   </div>
   <div class='ocr_carea' id='block_1_22' title="bbox 181 2252 295 2300">
    <p class='ocr_par' dir='ltr' id='par_1_22' title="bbox 181 2252 295 2300">
     <span class='ocr_line' id='line_1_22' title="bbox 181 2252 295 2300; baseline 0.035 -4"><span class='ocrx_word' id='word_1_107' title='bbox 181 2252 295 2300; x_wconf 76' lang='lat' dir='ltr'><strong><em>sunt.</em></strong></span> 
     </span>
    </p>
   </div>
   <div class='ocr_carea' id='block_1_23' title="bbox 1759 556 1812 614">
    <p class='ocr_par' dir='ltr' id='par_1_23' title="bbox 1759 556 1812 614">
     <span class='ocr_line' id='line_1_23' title="bbox 1759 556 1812 614; baseline 0 0"><span class='ocrx_word' id='word_1_108' title='bbox 1759 556 1812 614; x_wconf 79' lang='grc' dir='ltr'><strong>Α</strong></span> 
     </span>
    </p>
   </div>
   <div class='ocr_carea' id='block_1_24' title="bbox 2073 539 3184 614">
    <p class='ocr_par' dir='ltr' id='par_1_24' title="bbox 2073 539 3184 614">
     <span class='ocr_line' id='line_1_24' title="bbox 2073 539 3184 614; baseline 0.003 -16"><span class='ocrx_word' id='word_1_109' title='bbox 2073 559 2124 599; x_wconf 70' lang='lat' dir='ltr'><strong><em>ut</em></strong></span> <span class='ocrx_word' id='word_1_110' title='bbox 2154 539 2178 580; x_wconf 70' lang='grc' dir='ltr'>ά</span> <span class='ocrx_word' id='word_1_111' title='bbox 2212 559 2395 611; x_wconf 70' lang='lat' dir='ltr'><strong><em>nun,</em></strong></span> <span class='ocrx_word' id='word_1_112' title='bbox 2426 557 2529 601; x_wconf 71' lang='lat' dir='ltr'><strong><em>eno</em></strong></span> <span class='ocrx_word' id='word_1_113' title='bbox 2561 561 2714 601; x_wconf 70' lang='lat' dir='ltr'><strong><em>nens</em></strong></span> <span class='ocrx_word' id='word_1_114' title='bbox 2744 559 2900 614; x_wconf 78' lang='lat' dir='ltr'><strong><em>CORE,</em></strong></span> <span class='ocrx_word' id='word_1_115' title='bbox 2933 559 3184 603; x_wconf 54' lang='lat' dir='ltr'><strong><em>animos.</em></strong></span> 
     </span>
    </p>
   </div>
   <div class='ocr_carea' id='block_1_25' title="bbox 1908 657 3435 732">
    <p class='ocr_par' dir='ltr' id='par_1_25' title="bbox 1908 657 3435 732">
     <span class='ocr_line' id='line_1_25' title="bbox 1908 657 3435 732; baseline 0.004 -20"><span class='ocrx_word' id='word_1_116' title='bbox 1908 657 2110 713; x_wconf 88' lang='lat' dir='ltr'><strong><em>Omnes</em></strong></span> <span class='ocrx_word' id='word_1_117' title='bbox 2131 666 2342 730; x_wconf 79' lang='lat' dir='ltr'><strong><em>gentes,</em></strong></span> <span class='ocrx_word' id='word_1_118' title='bbox 2367 657 2609 728; x_wconf 68' lang='lat' dir='ltr'><strong><em>plaudite</em></strong></span> <span class='ocrx_word' id='word_1_119' title='bbox 2639 660 2891 716; x_wconf 88' lang='lat' dir='ltr'><strong><em>manibus</em></strong></span> <span class='ocrx_word' id='word_1_120' title='bbox 2921 676 2934 714; x_wconf 90' lang='lat'><strong>:</strong></span> <span class='ocrx_word' id='word_1_121' title='bbox 2965 660 3202 732; x_wconf 88' lang='lat' dir='ltr'><strong><em>jubilate</em></strong></span> <span class='ocrx_word' id='word_1_122' title='bbox 3235 661 3347 717; x_wconf 88' lang='lat' dir='ltr'><strong><em>Deo</em></strong></span> <span class='ocrx_word' id='word_1_123' title='bbox 3381 661 3435 718; x_wconf 91' lang='lat' dir='ltr'><strong><em>in</em></strong></span> 
     </span>
    </p>
   </div>
   <div class='ocr_carea' id='block_1_26' title="bbox 1840 751 2404 808">
    <p class='ocr_par' dir='ltr' id='par_1_26' title="bbox 1840 751 2404 808">
     <span class='ocr_line' id='line_1_26' title="bbox 1840 751 2404 808; baseline 0.005 -3"><span class='ocrx_word' id='word_1_124' title='bbox 1840 766 1974 806; x_wconf 90' lang='lat' dir='ltr'><strong><em>voce</em></strong></span> <span class='ocrx_word' id='word_1_125' title='bbox 2005 751 2404 808; x_wconf 83' lang='lat' dir='ltr'><strong><em>exsultationis.</em></strong></span> 
     </span>
    </p>
   </div>
   <div class='ocr_carea' id='block_1_27' title="bbox 1909 843 3437 922">
    <p class='ocr_par' dir='ltr' id='par_1_27' title="bbox 1909 843 3437 922">
     <span class='ocr_line' id='line_1_27' title="bbox 1909 843 3437 922; baseline 0.005 -24"><span class='ocrx_word' id='word_1_126' title='bbox 1909 843 2178 912; x_wconf 87' lang='lat' dir='ltr'><strong><em>Quoniam</em></strong></span> <span class='ocrx_word' id='word_1_127' title='bbox 2208 843 2350 900; x_wconf 89' lang='lat' dir='ltr'><strong><em>Deus</em></strong></span> <span class='ocrx_word' id='word_1_128' title='bbox 2373 854 2395 883; x_wconf 75' lang='grc' dir='ltr'>ε</span> <span class='ocrx_word' id='word_1_129' title='bbox 2419 859 2662 902; x_wconf 88' lang='lat' dir='ltr'><strong><em>summus</em></strong></span> <span class='ocrx_word' id='word_1_130' title='bbox 2687 847 2950 904; x_wconf 84' lang='lat' dir='ltr'><strong><em>terribilis</em></strong></span> <span class='ocrx_word' id='word_1_131' title='bbox 2976 867 2987 902; x_wconf 90' lang='lat'><strong>:</strong></span> <span class='ocrx_word' id='word_1_132' title='bbox 3010 856 3064 905; x_wconf 90' lang='lat' dir='ltr'><strong><em>et</em></strong></span> <span class='ocrx_word' id='word_1_133' title='bbox 3089 865 3185 906; x_wconf 83' lang='lat' dir='ltr'><strong><em>rex</em></strong></span> <span class='ocrx_word' id='word_1_134' title='bbox 3209 865 3437 922; x_wconf 81' lang='lat' dir='ltr'><strong><em>magnus</em></strong></span> 
     </span>
    </p>
   </div>
   <div class='ocr_carea' id='block_1_28' title="bbox 1836 936 2401 1008">
    <p class='ocr_par' dir='ltr' id='par_1_28' title="bbox 1836 936 2401 1008">
     <span class='ocr_line' id='line_1_28' title="bbox 1836 936 2401 1008; baseline 0.002 -16"><span class='ocrx_word' id='word_1_135' title='bbox 1836 951 2002 1008; x_wconf 80' lang='lat' dir='ltr'><strong><em>super</em></strong></span> <span class='ocrx_word' id='word_1_136' title='bbox 2025 952 2217 994; x_wconf 88' lang='lat' dir='ltr'><strong><em>omnes</em></strong></span> <span class='ocrx_word' id='word_1_137' title='bbox 2243 936 2401 994; x_wconf 90' lang='lat' dir='ltr'><strong><em>deos.</em></strong></span> 
     </span>
    </p>
   </div>
   <div class='ocr_carea' id='block_1_29' title="bbox 1910 1030 3435 1111">
    <p class='ocr_par' dir='ltr' id='par_1_29' title="bbox 1910 1030 3435 1111">
     <span class='ocr_line' id='line_1_29' title="bbox 1910 1030 3435 1111; baseline 0.007 -25"><span class='ocrx_word' id='word_1_138' title='bbox 1910 1030 2153 1102; x_wconf 85' lang='lat' dir='ltr'><strong><em>Subjecit</em></strong></span> <span class='ocrx_word' id='word_1_139' title='bbox 2195 1032 2427 1104; x_wconf 86' lang='lat' dir='ltr'><strong><em>populos</em></strong></span> <span class='ocrx_word' id='word_1_140' title='bbox 2475 1035 2633 1092; x_wconf 87' lang='lat' dir='ltr'><strong><em>nobis</em></strong></span> <span class='ocrx_word' id='word_1_141' title='bbox 2665 1053 2679 1091; x_wconf 90' lang='lat'><strong>:</strong></span> <span class='ocrx_word' id='word_1_142' title='bbox 2711 1046 2766 1094; x_wconf 86' lang='lat' dir='ltr'><strong><em>et</em></strong></span> <span class='ocrx_word' id='word_1_143' title='bbox 2811 1047 3000 1110; x_wconf 85' lang='lat' dir='ltr'><strong><em>gentes</em></strong></span> <span class='ocrx_word' id='word_1_144' title='bbox 3055 1039 3156 1096; x_wconf 89' lang='lat' dir='ltr'><strong><em>sub</em></strong></span> <span class='ocrx_word' id='word_1_145' title='bbox 3202 1039 3435 1111; x_wconf 88' lang='lat' dir='ltr'><strong><em>pedibus</em></strong></span> 
     </span>
    </p>
   </div>
   <div class='ocr_carea' id='block_1_30' title="bbox 1839 1124 2066 1180">
    <p class='ocr_par' dir='ltr' id='par_1_30' title="bbox 1839 1124 2066 1180">
     <span class='ocr_line' id='line_1_30' title="bbox 1839 1124 2066 1180; baseline 0 0"><span class='ocrx_word' id='word_1_146' title='bbox 1839 1124 2066 1180; x_wconf 86' lang='lat' dir='ltr'><strong><em>nostris.</em></strong></span> 
     </span>
    </p>
   </div>
   <div class='ocr_carea' id='block_1_31' title="bbox 1913 1213 3436 1296">
    <p class='ocr_par' dir='ltr' id='par_1_31' title="bbox 1913 1213 3436 1296">
     <span class='ocr_line' id='line_1_31' title="bbox 1913 1213 3436 1296; baseline 0.009 -26"><span class='ocrx_word' id='word_1_147' title='bbox 1913 1216 2086 1287; x_wconf 73' lang='lat' dir='ltr'><strong><em>Elegit</em></strong></span> <span class='ocrx_word' id='word_1_148' title='bbox 2119 1213 2264 1273; x_wconf 75' lang='lat' dir='ltr'><strong><em>tnos</em></strong></span> <span class='ocrx_word' id='word_1_149' title='bbox 2295 1216 2346 1272; x_wconf 94' lang='lat' dir='ltr'><strong><em>in</em></strong></span> <span class='ocrx_word' id='word_1_150' title='bbox 2379 1218 2755 1278; x_wconf 66' lang='lat' dir='ltr'><strong><em>haereditatem</em></strong></span> <span class='ocrx_word' id='word_1_151' title='bbox 2798 1223 2900 1280; x_wconf 85' lang='lat' dir='ltr'><strong><em>sibi</em></strong></span> <span class='ocrx_word' id='word_1_152' title='bbox 2927 1242 2940 1277; x_wconf 90' lang='lat'>:</span> <span class='ocrx_word' id='word_1_153' title='bbox 2975 1225 3212 1296; x_wconf 87' lang='lat' dir='ltr'><strong><em>speciem</em></strong></span> <span class='ocrx_word' id='word_1_154' title='bbox 3243 1227 3436 1294; x_wconf 83' lang='lat' dir='ltr'><strong><em>Jacob,</em></strong></span> 
     </span>
    </p>
   </div>
   <div class='ocr_carea' id='block_1_32' title="bbox 1837 1307 2606 1378">
    <p class='ocr_par' dir='ltr' id='par_1_32' title="bbox 1837 1307 2606 1378">
     <span class='ocr_line' id='line_1_32' title="bbox 1837 1307 2606 1378; baseline 0.01 -18"><span class='ocrx_word' id='word_1_155' title='bbox 1837 1322 1998 1378; x_wconf 83' lang='lat' dir='ltr'><strong><em>quam</em></strong></span> <span class='ocrx_word' id='word_1_156' title='bbox 2028 1307 2242 1362; x_wconf 79' lang='lat' dir='ltr'><strong><em>dilexit.</em></strong></span> <span class='ocrx_word' id='word_1_157' title='bbox 2271 1308 2606 1368; x_wconf 73' lang='lat' dir='ltr'><strong><em>DIAPSALIA.</em></strong></span> 
     </span>
    </p>
   </div>
   <div class='ocr_carea' id='block_1_33' title="bbox 1909 1399 3437 1484">
    <p class='ocr_par' dir='ltr' id='par_1_33' title="bbox 1909 1399 3437 1484">
     <span class='ocr_line' id='line_1_33' title="bbox 1909 1399 3437 1484; baseline 0.009 -30"><span class='ocrx_word' id='word_1_158' title='bbox 1909 1399 2172 1456; x_wconf 80' lang='lat' dir='ltr'><strong><em>Ascendit</em></strong></span> <span class='ocrx_word' id='word_1_159' title='bbox 2199 1402 2345 1459; x_wconf 87' lang='lat' dir='ltr'><strong><em>Deus</em></strong></span> <span class='ocrx_word' id='word_1_160' title='bbox 2377 1403 2428 1458; x_wconf 94' lang='lat' dir='ltr'><strong><em>in</em></strong></span> <span class='ocrx_word' id='word_1_161' title='bbox 2449 1403 2776 1474; x_wconf 81' lang='lat' dir='ltr'><strong><em>jubilutione</em></strong></span> <span class='ocrx_word' id='word_1_162' title='bbox 2807 1426 2819 1464; x_wconf 89' lang='lat'>:</span> <span class='ocrx_word' id='word_1_163' title='bbox 2849 1418 2902 1466; x_wconf 88' lang='lat' dir='ltr'><strong><em>et</em></strong></span> <span class='ocrx_word' id='word_1_164' title='bbox 2927 1409 3060 1482; x_wconf 77' lang='lat' dir='ltr'><strong><em>[.lls.</em></strong></span> <span class='ocrx_word' id='word_1_165' title='bbox 3093 1419 3196 1467; x_wconf 87' lang='lat' dir='ltr'><strong><em>tae.</em></strong></span> <span class='ocrx_word' id='word_1_166' title='bbox 3221 1410 3304 1484; x_wconf 85' lang='lat' dir='ltr'><strong><em>et]</em></strong></span> <span class='ocrx_word' id='word_1_167' title='bbox 3332 1409 3437 1468; x_wconf 89' lang='lat' dir='ltr'><strong><em>Do-</em></strong></span> 
     </span>
    </p>
   </div>
   <div class='ocr_carea' id='block_1_34' title="bbox 1839 1492 2464 1552">
    <p class='ocr_par' dir='ltr' id='par_1_34' title="bbox 1839 1492 2464 1552">
     <span class='ocr_line' id='line_1_34' title="bbox 1839 1492 2464 1552; baseline 0.006 -4"><span class='ocrx_word' id='word_1_168' title='bbox 1839 1492 2018 1549; x_wconf 82' lang='lat' dir='ltr'><strong><em>minus</em></strong></span> <span class='ocrx_word' id='word_1_169' title='bbox 2051 1493 2104 1548; x_wconf 91' lang='lat' dir='ltr'><strong><em>in</em></strong></span> <span class='ocrx_word' id='word_1_170' title='bbox 2133 1509 2268 1551; x_wconf 88' lang='lat' dir='ltr'><strong><em>voce</em></strong></span> <span class='ocrx_word' id='word_1_171' title='bbox 2300 1495 2464 1552; x_wconf 61' lang='lat' dir='ltr'><strong><em>tubas.</em></strong></span> 
     </span>
    </p>
   </div>
   <div class='ocr_carea' id='block_1_35' title="bbox 1913 1587 3442 1671">
    <p class='ocr_par' dir='ltr' id='par_1_35' title="bbox 1913 1587 3442 1671">
     <span class='ocr_line' id='line_1_35' title="bbox 1913 1587 3442 1671; baseline 0.01 -30"><span class='ocrx_word' id='word_1_172' title='bbox 1913 1587 2134 1645; x_wconf 86' lang='lat' dir='ltr'><strong><em>Psallite</em></strong></span> <span class='ocrx_word' id='word_1_173' title='bbox 2167 1589 2276 1645; x_wconf 89' lang='lat' dir='ltr'><strong><em>Deo</em></strong></span> <span class='ocrx_word' id='word_1_174' title='bbox 2304 1600 2517 1660; x_wconf 90' lang='lat' dir='ltr'><strong><em>nostro,</em></strong></span> <span class='ocrx_word' id='word_1_175' title='bbox 2548 1593 2796 1664; x_wconf 80' lang='lat' dir='ltr'><strong><em>psallite:</em></strong></span> <span class='ocrx_word' id='word_1_176' title='bbox 2827 1595 3048 1667; x_wconf 83' lang='lat' dir='ltr'><strong><em>psallite</em></strong></span> <span class='ocrx_word' id='word_1_177' title='bbox 3079 1598 3193 1668; x_wconf 82' lang='lat' dir='ltr'><strong><em>regi</em></strong></span> <span class='ocrx_word' id='word_1_178' title='bbox 3229 1609 3442 1671; x_wconf 88' lang='lat' dir='ltr'><strong><em>nostro,</em></strong></span> 
     </span>
    </p>
   </div>
   <div class='ocr_carea' id='block_1_36' title="bbox 1838 1675 2646 1749">
    <p class='ocr_par' dir='ltr' id='par_1_36' title="bbox 1838 1675 2646 1749">
     <span class='ocr_line' id='line_1_36' title="bbox 1838 1675 2646 1749; baseline 0.001 -17"><span class='ocrx_word' id='word_1_179' title='bbox 1838 1675 2078 1749; x_wconf 82' lang='lat' dir='ltr'><strong><em>psallite.</em></strong></span> <span class='ocrx_word' id='word_1_180' title='bbox 2643 1691 2646 1694; x_wconf 87' lang='lat'>&#39;</span> 
     </span>
    </p>
   </div>
   <div class='ocr_carea' id='block_1_37' title="bbox 1911 1773 3442 1855">
    <p class='ocr_par' dir='ltr' id='par_1_37' title="bbox 1911 1773 3442 1855">
     <span class='ocr_line' id='line_1_37' title="bbox 1911 1773 3442 1855; baseline 0.008 -26"><span class='ocrx_word' id='word_1_181' title='bbox 1911 1773 2181 1842; x_wconf 83' lang='lat' dir='ltr'><strong><em>Quoniam</em></strong></span> <span class='ocrx_word' id='word_1_182' title='bbox 2231 1791 2330 1832; x_wconf 80' lang='lat' dir='ltr'><strong><em>rex</em></strong></span> <span class='ocrx_word' id='word_1_183' title='bbox 2379 1777 2556 1833; x_wconf 91' lang='lat' dir='ltr'><strong><em>omnis</em></strong></span> <span class='ocrx_word' id='word_1_184' title='bbox 2613 1788 2795 1850; x_wconf 82' lang='lat' dir='ltr'><strong><em>teme,</em></strong></span> <span class='ocrx_word' id='word_1_185' title='bbox 2832 1782 2972 1839; x_wconf 86' lang='lat' dir='ltr'><strong><em>Deus</em></strong></span> <span class='ocrx_word' id='word_1_186' title='bbox 3013 1801 3024 1835; x_wconf 87' lang='lat'><strong>:</strong></span> <span class='ocrx_word' id='word_1_187' title='bbox 3079 1784 3296 1855; x_wconf 87' lang='lat' dir='ltr'><strong><em>psallite</em></strong></span> <span class='ocrx_word' id='word_1_188' title='bbox 3348 1801 3442 1841; x_wconf 86' lang='lat' dir='ltr'><strong><em>sa-</em></strong></span> 
     </span>
    </p>
   </div>
   <div class='ocr_carea' id='block_1_38' title="bbox 1841 1869 2077 1940">
    <p class='ocr_par' dir='ltr' id='par_1_38' title="bbox 1841 1869 2077 1940">
     <span class='ocr_line' id='line_1_38' title="bbox 1841 1869 2077 1940; baseline 0.004 -17"><span class='ocrx_word' id='word_1_189' title='bbox 1841 1869 2077 1940; x_wconf 88' lang='lat' dir='ltr'><strong><em>pienter.</em></strong></span> 
     </span>
    </p>
   </div>
   <div class='ocr_carea' id='block_1_39' title="bbox 1766 1949 3439 2039">
    <p class='ocr_par' dir='ltr' id='par_1_39' title="bbox 1766 1949 3439 2039">
     <span class='ocr_line' id='line_1_39' title="bbox 1766 1949 3439 2039; baseline 0.007 -24"><span class='ocrx_word' id='word_1_190' title='bbox 1766 1949 1813 2010; x_wconf 84' lang='grc' dir='ltr'><strong>Β</strong></span> <span class='ocrx_word' id='word_1_191' title='bbox 1913 1961 2181 2034; x_wconf 78' lang='lat' dir='ltr'><strong><em>Regnavit</em></strong></span> <span class='ocrx_word' id='word_1_192' title='bbox 2228 1961 2491 2020; x_wconf 88' lang='lat' dir='ltr'><strong><em>Dominus</em></strong></span> <span class='ocrx_word' id='word_1_193' title='bbox 2543 1979 2712 2036; x_wconf 86' lang='lat' dir='ltr'><strong><em>super</em></strong></span> <span class='ocrx_word' id='word_1_194' title='bbox 2765 1981 2956 2024; x_wconf 89' lang='lat' dir='ltr'><strong><em>omnes</em></strong></span> <span class='ocrx_word' id='word_1_195' title='bbox 3005 1979 3242 2039; x_wconf 85' lang='lat' dir='ltr'><strong><em>gentes:</em></strong></span> <span class='ocrx_word' id='word_1_196' title='bbox 3296 1970 3439 2028; x_wconf 70' lang='lat' dir='ltr'><strong><em>Dea?</em></strong></span> 
     </span>
    </p>
   </div>
   <div class='ocr_carea' id='block_1_40' title="bbox 1845 2055 2882 2126">
    <p class='ocr_par' dir='ltr' id='par_1_40' title="bbox 1845 2055 2882 2126">
     <span class='ocr_line' id='line_1_40' title="bbox 1845 2055 2882 2126; baseline 0.003 -15"><span class='ocrx_word' id='word_1_197' title='bbox 1845 2055 2000 2112; x_wconf 86' lang='lat' dir='ltr'><strong><em>sedet</em></strong></span> <span class='ocrx_word' id='word_1_198' title='bbox 2023 2071 2188 2126; x_wconf 87' lang='lat' dir='ltr'><strong><em>super</em></strong></span> <span class='ocrx_word' id='word_1_199' title='bbox 2213 2056 2398 2112; x_wconf 89' lang='lat' dir='ltr'><strong><em>sedem</em></strong></span> <span class='ocrx_word' id='word_1_200' title='bbox 2427 2067 2672 2113; x_wconf 87' lang='lat' dir='ltr'><strong><em>sanctam</em></strong></span> <span class='ocrx_word' id='word_1_201' title='bbox 2707 2075 2882 2114; x_wconf 86' lang='lat' dir='ltr'><strong><em>suam.</em></strong></span> 
     </span>
    </p>
   </div>
   <div class='ocr_carea' id='block_1_41' title="bbox 1919 2149 3438 2220">
    <p class='ocr_par' dir='ltr' id='par_1_41' title="bbox 1919 2149 3438 2220">
     <span class='ocr_line' id='line_1_41' title="bbox 1919 2149 3438 2220; baseline 0.003 -16"><span class='ocrx_word' id='word_1_202' title='bbox 1919 2149 2201 2220; x_wconf 87' lang='lat' dir='ltr'><strong><em>Principes</em></strong></span> <span class='ocrx_word' id='word_1_203' title='bbox 2226 2150 2406 2220; x_wconf 85' lang='lat' dir='ltr'><strong><em>pepuli</em></strong></span> <span class='ocrx_word' id='word_1_204' title='bbox 2436 2161 2813 2207; x_wconf 87' lang='lat' dir='ltr'><strong><em>convenerunt</em></strong></span> <span class='ocrx_word' id='word_1_205' title='bbox 2839 2168 2962 2208; x_wconf 92' lang='lat' dir='ltr'><strong><em>cum</em></strong></span> <span class='ocrx_word' id='word_1_206' title='bbox 2983 2154 3096 2210; x_wconf 73' lang='grc' dir='ltr'><strong><em>Ι).ιο</em></strong></span> <span class='ocrx_word' id='word_1_207' title='bbox 3129 2155 3400 2209; x_wconf 82' lang='lat' dir='ltr'><strong><em>Abraham</em></strong></span> <span class='ocrx_word' id='word_1_208' title='bbox 3425 2195 3438 2207; x_wconf 91' lang='lat'><strong><em>.</em></strong></span> 
     </span>
    </p>
   </div>
   <div class='ocr_carea' id='block_1_42' title="bbox 1845 2241 3293 2314">
    <p class='ocr_par' dir='ltr' id='par_1_42' title="bbox 1845 2241 3293 2314">
     <span class='ocr_line' id='line_1_42' title="bbox 1845 2241 3293 2314; baseline 0.002 -15"><span class='ocrx_word' id='word_1_209' title='bbox 1845 2242 2102 2314; x_wconf 88' lang='lat' dir='ltr'><strong><em>quoniam</em></strong></span> <span class='ocrx_word' id='word_1_210' title='bbox 2130 2241 2209 2299; x_wconf 92' lang='lat' dir='ltr'><strong><em>dii</em></strong></span> <span class='ocrx_word' id='word_1_211' title='bbox 2239 2242 2411 2300; x_wconf 79' lang='lat' dir='ltr'><strong><em>fortes</em></strong></span> <span class='ocrx_word' id='word_1_212' title='bbox 2440 2251 2602 2300; x_wconf 76' lang='lat' dir='ltr'><strong><em>terra:</em></strong></span> <span class='ocrx_word' id='word_1_213' title='bbox 2630 2245 2859 2301; x_wconf 89' lang='lat' dir='ltr'><strong><em>nimium</em></strong></span> <span class='ocrx_word' id='word_1_214' title='bbox 2891 2247 3088 2303; x_wconf 83' lang='lat' dir='ltr'><strong><em>elevati</em></strong></span> <span class='ocrx_word' id='word_1_215' title='bbox 3144 2257 3293 2304; x_wconf 86' lang='lat' dir='ltr'><strong><em>sunt.</em></strong></span> 
     </span>
    </p>
   </div>
   <div class='ocr_carea' id='block_1_43' title="bbox 1463 2358 2125 2427">
    <p class='ocr_par' dir='ltr' id='par_1_43' title="bbox 1463 2358 2125 2427">
     <span class='ocr_line' id='line_1_43' title="bbox 1463 2358 2125 2427; baseline -0.014 0"><span class='ocrx_word' id='word_1_216' title='bbox 1463 2359 1819 2427; x_wconf 77' lang='lat' dir='ltr'><strong><em>PSALMUS</em></strong></span> <span class='ocrx_word' id='word_1_217' title='bbox 1868 2358 2125 2421; x_wconf 83' lang='lat' dir='ltr'><strong><em>XLVII.</em></strong></span> 
     </span>
    </p>
   </div>
   <div class='ocr_carea' id='block_1_44' title="bbox 206 2468 1718 2536">
    <p class='ocr_par' dir='ltr' id='par_1_44' title="bbox 206 2468 1718 2536">
     <span class='ocr_line' id='line_1_44' title="bbox 206 2468 1718 2536; baseline 0 -12"><span class='ocrx_word' id='word_1_218' title='bbox 206 2469 227 2502; x_wconf 82' lang='grc'><strong><em>⁸</em></strong></span> <span class='ocrx_word' id='word_1_219' title='bbox 248 2482 492 2527; x_wconf 72' lang='lat' dir='ltr'><strong><em>CANTICUII</em></strong></span> <span class='ocrx_word' id='word_1_220' title='bbox 523 2484 718 2526; x_wconf 75' lang='lat' dir='ltr'><strong><em>PSALIII</em></strong></span> <span class='ocrx_word' id='word_1_221' title='bbox 751 2483 906 2526; x_wconf 80' lang='lat' dir='ltr'><strong><em>rths</em></strong></span> <span class='ocrx_word' id='word_1_222' title='bbox 932 2483 1091 2533; x_wconf 77' lang='lat' dir='ltr'><strong><em>cons,</em></strong></span> <span class='ocrx_word' id='word_1_223' title='bbox 1121 2481 1174 2524; x_wconf 48' lang='lat' dir='ltr'><strong><em>rt</em></strong></span> <span class='ocrx_word' id='word_1_224' title='bbox 1208 2482 1444 2525; x_wconf 70' lang='lat' dir='ltr'><strong><em>saccum</em></strong></span> <span class='ocrx_word' id='word_1_225' title='bbox 1467 2468 1718 2536; x_wconf 72' lang='lat' dir='ltr'><strong><em>sanant:</em></strong></span> 
     </span>
    </p>
   </div>
   <div class='ocr_carea' id='block_1_45' title="bbox 234 2582 1744 2658">
    <p class='ocr_par' dir='ltr' id='par_1_45' title="bbox 234 2582 1744 2658">
     <span class='ocr_line' id='line_1_45' title="bbox 234 2582 1744 2658; baseline 0.001 -21"><span class='ocrx_word' id='word_1_226' title='bbox 234 2582 434 2658; x_wconf 79' lang='lat' dir='ltr'><strong><em>Magnus</em></strong></span> <span class='ocrx_word' id='word_1_227' title='bbox 477 2586 762 2652; x_wconf 84' lang='lat' dir='ltr'><strong><em>Dominus,</em></strong></span> <span class='ocrx_word' id='word_1_228' title='bbox 801 2595 847 2640; x_wconf 87' lang='lat' dir='ltr'><strong><em>et</em></strong></span> <span class='ocrx_word' id='word_1_229' title='bbox 891 2582 1176 2639; x_wconf 82' lang='lat' dir='ltr'><strong><em>laudabilis</em></strong></span> <span class='ocrx_word' id='word_1_230' title='bbox 1217 2583 1408 2639; x_wconf 88' lang='lat' dir='ltr'><strong><em>nimis:</em></strong></span> <span class='ocrx_word' id='word_1_231' title='bbox 1442 2585 1494 2638; x_wconf 89' lang='lat' dir='ltr'><strong><em>in</em></strong></span> <span class='ocrx_word' id='word_1_232' title='bbox 1541 2585 1744 2639; x_wconf 85' lang='lat' dir='ltr'><strong><em>civitate</em></strong></span> 
     </span>
    </p>
   </div>
   <div class='ocr_carea' id='block_1_46' title="bbox 175 2671 1320 2749">
    <p class='ocr_par' dir='ltr' id='par_1_46' title="bbox 175 2671 1320 2749">
     <span class='ocr_line' id='line_1_46' title="bbox 175 2671 1320 2749; baseline 0.004 -21"><span class='ocrx_word' id='word_1_233' title='bbox 175 2671 256 2730; x_wconf 88' lang='lat' dir='ltr'><strong><em>Dei</em></strong></span> <span class='ocrx_word' id='word_1_234' title='bbox 277 2677 446 2743; x_wconf 84' lang='lat' dir='ltr'><strong><em>nostri,</em></strong></span> <span class='ocrx_word' id='word_1_235' title='bbox 471 2676 498 2716; x_wconf 71' lang='grc' dir='ltr'>δ</span> <span class='ocrx_word' id='word_1_236' title='bbox 537 2675 604 2734; x_wconf 57' lang='lat'><strong><em>1+</em></strong></span> <span class='ocrx_word' id='word_1_237' title='bbox 640 2678 744 2749; x_wconf 66' lang='lat' dir='ltr'><strong><em>in:</em></strong></span> <span class='ocrx_word' id='word_1_238' title='bbox 777 2687 948 2733; x_wconf 90' lang='lat' dir='ltr'><strong><em>monte</em></strong></span> <span class='ocrx_word' id='word_1_239' title='bbox 973 2687 1148 2731; x_wconf 87' lang='lat' dir='ltr'><strong><em>sancto</em></strong></span> <span class='ocrx_word' id='word_1_240' title='bbox 1181 2679 1320 2748; x_wconf 85' lang='lat' dir='ltr'><strong><em>ejus.</em></strong></span> 
     </span>
    </p>
   </div>
   <div class='ocr_carea' id='block_1_47' title="bbox 231 2765 1739 2829">
    <p class='ocr_par' dir='ltr' id='par_1_47' title="bbox 231 2765 1739 2829">
     <span class='ocr_line' id='line_1_47' title="bbox 231 2765 1739 2829; baseline 0.007 -10"><span class='ocrx_word' id='word_1_241' title='bbox 231 2765 484 2824; x_wconf 84' lang='lat' dir='ltr'><strong><em>Fundatur</em></strong></span> <span class='ocrx_word' id='word_1_242' title='bbox 511 2771 865 2826; x_wconf 80' lang='lat' dir='ltr'><strong><em>exsultatione</em></strong></span> <span class='ocrx_word' id='word_1_243' title='bbox 891 2770 1144 2825; x_wconf 75' lang='lat' dir='ltr'><strong><em>universw</em></strong></span> <span class='ocrx_word' id='word_1_244' title='bbox 1187 2781 1337 2825; x_wconf 77' lang='lat' dir='ltr'><strong><em>terra:</em></strong></span> <span class='ocrx_word' id='word_1_245' title='bbox 1367 2786 1512 2826; x_wconf 88' lang='lat' dir='ltr'><strong><em>mons</em></strong></span> <span class='ocrx_word' id='word_1_246' title='bbox 1558 2769 1690 2827; x_wconf 86' lang='lat' dir='ltr'><strong><em>Sion</em></strong></span> <span class='ocrx_word' id='word_1_247' title='bbox 1718 2787 1739 2829; x_wconf 91' lang='lat'><strong><em>:</em></strong></span> 
     </span>
    </p>
   </div>
   <div class='ocr_carea' id='block_1_48' title="bbox 174 2858 1227 2938">
    <p class='ocr_par' dir='ltr' id='par_1_48' title="bbox 174 2858 1227 2938">
     <span class='ocr_line' id='line_1_48' title="bbox 174 2858 1227 2938; baseline 0.006 -26"><span class='ocrx_word' id='word_1_248' title='bbox 174 2858 311 2916; x_wconf 88' lang='lat' dir='ltr'><strong><em>latera</em></strong></span> <span class='ocrx_word' id='word_1_249' title='bbox 336 2863 622 2935; x_wconf 81' lang='lat' dir='ltr'><strong><em>aquilonis,</em></strong></span> <span class='ocrx_word' id='word_1_250' title='bbox 655 2864 841 2918; x_wconf 83' lang='lat' dir='ltr'><strong><em>civitas</em></strong></span> <span class='ocrx_word' id='word_1_251' title='bbox 871 2863 1006 2938; x_wconf 86' lang='lat' dir='ltr'><strong><em>regis</em></strong></span> <span class='ocrx_word' id='word_1_252' title='bbox 1034 2862 1227 2935; x_wconf 87' lang='lat' dir='ltr'><strong><em>magni.</em></strong></span> 
     </span>
    </p>
   </div>
   <div class='ocr_carea' id='block_1_49' title="bbox 230 2949 1742 3030">
    <p class='ocr_par' dir='ltr' id='par_1_49' title="bbox 230 2949 1742 3030">
     <span class='ocr_line' id='line_1_49' title="bbox 230 2949 1742 3030; baseline 0.004 -24"><span class='ocrx_word' id='word_1_253' title='bbox 230 2949 355 3009; x_wconf 83' lang='lat' dir='ltr'><strong><em>Deus</em></strong></span> <span class='ocrx_word' id='word_1_254' title='bbox 389 2955 440 3009; x_wconf 91' lang='lat' dir='ltr'><strong><em>in</em></strong></span> <span class='ocrx_word' id='word_1_255' title='bbox 479 2955 730 3012; x_wconf 83' lang='lat' dir='ltr'><strong><em>domibus</em></strong></span> <span class='ocrx_word' id='word_1_256' title='bbox 765 2959 891 3030; x_wconf 83' lang='lat' dir='ltr'><strong><em>&#39;ejus</em></strong></span> <span class='ocrx_word' id='word_1_257' title='bbox 930 2966 1308 3026; x_wconf 84' lang='lat' dir='ltr'><strong><em>cognoscetur:</em></strong></span> <span class='ocrx_word' id='word_1_258' title='bbox 1353 2971 1468 3010; x_wconf 86' lang='lat' dir='ltr'><strong><em>cum</em></strong></span> <span class='ocrx_word' id='word_1_259' title='bbox 1500 2955 1742 3028; x_wconf 82' lang='lat' dir='ltr'><strong><em>suscipiet</em></strong></span> 
     </span>
    </p>
   </div>
   <div class='ocr_carea' id='block_1_50' title="bbox 171 3062 286 3101">
    <p class='ocr_par' dir='ltr' id='par_1_50' title="bbox 171 3062 286 3101">
     <span class='ocr_line' id='line_1_50' title="bbox 171 3062 286 3101; baseline 0.035 -4"><span class='ocrx_word' id='word_1_260' title='bbox 171 3062 286 3101; x_wconf 79' lang='lat' dir='ltr'><strong><em>eam.</em></strong></span> 
     </span>
    </p>
   </div>
   <div class='ocr_carea' id='block_1_51' title="bbox 233 3138 1745 3218">
    <p class='ocr_par' dir='ltr' id='par_1_51' title="bbox 233 3138 1745 3218">
     <span class='ocr_line' id='line_1_51' title="bbox 233 3138 1745 3218; baseline 0.005 -26"><span class='ocrx_word' id='word_1_261' title='bbox 233 3138 470 3205; x_wconf 84' lang='lat' dir='ltr'><strong><em>Quoniam</em></strong></span> <span class='ocrx_word' id='word_1_262' title='bbox 487 3156 613 3196; x_wconf 88' lang='lat' dir='ltr'><strong><em>ecce</em></strong></span> <span class='ocrx_word' id='word_1_263' title='bbox 649 3149 672 3181; x_wconf 76' lang='grc' dir='ltr'>ε</span> <span class='ocrx_word' id='word_1_264' title='bbox 706 3157 852 3214; x_wconf 84' lang='lat' dir='ltr'><strong><em>rcges</em></strong></span> <span class='ocrx_word' id='word_1_265' title='bbox 878 3143 1176 3218; x_wconf 86' lang='lat' dir='ltr'><strong><em>congregati</em></strong></span> <span class='ocrx_word' id='word_1_266' title='bbox 1204 3154 1322 3201; x_wconf 88' lang='lat' dir='ltr'><strong><em>sunt</em></strong></span> <span class='ocrx_word' id='word_1_267' title='bbox 1351 3161 1368 3201; x_wconf 92' lang='lat'><strong><em>:</em></strong></span> <span class='ocrx_word' id='word_1_268' title='bbox 1399 3155 1745 3201; x_wconf 78' lang='lat' dir='ltr'><strong><em>convenerunt</em></strong></span> 
     </span>
    </p>
   </div>
   <div class='ocr_carea' id='block_1_52' title="bbox 172 3247 406 3288">
    <p class='ocr_par' dir='ltr' id='par_1_52' title="bbox 172 3247 406 3288">
     <span class='ocr_line' id='line_1_52' title="bbox 172 3247 406 3288; baseline 0.013 -4"><span class='ocrx_word' id='word_1_269' title='bbox 172 3247 216 3284; x_wconf 82' lang='lat' dir='ltr'><strong><em>lll</em></strong></span> <span class='ocrx_word' id='word_1_270' title='bbox 239 3247 406 3288; x_wconf 75' lang='grc' dir='ltr'><strong><em>ιυιιηιι.</em></strong></span> 
     </span>
    </p>
   </div>
   <div class='ocr_carea' id='block_1_53' title="bbox 233 3321 1815 3400">
    <p class='ocr_par' dir='ltr' id='par_1_53' title="bbox 233 3321 1815 3400">
     <span class='ocr_line' id='line_1_53' title="bbox 233 3321 1815 3400; baseline 0.006 -24"><span class='ocrx_word' id='word_1_271' title='bbox 233 3321 332 3394; x_wconf 83' lang='lat' dir='ltr'><strong><em>Ipsi</em></strong></span> <span class='ocrx_word' id='word_1_272' title='bbox 375 3327 612 3382; x_wconf 76' lang='lat' dir='ltr'><strong><em>videntes</em></strong></span> <span class='ocrx_word' id='word_1_273' title='bbox 660 3329 733 3382; x_wconf 89' lang='lat' dir='ltr'><strong><em>sic</em></strong></span> <span class='ocrx_word' id='word_1_274' title='bbox 774 3328 1025 3384; x_wconf 88' lang='lat' dir='ltr'><strong><em>admirati</em></strong></span> <span class='ocrx_word' id='word_1_275' title='bbox 1074 3339 1217 3400; x_wconf 88' lang='lat' dir='ltr'><strong><em>sunt,</em></strong></span> <span class='ocrx_word' id='word_1_276' title='bbox 1270 3331 1555 3388; x_wconf 86' lang='lat' dir='ltr'><strong><em>conturbati</em></strong></span> <span class='ocrx_word' id='word_1_277' title='bbox 1595 3339 1737 3400; x_wconf 89' lang='lat' dir='ltr'><strong><em>sunt,</em></strong></span> <span class='ocrx_word' id='word_1_278' title='bbox 1769 3321 1815 3386; x_wconf 84' lang='lat' dir='ltr'>C</span> 
     </span>
    </p>
   </div>
   <div class='ocr_carea' id='block_1_54' title="bbox 172 3419 1296 3493">
    <p class='ocr_par' dir='ltr' id='par_1_54' title="bbox 172 3419 1296 3493">
     <span class='ocr_line' id='line_1_54' title="bbox 172 3419 1296 3493; baseline 0.009 -26"><span class='ocrx_word' id='word_1_279' title='bbox 172 3419 378 3474; x_wconf 83' lang='lat' dir='ltr'><strong><em>commoti</em></strong></span> <span class='ocrx_word' id='word_1_280' title='bbox 400 3430 520 3474; x_wconf 86' lang='lat' dir='ltr'><strong><em>sunt</em></strong></span> <span class='ocrx_word' id='word_1_281' title='bbox 547 3435 567 3474; x_wconf 93' lang='lat'><em>:</em></span> <span class='ocrx_word' id='word_1_282' title='bbox 603 3429 791 3475; x_wconf 89' lang='lat' dir='ltr'><strong><em>tremor</em></strong></span> <span class='ocrx_word' id='word_1_283' title='bbox 819 3421 1162 3493; x_wconf 73' lang='lat' dir='ltr'><strong><em>apprehendit</em></strong></span> <span class='ocrx_word' id='word_1_284' title='bbox 1191 3439 1296 3478; x_wconf 91' lang='lat' dir='ltr'><strong><em>eos.</em></strong></span> 
     </span>
    </p>
   </div>
   <div class='ocr_carea' id='block_1_55' title="bbox 228 3507 1746 3586">
    <p class='ocr_par' dir='ltr' id='par_1_55' title="bbox 228 3507 1746 3586">
     <span class='ocr_line' id='line_1_55' title="bbox 228 3507 1746 3586; baseline 0.007 -24"><span class='ocrx_word' id='word_1_285' title='bbox 228 3507 300 3563; x_wconf 85' lang='lat' dir='ltr'><strong><em>lbi</em></strong></span> <span class='ocrx_word' id='word_1_286' title='bbox 322 3512 525 3568; x_wconf 84' lang='lat' dir='ltr'><strong><em>dolores</em></strong></span> <span class='ocrx_word' id='word_1_287' title='bbox 554 3522 612 3566; x_wconf 87' lang='lat' dir='ltr'><strong><em>ut</em></strong></span> <span class='ocrx_word' id='word_1_288' title='bbox 643 3514 984 3583; x_wconf 85' lang='lat' dir='ltr'><strong><em>parturientis</em></strong></span> <span class='ocrx_word' id='word_1_289' title='bbox 1010 3529 1027 3569; x_wconf 91' lang='lat'><strong><em>:</em></strong></span> <span class='ocrx_word' id='word_1_290' title='bbox 1051 3515 1102 3570; x_wconf 90' lang='lat' dir='ltr'><strong><em>in</em></strong></span> <span class='ocrx_word' id='word_1_291' title='bbox 1123 3515 1307 3586; x_wconf 84' lang='lat' dir='ltr'><strong><em>spiritu</em></strong></span> <span class='ocrx_word' id='word_1_292' title='bbox 1330 3516 1746 3574; x_wconf 75' lang='lat' dir='ltr'><strong><em>vehementicon-</em></strong></span> 
     </span>
    </p>
   </div>
   <div class='ocr_carea' id='block_1_56' title="bbox 170 3605 727 3660">
    <p class='ocr_par' dir='ltr' id='par_1_56' title="bbox 170 3605 727 3660">
     <span class='ocr_line' id='line_1_56' title="bbox 170 3605 727 3660; baseline 0.011 -6"><span class='ocrx_word' id='word_1_293' title='bbox 170 3609 223 3654; x_wconf 80' lang='lat' dir='ltr'><strong><em>tet</em></strong></span> <span class='ocrx_word' id='word_1_294' title='bbox 234 3619 280 3658; x_wconf 87' lang='lat' dir='ltr'><strong><em>es</em></strong></span> <span class='ocrx_word' id='word_1_295' title='bbox 307 3621 456 3660; x_wconf 81' lang='lat' dir='ltr'><strong><em>naues</em></strong></span> <span class='ocrx_word' id='word_1_296' title='bbox 484 3605 727 3660; x_wconf 80' lang='lat' dir='ltr'><strong><em>Titarsis.</em></strong></span> 
     </span>
    </p>
   </div>
   <div class='ocr_carea' id='block_1_57' title="bbox 229 3697 1747 3768">
    <p class='ocr_par' dir='ltr' id='par_1_57' title="bbox 229 3697 1747 3768">
     <span class='ocr_line' id='line_1_57' title="bbox 229 3697 1747 3768; baseline 0.004 -18"><span class='ocrx_word' id='word_1_297' title='bbox 229 3697 361 3752; x_wconf 83' lang='lat' dir='ltr'><strong><em>Sicut</em></strong></span> <span class='ocrx_word' id='word_1_298' title='bbox 384 3699 708 3768; x_wconf 76' lang='lat' dir='ltr'><strong><em>audivimus,</em></strong></span> <span class='ocrx_word' id='word_1_299' title='bbox 742 3699 814 3754; x_wconf 84' lang='lat' dir='ltr'><strong><em>sic</em></strong></span> <span class='ocrx_word' id='word_1_300' title='bbox 837 3699 1054 3754; x_wconf 72' lang='lat' dir='ltr'><strong><em>vidimus</em></strong></span> <span class='ocrx_word' id='word_1_301' title='bbox 1081 3700 1134 3754; x_wconf 90' lang='lat' dir='ltr'><strong><em>in</em></strong></span> <span class='ocrx_word' id='word_1_302' title='bbox 1171 3701 1376 3756; x_wconf 75' lang='lat' dir='ltr'><strong><em>civitate</em></strong></span> <span class='ocrx_word' id='word_1_303' title='bbox 1407 3699 1615 3756; x_wconf 85' lang='lat' dir='ltr'><strong><em>Domini</em></strong></span> <span class='ocrx_word' id='word_1_304' title='bbox 1645 3702 1747 3756; x_wconf 71' lang='lat' dir='ltr'><strong><em>cir-</em></strong></span> 
     </span>
    </p>
   </div>
   <div class='ocr_carea' id='block_1_58' title="bbox 171 3790 1741 3866">
    <p class='ocr_par' dir='ltr' id='par_1_58' title="bbox 171 3790 1741 3866">
     <span class='ocr_line' id='line_1_58' title="bbox 171 3790 1741 3866; baseline 0.006 -27"><span class='ocrx_word' id='word_1_305' title='bbox 171 3794 330 3857; x_wconf 82' lang='lat' dir='ltr'><strong><em>tuturu,</em></strong></span> <span class='ocrx_word' id='word_1_306' title='bbox 363 3791 413 3846; x_wconf 89' lang='lat' dir='ltr'><strong><em>in</em></strong></span> <span class='ocrx_word' id='word_1_307' title='bbox 444 3792 655 3847; x_wconf 68' lang='lat' dir='ltr'><strong><em>civitate</em></strong></span> <span class='ocrx_word' id='word_1_308' title='bbox 691 3790 788 3846; x_wconf 90' lang='lat' dir='ltr'><strong><em>Dei</em></strong></span> <span class='ocrx_word' id='word_1_309' title='bbox 833 3795 1038 3849; x_wconf 86' lang='lat' dir='ltr'><strong><em>nostri:</em></strong></span> <span class='ocrx_word' id='word_1_310' title='bbox 1085 3793 1225 3849; x_wconf 88' lang='lat' dir='ltr'><strong><em>Deus</em></strong></span> <span class='ocrx_word' id='word_1_311' title='bbox 1267 3793 1508 3866; x_wconf 83' lang='lat' dir='ltr'><strong><em>fundavit</em></strong></span> <span class='ocrx_word' id='word_1_312' title='bbox 1546 3812 1658 3851; x_wconf 89' lang='lat' dir='ltr'><strong><em>eam</em></strong></span> <span class='ocrx_word' id='word_1_313' title='bbox 1689 3796 1741 3850; x_wconf 89' lang='lat' dir='ltr'><strong><em>in</em></strong></span> 
     </span>
    </p>
   </div>
   <div class='ocr_carea' id='block_1_59' title="bbox 169 3885 788 3941">
    <p class='ocr_par' dir='ltr' id='par_1_59' title="bbox 169 3885 788 3941">
     <span class='ocr_line' id='line_1_59' title="bbox 169 3885 788 3941; baseline 0.015 -10"><span class='ocrx_word' id='word_1_314' title='bbox 169 3890 407 3938; x_wconf 53' lang='lat' dir='ltr'><strong><em>aiternum.</em></strong></span> <span class='ocrx_word' id='word_1_315' title='bbox 442 3885 788 3941; x_wconf 69' lang='lat' dir='ltr'><strong><em>DIAPEAUIA.</em></strong></span> 
     </span>
    </p>
   </div>
   <div class='ocr_carea' id='block_1_60' title="bbox 168 4038 1742 4174">
    <p class='ocr_par' dir='ltr' id='par_1_60' title="bbox 168 4038 1742 4174">
     <span class='ocr_line' id='line_1_60' title="bbox 168 4038 1742 4174; baseline 0.003 -81"><span class='ocrx_word' id='word_1_316' title='bbox 168 4045 250 4174; x_wconf 36' lang='lat' dir='ltr'><strong><em>ﬁli.</em></strong></span> <span class='ocrx_word' id='word_1_317' title='bbox 274 4038 442 4095; x_wconf 89' lang='lat' dir='ltr'><strong><em>Carus</em></strong></span> <span class='ocrx_word' id='word_1_318' title='bbox 461 4055 595 4096; x_wconf 88' lang='lat' dir='ltr'><strong><em>eum</em></strong></span> <span class='ocrx_word' id='word_1_319' title='bbox 620 4038 865 4095; x_wconf 83' lang='lat' dir='ltr'><strong><em>Palatino</em></strong></span> <span class='ocrx_word' id='word_1_320' title='bbox 888 4055 992 4096; x_wconf 86' lang='lat' dir='ltr'><strong><em>ms.</em></strong></span> <span class='ocrx_word' id='word_1_321' title='bbox 1024 4039 1266 4111; x_wconf 75' lang='lat' dir='ltr'><strong><em>pra~l‘ert,</em></strong></span> <span class='ocrx_word' id='word_1_322' title='bbox 1295 4039 1526 4112; x_wconf 83' lang='lat' dir='ltr'><strong><em>psalmus</em></strong></span> <span class='ocrx_word' id='word_1_323' title='bbox 1549 4043 1742 4098; x_wconf 83' lang='lat' dir='ltr'><strong><em>cantici</em></strong></span> 
     </span>
     <span class='ocr_line' id='line_1_61' title="bbox 217 4123 654 4174; baseline 0.016 -14"><span class='ocrx_word' id='word_1_324' title='bbox 217 4126 293 4174; x_wconf 85' lang='lat' dir='ltr'><strong><em>ns,</em></strong></span> <span class='ocrx_word' id='word_1_325' title='bbox 321 4123 428 4166; x_wconf 88' lang='lat' dir='ltr'><strong><em>etc.</em></strong></span> <span class='ocrx_word' id='word_1_326' title='bbox 649 4153 654 4158; x_wconf 90' lang='lat'><strong><em>.</em></strong></span> 
     </span>
    </p>
   </div>
   <div class='ocr_carea' id='block_1_61' title="bbox 217 4123 654 4174">
    <p class='ocr_par' dir='ltr' id='par_1_61' title="bbox 217 4123 654 4174">
     <span class='ocr_line' id='line_1_62' title="bbox 217 4123 654 4174; baseline 0.016 -14"><span class='ocrx_word' id='word_1_327' title='bbox 217 4126 293 4174; x_wconf 87' lang='lat' dir='ltr'><strong><em>ns,</em></strong></span> <span class='ocrx_word' id='word_1_328' title='bbox 321 4123 428 4166; x_wconf 87' lang='lat' dir='ltr'><strong><em>etc.</em></strong></span> <span class='ocrx_word' id='word_1_329' title='bbox 649 4153 654 4158; x_wconf 82' lang='lat'><strong><em>.</em></strong></span> 
     </span>
    </p>
   </div>
   <div class='ocr_carea' id='block_1_62' title="bbox 229 4179 1738 4253">
    <p class='ocr_par' dir='ltr' id='par_1_62' title="bbox 229 4179 1738 4253">
     <span class='ocr_line' id='line_1_63' title="bbox 229 4179 1738 4253; baseline 0.005 -17"><span class='ocrx_word' id='word_1_330' title='bbox 229 4179 251 4218; x_wconf 71' lang='grc' dir='ltr'>δ</span> <span class='ocrx_word' id='word_1_331' title='bbox 287 4183 734 4253; x_wconf 65' lang='lat' dir='ltr'><strong><em>Plu-positionem</em></strong></span> <span class='ocrx_word' id='word_1_332' title='bbox 765 4185 840 4249; x_wconf 92' lang='lat' dir='ltr'><strong><em>in,</em></strong></span> <span class='ocrx_word' id='word_1_333' title='bbox 873 4200 1031 4253; x_wconf 86' lang='lat' dir='ltr'><strong><em>quam</em></strong></span> <span class='ocrx_word' id='word_1_334' title='bbox 1068 4200 1242 4253; x_wconf 87' lang='lat' dir='ltr'><strong><em>neque</em></strong></span> <span class='ocrx_word' id='word_1_335' title='bbox 1271 4185 1530 4241; x_wconf 75' lang='lat' dir='ltr'><strong><em>llebrznus</em></strong></span> <span class='ocrx_word' id='word_1_336' title='bbox 1561 4195 1738 4243; x_wconf 75' lang='lat' dir='ltr'><strong><em>textus</em></strong></span> 
     </span>
    </p>
   </div>
   <div class='ocr_carea' id='block_1_63' title="bbox 165 4251 1732 4326">
    <p class='ocr_par' dir='ltr' id='par_1_63' title="bbox 165 4251 1732 4326">
     <span class='ocr_line' id='line_1_64' title="bbox 165 4251 1732 4326; baseline 0.005 -23"><span class='ocrx_word' id='word_1_337' title='bbox 165 4251 316 4326; x_wconf 80' lang='lat' dir='ltr'><strong><em>addit,</em></strong></span> <span class='ocrx_word' id='word_1_338' title='bbox 348 4251 445 4308; x_wconf 67' lang='lat' dir='ltr'><strong><em>mis</em></strong></span> <span class='ocrx_word' id='word_1_339' title='bbox 476 4270 589 4325; x_wconf 86' lang='lat' dir='ltr'><strong><em>0pc</em></strong></span> <span class='ocrx_word' id='word_1_340' title='bbox 619 4255 821 4310; x_wconf 82' lang='lat' dir='ltr'><strong><em>endicis</em></strong></span> <span class='ocrx_word' id='word_1_341' title='bbox 852 4251 1078 4310; x_wconf 69' lang='lat' dir='ltr'><strong><em>Palatini</em></strong></span> <span class='ocrx_word' id='word_1_342' title='bbox 1101 4251 1262 4311; x_wconf 82' lang='lat' dir='ltr'><strong><em>ubelu</em></strong></span> <span class='ocrx_word' id='word_1_343' title='bbox 1294 4259 1732 4326; x_wconf 67' lang='lat' dir='ltr'><strong><em>prmnotuvitnus.</em></strong></span> 
     </span>
    </p>
   </div>
   <div class='ocr_carea' id='block_1_64' title="bbox 228 4322 1740 4394">
    <p class='ocr_par' dir='ltr' id='par_1_64' title="bbox 228 4322 1740 4394">
     <span class='ocr_line' id='line_1_65' title="bbox 228 4322 1740 4394; baseline 0.003 -17"><span class='ocrx_word' id='word_1_344' title='bbox 228 4335 247 4362; x_wconf 74' lang='grc' dir='ltr'><strong>ε</strong></span> <span class='ocrx_word' id='word_1_345' title='bbox 279 4322 330 4377; x_wconf 89' lang='lat' dir='ltr'><strong><em>In</em></strong></span> <span class='ocrx_word' id='word_1_346' title='bbox 359 4322 598 4394; x_wconf 76' lang='lat' dir='ltr'><strong><em>utroque</em></strong></span> <span class='ocrx_word' id='word_1_347' title='bbox 629 4326 890 4380; x_wconf 68' lang='lat' dir='ltr'><strong><em>l‘sa!terin</em></strong></span> <span class='ocrx_word' id='word_1_348' title='bbox 912 4369 924 4387; x_wconf 85' lang='lat'><strong><em>,</em></strong></span> <span class='ocrx_word' id='word_1_349' title='bbox 957 4327 1199 4380; x_wconf 75' lang='lat' dir='ltr'><strong><em>llomano</em></strong></span> <span class='ocrx_word' id='word_1_350' title='bbox 1228 4322 1592 4383; x_wconf 49' lang='lat' dir='ltr'><strong><em>ac&#39;Gallicano</em></strong></span> <span class='ocrx_word' id='word_1_351' title='bbox 1615 4370 1628 4391; x_wconf 90' lang='lat'><strong><em>,</em></strong></span> <span class='ocrx_word' id='word_1_352' title='bbox 1664 4329 1740 4382; x_wconf 85' lang='lat' dir='ltr'><strong><em>le-</em></strong></span> 
     </span>
    </p>
   </div>
   <div class='ocr_carea' id='block_1_65' title="bbox 165 4394 1738 4471">
    <p class='ocr_par' dir='ltr' id='par_1_65' title="bbox 165 4394 1738 4471">
     <span class='ocr_line' id='line_1_66' title="bbox 165 4394 1738 4471; baseline 0.004 -24"><span class='ocrx_word' id='word_1_353' title='bbox 165 4394 386 4471; x_wconf 60' lang='lat' dir='ltr'><strong><em>gebatur.</em></strong></span> <span class='ocrx_word' id='word_1_354' title='bbox 412 4413 567 4471; x_wconf 71' lang='lat' dir='ltr'><strong><em>reges</em></strong></span> <span class='ocrx_word' id='word_1_355' title='bbox 597 4409 747 4471; x_wconf 74' lang='lat' dir='ltr'><strong><em>terra:</em></strong></span> <span class='ocrx_word' id='word_1_356' title='bbox 775 4399 1069 4471; x_wconf 74' lang='lat' dir='ltr'><strong><em>congregati</em></strong></span> <span class='ocrx_word' id='word_1_357' title='bbox 1106 4407 1246 4471; x_wconf 79' lang='lat' dir='ltr'><strong><em>sunt.</em></strong></span> <span class='ocrx_word' id='word_1_358' title='bbox 1275 4399 1429 4465; x_wconf 71' lang='lat' dir='ltr'><strong><em>Quod</em></strong></span> <span class='ocrx_word' id='word_1_359' title='bbox 1453 4412 1603 4454; x_wconf 86' lang='lat' dir='ltr'><strong><em>certe</em></strong></span> <span class='ocrx_word' id='word_1_360' title='bbox 1633 4416 1738 4454; x_wconf 81' lang='lat' dir='ltr'><strong><em>non</em></strong></span> 
     </span>
    </p>
   </div>
   <div class='ocr_carea' id='block_1_66' title="bbox 168 4469 1736 4540">
    <p class='ocr_par' dir='ltr' id='par_1_66' title="bbox 168 4469 1736 4540">
     <span class='ocr_line' id='line_1_67' title="bbox 168 4469 1736 4540; baseline 0.003 -21"><span class='ocrx_word' id='word_1_361' title='bbox 168 4469 572 4528; x_wconf 50' lang='lat' dir='ltr'><strong><em>pertnittitur&#39;iis</em></strong></span> <span class='ocrx_word' id='word_1_362' title='bbox 597 4470 686 4539; x_wconf 82' lang='lat' dir='ltr'><strong><em>qui</em></strong></span> <span class='ocrx_word' id='word_1_363' title='bbox 713 4483 879 4536; x_wconf 73' lang='lat' dir='ltr'><strong><em>opera</em></strong></span> <span class='ocrx_word' id='word_1_364' title='bbox 913 4469 1224 4540; x_wconf 80' lang='lat' dir='ltr'><strong><em>Hieronymi</em></strong></span> <span class='ocrx_word' id='word_1_365' title='bbox 1257 4473 1590 4524; x_wconf 85' lang='lat' dir='ltr'><strong><em>restituenda</em></strong></span> <span class='ocrx_word' id='word_1_366' title='bbox 1614 4487 1736 4524; x_wconf 86' lang='lat' dir='ltr'><strong><em>sus-</em></strong></span> 
     </span>
    </p>
   </div>
   <div class='ocr_carea' id='block_1_67' title="bbox 164 4540 1741 4608">
    <p class='ocr_par' dir='ltr' id='par_1_67' title="bbox 164 4540 1741 4608">
     <span class='ocr_line' id='line_1_68' title="bbox 164 4540 1741 4608; baseline 0.004 -18"><span class='ocrx_word' id='word_1_367' title='bbox 164 4551 403 4608; x_wconf 71' lang='lat' dir='ltr'><strong><em>ceperunt</em></strong></span> <span class='ocrx_word' id='word_1_368' title='bbox 438 4556 452 4592; x_wconf 88' lang='lat'><strong>:</strong></span> <span class='ocrx_word' id='word_1_369' title='bbox 513 4555 637 4593; x_wconf 87' lang='lat' dir='ltr'><strong><em>nam</em></strong></span> <span class='ocrx_word' id='word_1_370' title='bbox 687 4542 807 4606; x_wconf 80' lang='lat' dir='ltr'><strong><em>quis</em></strong></span> <span class='ocrx_word' id='word_1_371' title='bbox 848 4543 1081 4603; x_wconf 86' lang='lat' dir='ltr'><strong><em>patiatur</em></strong></span> <span class='ocrx_word' id='word_1_372' title='bbox 1122 4543 1174 4594; x_wconf 89' lang='lat' dir='ltr'><strong><em>in</em></strong></span> <span class='ocrx_word' id='word_1_373' title='bbox 1217 4540 1333 4608; x_wconf 68' lang='lat' dir='ltr'><strong><em>ejus</em></strong></span> <span class='ocrx_word' id='word_1_374' title='bbox 1371 4541 1520 4596; x_wconf 73' lang='lat' dir='ltr'><strong><em>libris</em></strong></span> <span class='ocrx_word' id='word_1_375' title='bbox 1565 4544 1741 4596; x_wconf 66' lang='lat' dir='ltr'><strong><em>adhuc</em></strong></span> 
     </span>
    </p>
   </div>
   <div class='ocr_carea' id='block_1_68' title="bbox 161 4606 1744 4682">
    <p class='ocr_par' dir='ltr' id='par_1_68' title="bbox 161 4606 1744 4682">
     <span class='ocr_line' id='line_1_69' title="bbox 161 4606 1744 4682; baseline 0.004 -23"><span class='ocrx_word' id='word_1_376' title='bbox 161 4606 286 4682; x_wconf 67' lang='lat' dir='ltr'><strong><em>legi,</em></strong></span> <span class='ocrx_word' id='word_1_377' title='bbox 311 4626 432 4680; x_wconf 69' lang='lat' dir='ltr'><strong><em>qua:</em></strong></span> <span class='ocrx_word' id='word_1_378' title='bbox 461 4611 535 4665; x_wconf 85' lang='lat' dir='ltr'><strong><em>de</em></strong></span> <span class='ocrx_word' id='word_1_379' title='bbox 565 4613 746 4665; x_wconf 86' lang='lat' dir='ltr'><strong><em>medio</em></strong></span> <span class='ocrx_word' id='word_1_380' title='bbox 779 4611 964 4664; x_wconf 73' lang='lat' dir='ltr'><strong><em>tul.s~e</em></strong></span> <span class='ocrx_word' id='word_1_381' title='bbox 1008 4627 1066 4665; x_wconf 75' lang='lat' dir='ltr'><strong><em>se</em></strong></span> <span class='ocrx_word' id='word_1_382' title='bbox 1101 4606 1403 4675; x_wconf 76' lang='lat' dir='ltr'><strong><em>pt&#39;nlilclnr.</em></strong></span> <span class='ocrx_word' id='word_1_383' title='bbox 1438 4612 1744 4682; x_wconf 77' lang='lat' dir='ltr'><strong><em>Quarti-age-</em></strong></span> 
     </span>
    </p>
   </div>
   <div class='ocr_carea' id='block_1_69' title="bbox 162 4680 1744 4755">
    <p class='ocr_par' dir='ltr' id='par_1_69' title="bbox 162 4680 1744 4755">
     <span class='ocr_line' id='line_1_70' title="bbox 162 4680 1744 4755; baseline 0.005 -26"><span class='ocrx_word' id='word_1_384' title='bbox 162 4680 274 4732; x_wconf 84' lang='lat' dir='ltr'><strong><em>simu</em></strong></span> <span class='ocrx_word' id='word_1_385' title='bbox 301 4685 530 4747; x_wconf 71' lang='lat' dir='ltr'><strong><em>septimo</em></strong></span> <span class='ocrx_word' id='word_1_386' title='bbox 557 4685 780 4751; x_wconf 77' lang='lat' dir='ltr'><strong><em>psalmo,</em></strong></span> <span class='ocrx_word' id='word_1_387' title='bbox 808 4681 1013 4755; x_wconf 82' lang='lat' dir='ltr'><strong><em>inquit,_</em></strong></span> <span class='ocrx_word' id='word_1_388' title='bbox 1034 4682 1293 4748; x_wconf 83' lang='lat' dir='ltr'><strong><em>Quoniam</em></strong></span> <span class='ocrx_word' id='word_1_389' title='bbox 1317 4699 1430 4736; x_wconf 80' lang='lat' dir='ltr'><strong><em>erce</em></strong></span> <span class='ocrx_word' id='word_1_390' title='bbox 1451 4700 1593 4755; x_wconf 73' lang='lat' dir='ltr'><strong><em>reges</em></strong></span> <span class='ocrx_word' id='word_1_391' title='bbox 1621 4680 1744 4737; x_wconf 81' lang='lat' dir='ltr'><strong><em>con-</em></strong></span> 
     </span>
    </p>
   </div>
   <div class='ocr_carea' id='block_1_70' title="bbox 160 4752 1743 4823">
    <p class='ocr_par' dir='ltr' id='par_1_70' title="bbox 160 4752 1743 4823">
     <span class='ocr_line' id='line_1_71' title="bbox 160 4752 1743 4823; baseline 0.005 -21"><span class='ocrx_word' id='word_1_392' title='bbox 160 4754 338 4822; x_wconf 75' lang='lat' dir='ltr'><strong><em>gregati</em></strong></span> <span class='ocrx_word' id='word_1_393' title='bbox 375 4763 503 4807; x_wconf 85' lang='lat' dir='ltr'><strong><em>sunt</em></strong></span> <span class='ocrx_word' id='word_1_394' title='bbox 543 4770 560 4806; x_wconf 93' lang='lat'><em>:</em></span> <span class='ocrx_word' id='word_1_395' title='bbox 602 4769 697 4823; x_wconf 88' lang='lat' dir='ltr'><strong><em>pro</em></strong></span> <span class='ocrx_word' id='word_1_396' title='bbox 735 4768 837 4821; x_wconf 83' lang='lat' dir='ltr'><strong><em>quo</em></strong></span> <span class='ocrx_word' id='word_1_397' title='bbox 879 4755 932 4805; x_wconf 87' lang='lat' dir='ltr'><strong><em>in</em></strong></span> <span class='ocrx_word' id='word_1_398' title='bbox 973 4752 1154 4806; x_wconf 75' lang='lat' dir='ltr'><strong><em>Gt&#39;tt&#39;co</em></strong></span> <span class='ocrx_word' id='word_1_399' title='bbox 1185 4754 1368 4820; x_wconf 75' lang='lat' dir='ltr'><strong><em>legisse</em></strong></span> <span class='ocrx_word' id='word_1_400' title='bbox 1401 4772 1485 4808; x_wconf 88' lang='lat' dir='ltr'><strong><em>ros</em></strong></span> <span class='ocrx_word' id='word_1_401' title='bbox 1508 4752 1690 4809; x_wconf 48' lang='lat' dir='ltr'><strong><em>&#39;tlicitis</em></strong></span> <span class='ocrx_word' id='word_1_402' title='bbox 1725 4771 1743 4810; x_wconf 90' lang='lat'><strong><em>.&#39;</em></strong></span> 
     </span>
    </p>
   </div>
   <div class='ocr_carea' id='block_1_71' title="bbox 1918 2476 3370 2534">
    <p class='ocr_par' dir='ltr' id='par_1_71' title="bbox 1918 2476 3370 2534">
     <span class='ocr_line' id='line_1_72' title="bbox 1918 2476 3370 2534; baseline 0.006 -17"><span class='ocrx_word' id='word_1_403' title='bbox 1918 2476 2150 2519; x_wconf 77' lang='lat' dir='ltr'><strong><em>PSALMUS</em></strong></span> <span class='ocrx_word' id='word_1_404' title='bbox 2189 2477 2426 2534; x_wconf 77' lang='lat' dir='ltr'><strong><em>CANTICI,</em></strong></span> <span class='ocrx_word' id='word_1_405' title='bbox 2459 2478 2615 2520; x_wconf 74' lang='grc' dir='ltr'><strong><em>ινιιιιε</em></strong></span> <span class='ocrx_word' id='word_1_406' title='bbox 2653 2479 2812 2530; x_wconf 79' lang='lat' dir='ltr'><strong><em>COBE,</em></strong></span> <span class='ocrx_word' id='word_1_407' title='bbox 2845 2481 3084 2524; x_wconf 60' lang='grc' dir='ltr'><strong><em>εεουκυλ</em></strong></span> <span class='ocrx_word' id='word_1_408' title='bbox 3123 2482 3370 2525; x_wconf 74' lang='grc' dir='ltr'><strong><em>εΑΒΒΑΤΙ.</em></strong></span> 
     </span>
    </p>
   </div>
   <div class='ocr_carea' id='block_1_72' title="bbox 1917 2578 3446 2653">
    <p class='ocr_par' dir='ltr' id='par_1_72' title="bbox 1917 2578 3446 2653">
     <span class='ocr_line' id='line_1_73' title="bbox 1917 2578 3446 2653; baseline 0.004 -19"><span class='ocrx_word' id='word_1_409' title='bbox 1917 2578 2141 2649; x_wconf 87' lang='lat' dir='ltr'><strong><em>Magnus</em></strong></span> <span class='ocrx_word' id='word_1_410' title='bbox 2166 2578 2445 2645; x_wconf 75' lang='lat' dir='ltr'><strong><em>Dominus,</em></strong></span> <span class='ocrx_word' id='word_1_411' title='bbox 2473 2589 2532 2635; x_wconf 92' lang='lat' dir='ltr'><strong><em>et</em></strong></span> <span class='ocrx_word' id='word_1_412' title='bbox 2555 2578 2844 2636; x_wconf 79' lang='lat' dir='ltr'><strong><em>laudabilis</em></strong></span> <span class='ocrx_word' id='word_1_413' title='bbox 2869 2591 2893 2628; x_wconf 75' lang='grc' dir='ltr'>δ</span> <span class='ocrx_word' id='word_1_414' title='bbox 2927 2582 3113 2653; x_wconf 87' lang='lat' dir='ltr'><strong><em>nimis,</em></strong></span> <span class='ocrx_word' id='word_1_415' title='bbox 3143 2583 3195 2638; x_wconf 88' lang='lat' dir='ltr'><strong><em>in</em></strong></span> <span class='ocrx_word' id='word_1_416' title='bbox 3227 2583 3446 2640; x_wconf 77' lang='lat' dir='ltr'><strong><em>civitate</em></strong></span> 
     </span>
    </p>
   </div>
   <div class='ocr_carea' id='block_1_73' title="bbox 1845 2670 2879 2743">
    <p class='ocr_par' dir='ltr' id='par_1_73' title="bbox 1845 2670 2879 2743">
     <span class='ocr_line' id='line_1_74' title="bbox 1845 2670 2879 2743; baseline 0.003 -17"><span class='ocrx_word' id='word_1_417' title='bbox 1845 2670 1942 2728; x_wconf 91' lang='lat' dir='ltr'><strong><em>Dei</em></strong></span> <span class='ocrx_word' id='word_1_418' title='bbox 1974 2671 2170 2742; x_wconf 88' lang='lat' dir='ltr'><strong><em>nostri,</em></strong></span> <span class='ocrx_word' id='word_1_419' title='bbox 2205 2672 2259 2728; x_wconf 91' lang='lat' dir='ltr'><strong><em>in</em></strong></span> <span class='ocrx_word' id='word_1_420' title='bbox 2291 2682 2477 2729; x_wconf 89' lang='lat' dir='ltr'><strong><em>monte</em></strong></span> <span class='ocrx_word' id='word_1_421' title='bbox 2516 2683 2706 2730; x_wconf 89' lang='lat' dir='ltr'><strong><em>sancto</em></strong></span> <span class='ocrx_word' id='word_1_422' title='bbox 2738 2674 2879 2743; x_wconf 91' lang='lat' dir='ltr'><strong><em>ejus.</em></strong></span> 
     </span>
    </p>
   </div>
   <div class='ocr_carea' id='block_1_74' title="bbox 1919 2765 3444 2826">
    <p class='ocr_par' dir='ltr' id='par_1_74' title="bbox 1919 2765 3444 2826">
     <span class='ocr_line' id='line_1_75' title="bbox 1919 2765 3444 2826; baseline 0.003 -6"><span class='ocrx_word' id='word_1_423' title='bbox 1919 2765 2166 2822; x_wconf 87' lang='lat' dir='ltr'><strong><em>Dilataus</em></strong></span> <span class='ocrx_word' id='word_1_424' title='bbox 2194 2767 2591 2824; x_wconf 78' lang='lat' dir='ltr'><strong><em>exsultationes</em></strong></span> <span class='ocrx_word' id='word_1_425' title='bbox 2614 2767 2881 2825; x_wconf 72' lang='lat' dir='ltr'><strong><em>universa:</em></strong></span> <span class='ocrx_word' id='word_1_426' title='bbox 2906 2776 3070 2824; x_wconf 84' lang='lat' dir='ltr'><strong><em>terrae</em></strong></span> <span class='ocrx_word' id='word_1_427' title='bbox 3097 2783 3253 2826; x_wconf 90' lang='lat' dir='ltr'><strong><em>mons</em></strong></span> <span class='ocrx_word' id='word_1_428' title='bbox 3274 2769 3404 2826; x_wconf 88' lang='lat' dir='ltr'><strong><em>Sion</em></strong></span> <span class='ocrx_word' id='word_1_429' title='bbox 3430 2785 3444 2825; x_wconf 87' lang='lat'><strong>:</strong></span> 
     </span>
    </p>
   </div>
   <div class='ocr_carea' id='block_1_75' title="bbox 1843 2858 2967 2933">
    <p class='ocr_par' dir='ltr' id='par_1_75' title="bbox 1843 2858 2967 2933">
     <span class='ocr_line' id='line_1_76' title="bbox 1843 2858 2967 2933; baseline -0.001 -18"><span class='ocrx_word' id='word_1_430' title='bbox 1843 2858 2014 2915; x_wconf 88' lang='lat' dir='ltr'><strong><em>latera</em></strong></span> <span class='ocrx_word' id='word_1_431' title='bbox 2047 2859 2344 2930; x_wconf 87' lang='lat' dir='ltr'><strong><em>aquilonis,</em></strong></span> <span class='ocrx_word' id='word_1_432' title='bbox 2374 2861 2566 2916; x_wconf 82' lang='lat' dir='ltr'><strong><em>civitas</em></strong></span> <span class='ocrx_word' id='word_1_433' title='bbox 2589 2862 2734 2932; x_wconf 84' lang='lat' dir='ltr'><strong><em>regis</em></strong></span> <span class='ocrx_word' id='word_1_434' title='bbox 2765 2860 2967 2933; x_wconf 83' lang='lat' dir='ltr'><strong><em>magni.</em></strong></span> 
     </span>
    </p>
   </div>
   <div class='ocr_carea' id='block_1_76' title="bbox 1919 2949 3450 3025">
    <p class='ocr_par' dir='ltr' id='par_1_76' title="bbox 1919 2949 3450 3025">
     <span class='ocr_line' id='line_1_77' title="bbox 1919 2949 3450 3025; baseline 0.003 -19"><span class='ocrx_word' id='word_1_435' title='bbox 1919 2951 2064 3008; x_wconf 86' lang='lat' dir='ltr'><strong><em>Deus</em></strong></span> <span class='ocrx_word' id='word_1_436' title='bbox 2093 2951 2148 3007; x_wconf 93' lang='lat' dir='ltr'><strong><em>in</em></strong></span> <span class='ocrx_word' id='word_1_437' title='bbox 2195 2949 2223 2988; x_wconf 72' lang='grc' dir='ltr'><strong><em>ιι</em></strong></span> <span class='ocrx_word' id='word_1_438' title='bbox 2253 2951 2514 3024; x_wconf 78' lang='lat' dir='ltr'><strong><em>gradibus</em></strong></span> <span class='ocrx_word' id='word_1_439' title='bbox 2535 2952 2654 3025; x_wconf 88' lang='lat' dir='ltr'><strong><em>ejus</em></strong></span> <span class='ocrx_word' id='word_1_440' title='bbox 2681 2952 3036 3025; x_wconf 83' lang='lat' dir='ltr'><strong><em>diguoscetur</em></strong></span> <span class='ocrx_word' id='word_1_441' title='bbox 3062 2969 3076 3009; x_wconf 89' lang='lat'><strong>:</strong></span> <span class='ocrx_word' id='word_1_442' title='bbox 3107 2952 3233 3009; x_wconf 90' lang='lat' dir='ltr'><strong><em>dum</em></strong></span> <span class='ocrx_word' id='word_1_443' title='bbox 3277 2955 3450 3011; x_wconf 87' lang='lat' dir='ltr'><strong><em>susci-</em></strong></span> 
     </span>
    </p>
   </div>
   <div class='ocr_carea' id='block_1_77' title="bbox 1847 3043 2131 3116">
    <p class='ocr_par' dir='ltr' id='par_1_77' title="bbox 1847 3043 2131 3116">
     <span class='ocr_line' id='line_1_78' title="bbox 1847 3043 2131 3116; baseline -0.011 -16"><span class='ocrx_word' id='word_1_444' title='bbox 1847 3043 1961 3116; x_wconf 87' lang='lat' dir='ltr'><strong><em>piet</em></strong></span> <span class='ocrx_word' id='word_1_445' title='bbox 1990 3059 2131 3099; x_wconf 89' lang='lat' dir='ltr'><strong><em>eam.</em></strong></span> 
     </span>
    </p>
   </div>
   <div class='ocr_carea' id='block_1_78' title="bbox 1919 3136 3446 3208">
    <p class='ocr_par' dir='ltr' id='par_1_78' title="bbox 1919 3136 3446 3208">
     <span class='ocr_line' id='line_1_79' title="bbox 1919 3136 3446 3208; baseline 0.003 -16"><span class='ocrx_word' id='word_1_446' title='bbox 1919 3136 2187 3205; x_wconf 79' lang='lat' dir='ltr'><strong><em>Quoniam</em></strong></span> <span class='ocrx_word' id='word_1_447' title='bbox 2219 3149 2347 3192; x_wconf 89' lang='lat' dir='ltr'><strong><em>ecce</em></strong></span> <span class='ocrx_word' id='word_1_448' title='bbox 2371 3149 2533 3208; x_wconf 86' lang='lat' dir='ltr'><strong><em>reges</em></strong></span> <span class='ocrx_word' id='word_1_449' title='bbox 2560 3139 2874 3208; x_wconf 85' lang='lat' dir='ltr'><strong><em>congregati</em></strong></span> <span class='ocrx_word' id='word_1_450' title='bbox 2904 3147 3052 3208; x_wconf 90' lang='lat' dir='ltr'><strong><em>sunt,</em></strong></span> <span class='ocrx_word' id='word_1_451' title='bbox 3085 3147 3140 3195; x_wconf 92' lang='lat' dir='ltr'><strong><em>et</em></strong></span> <span class='ocrx_word' id='word_1_452' title='bbox 3170 3153 3446 3198; x_wconf 84' lang='lat' dir='ltr'><strong><em>convene-</em></strong></span> 
     </span>
    </p>
   </div>
   <div class='ocr_carea' id='block_1_79' title="bbox 1848 3230 2277 3286">
    <p class='ocr_par' dir='ltr' id='par_1_79' title="bbox 1848 3230 2277 3286">
     <span class='ocr_line' id='line_1_80' title="bbox 1848 3230 2277 3286; baseline -0.007 0"><span class='ocrx_word' id='word_1_453' title='bbox 1848 3238 1977 3286; x_wconf 86' lang='lat' dir='ltr'><strong><em>runt</em></strong></span> <span class='ocrx_word' id='word_1_454' title='bbox 2000 3230 2056 3285; x_wconf 88' lang='lat' dir='ltr'><strong><em>in</em></strong></span> <span class='ocrx_word' id='word_1_455' title='bbox 2090 3245 2277 3285; x_wconf 91' lang='lat' dir='ltr'><strong><em>unum.</em></strong></span> 
     </span>
    </p>
   </div>
   <div class='ocr_carea' id='block_1_80' title="bbox 1916 3320 3451 3397">
    <p class='ocr_par' dir='ltr' id='par_1_80' title="bbox 1916 3320 3451 3397">
     <span class='ocr_line' id='line_1_81' title="bbox 1916 3320 3451 3397; baseline 0.003 -17"><span class='ocrx_word' id='word_1_456' title='bbox 1916 3324 2023 3395; x_wconf 83' lang='lat' dir='ltr'><strong><em>Ipsi</em></strong></span> <span class='ocrx_word' id='word_1_457' title='bbox 2055 3323 2304 3380; x_wconf 86' lang='lat' dir='ltr'><strong><em>videntes</em></strong></span> <span class='ocrx_word' id='word_1_458' title='bbox 2334 3331 2461 3378; x_wconf 89' lang='lat' dir='ltr'><strong><em>tunc</em></strong></span> <span class='ocrx_word' id='word_1_459' title='bbox 2491 3320 2745 3378; x_wconf 90' lang='lat' dir='ltr'><strong><em>admirati</em></strong></span> <span class='ocrx_word' id='word_1_460' title='bbox 2778 3330 2928 3389; x_wconf 89' lang='lat' dir='ltr'><strong><em>sunt,</em></strong></span> <span class='ocrx_word' id='word_1_461' title='bbox 2952 3323 3266 3382; x_wconf 88' lang='lat' dir='ltr'><strong><em>conturbati</em></strong></span> <span class='ocrx_word' id='word_1_462' title='bbox 3297 3337 3451 3397; x_wconf 88' lang='lat' dir='ltr'><strong><em>sunt,</em></strong></span> 
     </span>
    </p>
   </div>
   <div class='ocr_carea' id='block_1_81' title="bbox 1849 3416 3198 3486">
    <p class='ocr_par' dir='ltr' id='par_1_81' title="bbox 1849 3416 3198 3486">
     <span class='ocr_line' id='line_1_82' title="bbox 1849 3416 3198 3486; baseline 0 -12"><span class='ocrx_word' id='word_1_463' title='bbox 1849 3428 1906 3475; x_wconf 87' lang='lat' dir='ltr'><strong><em>et</em></strong></span> <span class='ocrx_word' id='word_1_464' title='bbox 1943 3418 2201 3474; x_wconf 77' lang='lat' dir='ltr'><strong><em>commoti</em></strong></span> <span class='ocrx_word' id='word_1_465' title='bbox 2235 3425 2358 3472; x_wconf 89' lang='lat' dir='ltr'><strong><em>sunt</em></strong></span> <span class='ocrx_word' id='word_1_466' title='bbox 2395 3432 2409 3469; x_wconf 87' lang='lat'><strong>:</strong></span> <span class='ocrx_word' id='word_1_467' title='bbox 2453 3426 2659 3470; x_wconf 87' lang='lat' dir='ltr'><strong><em>tremor</em></strong></span> <span class='ocrx_word' id='word_1_468' title='bbox 2688 3416 3053 3486; x_wconf 85' lang='lat' dir='ltr'><strong><em>apprehendit</em></strong></span> <span class='ocrx_word' id='word_1_469' title='bbox 3082 3433 3198 3475; x_wconf 88' lang='lat' dir='ltr'><strong><em>eos.</em></strong></span> 
     </span>
    </p>
   </div>
   <div class='ocr_carea' id='block_1_82' title="bbox 1919 3507 3446 3582">
    <p class='ocr_par' dir='ltr' id='par_1_82' title="bbox 1919 3507 3446 3582">
     <span class='ocr_line' id='line_1_83' title="bbox 1919 3507 3446 3582; baseline 0.003 -16"><span class='ocrx_word' id='word_1_470' title='bbox 1919 3511 1995 3566; x_wconf 89' lang='lat' dir='ltr'><strong><em>lbi</em></strong></span> <span class='ocrx_word' id='word_1_471' title='bbox 2027 3511 2248 3567; x_wconf 86' lang='lat' dir='ltr'><strong><em>dolores</em></strong></span> <span class='ocrx_word' id='word_1_472' title='bbox 2296 3511 2434 3565; x_wconf 86' lang='lat' dir='ltr'><strong><em>sicut</em></strong></span> <span class='ocrx_word' id='word_1_473' title='bbox 2467 3509 2820 3578; x_wconf 87' lang='lat' dir='ltr'><strong><em>parturientis</em></strong></span> <span class='ocrx_word' id='word_1_474' title='bbox 2849 3525 2864 3562; x_wconf 88' lang='lat'>:</span> <span class='ocrx_word' id='word_1_475' title='bbox 2914 3507 2928 3546; x_wconf 80' lang='grc' dir='ltr'><strong>ί</strong></span> <span class='ocrx_word' id='word_1_476' title='bbox 2966 3509 3019 3564; x_wconf 90' lang='lat' dir='ltr'><strong><em>in</em></strong></span> <span class='ocrx_word' id='word_1_477' title='bbox 3049 3511 3242 3582; x_wconf 82' lang='lat' dir='ltr'><strong><em>spiritu</em></strong></span> <span class='ocrx_word' id='word_1_478' title='bbox 3276 3513 3446 3570; x_wconf 86' lang='lat' dir='ltr'><strong><em>vehe-</em></strong></span> 
     </span>
    </p>
   </div>
   <div class='ocr_carea' id='block_1_83' title="bbox 1850 3603 2770 3664">
    <p class='ocr_par' dir='ltr' id='par_1_83' title="bbox 1850 3603 2770 3664">
     <span class='ocr_line' id='line_1_84' title="bbox 1850 3603 2770 3664; baseline -0.004 -2"><span class='ocrx_word' id='word_1_479' title='bbox 1850 3607 2016 3663; x_wconf 86' lang='lat' dir='ltr'><strong><em>menti</em></strong></span> <span class='ocrx_word' id='word_1_480' title='bbox 2042 3616 2297 3664; x_wconf 86' lang='lat' dir='ltr'><strong><em>conteres</em></strong></span> <span class='ocrx_word' id='word_1_481' title='bbox 2326 3619 2494 3660; x_wconf 83' lang='lat' dir='ltr'><strong><em>naves</em></strong></span> <span class='ocrx_word' id='word_1_482' title='bbox 2524 3603 2770 3658; x_wconf 82' lang='lat' dir='ltr'><strong><em>Tharsis.</em></strong></span> 
     </span>
    </p>
   </div>
   <div class='ocr_carea' id='block_1_84' title="bbox 1922 3697 3440 3771">
    <p class='ocr_par' dir='ltr' id='par_1_84' title="bbox 1922 3697 3440 3771">
     <span class='ocr_line' id='line_1_85' title="bbox 1922 3697 3440 3771; baseline -0.001 -14"><span class='ocrx_word' id='word_1_483' title='bbox 1922 3702 2075 3758; x_wconf 86' lang='lat' dir='ltr'><strong><em>Sicut</em></strong></span> <span class='ocrx_word' id='word_1_484' title='bbox 2114 3700 2442 3768; x_wconf 72' lang='lat' dir='ltr'><strong><em>audivimus,</em></strong></span> <span class='ocrx_word' id='word_1_485' title='bbox 2475 3699 2546 3752; x_wconf 86' lang='lat' dir='ltr'><strong><em>ita</em></strong></span> <span class='ocrx_word' id='word_1_486' title='bbox 2578 3699 2592 3747; x_wconf 86' lang='lat' dir='ltr'><strong><em>l</em></strong></span> <span class='ocrx_word' id='word_1_487' title='bbox 2629 3706 2683 3752; x_wconf 92' lang='lat' dir='ltr'><strong><em>ct</em></strong></span> <span class='ocrx_word' id='word_1_488' title='bbox 2721 3697 3034 3771; x_wconf 53' lang='lat' dir='ltr'><strong><em>vidintusﬁn</em></strong></span> <span class='ocrx_word' id='word_1_489' title='bbox 3081 3699 3302 3756; x_wconf 86' lang='lat' dir='ltr'><strong><em>civitate</em></strong></span> <span class='ocrx_word' id='word_1_490' title='bbox 3334 3703 3440 3757; x_wconf 89' lang='lat' dir='ltr'><strong><em>Do-</em></strong></span> 
     </span>
    </p>
   </div>
   <div class='ocr_carea' id='block_1_85' title="bbox 1849 3791 3450 3860">
    <p class='ocr_par' dir='ltr' id='par_1_85' title="bbox 1849 3791 3450 3860">
     <span class='ocr_line' id='line_1_86' title="bbox 1849 3791 3450 3860; baseline -0.002 -8"><span class='ocrx_word' id='word_1_491' title='bbox 1849 3795 1980 3852; x_wconf 89' lang='lat' dir='ltr'><strong><em>mini</em></strong></span> <span class='ocrx_word' id='word_1_492' title='bbox 2011 3795 2298 3860; x_wconf 82' lang='lat' dir='ltr'><strong><em>virtutum,</em></strong></span> <span class='ocrx_word' id='word_1_493' title='bbox 2331 3793 2386 3848; x_wconf 92' lang='lat' dir='ltr'><strong><em>in</em></strong></span> <span class='ocrx_word' id='word_1_494' title='bbox 2409 3791 2630 3848; x_wconf 82' lang='lat' dir='ltr'><strong><em>civitate</em></strong></span> <span class='ocrx_word' id='word_1_495' title='bbox 2657 3791 2752 3846; x_wconf 89' lang='lat' dir='ltr'><strong><em>Dei</em></strong></span> <span class='ocrx_word' id='word_1_496' title='bbox 2784 3793 2996 3848; x_wconf 81' lang='lat' dir='ltr'><strong><em>nostri:</em></strong></span> <span class='ocrx_word' id='word_1_497' title='bbox 3030 3793 3172 3848; x_wconf 87' lang='lat' dir='ltr'><strong><em>Deus</em></strong></span> <span class='ocrx_word' id='word_1_498' title='bbox 3200 3794 3450 3849; x_wconf 79' lang='lat' dir='ltr'><strong><em>fundavit</em></strong></span> 
     </span>
    </p>
   </div>
   <div class='ocr_carea' id='block_1_86' title="bbox 1851 3883 2739 3943">
    <p class='ocr_par' dir='ltr' id='par_1_86' title="bbox 1851 3883 2739 3943">
     <span class='ocr_line' id='line_1_87' title="bbox 1851 3883 2739 3943; baseline -0.009 0"><span class='ocrx_word' id='word_1_499' title='bbox 1851 3901 1970 3943; x_wconf 88' lang='lat' dir='ltr'><strong><em>eam</em></strong></span> <span class='ocrx_word' id='word_1_500' title='bbox 1996 3887 2048 3940; x_wconf 90' lang='lat' dir='ltr'><strong><em>in</em></strong></span> <span class='ocrx_word' id='word_1_501' title='bbox 2080 3894 2374 3942; x_wconf 61' lang='lat' dir='ltr'><strong><em>internum.</em></strong></span> <span class='ocrx_word' id='word_1_502' title='bbox 2410 3883 2739 3939; x_wconf 65' lang='lat' dir='ltr'><strong><em>Drusum.</em></strong></span> 
     </span>
    </p>
   </div>
   <div class='ocr_carea' id='block_1_87' title="bbox 1925 4036 3450 4113">
    <p class='ocr_par' dir='ltr' id='par_1_87' title="bbox 1925 4036 3450 4113">
     <span class='ocr_line' id='line_1_88' title="bbox 1925 4036 3450 4113; baseline 0.001 -16"><span class='ocrx_word' id='word_1_503' title='bbox 1925 4040 1941 4080; x_wconf 69' lang='grc' dir='ltr'><em>τ</em></span> <span class='ocrx_word' id='word_1_504' title='bbox 1977 4042 2174 4105; x_wconf 86' lang='lat' dir='ltr'><strong><em>lterum</em></strong></span> <span class='ocrx_word' id='word_1_505' title='bbox 2201 4042 2361 4098; x_wconf 89' lang='lat' dir='ltr'><strong><em>iidem</em></strong></span> <span class='ocrx_word' id='word_1_506' title='bbox 2385 4041 2530 4108; x_wconf 86' lang='lat' dir='ltr'><strong><em>libri,</em></strong></span> <span class='ocrx_word' id='word_1_507' title='bbox 2549 4037 2722 4113; x_wconf 76' lang='lat' dir='ltr'><strong><em>Elegit</em></strong></span> <span class='ocrx_word' id='word_1_508' title='bbox 2747 4037 2889 4094; x_wconf 88' lang='lat' dir='ltr'><strong><em>nobis</em></strong></span> <span class='ocrx_word' id='word_1_509' title='bbox 2913 4036 3260 4113; x_wconf 75' lang='lat' dir='ltr'><strong><em>lttrreditatmn</em></strong></span> <span class='ocrx_word' id='word_1_510' title='bbox 3280 4060 3450 4099; x_wconf 83' lang='lat' dir='ltr'><strong><em>suam.</em></strong></span> 
     </span>
    </p>
   </div>
   <div class='ocr_carea' id='block_1_88' title="bbox 1844 4110 3442 4182">
    <p class='ocr_par' dir='ltr' id='par_1_88' title="bbox 1844 4110 3442 4182">
     <span class='ocr_line' id='line_1_89' title="bbox 1844 4110 3442 4182; baseline 0.001 -13"><span class='ocrx_word' id='word_1_511' title='bbox 1844 4114 1985 4170; x_wconf 79' lang='lat' dir='ltr'><strong><em>Infra</em></strong></span> <span class='ocrx_word' id='word_1_512' title='bbox 2013 4114 2342 4170; x_wconf 84' lang='lat' dir='ltr'><strong><em>Veronensis</em></strong></span> <span class='ocrx_word' id='word_1_513' title='bbox 2368 4115 2528 4169; x_wconf 86' lang='lat' dir='ltr'><strong><em>unice</em></strong></span> <span class='ocrx_word' id='word_1_514' title='bbox 2550 4110 2673 4168; x_wconf 67' lang='lat' dir='ltr'><strong><em>cuni</em></strong></span> <span class='ocrx_word' id='word_1_515' title='bbox 2703 4110 3024 4182; x_wconf 74' lang='lat' dir='ltr'><strong><em>Augustino,</em></strong></span> <span class='ocrx_word' id='word_1_516' title='bbox 3053 4114 3261 4182; x_wconf 82' lang='lat' dir='ltr'><strong><em>psallite</em></strong></span> <span class='ocrx_word' id='word_1_517' title='bbox 3288 4117 3442 4170; x_wconf 83' lang='lat' dir='ltr'><strong><em>intel-</em></strong></span> 
     </span>
    </p>
   </div>
   <div class='ocr_carea' id='block_1_89' title="bbox 1846 4183 3445 4258">
    <p class='ocr_par' dir='ltr' id='par_1_89' title="bbox 1846 4183 3445 4258">
     <span class='ocr_line' id='line_1_90' title="bbox 1846 4183 3445 4258; baseline 0.003 -20"><span class='ocrx_word' id='word_1_518' title='bbox 1846 4186 2086 4258; x_wconf 66' lang='lat' dir='ltr'><strong><em>ligenter,</em></strong></span> <span class='ocrx_word' id='word_1_519' title='bbox 2147 4203 2244 4254; x_wconf 88' lang='lat' dir='ltr'><strong><em>pro</em></strong></span> <span class='ocrx_word' id='word_1_520' title='bbox 2273 4187 2532 4258; x_wconf 82' lang='lat' dir='ltr'><strong><em>sapienter</em></strong></span> <span class='ocrx_word' id='word_1_521' title='bbox 2574 4201 2592 4238; x_wconf 91' lang='lat'><em>:</em></span> <span class='ocrx_word' id='word_1_522' title='bbox 2639 4195 2748 4249; x_wconf 84' lang='lat' dir='ltr'><strong><em>tum</em></strong></span> <span class='ocrx_word' id='word_1_523' title='bbox 2781 4183 3049 4258; x_wconf 79' lang='lat' dir='ltr'><strong><em>Principes</em></strong></span> <span class='ocrx_word' id='word_1_524' title='bbox 3089 4185 3445 4255; x_wconf 88' lang='lat' dir='ltr'><strong><em>populorum:</em></strong></span> 
     </span>
    </p>
   </div>
   <div class='ocr_carea' id='block_1_90' title="bbox 1847 4254 3224 4324">
    <p class='ocr_par' dir='ltr' id='par_1_90' title="bbox 1847 4254 3224 4324">
     <span class='ocr_line' id='line_1_91' title="bbox 1847 4254 3224 4324; baseline -0.004 -10"><span class='ocrx_word' id='word_1_525' title='bbox 1847 4254 1904 4314; x_wconf 72' lang='lat' dir='ltr'><strong><em>ci</em></strong></span> <span class='ocrx_word' id='word_1_526' title='bbox 1933 4259 1983 4311; x_wconf 91' lang='lat' dir='ltr'><strong><em>in</em></strong></span> <span class='ocrx_word' id='word_1_527' title='bbox 2015 4259 2139 4324; x_wconf 75' lang='lat' dir='ltr'><strong><em>line,</em></strong></span> <span class='ocrx_word' id='word_1_528' title='bbox 2172 4254 2525 4311; x_wconf 79' lang='lat' dir='ltr'><strong><em>raltleclevati</em></strong></span> <span class='ocrx_word' id='word_1_529' title='bbox 2546 4267 2686 4323; x_wconf 88' lang='lat' dir='ltr'><strong><em>sunt,</em></strong></span> <span class='ocrx_word' id='word_1_530' title='bbox 2721 4270 2818 4324; x_wconf 83' lang='lat' dir='ltr'><strong><em>pro</em></strong></span> <span class='ocrx_word' id='word_1_531' title='bbox 2845 4254 3083 4319; x_wconf 85' lang='lat' dir='ltr'><strong><em>nimium,</em></strong></span> <span class='ocrx_word' id='word_1_532' title='bbox 3117 4254 3224 4310; x_wconf 82' lang='lat' dir='ltr'><strong><em>etc.</em></strong></span> 
     </span>
    </p>
   </div>
   <div class='ocr_carea' id='block_1_91' title="bbox 1924 4327 3448 4398">
    <p class='ocr_par' dir='ltr' id='par_1_91' title="bbox 1924 4327 3448 4398">
     <span class='ocr_line' id='line_1_92' title="bbox 1924 4327 3448 4398; baseline 0.009 -23"><span class='ocrx_word' id='word_1_533' title='bbox 1924 4340 1947 4375; x_wconf 77' lang='grc' dir='ltr'>ε</span> <span class='ocrx_word' id='word_1_534' title='bbox 1971 4328 2136 4381; x_wconf 82' lang='lat' dir='ltr'><strong><em>l&#39;altte</em></strong></span> <span class='ocrx_word' id='word_1_535' title='bbox 2163 4345 2377 4382; x_wconf 79' lang='lat' dir='ltr'><strong><em>rursum</em></strong></span> <span class='ocrx_word' id='word_1_536' title='bbox 2405 4344 2499 4398; x_wconf 87' lang='lat' dir='ltr'><strong><em>pro</em></strong></span> <span class='ocrx_word' id='word_1_537' title='bbox 2523 4329 2693 4393; x_wconf 75' lang='lat' dir='ltr'><strong><em>nimis;</em></strong></span> <span class='ocrx_word' id='word_1_538' title='bbox 2726 4327 2792 4381; x_wconf 88' lang='lat' dir='ltr'><strong><em>de</em></strong></span> <span class='ocrx_word' id='word_1_539' title='bbox 2822 4342 2972 4380; x_wconf 86' lang='lat' dir='ltr'><strong><em>more</em></strong></span> <span class='ocrx_word' id='word_1_540' title='bbox 2994 4342 3116 4381; x_wconf 85' lang='lat' dir='ltr'><strong><em>cum</em></strong></span> <span class='ocrx_word' id='word_1_541' title='bbox 3146 4330 3448 4398; x_wconf 82' lang='lat' dir='ltr'><strong><em>Augustino</em></strong></span> 
     </span>
    </p>
   </div>
   <div class='ocr_carea' id='block_1_92' title="bbox 1850 4399 2911 4468">
    <p class='ocr_par' dir='ltr' id='par_1_92' title="bbox 1850 4399 2911 4468">
     <span class='ocr_line' id='line_1_93' title="bbox 1850 4399 2911 4468; baseline -0.003 -13"><span class='ocrx_word' id='word_1_542' title='bbox 1850 4399 2180 4455; x_wconf 72' lang='lat' dir='ltr'><strong><em>Veronensis</em></strong></span> <span class='ocrx_word' id='word_1_543' title='bbox 2210 4415 2311 4454; x_wconf 78' lang='lat' dir='ltr'><strong><em>nzs.</em></strong></span> <span class='ocrx_word' id='word_1_544' title='bbox 2348 4399 2561 4468; x_wconf 71' lang='lat' dir='ltr'><strong><em>prarl&#39;ert</em></strong></span> <span class='ocrx_word' id='word_1_545' title='bbox 2575 4440 2586 4452; x_wconf 96' lang='lat'><strong><em>.</em></strong></span> <span class='ocrx_word' id='word_1_546' title='bbox 2903 4447 2911 4452; x_wconf 87' lang='lat'><strong><em>_</em></strong></span> 
     </span>
    </p>
   </div>
   <div class='ocr_carea' id='block_1_93' title="bbox 1922 4466 3440 4540">
    <p class='ocr_par' dir='ltr' id='par_1_93' title="bbox 1922 4466 3440 4540">
     <span class='ocr_line' id='line_1_94' title="bbox 1922 4466 3440 4540; baseline 0.004 -17"><span class='ocrx_word' id='word_1_547' title='bbox 1922 4470 1948 4507; x_wconf 77' lang='grc' dir='ltr'>ιι</span> <span class='ocrx_word' id='word_1_548' title='bbox 1969 4470 2176 4524; x_wconf 60' lang='lat' dir='ltr'><strong><em>Vide-sis</em></strong></span> <span class='ocrx_word' id='word_1_549' title='bbox 2205 4487 2326 4539; x_wconf 73' lang='lat' dir='ltr'><strong><em>qua:</em></strong></span> <span class='ocrx_word' id='word_1_550' title='bbox 2350 4466 2514 4539; x_wconf 78' lang='lat' dir='ltr'><strong><em>supra</em></strong></span> <span class='ocrx_word' id='word_1_551' title='bbox 2547 4471 2612 4525; x_wconf 88' lang='lat' dir='ltr'><strong><em>ad</em></strong></span> <span class='ocrx_word' id='word_1_552' title='bbox 2642 4469 2915 4540; x_wconf 81' lang='lat' dir='ltr'><strong><em>geminum</em></strong></span> <span class='ocrx_word' id='word_1_553' title='bbox 2945 4466 3071 4523; x_wconf 88' lang='lat' dir='ltr'><strong><em>huic</em></strong></span> <span class='ocrx_word' id='word_1_554' title='bbox 3103 4471 3275 4525; x_wconf 87' lang='lat' dir='ltr'><strong><em>locum</em></strong></span> <span class='ocrx_word' id='word_1_555' title='bbox 3305 4475 3440 4540; x_wconf 87' lang='lat' dir='ltr'><strong><em>psal.</em></strong></span> 
     </span>
    </p>
   </div>
   <div class='ocr_carea' id='block_1_94' title="bbox 1853 4539 3442 4613">
    <p class='ocr_par' dir='ltr' id='par_1_94' title="bbox 1853 4539 3442 4613">
     <span class='ocr_line' id='line_1_95' title="bbox 1853 4539 3442 4613; baseline 0.003 -17"><span class='ocrx_word' id='word_1_556' title='bbox 1853 4559 2001 4604; x_wconf 69' lang='lat' dir='ltr'><strong><em>xciv,</em></strong></span> <span class='ocrx_word' id='word_1_557' title='bbox 2035 4546 2437 4613; x_wconf 63' lang='lat' dir='ltr'><strong><em>imnatavimus.</em></strong></span> <span class='ocrx_word' id='word_1_558' title='bbox 2473 4543 2568 4594; x_wconf 87' lang='lat' dir='ltr'><strong><em>llic</em></strong></span> <span class='ocrx_word' id='word_1_559' title='bbox 2600 4539 2776 4596; x_wconf 70' lang='lat' dir='ltr'><strong><em>tamen</em></strong></span> <span class='ocrx_word' id='word_1_560' title='bbox 2819 4539 2982 4593; x_wconf 81' lang='lat' dir='ltr'><strong><em>iidem</em></strong></span> <span class='ocrx_word' id='word_1_561' title='bbox 3016 4555 3137 4594; x_wconf 88' lang='lat' dir='ltr'><strong><em>cum</em></strong></span> <span class='ocrx_word' id='word_1_562' title='bbox 3172 4539 3442 4613; x_wconf 75' lang='lat' dir='ltr'><strong><em>plerisque</em></strong></span> 
     </span>
    </p>
   </div>
   <div class='ocr_carea' id='block_1_95' title="bbox 1852 4612 3442 4684">
    <p class='ocr_par' dir='ltr' id='par_1_95' title="bbox 1852 4612 3442 4684">
     <span class='ocr_line' id='line_1_96' title="bbox 1852 4612 3442 4684; baseline 0 -17"><span class='ocrx_word' id='word_1_563' title='bbox 1852 4613 2006 4668; x_wconf 87' lang='lat' dir='ltr'><strong><em>libris</em></strong></span> <span class='ocrx_word' id='word_1_564' title='bbox 2031 4612 2251 4678; x_wconf 81' lang='lat' dir='ltr'><strong><em>habent,</em></strong></span> <span class='ocrx_word' id='word_1_565' title='bbox 2277 4615 2328 4666; x_wconf 86' lang='lat' dir='ltr'><strong><em>in</em></strong></span> <span class='ocrx_word' id='word_1_566' title='bbox 2357 4613 2594 4667; x_wconf 78' lang='lat' dir='ltr'><strong><em>domibus</em></strong></span> <span class='ocrx_word' id='word_1_567' title='bbox 2618 4616 2730 4684; x_wconf 75' lang='lat' dir='ltr'><strong><em>ejus</em></strong></span> <span class='ocrx_word' id='word_1_568' title='bbox 2758 4621 3093 4682; x_wconf 85' lang='lat' dir='ltr'><strong><em>cognoscetttr</em></strong></span> <span class='ocrx_word' id='word_1_569' title='bbox 3131 4613 3223 4684; x_wconf 86' lang='lat' dir='ltr'><strong><em>(al.</em></strong></span> <span class='ocrx_word' id='word_1_570' title='bbox 3249 4612 3442 4682; x_wconf 82' lang='lat' dir='ltr'><strong><em>cogno-</em></strong></span> 
     </span>
    </p>
   </div>
   <div class='ocr_carea' id='block_1_96' title="bbox 1850 4684 3437 4756">
    <p class='ocr_par' dir='ltr' id='par_1_96' title="bbox 1850 4684 3437 4756">
     <span class='ocr_line' id='line_1_97' title="bbox 1850 4684 3437 4756; baseline -0.001 -18"><span class='ocrx_word' id='word_1_571' title='bbox 1850 4684 2032 4753; x_wconf 83' lang='lat' dir='ltr'><strong><em>scitur)</em></strong></span> <span class='ocrx_word' id='word_1_572' title='bbox 2061 4701 2175 4737; x_wconf 86' lang='lat' dir='ltr'><strong><em>cunt</em></strong></span> <span class='ocrx_word' id='word_1_573' title='bbox 2203 4685 2469 4756; x_wconf 81' lang='lat' dir='ltr'><strong><em>suscipiet,</em></strong></span> <span class='ocrx_word' id='word_1_574' title='bbox 2488 4693 2618 4748; x_wconf 86' lang='lat' dir='ltr'><strong><em>etc.;</em></strong></span> <span class='ocrx_word' id='word_1_575' title='bbox 2649 4696 2758 4738; x_wconf 89' lang='lat' dir='ltr'><strong><em>tum</em></strong></span> <span class='ocrx_word' id='word_1_576' title='bbox 2789 4685 3087 4756; x_wconf 68' lang='lat' dir='ltr'><strong><em>unicecum</em></strong></span> <span class='ocrx_word' id='word_1_577' title='bbox 3113 4691 3437 4752; x_wconf 71' lang='lat' dir='ltr'><strong><em>Augusnno,</em></strong></span> 
     </span>
    </p>
   </div>
   <div class='ocr_carea' id='block_1_97' title="bbox 1851 4754 3439 4824">
    <p class='ocr_par' dir='ltr' id='par_1_97' title="bbox 1851 4754 3439 4824">
     <span class='ocr_line' id='line_1_98' title="bbox 1851 4754 3439 4824; baseline -0.001 -15"><span class='ocrx_word' id='word_1_578' title='bbox 1851 4773 1994 4822; x_wconf 81' lang='lat' dir='ltr'><strong><em>reges</em></strong></span> <span class='ocrx_word' id='word_1_579' title='bbox 2017 4767 2169 4809; x_wconf 73' lang='lat' dir='ltr'><strong><em>terra;</em></strong></span> <span class='ocrx_word' id='word_1_580' title='bbox 2198 4754 2400 4810; x_wconf 87' lang='lat' dir='ltr'><strong><em>collecti</em></strong></span> <span class='ocrx_word' id='word_1_581' title='bbox 2429 4766 2546 4810; x_wconf 87' lang='lat' dir='ltr'><strong><em>sunt</em></strong></span> <span class='ocrx_word' id='word_1_582' title='bbox 2572 4757 2807 4824; x_wconf 72' lang='lat' dir='ltr'><strong><em>(tunctsi</em></strong></span> <span class='ocrx_word' id='word_1_583' title='bbox 2842 4754 2969 4808; x_wconf 90' lang='lat' dir='ltr'><strong><em>illud</em></strong></span> <span class='ocrx_word' id='word_1_584' title='bbox 2999 4762 3170 4819; x_wconf 59' lang='grc' dir='ltr'><strong><em>ια’-(ιν,</em></strong></span> <span class='ocrx_word' id='word_1_585' title='bbox 3207 4765 3439 4809; x_wconf 82' lang='lat' dir='ltr'><strong><em>testatur</em></strong></span> 
     </span>
    </p>
   </div>
   <div class='ocr_carea' id='block_1_98' title="bbox 164 4802 3438 4897">
    <p class='ocr_par' dir='ltr' id='par_1_98' title="bbox 164 4802 3438 4897">
     <span class='ocr_line' id='line_1_99' title="bbox 164 4802 3438 4897; baseline 0.001 -23"><span class='ocrx_word' id='word_1_586' title='bbox 164 4802 403 4885; x_wconf 67' lang='lat' dir='ltr'><strong><em>Quiiniatn</em></strong></span> <span class='ocrx_word' id='word_1_587' title='bbox 433 4841 554 4878; x_wconf 83' lang='lat' dir='ltr'><strong><em>ecce</em></strong></span> <span class='ocrx_word' id='word_1_588' title='bbox 579 4802 862 4897; x_wconf 59' lang='lat' dir='ltr'><strong><em>rcges&#39;ejus</em></strong></span> <span class='ocrx_word' id='word_1_589' title='bbox 884 4824 1178 4894; x_wconf 75' lang='lat' dir='ltr'><strong><em>congregati</em></strong></span> <span class='ocrx_word' id='word_1_590' title='bbox 1208 4802 1346 4878; x_wconf 64' lang='lat' dir='ltr'><strong><em>situt.</em></strong></span> <span class='ocrx_word' id='word_1_591' title='bbox 1385 4826 1536 4892; x_wconf 84' lang='lat' dir='ltr'><strong><em>Quod</em></strong></span> <span class='ocrx_word' id='word_1_592' title='bbox 1565 4843 1743 4895; x_wconf 85' lang='lat' dir='ltr'><strong><em>saper-</em></strong></span> <span class='ocrx_word' id='word_1_593' title='bbox 1776 4802 1825 4862; x_wconf 83' lang='grc' dir='ltr'><strong><em>Ῐ)</em></strong></span> <span class='ocrx_word' id='word_1_594' title='bbox 1855 4802 2217 4897; x_wconf 64' lang='lat' dir='ltr'><strong><em>lliemnytnus</em></strong></span> <span class='ocrx_word' id='word_1_595' title='bbox 2239 4827 2411 4894; x_wconf 84' lang='lat' dir='ltr'><strong><em>Epist.</em></strong></span> <span class='ocrx_word' id='word_1_596' title='bbox 2436 4830 2500 4879; x_wconf 82' lang='lat' dir='ltr'><strong><em>ad</em></strong></span> <span class='ocrx_word' id='word_1_597' title='bbox 2525 4802 2816 4885; x_wconf 79' lang='lat' dir='ltr'><strong><em>Sintniatn.</em></strong></span> <span class='ocrx_word' id='word_1_598' title='bbox 2842 4825 2893 4877; x_wconf 89' lang='lat' dir='ltr'><strong><em>in</em></strong></span> <span class='ocrx_word' id='word_1_599' title='bbox 2913 4802 3438 4897; x_wconf 55' lang='lat' dir='ltr'><strong><em>veteribuscotlicibns</em></strong></span> 
     </span>
    </p>
   </div>
   <div class='ocr_carea' id='block_1_99' title="bbox 162 4894 1742 4961">
    <p class='ocr_par' dir='ltr' id='par_1_99' title="bbox 162 4894 1742 4961">
     <span class='ocr_line' id='line_1_100' title="bbox 162 4894 1742 4961; baseline 0.004 -18"><span class='ocrx_word' id='word_1_600' title='bbox 162 4894 310 4957; x_wconf 79' lang='lat' dir='ltr'><strong><em>ﬂuunt</em></strong></span> <span class='ocrx_word' id='word_1_601' title='bbox 332 4911 358 4948; x_wconf 91' lang='lat' dir='ltr'><strong><em>e</em></strong></span> <span class='ocrx_word' id='word_1_602' title='bbox 386 4911 466 4961; x_wconf 78' lang='lat' dir='ltr'><strong><em>se,</em></strong></span> <span class='ocrx_word' id='word_1_603' title='bbox 497 4897 608 4959; x_wconf 84' lang='lat' dir='ltr'><strong><em>ipse</em></strong></span> <span class='ocrx_word' id='word_1_604' title='bbox 627 4894 856 4950; x_wconf 80' lang='lat' dir='ltr'><strong><em>lectionis</em></strong></span> <span class='ocrx_word' id='word_1_605' title='bbox 880 4904 1052 4949; x_wconf 75' lang='lat' dir='ltr'><strong><em>textus</em></strong></span> <span class='ocrx_word' id='word_1_606' title='bbox 1075 4897 1314 4961; x_wconf 79' lang='lat' dir='ltr'><strong><em>ostendit,</em></strong></span> <span class='ocrx_word' id='word_1_607' title='bbox 1339 4909 1387 4950; x_wconf 89' lang='lat' dir='ltr'><strong><em>et</em></strong></span> <span class='ocrx_word' id='word_1_608' title='bbox 1415 4901 1467 4950; x_wconf 89' lang='lat' dir='ltr'><strong><em>in</em></strong></span> <span class='ocrx_word' id='word_1_609' title='bbox 1497 4894 1742 4951; x_wconf 83' lang='lat' dir='ltr'><strong><em>veteribus</em></strong></span> 
     </span>
    </p>
   </div>
   <div class='ocr_carea' id='block_1_100' title="bbox 162 4964 1744 5039">
    <p class='ocr_par' dir='ltr' id='par_1_100' title="bbox 162 4964 1744 5039">
     <span class='ocr_line' id='line_1_101' title="bbox 162 4964 1744 5039; baseline 0.006 -25"><span class='ocrx_word' id='word_1_610' title='bbox 162 4964 414 5019; x_wconf 84' lang='lat' dir='ltr'><strong><em>codicibus</em></strong></span> <span class='ocrx_word' id='word_1_611' title='bbox 441 4964 751 5039; x_wconf 81' lang='lat' dir='ltr'><strong><em>Latinorum</em></strong></span> <span class='ocrx_word' id='word_1_612' title='bbox 783 4967 1032 5039; x_wconf 62' lang='lat' dir='ltr'><strong><em>scriptum</em></strong></span> <span class='ocrx_word' id='word_1_613' title='bbox 1062 4975 1201 5030; x_wconf 88' lang='lat' dir='ltr'><strong><em>erat,</em></strong></span> <span class='ocrx_word' id='word_1_614' title='bbox 1231 4983 1374 5039; x_wconf 81' lang='lat' dir='ltr'><strong><em>reges</em></strong></span> <span class='ocrx_word' id='word_1_615' title='bbox 1397 4979 1547 5021; x_wconf 75' lang='lat' dir='ltr'><strong><em>trrrte</em></strong></span> <span class='ocrx_word' id='word_1_616' title='bbox 1565 5009 1578 5030; x_wconf 90' lang='lat'><strong><em>,</em></strong></span> <span class='ocrx_word' id='word_1_617' title='bbox 1609 4971 1744 5038; x_wconf 87' lang='lat' dir='ltr'><strong><em>quod</em></strong></span> 
     </span>
    </p>
   </div>
   <div class='ocr_carea' id='block_1_101' title="bbox 159 5035 1744 5108">
    <p class='ocr_par' dir='ltr' id='par_1_101' title="bbox 159 5035 1744 5108">
     <span class='ocr_line' id='line_1_102' title="bbox 159 5035 1744 5108; baseline 0.005 -23"><span class='ocrx_word' id='word_1_618' title='bbox 159 5051 250 5088; x_wconf 86' lang='lat' dir='ltr'><strong><em>non</em></strong></span> <span class='ocrx_word' id='word_1_619' title='bbox 276 5039 492 5091; x_wconf 59' lang='lat' dir='ltr'><strong><em>tulimus</em></strong></span> <span class='ocrx_word' id='word_1_620' title='bbox 511 5079 525 5101; x_wconf 94' lang='lat'><strong><em>,</em></strong></span> <span class='ocrx_word' id='word_1_621' title='bbox 559 5037 684 5108; x_wconf 82' lang='lat' dir='ltr'><strong><em>quia</em></strong></span> <span class='ocrx_word' id='word_1_622' title='bbox 709 5052 799 5091; x_wconf 90' lang='lat' dir='ltr'><strong><em>nec</em></strong></span> <span class='ocrx_word' id='word_1_623' title='bbox 829 5037 881 5091; x_wconf 90' lang='lat' dir='ltr'><strong><em>in</em></strong></span> <span class='ocrx_word' id='word_1_624' title='bbox 916 5035 1139 5090; x_wconf 77' lang='lat' dir='ltr'><strong><em>llebrazo</em></strong></span> <span class='ocrx_word' id='word_1_625' title='bbox 1161 5077 1174 5101; x_wconf 95' lang='lat'><strong><em>,</em></strong></span> <span class='ocrx_word' id='word_1_626' title='bbox 1201 5035 1364 5091; x_wconf 49' lang='lat' dir='ltr'><strong><em>nec‘in</em></strong></span> <span class='ocrx_word' id='word_1_627' title='bbox 1400 5035 1744 5107; x_wconf 78' lang='lat' dir='ltr'><strong><em>Septuaginta</em></strong></span> 
     </span>
    </p>
   </div>
   <div class='ocr_carea' id='block_1_102' title="bbox 161 5108 1742 5230">
    <p class='ocr_par' dir='ltr' id='par_1_102' title="bbox 161 5108 1742 5230">
     <span class='ocr_line' id='line_1_103' title="bbox 161 5108 1742 5230; baseline 0.004 -70"><span class='ocrx_word' id='word_1_628' title='bbox 161 5111 425 5230; x_wconf 56' lang='lat' dir='ltr'><strong><em>glcperitur.</em></strong></span> <span class='ocrx_word' id='word_1_629' title='bbox 461 5109 592 5162; x_wconf 65' lang='lat' dir='ltr'><strong><em>Ilu‘c</em></strong></span> <span class='ocrx_word' id='word_1_630' title='bbox 623 5109 714 5162; x_wconf 83' lang='lat' dir='ltr'><strong><em>ille</em></strong></span> <span class='ocrx_word' id='word_1_631' title='bbox 742 5109 793 5162; x_wconf 88' lang='lat' dir='ltr'><strong><em>in</em></strong></span> <span class='ocrx_word' id='word_1_632' title='bbox 826 5123 922 5162; x_wconf 81' lang='lat' dir='ltr'><strong><em>sua</em></strong></span> <span class='ocrx_word' id='word_1_633' title='bbox 952 5108 1112 5179; x_wconf 78' lang='lat' dir='ltr'><strong><em>epist.</em></strong></span> <span class='ocrx_word' id='word_1_634' title='bbox 1158 5112 1462 5165; x_wconf 75' lang='lat' dir='ltr'><strong><em>sexcenties</em></strong></span> <span class='ocrx_word' id='word_1_635' title='bbox 1505 5111 1742 5166; x_wconf 75' lang='lat' dir='ltr'><strong><em>laudata.</em></strong></span> 
     </span>
     <span class='ocr_line' id='line_1_104' title="bbox 207 5195 323 5230; baseline 0 0"><span class='ocrx_word' id='word_1_636' title='bbox 207 5195 323 5230; x_wconf 75' lang='lat' dir='ltr'><strong><em>sur.</em></strong></span> 
     </span>
    </p>
   </div>
   <div class='ocr_carea' id='block_1_103' title="bbox 207 5195 323 5233">
    <p class='ocr_par' dir='ltr' id='par_1_103' title="bbox 207 5195 323 5233">
     <span class='ocr_line' id='line_1_105' title="bbox 207 5195 323 5233; baseline 0.017 -2"><span class='ocrx_word' id='word_1_637' title='bbox 207 5195 323 5233; x_wconf 67' lang='lat' dir='ltr'><strong><em>All‘l&#39;.</em></strong></span> 
     </span>
    </p>
   </div>
   <div class='ocr_carea' id='block_1_104' title="bbox 223 5248 1748 5319">
    <p class='ocr_par' dir='ltr' id='par_1_104' title="bbox 223 5248 1748 5319">
     <span class='ocr_line' id='line_1_106' title="bbox 223 5248 1748 5319; baseline 0.003 -17"><span class='ocrx_word' id='word_1_638' title='bbox 223 5248 246 5285; x_wconf 65' lang='grc' dir='ltr'><strong><em>ἀ</em></strong></span> <span class='ocrx_word' id='word_1_639' title='bbox 262 5250 584 5305; x_wconf 83' lang='lat' dir='ltr'><strong><em>lnscribilur</em></strong></span> <span class='ocrx_word' id='word_1_640' title='bbox 608 5250 659 5304; x_wconf 90' lang='lat' dir='ltr'><strong><em>in</em></strong></span> <span class='ocrx_word' id='word_1_641' title='bbox 682 5249 983 5305; x_wconf 76' lang='lat' dir='ltr'><strong><em>Veronensi</em></strong></span> <span class='ocrx_word' id='word_1_642' title='bbox 1009 5251 1215 5315; x_wconf 72' lang='lat' dir='ltr'><strong><em>codice,</em></strong></span> <span class='ocrx_word' id='word_1_643' title='bbox 1249 5249 1398 5304; x_wconf 68' lang='lat' dir='ltr'><strong><em>Filii:</em></strong></span> <span class='ocrx_word' id='word_1_644' title='bbox 1419 5252 1568 5319; x_wconf 87' lang='lat' dir='ltr'><strong><em>Core,</em></strong></span> <span class='ocrx_word' id='word_1_645' title='bbox 1591 5251 1748 5307; x_wconf 79' lang='lat' dir='ltr'><strong><em>Psal-</em></strong></span> 
     </span>
    </p>
   </div>
   <div class='ocr_carea' id='block_1_105' title="bbox 162 5320 1746 5395">
    <p class='ocr_par' dir='ltr' id='par_1_105' title="bbox 162 5320 1746 5395">
     <span class='ocr_line' id='line_1_107' title="bbox 162 5320 1746 5395; baseline 0.007 -24"><span class='ocrx_word' id='word_1_646' title='bbox 162 5336 264 5374; x_wconf 80' lang='lat' dir='ltr'><strong><em>mus</em></strong></span> <span class='ocrx_word' id='word_1_647' title='bbox 313 5320 828 5395; x_wconf 18' lang='lat' dir='ltr'><strong><em>ipsiADavid:qu.c</em></strong></span> <span class='ocrx_word' id='word_1_648' title='bbox 881 5332 1151 5393; x_wconf 56' lang='lat' dir='ltr'><strong><em>pesti-cina</em></strong></span> <span class='ocrx_word' id='word_1_649' title='bbox 1200 5324 1364 5377; x_wconf 82' lang='lat' dir='ltr'><strong><em>verba</em></strong></span> <span class='ocrx_word' id='word_1_650' title='bbox 1412 5325 1746 5395; x_wconf 81' lang='lat' dir='ltr'><strong><em>Augustinus</em></strong></span> 
     </span>
    </p>
   </div>
   <div class='ocr_carea' id='block_1_106' title="bbox 159 5393 558 5461">
    <p class='ocr_par' dir='ltr' id='par_1_106' title="bbox 159 5393 558 5461">
     <span class='ocr_line' id='line_1_108' title="bbox 159 5393 558 5461; baseline 0.018 -21"><span class='ocrx_word' id='word_1_651' title='bbox 159 5409 362 5461; x_wconf 73' lang='lat' dir='ltr'><strong><em>quoque</em></strong></span> <span class='ocrx_word' id='word_1_652' title='bbox 384 5393 558 5447; x_wconf 67' lang='lat' dir='ltr'><strong><em>:ttltltt.</em></strong></span> 
     </span>
    </p>
   </div>
   <div class='ocr_carea' id='block_1_107' title="bbox 225 5463 1748 5534">
    <p class='ocr_par' dir='ltr' id='par_1_107' title="bbox 225 5463 1748 5534">
     <span class='ocr_line' id='line_1_109' title="bbox 225 5463 1748 5534; baseline 0.004 -19"><span class='ocrx_word' id='word_1_653' title='bbox 225 5473 248 5500; x_wconf 73' lang='grc' dir='ltr'>ε</span> <span class='ocrx_word' id='word_1_654' title='bbox 280 5464 453 5519; x_wconf 82' lang='lat' dir='ltr'><strong><em>tidem</em></strong></span> <span class='ocrx_word' id='word_1_655' title='bbox 494 5480 614 5519; x_wconf 88' lang='lat' dir='ltr'><strong><em>cum</em></strong></span> <span class='ocrx_word' id='word_1_656' title='bbox 649 5463 920 5534; x_wconf 83' lang='lat' dir='ltr'><strong><em>plerisque</em></strong></span> <span class='ocrx_word' id='word_1_657' title='bbox 955 5465 1074 5520; x_wconf 81' lang='lat' dir='ltr'><strong><em>aliis</em></strong></span> <span class='ocrx_word' id='word_1_658' title='bbox 1121 5464 1304 5530; x_wconf 81' lang='lat' dir='ltr'><strong><em>libris,</em></strong></span> <span class='ocrx_word' id='word_1_659' title='bbox 1355 5465 1610 5532; x_wconf 82' lang='lat' dir='ltr'><strong><em>Quoniam</em></strong></span> <span class='ocrx_word' id='word_1_660' title='bbox 1643 5466 1748 5521; x_wconf 55' lang='lat' dir='ltr'><strong><em>Do.</em></strong></span> 
     </span>
    </p>
   </div>
   <div class='ocr_carea' id='block_1_108' title="bbox 161 5535 1750 5606">
    <p class='ocr_par' dir='ltr' id='par_1_108' title="bbox 161 5535 1750 5606">
     <span class='ocr_line' id='line_1_110' title="bbox 161 5535 1750 5606; baseline 0.004 -20"><span class='ocrx_word' id='word_1_661' title='bbox 161 5536 319 5589; x_wconf 86' lang='lat' dir='ltr'><strong><em>minus</em></strong></span> <span class='ocrx_word' id='word_1_662' title='bbox 351 5537 625 5601; x_wconf 70' lang='lat' dir='ltr'><strong><em>excelsus,</em></strong></span> <span class='ocrx_word' id='word_1_663' title='bbox 661 5535 927 5600; x_wconf 71' lang='lat' dir='ltr'><strong><em>terribilis,</em></strong></span> <span class='ocrx_word' id='word_1_664' title='bbox 967 5551 1058 5589; x_wconf 71' lang='lat' dir='ltr'><strong><em>rex</em></strong></span> <span class='ocrx_word' id='word_1_665' title='bbox 1101 5552 1320 5606; x_wconf 87' lang='lat' dir='ltr'><strong><em>magnus</em></strong></span> <span class='ocrx_word' id='word_1_666' title='bbox 1365 5554 1521 5606; x_wconf 81' lang='lat' dir='ltr'><strong><em>super</em></strong></span> <span class='ocrx_word' id='word_1_667' title='bbox 1550 5555 1750 5592; x_wconf 88' lang='lat' dir='ltr'><strong><em>omnem</em></strong></span> 
     </span>
    </p>
   </div>
   <div class='ocr_carea' id='block_1_109' title="bbox 162 5607 1753 5678">
    <p class='ocr_par' dir='ltr' id='par_1_109' title="bbox 162 5607 1753 5678">
     <span class='ocr_line' id='line_1_111' title="bbox 162 5607 1753 5678; baseline 0.003 -19"><span class='ocrx_word' id='word_1_668' title='bbox 162 5616 366 5661; x_wconf 79' lang='lat' dir='ltr'><strong><em>terram.</em></strong></span> <span class='ocrx_word' id='word_1_669' title='bbox 390 5607 699 5674; x_wconf 84' lang='lat' dir='ltr'><strong><em>Scripserat</em></strong></span> <span class='ocrx_word' id='word_1_670' title='bbox 726 5607 922 5661; x_wconf 83' lang='lat' dir='ltr'><strong><em>deinde</em></strong></span> <span class='ocrx_word' id='word_1_671' title='bbox 956 5607 1280 5663; x_wconf 64' lang='lat' dir='ltr'><strong><em>Veronensis</em></strong></span> <span class='ocrx_word' id='word_1_672' title='bbox 1307 5612 1664 5678; x_wconf 79' lang='lat' dir='ltr'><strong><em>autiquarius,</em></strong></span> <span class='ocrx_word' id='word_1_673' title='bbox 1692 5618 1753 5664; x_wconf 82' lang='lat' dir='ltr'><strong><em>ut</em></strong></span> 
     </span>
    </p>
   </div>
   <div class='ocr_carea' id='block_1_110' title="bbox 165 5678 1750 5750">
    <p class='ocr_par' dir='ltr' id='par_1_110' title="bbox 165 5678 1750 5750">
     <span class='ocr_line' id='line_1_112' title="bbox 165 5678 1750 5750; baseline 0.003 -20"><span class='ocrx_word' id='word_1_674' title='bbox 165 5691 294 5750; x_wconf 76' lang='lat' dir='ltr'><strong><em>nutic</em></strong></span> <span class='ocrx_word' id='word_1_675' title='bbox 319 5687 452 5750; x_wconf 84' lang='lat' dir='ltr'><strong><em>est,_</em></strong></span> <span class='ocrx_word' id='word_1_676' title='bbox 473 5679 686 5750; x_wconf 76' lang='lat' dir='ltr'><strong><em>subjecit</em></strong></span> <span class='ocrx_word' id='word_1_677' title='bbox 711 5678 962 5750; x_wconf 84' lang='lat' dir='ltr'><strong><em>populos,</em></strong></span> <span class='ocrx_word' id='word_1_678' title='bbox 993 5695 1115 5733; x_wconf 90' lang='lat' dir='ltr'><strong><em>cum</em></strong></span> <span class='ocrx_word' id='word_1_679' title='bbox 1149 5694 1276 5734; x_wconf 87' lang='lat' dir='ltr'><strong><em>vero</em></strong></span> <span class='ocrx_word' id='word_1_680' title='bbox 1306 5680 1370 5732; x_wconf 88' lang='lat' dir='ltr'><strong><em>ad</em></strong></span> <span class='ocrx_word' id='word_1_681' title='bbox 1402 5680 1536 5733; x_wconf 85' lang='lat' dir='ltr'><strong><em>hanc</em></strong></span> <span class='ocrx_word' id='word_1_682' title='bbox 1563 5696 1750 5736; x_wconf 86' lang='lat' dir='ltr'><strong><em>vocem</em></strong></span> 
     </span>
    </p>
   </div>
   <div class='ocr_carea' id='block_1_111' title="bbox 163 5748 1746 5822">
    <p class='ocr_par' dir='ltr' id='par_1_111' title="bbox 163 5748 1746 5822">
     <span class='ocr_line' id='line_1_113' title="bbox 163 5748 1746 5822; baseline 0.003 -21"><span class='ocrx_word' id='word_1_683' title='bbox 163 5748 210 5802; x_wconf 89' lang='lat' dir='ltr'><strong><em>in</em></strong></span> <span class='ocrx_word' id='word_1_684' title='bbox 231 5748 568 5822; x_wconf 79' lang='lat' dir='ltr'><strong><em>exemplaris</em></strong></span> <span class='ocrx_word' id='word_1_685' title='bbox 587 5748 1136 5822; x_wconf 53' lang='lat' dir='ltr'><strong><em>suﬁalbOannotatum</em></strong></span> <span class='ocrx_word' id='word_1_686' title='bbox 1153 5760 1296 5805; x_wconf 86' lang='lat' dir='ltr'><strong><em>esset</em></strong></span> <span class='ocrx_word' id='word_1_687' title='bbox 1321 5751 1489 5820; x_wconf 87' lang='lat' dir='ltr'><strong><em>plebes</em></strong></span> <span class='ocrx_word' id='word_1_688' title='bbox 1511 5751 1746 5822; x_wconf 84' lang='lat' dir='ltr'><strong><em>(scilicet</em></strong></span> 
     </span>
    </p>
   </div>
   <div class='ocr_carea' id='block_1_112' title="bbox 162 5819 1748 5895">
    <p class='ocr_par' dir='ltr' id='par_1_112' title="bbox 162 5819 1748 5895">
     <span class='ocr_line' id='line_1_114' title="bbox 162 5819 1748 5895; baseline 0.004 -23"><span class='ocrx_word' id='word_1_689' title='bbox 162 5833 220 5874; x_wconf 79' lang='lat' dir='ltr'><strong><em>ex</em></strong></span> <span class='ocrx_word' id='word_1_690' title='bbox 273 5820 609 5893; x_wconf 55' lang='lat' dir='ltr'><strong><em>Augustino)</em></strong></span> <span class='ocrx_word' id='word_1_691' title='bbox 661 5819 801 5876; x_wconf 85' lang='lat' dir='ltr'><strong><em>hanc</em></strong></span> <span class='ocrx_word' id='word_1_692' title='bbox 849 5835 1064 5893; x_wconf 74' lang='lat' dir='ltr'><strong><em>queque</em></strong></span> <span class='ocrx_word' id='word_1_693' title='bbox 1115 5819 1328 5879; x_wconf 83' lang='lat' dir='ltr'><strong><em>temere</em></strong></span> <span class='ocrx_word' id='word_1_694' title='bbox 1372 5819 1646 5895; x_wconf 81' lang='lat' dir='ltr'><strong><em>subjungit</em></strong></span> <span class='ocrx_word' id='word_1_695' title='bbox 1693 5823 1748 5879; x_wconf 90' lang='lat' dir='ltr'><strong><em>in</em></strong></span> 
     </span>
    </p>
   </div>
   <div class='ocr_carea' id='block_1_113' title="bbox 168 5899 330 5948">
    <p class='ocr_par' dir='ltr' id='par_1_113' title="bbox 168 5899 330 5948">
     <span class='ocr_line' id='line_1_115' title="bbox 168 5899 330 5948; baseline 0.019 -4"><span class='ocrx_word' id='word_1_696' title='bbox 168 5899 330 5948; x_wconf 83' lang='lat' dir='ltr'><strong><em>testu.</em></strong></span> 
     </span>
    </p>
   </div>
   <div class='ocr_carea' id='block_1_114' title="bbox 408 5985 978 6050">
    <p class='ocr_par' dir='ltr' id='par_1_114' title="bbox 408 5985 978 6050">
     <span class='ocr_line' id='line_1_116' title="bbox 408 5985 978 6050; baseline -0.004 -1"><span class='ocrx_word' id='word_1_697' title='bbox 408 5985 689 6050; x_wconf 77' lang='grc' dir='ltr'><strong><em>Ρηιιοι.</em></strong></span> <span class='ocrx_word' id='word_1_698' title='bbox 738 5985 978 6050; x_wconf 82' lang='lat' dir='ltr'><strong>XXIX.</strong></span> 
     </span>
    </p>
   </div>
   <div class='ocr_carea' id='block_1_115' title="bbox 1848 4896 3434 4968">
    <p class='ocr_par' dir='ltr' id='par_1_115' title="bbox 1848 4896 3434 4968">
     <span class='ocr_line' id='line_1_117' title="bbox 1848 4896 3434 4968; baseline 0 -17"><span class='ocrx_word' id='word_1_699' title='bbox 1848 4896 2155 4951; x_wconf 84' lang='lat' dir='ltr'><strong><em>Latinorum</em></strong></span> <span class='ocrx_word' id='word_1_700' title='bbox 2183 4899 2432 4968; x_wconf 82' lang='lat' dir='ltr'><strong><em>scriptum</em></strong></span> <span class='ocrx_word' id='word_1_701' title='bbox 2455 4899 2641 4964; x_wconf 87' lang='lat' dir='ltr'><strong><em>luisse,</em></strong></span> <span class='ocrx_word' id='word_1_702' title='bbox 2672 4899 2830 4968; x_wconf 82' lang='lat' dir='ltr'><strong><em>quod,</em></strong></span> <span class='ocrx_word' id='word_1_703' title='bbox 2859 4899 3048 4968; x_wconf 78' lang='lat' dir='ltr'><strong><em>inquit,</em></strong></span> <span class='ocrx_word' id='word_1_704' title='bbox 3078 4911 3178 4968; x_wconf 5' lang='lat' dir='ltr'><strong><em>nos,</em></strong></span> <span class='ocrx_word' id='word_1_705' title='bbox 3197 4896 3434 4968; x_wconf 82' lang='lat' dir='ltr'><strong><em>tulitnus,</em></strong></span> 
     </span>
    </p>
   </div>
   <div class='ocr_carea' id='block_1_116' title="bbox 1847 4966 3438 5040">
    <p class='ocr_par' dir='ltr' id='par_1_116' title="bbox 1847 4966 3438 5040">
     <span class='ocr_line' id='line_1_118' title="bbox 1847 4966 3438 5040; baseline 0 -19"><span class='ocrx_word' id='word_1_706' title='bbox 1847 4970 1970 5040; x_wconf 82' lang='lat' dir='ltr'><strong><em>quia</em></strong></span> <span class='ocrx_word' id='word_1_707' title='bbox 2000 4986 2088 5022; x_wconf 90' lang='lat' dir='ltr'><strong><em>nec</em></strong></span> <span class='ocrx_word' id='word_1_708' title='bbox 2114 4969 2165 5022; x_wconf 88' lang='lat' dir='ltr'><strong><em>in</em></strong></span> <span class='ocrx_word' id='word_1_709' title='bbox 2183 4967 2236 5021; x_wconf 85' lang='grc' dir='ltr'><em>Η</em></span> <span class='ocrx_word' id='word_1_710' title='bbox 2242 4966 2427 5036; x_wconf 76' lang='lat' dir='ltr'><strong><em>ebrteo,</em></strong></span> <span class='ocrx_word' id='word_1_711' title='bbox 2454 4987 2545 5023; x_wconf 90' lang='lat' dir='ltr'><strong><em>nec</em></strong></span> <span class='ocrx_word' id='word_1_712' title='bbox 2573 4971 2626 5023; x_wconf 91' lang='lat' dir='ltr'><strong><em>in</em></strong></span> <span class='ocrx_word' id='word_1_713' title='bbox 2660 4966 3314 5040; x_wconf 59' lang='lat' dir='ltr'><strong><em>Septuagintareperitur),</em></strong></span> <span class='ocrx_word' id='word_1_714' title='bbox 3341 4973 3438 5022; x_wconf 89' lang='lat' dir='ltr'><strong><em>dc-</em></strong></span> 
     </span>
    </p>
   </div>
   <div class='ocr_carea' id='block_1_117' title="bbox 1848 5040 3056 5117">
    <p class='ocr_par' dir='ltr' id='par_1_117' title="bbox 1848 5040 3056 5117">
     <span class='ocr_line' id='line_1_119' title="bbox 1848 5040 3056 5117; baseline -0.006 -22"><span class='ocrx_word' id='word_1_715' title='bbox 1848 5043 2013 5117; x_wconf 80' lang='lat' dir='ltr'><strong><em>nique</em></strong></span> <span class='ocrx_word' id='word_1_716' title='bbox 2042 5041 2266 5117; x_wconf 77' lang='lat' dir='ltr'><strong><em>videntes</em></strong></span> <span class='ocrx_word' id='word_1_717' title='bbox 2295 5040 2368 5093; x_wconf 89' lang='lat' dir='ltr'><strong><em>ita</em></strong></span> <span class='ocrx_word' id='word_1_718' title='bbox 2392 5041 2639 5117; x_wconf 73' lang='lat' dir='ltr'><strong><em>admirati</em></strong></span> <span class='ocrx_word' id='word_1_719' title='bbox 2667 5057 2766 5117; x_wconf 67' lang='lat' dir='ltr'><strong><em>pro</em></strong></span> <span class='ocrx_word' id='word_1_720' title='bbox 2787 5051 2924 5117; x_wconf 80' lang='lat' dir='ltr'><strong><em>tunc.</em></strong></span> <span class='ocrx_word' id='word_1_721' title='bbox 2953 5046 3056 5088; x_wconf 91' lang='lat' dir='ltr'><strong><em>etc.</em></strong></span> 
     </span>
    </p>
   </div>
   <div class='ocr_carea' id='block_1_118' title="bbox 1927 5111 3436 5182">
    <p class='ocr_par' dir='ltr' id='par_1_118' title="bbox 1927 5111 3436 5182">
     <span class='ocr_line' id='line_1_120' title="bbox 1927 5111 3436 5182; baseline -0.001 -21"><span class='ocrx_word' id='word_1_722' title='bbox 1927 5111 1940 5148; x_wconf 73' lang='grc' dir='ltr'><strong>ί</strong></span> <span class='ocrx_word' id='word_1_723' title='bbox 1990 5111 2340 5181; x_wconf 76' lang='lat' dir='ltr'><strong><em>Augustinus,</em></strong></span> <span class='ocrx_word' id='word_1_724' title='bbox 2385 5114 2439 5165; x_wconf 89' lang='lat' dir='ltr'><strong><em>in</em></strong></span> <span class='ocrx_word' id='word_1_725' title='bbox 2488 5113 2672 5182; x_wconf 87' lang='lat' dir='ltr'><strong><em>spiritu</em></strong></span> <span class='ocrx_word' id='word_1_726' title='bbox 2719 5111 2938 5162; x_wconf 83' lang='lat' dir='ltr'><strong><em>violento</em></strong></span> <span class='ocrx_word' id='word_1_727' title='bbox 2984 5113 3268 5182; x_wconf 68' lang='lat' dir='ltr'><strong><em>conterens,</em></strong></span> <span class='ocrx_word' id='word_1_728' title='bbox 3299 5119 3436 5173; x_wconf 82' lang='lat' dir='ltr'><strong><em>etc.,</em></strong></span> 
     </span>
    </p>
   </div>
   <div class='ocr_carea' id='block_1_119' title="bbox 1850 5175 3430 5254">
    <p class='ocr_par' dir='ltr' id='par_1_119' title="bbox 1850 5175 3430 5254">
     <span class='ocr_line' id='line_1_121' title="bbox 1850 5175 3430 5254; baseline -0.001 -20"><span class='ocrx_word' id='word_1_729' title='bbox 1850 5175 2303 5254; x_wconf 52' lang='lat' dir='ltr'><strong><em>quctnatl&#39;tnodnm</em></strong></span> <span class='ocrx_word' id='word_1_730' title='bbox 2328 5175 2389 5237; x_wconf 81' lang='lat' dir='ltr'><strong><em>et.</em></strong></span> <span class='ocrx_word' id='word_1_731' title='bbox 2422 5175 2750 5238; x_wconf 75' lang='lat' dir='ltr'><strong><em>Veronensis</em></strong></span> <span class='ocrx_word' id='word_1_732' title='bbox 2781 5195 2882 5254; x_wconf 77' lang='lat' dir='ltr'><strong><em>tns.</em></strong></span> <span class='ocrx_word' id='word_1_733' title='bbox 2909 5175 3147 5254; x_wconf 62' lang='lat' dir='ltr'><strong><em>pril&#39;lcrl.</em></strong></span> <span class='ocrx_word' id='word_1_734' title='bbox 3172 5192 3430 5249; x_wconf 68' lang='lat' dir='ltr'><strong><em>excepto,</em></strong></span> 
     </span>
    </p>
   </div>
   <div class='ocr_carea' id='block_1_120' title="bbox 1851 5250 3436 5328">
    <p class='ocr_par' dir='ltr' id='par_1_120' title="bbox 1851 5250 3436 5328">
     <span class='ocr_line' id='line_1_122' title="bbox 1851 5250 3436 5328; baseline -0.001 -22"><span class='ocrx_word' id='word_1_735' title='bbox 1851 5250 2469 5328; x_wconf 69' lang='lat' dir='ltr'><strong><em>tiuodlibrariicrrore,</em></strong></span> <span class='ocrx_word' id='word_1_736' title='bbox 2497 5254 2552 5306; x_wconf 90' lang='lat' dir='ltr'><strong><em>in</em></strong></span> <span class='ocrx_word' id='word_1_737' title='bbox 2587 5251 2894 5328; x_wconf 69' lang='lat' dir='ltr'><strong><em>praepositio</em></strong></span> <span class='ocrx_word' id='word_1_738' title='bbox 2928 5250 3209 5328; x_wconf 71' lang='lat' dir='ltr'><strong><em>retieetur,</em></strong></span> <span class='ocrx_word' id='word_1_739' title='bbox 3243 5259 3297 5305; x_wconf 88' lang='lat' dir='ltr'><strong><em>et</em></strong></span> <span class='ocrx_word' id='word_1_740' title='bbox 3326 5254 3436 5328; x_wconf 84' lang='lat' dir='ltr'><strong><em>vio-</em></strong></span> 
     </span>
    </p>
   </div>
   <div class='ocr_carea' id='block_1_121' title="bbox 1850 5323 3435 5395">
    <p class='ocr_par' dir='ltr' id='par_1_121' title="bbox 1850 5323 3435 5395">
     <span class='ocr_line' id='line_1_123' title="bbox 1850 5323 3435 5395; baseline -0.005 -15"><span class='ocrx_word' id='word_1_741' title='bbox 1850 5325 1977 5380; x_wconf 89' lang='lat' dir='ltr'><strong><em>lenti</em></strong></span> <span class='ocrx_word' id='word_1_742' title='bbox 2005 5327 2220 5395; x_wconf 81' lang='lat' dir='ltr'><strong><em>legitur.</em></strong></span> <span class='ocrx_word' id='word_1_743' title='bbox 2245 5325 2474 5380; x_wconf 82' lang='lat' dir='ltr'><strong><em>lnlerius</em></strong></span> <span class='ocrx_word' id='word_1_744' title='bbox 2497 5337 2711 5392; x_wconf 69' lang='lat' dir='ltr'><strong><em>quoque</em></strong></span> <span class='ocrx_word' id='word_1_745' title='bbox 2737 5323 2849 5389; x_wconf 87' lang='lat' dir='ltr'><strong><em>pari</em></strong></span> <span class='ocrx_word' id='word_1_746' title='bbox 2873 5334 3168 5395; x_wconf 71' lang='lat' dir='ltr'><strong><em>consensu;</em></strong></span> <span class='ocrx_word' id='word_1_747' title='bbox 3191 5323 3243 5374; x_wconf 87' lang='lat' dir='ltr'><strong><em>in</em></strong></span> <span class='ocrx_word' id='word_1_748' title='bbox 3267 5326 3435 5378; x_wconf 79' lang='lat' dir='ltr'><strong><em>medio</em></strong></span> 
     </span>
    </p>
   </div>
   <div class='ocr_carea' id='block_1_122' title="bbox 1852 5393 3436 5466">
    <p class='ocr_par' dir='ltr' id='par_1_122' title="bbox 1852 5393 3436 5466">
     <span class='ocr_line' id='line_1_124' title="bbox 1852 5393 3436 5466; baseline 0.001 -18"><span class='ocrx_word' id='word_1_749' title='bbox 1852 5395 2038 5466; x_wconf 86' lang='lat' dir='ltr'><strong><em>populi</em></strong></span> <span class='ocrx_word' id='word_1_750' title='bbox 2064 5393 2182 5459; x_wconf 73' lang='lat' dir='ltr'><strong><em>sui,</em></strong></span> <span class='ocrx_word' id='word_1_751' title='bbox 2217 5413 2317 5464; x_wconf 89' lang='lat' dir='ltr'><strong><em>pro</em></strong></span> <span class='ocrx_word' id='word_1_752' title='bbox 2349 5397 2524 5465; x_wconf 88' lang='lat' dir='ltr'><strong><em>templi</em></strong></span> <span class='ocrx_word' id='word_1_753' title='bbox 2557 5395 2716 5466; x_wconf 84' lang='lat' dir='ltr'><strong><em>iidem</em></strong></span> <span class='ocrx_word' id='word_1_754' title='bbox 2749 5397 2951 5466; x_wconf 62' lang='lat' dir='ltr'><strong><em>legunt,</em></strong></span> <span class='ocrx_word' id='word_1_755' title='bbox 2973 5407 3073 5461; x_wconf 81' lang='lat' dir='ltr'><strong><em>qua</em></strong></span> <span class='ocrx_word' id='word_1_756' title='bbox 3105 5393 3170 5466; x_wconf 87' lang='lat' dir='ltr'><strong><em>de</em></strong></span> <span class='ocrx_word' id='word_1_757' title='bbox 3199 5409 3263 5466; x_wconf 85' lang='lat' dir='ltr'><strong><em>re</em></strong></span> <span class='ocrx_word' id='word_1_758' title='bbox 3287 5396 3436 5449; x_wconf 84' lang='lat' dir='ltr'><strong><em>adito</em></strong></span> 
     </span>
    </p>
   </div>
   <div class='ocr_carea' id='block_1_123' title="bbox 1853 5463 3324 5539">
    <p class='ocr_par' dir='ltr' id='par_1_123' title="bbox 1853 5463 3324 5539">
     <span class='ocr_line' id='line_1_125' title="bbox 1853 5463 3324 5539; baseline -0.001 -18"><span class='ocrx_word' id='word_1_759' title='bbox 1853 5463 2246 5539; x_wconf 79' lang='lat' dir='ltr'><strong><em>llierunymum</em></strong></span> <span class='ocrx_word' id='word_1_760' title='bbox 2273 5463 2489 5539; x_wconf 78' lang='lat' dir='ltr'><strong><em>laudata</em></strong></span> <span class='ocrx_word' id='word_1_761' title='bbox 2511 5465 2670 5518; x_wconf 84' lang='lat' dir='ltr'><strong><em>modo</em></strong></span> <span class='ocrx_word' id='word_1_762' title='bbox 2787 5464 3044 5539; x_wconf 61' lang='lat' dir='ltr'><strong><em>tiunniam</em></strong></span> <span class='ocrx_word' id='word_1_763' title='bbox 3073 5465 3324 5539; x_wconf 69' lang='lat' dir='ltr'><strong><em>cpistola.</em></strong></span> 
     </span>
    </p>
   </div>
   <div class='ocr_carea' id='block_1_124' title="bbox 1930 5534 3441 5608">
    <p class='ocr_par' dir='ltr' id='par_1_124' title="bbox 1930 5534 3441 5608">
     <span class='ocr_line' id='line_1_126' title="bbox 1930 5534 3441 5608; baseline 0.002 -21"><span class='ocrx_word' id='word_1_764' title='bbox 1930 5537 1942 5587; x_wconf 91' lang='lat' dir='ltr'><strong><em>i</em></strong></span> <span class='ocrx_word' id='word_1_765' title='bbox 1986 5534 2328 5606; x_wconf 79' lang='lat' dir='ltr'><strong><em>Superllnum</em></strong></span> <span class='ocrx_word' id='word_1_766' title='bbox 2357 5545 2441 5590; x_wconf 87' lang='lat' dir='ltr'><strong><em>est</em></strong></span> <span class='ocrx_word' id='word_1_767' title='bbox 2482 5538 2660 5603; x_wconf 74' lang='lat' dir='ltr'><strong><em>legere</em></strong></span> <span class='ocrx_word' id='word_1_768' title='bbox 2692 5534 2848 5608; x_wconf 66' lang='lat' dir='ltr'><strong><em>illud,</em></strong></span> <span class='ocrx_word' id='word_1_769' title='bbox 2892 5535 3133 5608; x_wconf 75' lang='lat' dir='ltr'><strong><em>etjuxta</em></strong></span> <span class='ocrx_word' id='word_1_770' title='bbox 3177 5535 3441 5608; x_wconf 75' lang='lat' dir='ltr'><strong><em>llierony-</em></strong></span> 
     </span>
    </p>
   </div>
   <div class='ocr_carea' id='block_1_125' title="bbox 1857 5605 3434 5674">
    <p class='ocr_par' dir='ltr' id='par_1_125' title="bbox 1857 5605 3434 5674">
     <span class='ocr_line' id='line_1_127' title="bbox 1857 5605 3434 5674; baseline 0.001 -13"><span class='ocrx_word' id='word_1_771' title='bbox 1857 5623 2002 5661; x_wconf 87' lang='lat' dir='ltr'><strong><em>mum</em></strong></span> <span class='ocrx_word' id='word_1_772' title='bbox 2036 5605 2088 5663; x_wconf 84' lang='lat' dir='ltr'><strong><em>in</em></strong></span> <span class='ocrx_word' id='word_1_773' title='bbox 2119 5612 2279 5674; x_wconf 86' lang='lat' dir='ltr'><strong><em>epist.</em></strong></span> <span class='ocrx_word' id='word_1_774' title='bbox 2314 5608 2378 5660; x_wconf 87' lang='lat' dir='ltr'><strong><em>ad</em></strong></span> <span class='ocrx_word' id='word_1_775' title='bbox 2421 5609 2666 5662; x_wconf 84' lang='lat' dir='ltr'><strong><em>eruditos</em></strong></span> <span class='ocrx_word' id='word_1_776' title='bbox 2704 5605 2889 5661; x_wconf 83' lang='lat' dir='ltr'><strong><em>Getas.</em></strong></span> <span class='ocrx_word' id='word_1_777' title='bbox 2933 5606 3084 5673; x_wconf 75' lang='lat' dir='ltr'><strong><em>Quod</em></strong></span> <span class='ocrx_word' id='word_1_778' title='bbox 3127 5606 3292 5660; x_wconf 78' lang='lat' dir='ltr'><strong><em>etiam</em></strong></span> <span class='ocrx_word' id='word_1_779' title='bbox 3327 5605 3434 5662; x_wconf 70' lang='lat' dir='ltr'><strong><em>non</em></strong></span> 
     </span>
    </p>
   </div>
   <div class='ocr_carea' id='block_1_126' title="bbox 1855 5676 3438 5749">
    <p class='ocr_par' dir='ltr' id='par_1_126' title="bbox 1855 5676 3438 5749">
     <span class='ocr_line' id='line_1_128' title="bbox 1855 5676 3438 5749; baseline -0.001 -15"><span class='ocrx_word' id='word_1_780' title='bbox 1855 5679 2050 5749; x_wconf 77' lang='lat' dir='ltr'><strong><em>legitur</em></strong></span> <span class='ocrx_word' id='word_1_781' title='bbox 2074 5679 2127 5733; x_wconf 88' lang='lat' dir='ltr'><strong><em>in</em></strong></span> <span class='ocrx_word' id='word_1_782' title='bbox 2159 5679 2401 5733; x_wconf 78' lang='lat' dir='ltr'><strong><em>Romano</em></strong></span> <span class='ocrx_word' id='word_1_783' title='bbox 2430 5679 2688 5733; x_wconf 73' lang='lat' dir='ltr'><strong><em>Ps;iltcrio</em></strong></span> <span class='ocrx_word' id='word_1_784' title='bbox 2718 5695 2819 5732; x_wconf 86' lang='lat' dir='ltr'>IIIS.</span> <span class='ocrx_word' id='word_1_785' title='bbox 2847 5679 3172 5749; x_wconf 73' lang='lat' dir='ltr'><strong><em>Serbunice.</em></strong></span> <span class='ocrx_word' id='word_1_786' title='bbox 3200 5676 3438 5732; x_wconf 87' lang='lat' dir='ltr'><strong><em>llabctur</em></strong></span> 
     </span>
    </p>
   </div>
   <div class='ocr_carea' id='block_1_127' title="bbox 1857 5747 3442 5819">
    <p class='ocr_par' dir='ltr' id='par_1_127' title="bbox 1857 5747 3442 5819">
     <span class='ocr_line' id='line_1_129' title="bbox 1857 5747 3442 5819; baseline 0.001 -14"><span class='ocrx_word' id='word_1_787' title='bbox 1857 5747 2032 5805; x_wconf 81' lang='lat' dir='ltr'><strong><em>tamen</em></strong></span> <span class='ocrx_word' id='word_1_788' title='bbox 2067 5750 2118 5804; x_wconf 90' lang='lat' dir='ltr'><strong><em>in</em></strong></span> <span class='ocrx_word' id='word_1_789' title='bbox 2154 5765 2257 5805; x_wconf 91' lang='lat' dir='ltr'><strong><em>ms.</em></strong></span> <span class='ocrx_word' id='word_1_790' title='bbox 2291 5751 2612 5807; x_wconf 84' lang='lat' dir='ltr'><strong><em>Carnutcnsi</em></strong></span> <span class='ocrx_word' id='word_1_791' title='bbox 2638 5793 2652 5819; x_wconf 94' lang='lat'><strong><em>,</em></strong></span> <span class='ocrx_word' id='word_1_792' title='bbox 2681 5765 2742 5806; x_wconf 84' lang='lat' dir='ltr'><strong><em>ac</em></strong></span> <span class='ocrx_word' id='word_1_793' title='bbox 2774 5751 2827 5806; x_wconf 92' lang='lat' dir='ltr'><strong><em>in</em></strong></span> <span class='ocrx_word' id='word_1_794' title='bbox 2855 5749 2998 5806; x_wconf 86' lang='lat' dir='ltr'><strong><em>edito</em></strong></span> <span class='ocrx_word' id='word_1_795' title='bbox 3025 5747 3170 5817; x_wconf 86' lang='lat' dir='ltr'><strong><em>Cari,</em></strong></span> <span class='ocrx_word' id='word_1_796' title='bbox 3200 5763 3334 5818; x_wconf 84' lang='lat' dir='ltr'><strong><em>quos</em></strong></span> <span class='ocrx_word' id='word_1_797' title='bbox 3355 5764 3442 5806; x_wconf 87' lang='lat' dir='ltr'><strong><em>se-</em></strong></span> 
     </span>
    </p>
   </div>
   <div class='ocr_carea' id='block_1_128' title="bbox 1854 5821 2408 5880">
    <p class='ocr_par' dir='ltr' id='par_1_128' title="bbox 1854 5821 2408 5880">
     <span class='ocr_line' id='line_1_130' title="bbox 1854 5821 2408 5880; baseline -0.005 0"><span class='ocrx_word' id='word_1_798' title='bbox 1854 5827 1963 5880; x_wconf 90' lang='lat' dir='ltr'><strong><em>cuti</em></strong></span> <span class='ocrx_word' id='word_1_799' title='bbox 1991 5836 2197 5879; x_wconf 87' lang='lat' dir='ltr'><strong><em>sumus.</em></strong></span> <span class='ocrx_word' id='word_1_800' title='bbox 2230 5821 2408 5878; x_wconf 71' lang='lat' dir='ltr'><strong><em>lllanr.</em></strong></span> 
     </span>
    </p>
   </div>
   <div class='ocr_carea' id='block_1_129' title="bbox 2963 5986 3004 6046">
    <p class='ocr_par' dir='ltr' id='par_1_129' title="bbox 2963 5986 3004 6046">
     <span class='ocr_line' id='line_1_131' title="bbox 2963 5986 3004 6046; baseline 0 0"><span class='ocrx_word' id='word_1_801' title='bbox 2963 5986 3004 6046; x_wconf 88' lang='lat'><strong>7</strong></span> 
     </span>
    </p>
   </div>
  </div>
