4090 6338
555 367 667 439 ξοδ

1553 356 1611 415 S.
1659 346 2038 413 IlIEllONYMl
2078 345 2311 407 DlV'lNA
2354 337 2831 404 BIULIOTIIECA.

3747 323 3861 397 ξω

626 486 990 562 Suscepimus,
1040 484 1200 554 Deus,
1251 476 1663 536 misericordiam
1705 484 1865 539 tuoin,
1908 469 1964 527 in
1990 466 2161 527 media
2186 470 2234 533 Α
2335 458 2689 530 Suscepimus
2716 456 2862 513 Deus
2893 446 3330 510 misericordiam
3364 453 3532 516 tuam,
3558 453 3584 494 ε
3609 443 3662 500 in
3684 440 3871 501 medio
3948 529 3955 533 .

556 582 737 655 templi
767 568 867 636 lui.
986 638 992 644 ,

631 674 932 732 Secundum
968 684 1157 726 nomen
1189 675 1356 731 tuum,
1407 661 1570 729 Deus,
1616 661 1691 715 sic
1737 673 1782 714 ἑ
1834 666 1859 694 ἰ
1892 665 1938 712 et
1975 658 1996 728 ζ
2046 654 2158 714 laus

565 781 659 825 tua
687 769 742 823 in
768 767 899 838 ﬁnes
927 771 1117 820 terrae:
1143 757 1355 831 justitia
1386 756 1538 829 plena
1559 763 1631 812 est
1660 751 1873 807 dextera
1904 759 2014 803 tua.

632 861 864 918 Ltetetur
912 872 1058 912 mons
1099 854 1255 920 Sion,
1292 866 1343 906 ἦ
1379 859 1426 903 et
1466 847 1489 917 ζ
1524 847 1778 902 exsultent
1810 844 1935 914 [ilico
1978 840 2159 910 Judce,

569 963 783 1026 propter
800 950 1011 1025 judicia
1036 957 1125 1002 tua
1159 960 1220 1002 ot»
1259 941 1481 999 Domine
1516 938 1540 1008 ζ

634 1025 966 1102 Circumdate
996 1040 1152 1108 Sion,
1180 1047 1226 1095 et
1263 1030 1844 1108 romplectiminieam:
1878 1035 2087 1084 narrate
2106 1025 2162 1080 in

563 1139 797 1199 turribus
827 1140 965 1212 ejus.

637 1233 827 1290 Ponite
871 1229 1033 1286 corda
1062 1232 1233 1281 vestra
1264 1222 1319 1279 in
1345 1221 1531 1278 virtute
1572 1220 1690 1293 ejus
1736 1232 1797 1274 σξη
1840 1226 1888 1273 et
1921 1218 1943 1293 ζ
1984 1213 2162 1271 distri-

565 1327 703 1385 buite
730 1326 911 1381 domos
941 1324 1082 1395 ejus,
1112 1326 1166 1373 ut
1188 1313 1435 1371 enarretis
1461 1313 1517 1368 in
1541 1310 1784 1385 progenie
1813 1307 2001 1364 altera.

638 1418 899 1487 Quoniam
926 1412 1011 1469 hic
1046 1419 1122 1469 est
1150 1408 1314 1477 Deus,
1336 1404 1481 1463 Deus
1508 1412 1683 1461 noster
1712 1402 1767 1461 in
1804 1410 2073 1471 retentum,
2114 1408 2163 1456 et

569 1511 623 1566 in
656 1508 902 1568 saxulum
937 1518 997 1562 -ξ-
1029 1500 1209 1560 steculi
1244 1498 1267 1569 ζ
1297 1499 1408 1573 ipse
1428 1505 1568 1571 reget
1594 1512 1688 1554 nos
1716 1496 1770 1552 in
1795 1493 2005 1553 siccata.

2268 554 2456 626 templi
2480 553 2578 611 tui.

2338 643 2646 702 Secundum
2678 654 2876 697 nomen
2923 647 3097 706 tuum,
3133 635 3294 701 Deus,
3326 632 3396 689 ita
3427 640 3483 689 et
3522 630 3642 688 laus
3677 637 3770 687 tua
3807 626 3873 684 in

2270 740 2408 796 lines
2439 745 2597 794 terra:
2627 752 2640 789 :
2669 733 2878 806 justitia
2911 732 3067 804 plena
3098 738 3183 787 est
3212 729 3440 786 dextera
3466 736 3577 785 tua.

2342 831 2584 887 Lzetetur
2604 842 2764 885 mons
2785 826 2918 885 Sion
2951 867 2966 893 ,
2992 834 3045 911 et
3065 823 3339 881 exsultent
3368 819 3493 878 lilia:
3521 817 3716 887 indm,
3742 829 3874 891 pro-

2168 951 2179 960 ~
2270 935 2391 999 pter
2416 924 2621 996 judicia
2644 932 2760 989 tua,
2793 920 3041 978 Domine.

2339 1017 2695 1076 Circumdate
2734 1015 2865 1072 Sion
2909 1024 2965 1071 et
3010 1007 3436 1085 complcctimini
3462 1020 3605 1074 eam,
3648 1011 3877 1061 narrate

2268 1113 2324 1171 in
2357 1111 2597 1170 turribus
2627 1109 2795 1182 eius:
2849 1107 3035 1180 ponite
3078 1106 3243 1163 corda
3305 1112 3488 1160 vestra
3557 1102 3612 1156 in
3660 1100 3876 1158 virtute

2270 1207 2408 1287 ejus,
2434 1214 2491 1263 et
2509 1202 2818 1261 distribuite
2845 1197 3247 1276 gratiashejus,
3274 1206 3331 1254 ut
3361 1193 3630 1255 enarretis
3661 1194 3714 1251 in
3746 1207 3880 1268 pro-

2278 1301 2442 1374 genie
2466 1299 2657 1355 altera.

2340 1393 2612 1465 Quoniam
2644 1391 2734 1449 bic
2763 1399 2846 1449 est
2881 1391 3028 1448 Deus
3058 1396 3249 1446 noster
3292 1384 3345 1442 in
3388 1392 3673 1454 teternum,
3707 1392 3766 1441 et
3819 1381 3878 1439 in

2270 1488 2532 1547 saeculum
2564 1486 2771 1559 smculi,
2801 1498 2855 1545 et
2888 1486 3018 1562 [Με.
3054 1494 3189 1542 tacet
3222 1481 3298 1555 et]
3340 1479 3457 1553 ipse
3498 1488 3653 1553 reget
3678 1492 3778 1536 nos
3817 1476 3878 1534 in

2273 1582 2499 1640 saecula.

1886 1697 2249 1773 PSALMUS
2289 1695 2579 1761 XLVIII.

878 1832 930 1879 ιη
968 1832 1158 1885 “Nil,
1198 1828 1356 1877 FILIIS
1392 1828 1553 1881 €033.
1592 1825 1851 1875 PSALNUS.

586 1923 597 1936 ’
642 1936 827 1996 Audite
852 1935 980 2004 hac,
1006 1949 1181 1990 omnes
1213 1941 1389 2005 gentes
1417 1949 1434 1988 :
1462 1929 1678 1986 auribus
1709 1924 1960 2000 percipite
1997 1936 2172 1979 omnes

573 2033 668 2107 qui
700 2028 947 2088 habitatis
974 2026 1169 2084 orbem.

648 2124 851 2195 Quique
871 2119 1163 2191 terrigeme,
1191 2126 1240 2173 et
1260 2115 1360 2188 ﬁlii
1382 2111 1656 2170 hominum
1680 2125 1700 2166 :
1716 2107 1746 2148 ιι
1766 2104 1925 2165 simul
1940 2105 1995 2160 in
2011 2116 2174 2159 unum

580 2220 720 2275 dives
744 2226 794 2274 et
822 2229 1042 2286 pauper.

652 2313 725 2369 υς
750 2325 918 2369 meum
957 2308 1191 2378 loquetur
1218 2301 1532 2376 sapientiam
1569 2316 1588 2356 :
1631 2310 1679 2357 et
1708 2294 1975 2356 meditatio
2003 2291 2175 2350 cordis

598 2406 697 2461 mei
722 2401 1077 2478 prudentiam.

650 2495 922 2557 Inclinabo
952 2494 1006 2549 in
1033 2489 1341 2564 parabolam
1384 2503 1565 2547 aurem
1596 2502 1761 2545 meam
1789 2499 1805 2539 ε
1844 2481 2077 2557 aperiam
2123 2479 2178 2535 in

580 2590 834 2664 psalterio
860 2586 1263 2660 propositionem
1288 2599 1477 2641 meam.

652 2683 760 2741 Cur
781 2681 968 2737 timebo
999 2681 1051 2735 in
1084 2679 1166 2736 die
1196 2676 1375 2734 mala?
1401 2675 1647 2747 iniquitas
1676 2669 1906 2728 calcanei
1938 2666 2038 2724 mei
2078 2665 2182 2722 cir-

582 2776 847 2835 cumdabit
875 2790 973 2829 me.

657 2870 756 2939 Qui
784 2868 1053 2939 confidunt
1083 2864 1135 2919 in
1162 2862 1344 2918 uirtute
1369 2876 1465 2916 sua
1485 2876 1505 2916 :
1537 2866 1584 2916 et
1607 2858 1660 2914 in
1690 2854 2023 2911 multitudine
2051 2852 2181 2909 divi-

587 2967 781 3023 tiarum
801 2979 1012 3020 suarum
1033 2959 1346 3035 gloriantur.

658 3058 845 3114 Frater
871 3066 892 3095 ο
918 3070 1022 3110 non
1052 3050 1285 3118 redimit,
1313 3048 1528 3105 redimet
1554 3047 1748 3103 homo?
1774 3061 1879 3101 non
1902 3041 2041 3100 dabit
2074 3040 2185 3097 Deo

588 3152 939 3227 placationem
966 3163 1137 3205 suam.

2194 1808 2244 1871 B

2584 1814 2636 1857 IN
2677 1812 2863 1865 PIN“,
2903 1812 3063 1857 ΠΙ.ιῶ
3099 1810 3261 1866 CORE,
3301 1805 3554 1853 PSALNUS.

2347 1918 2548 1977 Audite
2593 1916 2732 1983 hac,
2779 1930 2973 1972 omnes
3024 1923 3221 1988 gentes
3264 1928 3280 1972 :
3335 1911 3564 1969 auribus
3614 1902 3886 1980 pereipite

2277 2009 2408 2084 [Μδ.
2441 2008 2571 2084 add.
2601 2006 2814 2080 omnes]
2842 2008 2932 2078 qui
2956 2005 3214 2064 habitatis
3257 2006 3471 2062 orbem.

2350 2104 2566 2176 Quique
2589 2101 2966 2174 terrigena:,et
2990 2100 3088 2158 ﬁlii
3112 2102 3431 2160 hominum:
3452 2094 3616 2155 simul
3632 2093 3688 2151 in
3708 2105 3882 2150 unum

2277 2195 2433 2253 dives
2457 2204 2510 2252 et
2539 2208 2771 2267 pauper.

2350 2291 2424 2348 Os
2448 2261 2631 2347 meum
2654 2261 2915 2359 loquetur
2936 2286 3288 2359 sapientiam:
3313 2293 3372 2341 et
3395 2281 3677 2342 meditatio
3697 2261 3887 2338 cordis

2278 2380 2387 2441 mei
2431 2381 2447 2420 ί
2488 2380 2855 2455 prudentiam.

2353 2474 2630 2537 lnclinabo
2649 2474 2716 2533 ad
2740 2473 2869 2549 [Min
2900 2472 2979 2547 in]
3004 2471 3416 2533 similitudinem
3444 2485 3634 2531 aurem
3662 2482 3885 2527 mam:

2282 2568 2524 2641 aperiam
2558 2568 2611 2624 in
2640 2567 2895 2638 psalterio
2935 2565 3367 2640 propositionem
3396 2577 3593 2620 meam.

2355 2662 2426 2721 Ut
2457 2661 2583 2734 quid
2617 2661 2631 2713 l
2674 2661 2882 2719 timebo
2921 2661 2975 2717 in
3020 2660 3111 2718 die
3140 2659 3318 2716 mala?
3347 2658 3613 2732 iniquitas
3641 2651 3893 2717 ealcauci

2283 2759 2390 2816 mei
2422 2755 2788 2814 circumdedit
2818 2771 2927 2813 me.

2353 2851 2457 2921 Qui
2482 2849 2766 2907 conﬁdunt
2789 2850 2841 2905 in
2871 2847 3071 2906 virtute
3097 2862 3234 2905 sua:
3267 2846 3468 2922 quique
3505 2844 3561 2902 in
3592 2841 3885 2905 abundan-

2288 2944 2361 3003 tia
2388 2944 2701 3001 divitiarum
2733 2957 2956 2999 suarum
2977 2942 3304 3015 gloriantur.

2358 3037 2551 3094 Frater
2582 3051 2689 3094 non
2722 3034 2939 3093 redimit
2960 3033 3088 3108 [Μδ.
3119 3033 3398 3106 redimet],
3434 3030 3665 3089 redimet
3694 3029 3895 3093 homo:

2289 3145 2401 3186 non
2445 3128 2596 3186 dubit
2638 3129 2752 3186 Deo
2783 3128 3146 3202 placationem
3174 3142 3356 3194 suam,
3389 3139 3490 3183 nec
3530 3123 3768 3196 pretium
3804 3135 3898 3178 re-

658 3244 727 3299 Et
770 3242 993 3316 pretium
1036 3234 1409 3308 redemptionis
1452 3233 1644 3288 animos
1672 3247 1781 3288 sua:
1811 3246 1828 3285 :
1855 3240 1901 3285 et
1931 3202 2257 3284 laborabitc
2289 3221 2623 3294 demptiouis
2668 3221 2867 3277 anima:
2903 3235 3044 3289 suae;
3077 3219 3351 3277 laboravit
3398 3217 3454 3274 in
3497 3222 3790 3284 a-ternum,
3841 3219 3900 3271 et

586 3339 640 3393 in
669 3344 941 3402 wternum,
969 3341 1015 3387 et
1046 3331 1175 3385 viret
1202 3331 1267 3396 )a:
1295 3327 1465 3383 adhuc
1501 3325 1523 3392 ζ
1558 3326 1613 3379 in
1642 3325 1816 3394 liuent.

659 3430 784 3489 Non
811 3427 998 3483 videbit
1027 3424 1311 3491 interitum,
1339 3437 1457 3476 cum
1477 3418 1661 3475 uiderit
1679 3419 1939 3491 sapientes
1958 3417 2186 3472 morien-

586 3537 661 3584 tes
689 3539 706 3579 :
736 3522 892 3580 simul
921 3518 1171 3592 insipiens
1192 3526 1240 3573 et
1271 3515 1466 3571 stultus
1489 3511 1753 3587 peribunt.

657 3691 726 3748 Et
755 3688 1045 3761 relinquent
1087 3683 1274 3740 alienis
1312 3680 1523 3736 divitias
1563 3694 1709 3747 suas,
1740 3682 1772 3727 ει
1796 3691 1845 3733 -ξ
1880 3685 1928 3733 et
1964 3656 2185 3751 {sepul-

589 3802 677 3843 cra
697 3799 880 3841 eorum
909 3781 1096 3836 domus
1116 3777 1330 3833 illorum
1353 3774 1408 3829 in
1433 3782 1698 3829 wternum.

660 3871 1022 3935 Tabernacula
1049 3887 1228 3929 eorum
1259 3870 1313 3923 in
1356 3866 1604 3940 progenie
1630 3873 1677 3922 et
1712 3863 1958 3938 progenie
1983 3879 2003 3930 ;
2029 3877 2160 3919 uoca
2187 3893 2212 3905 -

585 3979 767 4029 verunt
798 3968 1009 4025 nomina
1032 3982 1131 4022 sua
1162 3973 1186 4002 θ
1212 3963 1267 4019 in
1294 3961 1446 4018 terris
1467 3974 1529 4016 σιν
1558 3959 1667 4015 suis
1699 3958 1722 4027 ζ

660 4063 728 4119 Ει
758 4063 913 4118 homo
941 4075 1063 4117 eum
1090 4057 1147 4113 in
1176 4057 1370 4111 honore
1413 4061 1563 4119 esset,
1587 4068 1690 4107 non
1722 4050 1975 4107 intellexit
1999 4066 2017 4104 :
2048 4065 2191 4127 com:

2289 3315 2437 3371 vivet
2462 3315 2517 3370 in
2550 3312 2738 3370 linem.

2359 3407 2629 3476 Quoniam
2670 3423 2780 3464 non
2811 3405 3020 3463 videbit
3049 3400 3371 3460 interitum:
3402 3414 3528 3456 cum
3557 3397 3756 3455 viderit
3800 3412 3899 3455 sa-

2288 3502 2502 3575 pientes
2528 3502 2826 3560 morientes
2857 3519 2871 3556 :
2929 3499 3093 3559 simul
3119 3495 3143 3535 *
3176 3494 3442 3571 insipiens
3461 3503 3517 3553 et
3540 3493 3742 3553 Stultus
3770 3509 3903 3569 pcr-

2285 3595 2464 3653 ibunt.

2361 3687 2433 3744 Et
2472 3686 2786 3757 relinquent
2820 3682 3017 3741 alienis
3055 3682 3279 3740 divitias
3323 3696 3454 3740 suas
3486 3697 3501 3737 :
3533 3689 3590 3739 et
3632 3678 3902 3754 sepulcra

2290 3797 2483 3841 eorum
2515 3781 2710 3837 domus
2741 3794 2933 3836 eorum
2972 3777 3029 3834 in
3058 3786 3347 3836 aeternum.

2364 3873 2735 3932 Tabernacula
2768 3886 2958 3929 eorum
2997 3870 3050 3926 in
3089 3870 3238 3926 omni
3277 3868 3631 3942 generatione
3675 3876 3730 3926 et
3758 3881 3900 3941 pro-

2293 3968 2489 4041 genie:
2523 3966 2853 4023 invocabunt
2874 3962 3098 4019 nomina
3128 3976 3318 4019 eorum
3343 3962 3400 4019 in
3429 3961 3592 4020 terris
3621 3961 3897 4033 ipsorum.

2367 4058 2436 4116 Et
2478 4058 2643 4116 homo
2679 4072 2802 4115 cum
2850 4054 2905 4113 in
2944 4054 3153 4111 honore
3201 4065 3369 4121 esset,
3426 4069 3538 4112 non
3584 4049 3900 4111 intellexit:

585 4165 804 4229 paratus
846 4162 920 4212 est
941 4151 1199 4228 jumentis
1229 4165 1289 4207 σίν
1322 4145 1691 4221 insipientibus
1746 4146 1768 4215 ζ
1809 4154 1859 4203 et
1885 4144 2077 4203 similis
2125 4145 2199 4217 frt-

2315 4162 2641 4221 :omparatus
2682 4156 2768 4205 est
2812 4146 3076 4220 iumentis
3124 4145 3534 4220 insipientibus,
3594 4154 3652 4204 et
3699 4143 3906 4202 similis

587 4260 702 4307 ctus
728 4256 805 4304 est
833 4261 891 4303 σι’·
918 4245 1029 4301 illis
1059 4244 1081 4313 ζ

661 4342 791 4399 Haec
836 4341 920 4396 via
960 4336 1175 4394 illorum
1219 4333 1524 4391 scandalum
1559 4330 1576 4371 ί
1611 4331 1739 4405 ipsis
1768 4350 1787 4388 :
1818 4324 1865 4389 et
1911 4340 2089 4405 postea
2158 4332 2215 4388 in

590 4451 677 4493 ore
705 4450 799 4491 suo
822 4429 1235 4505 complacebunt.
1262 4429 1595 4485 DIAPSALIA.

664 4584 691 4613 ἰ
716 4571 829 4647 lioe
844 4567 1211 4643 praetermisso
1216 4565 1413 4647 pocla,
1434 4564 1795 4647 alterum,qui
1815 4563 2188 4647 subsequitur,
2218 4585 2269 4647 ο

590 4636 859 4703 asterisco
879 4650 1050 4697 mutat
1076 4655 1180 4695 ms.
1214 4637 1497 4694 Palatinus
1523 4654 1536 4691 :
1565 4636 1818 4692 neutrum
1843 4636 2004 4692 bene.

662 4716 690 4755 ιι
738 4714 955 4771 Rectius
983 4714 1039 4768 in
1079 4709 1327 4767 Palatino
1368 4723 1470 4765 ms.
1523 4707 1701 4775 simul,
1731 4707 1878 4780 quod
1917 4722 2090 4780 neque
2129 4707 2185 4764 in

597 4788 791 4847 Graeco
818 4796 923 4851 est,
950 4791 1114 4839 tacet.

670 4871 693 4899 ο
727 4858 782 4913 In
809 4848 991 4913 futuro
1029 4852 1172 4910 idem
1206 4866 1307 4907 ms.
1339 4867 1443 4905 non
1474 4848 1714 4905 redimet.

651 4928 690 5015 ,ἀ
706 4930 995 5015 Ιξεξτροτίιιη
1019 4925 1107 4982 bie
1127 4922 1446 4980 asteriscum
1471 4938 1569 4993 pro
1589 4922 1751 4979 obelo
1778 4920 1919 4980 idem
1938 4936 2041 4979 ms.
2061 4922 2191 4980 sub-

596 5008 893 5143 διιξυλιίίιιιθ
919 5067 1008 5125 hic
1030 5065 1171 5123 male
1187 5063 1330 5122 idem
1349 5078 1459 5148 .ms.
1490 5064 1544 5119 in
1568 5063 2008 5136 praepositionem
2031 5064 2189 5123 obolo

600 5154 887 5217 prtenmat,
917 5155 1025 5197 non
1057 5153 1245 5196 vocem
1278 5152 1409 5191 suis.

675 5214 691 5253 τ
730 5213 937 5271 Delevit
967 5208 1185 5283 sequior
1214 5223 1407 5283 manus
1449 5207 1503 5283 in
1546 5204 1958 5283 eodent‘codice
1990 5222 2189 5277 prono-

596 5301 721 5343 men
748 5286 896 5358 ipsis,
915 5293 1025 5338 tum
1049 5277 1296 5358 reposuit
1317 5279 1566 5358 absolute
1587 5277 1885 5358 placebunt.
1909 5277 2026 5333 Mox
2048 5294 2189 5349 pra:-

598 5350 924 5484 posit‘io‘nem
953 5355 1101 5413 verbi
1131 5354 1389 5426 d.pascet,
1431 5350 1498 5407 tle
1538 5365 1691 5407 more
1733 5350 1877 5406 idem
1919 5364 2025 5404 ms.
2053 5365 2189 5407 veru

600 5445 724 5484 tuen
749 5444 777 5482 a
808 5465 825 5483 .

593 5444 1066 5555 Jugulginntense
1105 5506 1208 5548 ms.
1237 5488 1562 5548 Psalterium
1607 5488 1763 5558 juxta
1803 5489 2054 5548 Graecum
2081 5532 2099 5561 ,
2131 5491 2190 5550 id

595 5578 713 5634 est.
745 5569 1043 5624 Romanum
1063 5607 1079 5632 ,
1108 5565 1159 5617 in
1181 5561 1373 5636 templo
1397 5571 1576 5636 sancto
1605 5570 1710 5616 tuo.
1746 5561 1925 5618 sim.

668 5633 707 5679 hi
749 5639 862 5696 Hoc
912 5652 1042 5693 sane
1088 5633 1411 5692 mendosum
1443 5633 1666 5689 verbum
1694 5641 1783 5705 est
1819 5648 1919 5705 pro
1964 5634 2185 5705 gradus,

599 5708 1204 5786 quemadmodumcum
1233 5705 1517 5786 pleriSque
1535 5704 1657 5759 aliis
1692 5701 2188 5786 liber—‘Vcrettpttsis
2212 5726 2219 5729 -

601 5775 836 5854 praefert.
881 5780 1099 5854 Ablutlit
1127 5775 1257 5854 vero
1289 5775 1650 5854 Augustinus,
1695 5777 1785 5845 qui
1823 5775 2004 5854 domos
2032 5776 2183 5854 legit.

600 5846 866 5912 lnGrzeco
891 5861 975 5907 est
1001 5852 1093 5913 τὰς
1120 5846 1331 5925 eapse,
1373 5846 1449 5925 ile
1477 5861 1586 5915 quo
1632 5863 1794 5925 supra
1837 5846 2187 5925 diximusati

600 5927 867 5999 psalmum
897 5939 1035 5990 :suv,
1064 5916 1437 5994 quae'viuesis,
1466 5928 1627 5988 atque
1657 5916 1762 5973 huc
1794 5918 1956 5974 refer.

2295 4242 2475 4300 laetus
2501 4248 2589 4299 est
2622 4240 2749 4297 illis.

2368 4335 2495 4394 limo
2524 4335 2608 4393 via
2636 4349 2828 4392 eorum
2859 4333 3181 4392 scandalum
3212 4332 3375 4407 ipsis:
3410 4341 3467 4390 et
3498 4340 3691 4406 postea
3721 4332 3779 4395 in
3800 4346 3903 4390 ore

2279 4447 2396 4503 suo
2424 4430 2775 4488 benedicent.
2810 4428 3148 4486 Drusum.

2376 4564 2389 4603 ί
2416 4564 2741 4622 Veronensis
2765 4577 2869 4618 ms.
2894 4562 3229 4634 intellectum,
3245 4570 3298 4620 et
3325 4560 3469 4634 quod
3497 4559 3644 4634 idem
3664 4569 3772 4625 est,
3788 4558 3905 4616 Au-

2296 4637 2584 4711 gustinus,_
2608 4634 3028 4705 intelligentiam.
3065 4632 3242 4711 Ipsum
3276 4632 3422 4711 ηυξιά
3461 4634 3513 4711 in
3553 4632 3744 4711 (lgneo
3771 4640 3862 4711 e_s_t
3887 4671 3904 4697 ,

2290 4701 2488 4766 nomen
2516 4701 2723 4766 σῦνεσιν
2754 4701 3045 4774 utrumque
3085 4701 3418 4761 adamussim
3464 4703 3750 4775 signiﬁcat.
3795 4701 3907 4757 Fu-

2290 4796 2413 4838 cunt
2465 4782 2628 4850 igitur
2677 4778 2863 4834 lectori
2917 4776 3129 4850 fecerit,
3175 4779 3265 4850 qui
3298 4774 3904 4850 _ltarunt_'dill't_-rentiallt

2292 4845 2585 4907 lectionum
2632 4851 2767 4905 velit
2819 4848 3128 4917 expendere
3175 4845 3241 4903 ad
3288 4846 3595 4903 Orientales
3643 4845 3901 4916 linguas,

2289 4923 2608 4980 Chaldmum
2664 4919 3093 4988 Parapbrasteu,
3143 4920 3425 4975 versiones
3470 4918 3902 4990 Syrampatque

2292 4993 2677 5062 IEtbiopieam,
2711 4987 3057 5062 cte.,_mnlto
3086 5000 3266 5044 autem
3297 4991 3489 5062 magis,
3514 4987 3578 5042 ἐἰ
3611 4987 3903 5062 abl-orum

2294 5059 2539 5121 testuuin
2570 5063 2823 5119 versione
2856 5060 3067 5126 Latina,
3110 5077 3216 5115 non
3247 5062 3340 5133 ab,
3361 5061 3492 5133 ipsis
3522 5074 3656 5133 quas
3689 5059 3901 5133 laudat,

2291 5135 2629 5206 primigeniis
2677 5133 3265 5206 ιίιιειιίεηὶιιϊεειιίξιλειιἒ
3303 5128 3897 5206 Usisveuit__vero.ltoc

2291 5202 2479 5262 l'crme'
2497 5222 2660 5261 unum
2695 5202 2836 5261 iit—ea
2875 5202 3210 5259 Vcroaensis
3239 5203 3488 5258 Psalterii
3522 5202 3787 5258 editione.

2367 5278 2382 5330 i
2423 5277 2567 5334 Idem
2601 5292 2726 5343 ms.,
2757 5287 2986 5330 metuam
3015 5276 3071 5329 in
3102 5275 3186 5327 die
3223 5273 3383 5340 malo,
3413 5284 3525 5329 tum
3551 5270 3901 5328 circumdabit

2291 5366 2371 5405 me
2396 5366 2417 5404 :
2448 5359 2732 5418 prstiterea,
2765 5356 2814 5403 et
2841 5348 2896 5400 in
2926 5345 3273 5418 abundantia,
3306 5360 3404 5417 pro
3436 5344 3633 5418 quique
3663 5345 3742 5418 in,
3767 5354 3905 5418 εις..

2293 5437 2359 5476 ex
2410 5412 2732 5490 Augustino,
2766 5433 2829 5474 ex
2862 5433 2968 5487 quo
2997 5417 3125 5472 item
3158 5412 3425 5490 uno,'non
3450 5412 3607 5490 dabit
3644 5412 3768 5490 _Deo
3789 5417 3907 5490 Δ«ἰεῖ-

2293 5485 2928 5564 prapitiationent_suam,
2963 5498 3010 5543 et
3036 5488 3264 5560 pretium
3312 5487 3683 5559 redemptionis
3710 5485 3903 5540 anima:

2291 5561 2420 5629 tua,
2449 5572 2498 5616 et
2517 5561 2791 5629 laboravit,
2813 5569 2923 5616 etc.

2365 5632 2389 5670 κ
2407 5627 2661 5688 Rursum
2685 5627 2841 5687 unice
2863 5645 2985 5701 cum
3012 5632 3318 5701 Augustino
3344 5627 3505 5686 simul
3528 5628 3834 5701 imprudens
3855 5634 3908 5682 et

2291 5705 2565 5773 insipiens,
2597 5713 2652 5759 et
2694 5718 2841 5771 mox,
2870 5699 3233 5773 Taberua‘cnla
3261 5719 3449 5758 eorum
3488 5702 3545 5756 in
3575 5700 3907 5773 generatione

2292 5785 2341 5857 et
2367 5771 2715 5857 generatione,
2748 5774 2996 5857 denique
3027 5772 3472 5845 iuit-adamantis
3499 5771 3779 5828 inst'nsatis
3806 5785 3905 5844 pro

2292 5843 2674 5919 insipientibus,
2708 5855 2813 5904 etc.
