4090 6338
241 339 356 400 ηε

1547 335 1750 403 LIBER
1792 333 2232 402 l'SALllOllUll.

3443 347 3546 403 206

319 461 470 517 Sicut
517 475 635 516 oues
682 461 736 516 in
764 459 971 533 inferno
1021 449 1177 531 positi
1221 468 1340 516 sunt
1365 474 1383 515 :
1412 475 1548 514 mors
1605 461 1842 530 tleptts‘t‘t’l
1871 464 1916 522 Α
2021 458 2171 515 Sicut
2197 473 2326 516 oves
2361 457 2414 514 in
2460 459 2677 516 inferno
2706 456 2731 496 ἀ
2767 459 2928 532 pesiti
2963 467 3132 517 sunt:
3169 447 3400 519 ctinors
3442 464 3541 520 de-

239 573 354 611 £08.

315 648 386 705 Et
415 649 826 704 dominabuntur
850 666 1029 705 eorum
1048 648 1181 722 justi
1211 650 1263 703 in
1293 649 1544 703 matutino
1577 663 1594 702 :
1623 657 1668 703 et
1693 647 1840 702 auxi-

242 740 379 795 lium
407 758 584 795 corum
616 751 896 796 veterascet
920 743 972 795 in
1002 743 1209 812 inferno
1235 758 1267 796 a
1293 742 1461 815 gloria
1495 757 1695 796 eorum.

223 853 232 859 ·
326 832 696 888 Verumtamen
729 832 871 888 Deus
901 834 1115 888 redimet
1141 834 1368 888 animum
1402 849 1568 888 nteant
1593 833 1657 890 de
1688 848 1843 888 manu

235 926 422 997 inferi,
455 943 574 980 cum
606 935 631 965 ⁸
662 928 918 997 acceperit
942 943 1038 982 me.
1067 927 1395 982 Duesauu.

315 1085 401 1140 Ne
428 1085 661 1139 timueris
685 1127 700 1153 ,
747 1101 864 1140 cum
892 1085 1030 1142 dives
1053 1085 1210 1158 fuerit
1241 1085 1392 1141 homo
1420 1101 1436 1139 :
1485 1099 1540 1141 ἡ»
1593 1094 1642 1142 ct
1675 1084 1694 1156 ζ
1726 1101 1843 1140 cum

233 1179 593 1252 multiplicata
620 1180 781 1251 fuerit
810 1179 982 1252 gloria
1003 1181 1191 1235 domus
1215 1181 1349 1251 ejus.

310 1272 581 1338 Quoniam
607 1287 725 1326 cum
765 1271 1060 1336 interierit,
1095 1287 1196 1327 non
1233 1279 1400 1328 sumet
1430 1269 1603 1328 omnia
1631 1286 1649 1328 .°
1683 1286 1843 1344 neque

232 1365 519 1421 descendet
549 1382 667 1420 cum
696 1382 755 1422 eo
784 1366 953 1436 gloria
985 1367 1116 1438 ejus.

309 1677 453 1743 Quia
478 1692 638 1748 neque
679 1676 732 1730 in
772 1677 875 1730 rita
914 1676 1080 1748 ipsius
1109 1674 1478 1732 benedicatur:
1509 1673 1839 1745 conﬁtebitur

228 1771 326 1824 tibi
348 1788 470 1825 cum
497 1770 806 1844 benefeceris
827 1769 894 1824 ei.

1948 560 2133 622 pascet
2155 567 2269 606 eos.

2023 646 2085 701 Et
2122 645 2449 702 obtinebunt
2477 662 2572 704 cos
2603 648 2734 717 justi
2766 649 2817 704 in
2849 648 3114 704 matutino
3141 667 3152 702 :
3190 659 3243 704 et
3273 649 3538 706 auxilium

1946 729 2133 794 eorum
2162 751 2462 796 vetcrascel
2489 741 2540 796 iu
2564 742 2772 797 interno
2794 759 2820 796 a
2837 743 3011 813 gloria
3032 759 3240 798 eorum.

2019 830 2402 888 Verumtamen
2437 833 2580 889 Deus
2602 834 2854 892 liberabit
2875 835 3000 908 ills.
3036 837 3284 908 redimet]
3304 839 3540 894 animum

1948 937 2122 978 meam
2151 923 2219 980 de
2247 940 2409 980 manu
2449 926 2608 982 inferi
2660 926 2788 982 dum
2823 926 2950 998 [51s.
2986 927 3183 984 inferni
3211 929 3358 1001 cum]
3387 945 3545 986 accc-

1946 1018 2086 1088 pcrit
2115 1033 2220 1074 me.
2256 1019 2588 1076 Drusum.

2017 1111 2094 1167 Ne
2121 1110 2368 1168 timueris
2389 1128 2510 1168 cum
2535 1113 2687 1171 dives
2713 1113 2882 1170 lactus
2910 1113 3078 1172 fuerit
3105 1116 3266 1173 homo
3293 1134 3306 1172 :
3335 1127 3391 1175 et
3415 1134 3539 1177 cum

1946 1205 2304 1277 multiplicata
2338 1206 2504 1264 fuerit
2531 1209 2707 1280 gloria
2735 1208 2934 1266 domus
2961 1211 3101 1282 ejus.

2014 1299 2282 1368 Quoniam
2315 1316 2421 1356 non
2451 1316 2574 1357 cum
2605 1302 2871 1359 morietur
2898 1305 3131 1374 accipiet
3154 1305 3270 1362 haec
3297 1306 3424 1378 |.lls.
3457 1316 3538 1361 tu-

1946 1400 2022 1444 cet
2072 1389 2208 1463 haec]
2252 1392 2479 1448 omnia:
2521 1408 2698 1464 neque
2743 1394 2905 1451 simul
2947 1394 3245 1454 descendet
3294 1415 3417 1454 eum
3471 1415 3540 1458 eo

1944 1483 2119 1556 gloria
2147 1484 2339 1542 domus
2366 1485 2510 1558 ejus.

2017 1577 2280 1648 Quoniam
2313 1579 2493 1636 anima
2520 1580 2638 1651 ejus
2682 1580 2735 1637 in
2766 1580 2873 1636 vita
2915 1581 3086 1652 ipsius
3134 1583 3488 1642 bcnedicetur
3522 1605 3537 1640 :

1945 1680 2003 1728 et
2049 1671 2177 1744 [Με.
2213 1681 2344 1729 tacet
2376 1674 2846 1746 etl'eonlitebitur
2875 1676 2970 1732 tibi
3033 1676 3161 1733 dum
3215 1676 3343 1750 [Με.
3392 1679 3538 1751 cuni]

1949 1768 2286 1824 beuelcceris
2313 1769 2385 1824 ei.

306 1861 564 1917 lutroibit
595 1862 752 1934 usque
779 1862 832 1916 in
863 1862 1133 1934 progenies
1160 1870 1368 1933 patrum
1394 1877 1614 1916 suorum
1641 1874 1660 1916 :
1690 1859 1716 1902 δ
1744 1874 1834 1916 us-
1869 1859 1916 1930 B
2021 1861 2088 1916 Et
2124 1861 2372 1917 introibit
2423 1876 2593 1934 usque
2647 1863 2702 1917 in
2761 1863 3050 1934 progenies
3084 1873 3300 1934 patrum
3351 1879 3374 1906 θ
3417 1882 3543 1922 suo-

228 1972 339 2026 que
360 1957 414 2009 in
445 1965 691 2011 (sternunt
717 1973 818 2010 non
841 1956 1027 2011 ridebit
1057 1955 1248 2010 lumen.

307 2048 362 2102 11
367 2065 486 2102 omo
505 2065 622 2102 euut
645 2049 698 2102 in
719 2049 913 2104 honore
940 2057 1090 2114 esset,
1117 2065 1219 2103 non
1243 2047 1497 2102 intellexit
1520 2062 1540 2112 ,'
1565 2061 1838 2118 compara-

227 2152 314 2196 tus
346 2151 423 2196 est
445 2143 700 2214 jumentis
733 2157 795 2200 ἐκ
834 2143 1189 2216 insipientibus
1221 2144 1243 2213 ζ
1275 2153 1324 2199 et
1350 2143 1532 2200 similis
1561 2144 1727 2214 factus
1761 2149 1837 2197 est

231 2249 292 2290 -:—
325 2234 437 2291 illis
472 2236 494 2306 ζ

1945 1970 2063 2010 rum
2099 1970 2113 2009 :
2142 1963 2200 2009 et
2232 1969 2403 2026 usque
2435 1956 2487 2009 in
2522 1963 2788 2010 aeternum
2820 1971 2926 2010 non
2954 1955 3160 2011 videbit
3189 1957 3397 2014 lumen.

2017 2046 2087 2102 Et
2122 2045 2288 2102 homo
2331 2062 2452 2103 eum
2493 2046 2544 2102 in
2588 2046 2796 2102 honore
2836 2055 3004 2113 esset,
3051 2063 3157 2102 nou
3196 2049 3466 2104 intellexit
3519 2069 3532 2104 :

1944 2148 2294 2210 comparatus
2340 2149 2427 2195 est
2465 2139 2730 2212 jumeutis
2780 2139 3192 2212 insipientibus,
3243 2151 3298 2198 et
3348 2141 3544 2201 similis

1945 2233 2119 2289 lactus
2149 2241 2233 2290 est
2263 2231 2394 2288 illis.

1559 2374 1919 2448 PSALMUS
1964 2373 2195 2436 XLIX.

810 2495 1044 2540 PSALNUS
1091 2496 1282 2540 ASAPII.

306 2569 450 2628 Deus
482 2572 696 2630 deorum
738 2571 990 2632 Dominus
1029 2576 1236 2634 locutus
1264 2583 1339 2631 est
1369 2619 1383 2646 ,
1420 2584 1468 2632 et
1505 2575 1702 2632 vocarit
1733 2583 1835 2636 ter-

226 2683 370 2722 tam.
1314 2737 1316 2739 ,

300 2761 348 2814 Α
375 2763 501 2818 solis
529 2773 646 2818 ortu
674 2780 832 2836 usque
859 2765 928 2820 ad
955 2782 1198 2822 occasum
1222 2782 1241 2824 :
1269 2783 1331 2822 ex
1359 2766 1492 2826 Sion
1516 2766 1708 2841 species
1733 2767 1827 2823 de-

221 2854 365 2908 coris
394 2869 456 2910 -ἓ-
488 2855 601 2919 eius
634 2856 656 2924 ζ

299 2946 446 3002 Deus
467 2950 737 3020 manifeste
764 2951 931 3008 veniet
959 2969 979 3020 ;
1008 2951 1147 3008 Deus
1173 2961 1375 3022 noster,
1409 2963 1458 3009 et
1499 2971 1602 3009 non
1641 2953 1824 3010 silebit.

296 3129 450 3205 Ignis
469 3132 521 3187 in
541 3142 820 3205 conspectu
847 3137 958 3208 ejus
981 3135 1306 3193 eaardescet:
1328 3145 1375 3193 et
1397 3138 1450 3193 in
1472 3137 1692 3194 circuitu
1714 3138 1825 3210 ejus

217 3234 500 3297 tempestas
529 3227 722 3282 calida.

292 3316 582 3372 Adrocabit
617 3330 640 3357 ε
671 3318 854 3376 ειειωη
893 3319 1186 3390 desursum,
1227 3329 1274 3377 et
1318 3330 1507 3376 (errant
1536 3322 1826 3379 discernere
1855 3306 1902 3372 Ο

215 3413 470 3483 populum
497 3430 669 3470 suum.

293 3505 616 3578 Congrcgate
640 3508 722 3563 illi
742 3519 945 3566 sanctos
975 3514 1090 3585 ejus
1119 3525 1138 3566 .'
1169 3510 1258 3582 qui
1286 3511 1528 3567 ordinant
1557 3519 1829 3570 testamen-

215 3609 330 3653 tum
354 3603 471 3674 ejus
499 3619 655 3674 super
680 3605 954 3672 sacriﬁcia.

288 3691 362 3747 Et
381 3695 766 3751 antruntiabunt
797 3699 910 3753 caeli
928 3699 1191 3771 justitiam
1223 3703 1338 3767 eius
1369 3717 1388 3756 :
1407 3702 1651 3774 quoniam
1682 3700 1824 3759 Deus

202 3786 384 3857 judez
409 3797 501 3842 est.
536 3787 866 3846 DIAPSALIIA.

287 3878 453 3946 Audi,
482 3880 708 3949 populus
731 3899 870 3938 meus
895 3899 914 3938 :
942 3894 989 3940 et
1019 3885 1223 3958 loquar,
1264 3883 1460 3955 Israel,
1493 3896 1540 3942 et
1567 3887 1817 3958 testiﬁca-

209 3967 310 4023 bor
336 3969 434 4023 tibi
454 3987 472 4026 .'
504 3970 647 4028 Deus
671 3972 807 4029 Deus
833 3984 950 4031 tuus
974 3993 1066 4051 ego
1097 3995 1231 4033 sum.

285 4059 418 4118 Non
447 4063 500 4118 in
525 4065 798 4136 sacriﬁciis
826 4067 928 4123 tuis
956 4086 1173 4141 arguam
1212 4078 1288 4139 te,
1314 4069 1618 4127 holocausta
1646 4079 1818 4128 autem

208 4164 305 4210 tua
327 4156 380 4210 in
407 4167 683 4224 conspectu
706 4176 816 4216 meo
835 4170 951 4216 sunt
973 4178 1195 4234 semper.

286 4247 415 4304 Non
446 4251 701 4322 accipiam
731 4252 793 4307 de
813 4252 965 4309 domo
993 4264 1082 4309 tua
1111 4255 1299 4312 vitulos
1325 4271 1344 4311 :
1369 4273 1532 4326 neque
1563 4257 1625 4313 de
1645 4259 1816 4333 gregi-

207 4339 310 4396 bus
331 4343 438 4399 tuis
462 4342 654 4401 ltircos.
731 4375 733 4378 -

285 4433 549 4501 Quoniam
585 4453 712 4494 mea:
744 4449 862 4495 sunt
899 4456 1069 4498 euntes
1095 4441 1221 4513 ferae
1257 4441 1502 4499 siluerunt
1519 4483 1536 4513 ,
1571 4446 1812 4518 jumenta

204 4527 260 4580 in
287 4527 550 4584 montibus
582 4543 642 4584 οε-
678 4539 726 4584 et
753 4530 775 4600 ζ
810 4531 982 4590 boves.

278 4619 514 4696 Cognoui
558 4622 732 4678 omnia
778 4625 1010 4680 volatilia
1045 4624 1161 4682 ια’ιί
1196 4641 1213 4682 :
1247 4635 1294 4682 et
1323 4626 1655 4700 pulchritudo
1691 4629 1808 4704 agri

203 4731 411 4772 metunt
433 4727 532 4772 est.

279 4906 311 4935 ³·
352 4896 470 4954 lluc
499 4896 666 4968 refer,
698 4913 859 4970 quem
884 4908 938 4955 et
972 4897 1220 4971 Mart-ian.
1273 4897 1456 4971 laudat
1485 4897 1800 4971 Hieronymi

201 4969 394 5025 locum
422 4986 488 5025 ex
512 4971 672 5041 epist.
703 4968 770 5025 ad
798 4971 1058 5026 Sanniam
1081 4977 1138 5024 et
1159 4968 1430 5025 Fretela-m
1458 4986 1472 5023 :
1504 4968 1571 5024 In
1603 4968 1801 5037 eodem,

203 5041 285 5097 De
312 5056 474 5095 manu
504 5042 663 5096 inferi
684 5057 806 5097 cum
839 5041 1151 5097 liberaverit
1173 5056 1282 5106 me,
1307 5057 1401 5110 pro
1429 5057 1532 5111 quo
1551 5043 1605 5096 in
1623 5041 1808 5097 (ἐτωεο

199 5113 414 5186 legisse_
439 5129 534 5186 vos,
553 5114 751 5186 dicitis.
775 5128 908 5186 cum
928 5113 1200 5182 acceperit
1249 5128 1355 5186 tite.
1402 5113 1554 5179 Quod
1574 5185 1580 5186 ί
1601 5115 1808 5185 quidem

196 5178 376 5237 ct'nos
397 5183 471 5237 ita
501 5185 569 5238 tle
609 5178 752 5238 LXX
787 5178 1075 5251 vertimus;
1107 5194 1156 5236 et
1194 5184 1354 5254 miror
1377 5200 1410 5236 a
1429 5178 1537 5254 fauo
1564 5178 1623 5238 in
1644 5195 1807 5240 vestro

198 5257 383 5309 codice
406 5257 746 5318 depravatum
788 5258 874 5312 sit.
913 5253 1279 5326 Subsequenti
1331 5253 1494 5311 versu
1536 5256 1602 5310 ad
1649 5255 1809 5311 Pala-

203 5327 308 5380 tini
340 5343 447 5380 ma.
476 5328 638 5383 tidem
669 5336 716 5380 et
739 5327 990 5398 copulam
1021 5327 1179 5382 obelo
1205 5328 1670 5394 pr-mrrtrtavimus;
1705 5343 1802 5383 ne—

197 5412 312 5468 que
339 5398 484 5452 enim
519 5399 571 5452 in
606 5398 834 5454 "chrum
864 5401 979 5467 ipso
1010 5405 1161 5452 textu
1201 5406 1442 5452 resonat.

275 5468 305 5507 ι’
346 5470 445 5523 llic
471 5485 688 5538 quoque
716 5485 782 5523 ex
818 5468 1044 5523 Palatini
1091 5485 1192 5524 ms.
1237 5470 1595 5534 auctoritate,
1630 5479 1676 5524 et
1705 5484 1803 5525 ca-

201 5541 409 5608 pulum,
431 5556 556 5622 aue
584 5555 761 5611 neque
797 5541 849 5595 in
883 5540 1112 5595 llebram
1138 5548 1244 5607 est,
1289 5555 1466 5612 neque
1499 5542 1550 5595 in
1583 5542 1793 5609 Cra-co,

199 5627 590 5678 expunxnnus.

279 5693 301 5720 ε
347 5682 423 5736 De
452 5697 607 5739 more
637 5682 1078 5754 pnepositioncm
1110 5685 1191 5738 Ad
1213 5683 1373 5740 obelo
1405 5693 1672 5753 pramotat
1701 5683 1802 5738 Pa-

203 5751 409 5827 latinus
450 5769 557 5806 rus.
602 5751 837 5827 lt-gittiuc
873 5755 1175 5820 Atleocueit,
1205 5771 1300 5826 pro
1329 5751 1630 5823 Ad‘t'ocabit,
1657 5754 1800 5827 quod

205 5824 404 5879 \eleris
451 5824 902 5894 pronuntiationis
927 5836 1011 5882 est
1036 5824 1242 5880 vitium.

278 5896 302 5931 ιι
344 5897 460 5952 Duo
501 5896 666 5953 iidem
697 5897 840 5965 libri,
881 5897 1216 5969 Augustinus
1247 5908 1300 5954 et
1331 5897 1657 5956 Veronensis
1697 5912 1799 5954 ms.

2232 2493 2467 2541 PSALIIUS
2525 2494 2691 2536 ASAPll
2737 2477 2864 2553 [Με.
2909 2495 3007 2537 test
3048 2483 3247 2555 DAVID].

2018 2573 2164 2631 Deus
2194 2573 2422 2631 deorum
2475 2572 2740 2630 Dominus
2791 2573 3004 2632 locutus
3049 2584 3180 2632 est:
3223 2584 3278 2632 et
3324 2580 3540 2636 vocavit

1943 2675 2169 2737 terram,

2011 2766 2054 2819 Δ
2086 2762 2220 2820 solis
2259 2771 2382 2819 ortu
2412 2776 2584 2834 usque
2611 2761 2678 2818 ad
2709 2776 2966 2820 occasum
2997 2780 3012 2820 :
3059 2779 3130 2821 ex
3163 2765 3295 2822 Sion
3318 2769 3533 2838 species

1938 2857 2158 2915 decoris
2184 2858 2323 2928 ejus.

2009 2951 2152 3009 Deus
2185 2948 2504 3007 manifestus
2554 2951 2741 3008 veniet
2775 2967 2788 3005 :
2819 2950 2963 3008 Deus
2991 2963 3200 3022 noster,
3235 2963 3290 3012 et
3321 2971 3428 3012 non
3460 2951 3536 3012 si-

1935 3043 2094 3102 lebit.

2004 3135 2149 3210 Ignis
2192 3137 2246 3192 in
2289 3145 2587 3207 conspectu
2636 3135 2756 3208 ejus
2787 3136 2999 3194 ardebit
3035 3155 3047 3192 :
3093 3149 3145 3196 et
3194 3139 3248 3196 in
3299 3143 3528 3200 circuitu

1935 3232 2054 3305 ejus
2080 3240 2377 3304 tempestas
2401 3229 2598 3286 valida.

2005 3323 2311 3380 Advocabit
2351 3323 2548 3380 etelum
2597 3337 2812 3378 sursum
2859 3333 2915 3379 et
2949 3335 3195 3386 terram:
3240 3339 3298 3386 ut
3327 3330 3529 3392 discer-

1935 3430 2090 3476 neret
2119 3417 2248 3493 [.lls.
2286 3418 2630 3488 discernere)
2657 3418 2916 3491 pupulum
2946 3435 3127 3478 suum.

2000 3512 2342 3584 congregato
2379 3510 2452 3566 illi
2482 3507 2500 3548 ί
2537 3520 2756 3566 sanctos
2781 3511 2901 3582 ejus
2951 3529 2964 3567 :
2996 3515 3088 3586 qui
3127 3515 3528 3580 ordinaverunt

1930 3612 2312 3660 testamentum
2346 3602 2486 3674 ejus,
2517 3617 2686 3671 super
2718 3603 3010 3660 sacriﬁcia.

1998 3698 2482 3753 Annunliaverunt
2529 3695 2652 3752 cceli
2699 3695 2967 3766 justitiam
3024 3698 3143 3770 ejus
3196 3720 3207 3755 :

1927 3789 2070 3846 Deus
2094 3788 2259 3861 judex
2285 3796 2391 3844 cst.
2437 3787 2766 3842 Drusum.

1995 3883 2157 3948 Audi,
2187 3882 2420 3952 p0pulus
2451 3897 2603 3936 meus
2624 3922 2638 3948 ,
2675 3890 2730 3936 et
2770 3881 2981 3952 loquar,
3014 3881 3202 3950 Israel,
3247 3897 3303 3941 et
3331 3891 3523 3946 testiﬁ-

1922 3977 2088 4034 cabor
2118 3976 2238 4045 tibi,
2269 3975 2521 4045 quoniam
2555 3975 2693 4031 Deus
2737 3974 2880 4030 Deus
2911 3985 3034 4032 tuus
3062 3993 3162 4048 ego
3194 3994 3338 4035 sum.

1991 4067 2109 4123 Non
2140 4082 2306 4138 super
2351 4066 2621 4122 sacrificia
2663 4075 2751 4120 tua
2793 4080 3014 4136 arguam
3054 4077 3153 4124 te:
3199 4069 3514 4130 holocausta

1920 4173 2098 4220 autem
2129 4172 2217 4217 tua
2255 4163 2308 4217 in
2353 4168 2646 4230 conspectu
2678 4175 2800 4216 meo
2830 4170 2959 4216 sunt
2987 4176 3224 4232 semper.

1991 4257 2106 4313 Non
2136 4256 2396 4327 accipiam
2420 4252 2488 4310 dc
2508 4253 2673 4310 domo
2696 4264 2783 4309 tua
2816 4254 3014 4311 vitulos
3040 4274 3052 4312 :
3084 4272 3260 4329 neque
3290 4259 3358 4316 de
3383 4277 3508 4333 grc-

1916 4349 2074 4422 gibus
2106 4350 2215 4405 tuis
2245 4347 2449 4404 hircos.

1990 4441 2256 4511 Quoniam
2287 4455 2421 4498 mea:
2474 4446 2600 4495 sunt
2644 4454 2835 4497 omnes
2870 4450 2894 4489 ὅ
2933 4440 3062 4498 fera:
3102 4443 3387 4516 silvarum,
3417 4447 3506 4518 ju-

1917 4545 2100 4592 meuta
2128 4533 2180 4592 in
2209 4533 2484 4596 montibus
2517 4543 2572 4590 et
2597 4533 2788 4591 boves.

1983 4627 2225 4701 Cognovi
2246 4629 2429 4686 omnia
2461 4628 2701 4685 volatilia
2729 4629 2854 4686 caeli
2884 4648 2896 4684 :
2923 4640 2976 4688 cl
3002 4634 3213 4704 species
3241 4636 3352 4706 agri
3399 4653 3510 4694 utc-

3266 3706 3523 3776 quoniam

1836 4716 1885 4777 D
1911 4739 2034 4781 cum
2063 4733 2166 4780 est.

1910 4897 2076 4970 posita
2104 4906 2245 4962 sunt,
2278 4909 2325 4953 et
2370 4914 2507 4953 mors
2538 4905 2716 4969 pastor
2740 4908 2814 4954 est
2844 4901 2936 4954 eis.
2982 4899 3392 4957 Dotninabunlur
3432 4906 3507 4960 eis

1910 4972 2034 5024 recti
2062 4987 2236 5042 inane:
2271 4981 2404 5034 tum,
2437 4988 2468 5022 tl
2499 4970 2667 5041 gloria
2689 4988 2890 5038 eorum,
2931 4973 3135 5042 alisque
3178 4977 3504 5038 prmcedeuti

1912 5053 1960 5095 et
1989 5041 2205 5112 c0pula,
2227 5055 2276 5097 et
2305 5057 2423 5114 qua:
2454 5044 2878 5110 subsequuntur,
2923 5041 3102 5098 vrrbis
3131 5045 3333 5114 m'pttlsi
3361 5060 3500 5114 sunt,

1911 5124 2240 5238 qutiu'tamcn
2268 5113 2488 5184 sequior
2518 5129 2712 5168 manus
2744 5117 2798 5169 in
2827 5115 3122 5170 Veronensi
3148 5113 3270 5169 ead.
3301 5113 3502 5176 addere

1913 5198 1981 5238 vo
2008 5193 2102 5238 utt.

1913 5185 2102 5239 voluit.
2707 5191 2718 5196 '

1990 5257 2085 5311 ειη
2121 5254 2416 5331 _\’eruuensi
2448 5269 2578 5331 ius,
2607 5265 2807 5331 patrum
2832 5259 3109 5331 cjus,_qu:e
3130 5257 3498 5331 subsequitur,

1903 5336 1952 5381 et
1975 5327 2170 5396 colzula
2201 5327 2564 5400 prwtcrurissa
2592 5344 2604 5380 :
2637 5335 2747 5400 tum
2774 5327 2929 5396 jusla
2951 5327 3500 5400 AuguStiuutu,coml

1902 5410 2114 5469 paratus
2130 5399 2385 5468 jumentis
2411 5397 2709 5461 insensatis,
2740 5409 2847 5452 etc.
2961 5452 2967 5460 ,
3044 5397 3062 5400 ⁷
3245 5431 3252 5437 ’

1981 5469 1998 5506 ί
2047 5474 2159 5542 ltuo
2187 5485 2305 5537 qua:
2329 5470 2568 5542 maxime
2600 5470 2736 5523 inter
2759 5483 2818 5522 se
2845 5473 3194 5542 consentiunt
3215 5473 3494 5542 Psalteria,

1907 5539 2355 5615 Augustimamnn
2397 5547 2450 5594 et
2484 5539 2816 5607 Veronense,
2853 5541 3184 5615 Cougrcgate
3209 5546 3288 5599 illi
3331 5539 3501 5613 justas

1907 5616 2039 5682 ejus,
2057 5613 2142 5680 qui
2169 5613 2472 5681 disponunt,
2503 5621 2609 5664 etc.
2635 5626 2649 5676 ;
2675 5613 3222 5676 tum,Atintania/aint
3249 5619 3378 5671 (celi.
3415 5621 3499 5672 Vi-

1911 5685 2045 5738 Iinsc
2074 5697 2254 5757 autem
2286 5697 2349 5736 ex
2400 5682 2612 5757 librarii
2659 5683 2942 5738 oscilantia
2980 5686 3277 5742 Vct‘uuens.
3337 5693 3496 5757 paulo

1910 5754 2219 5826 poleAutli
2250 5751 2496 5826 populant
2524 5755 2657 5825 ejus,
2693 5771 2790 5824 pro
2818 5757 3040 5826 populus
3086 5776 3223 5811 tuctts
3252 5751 3430 5814 habet.

1983 5835 2007 5872 ις
2053 5824 2252 5878 Eadem
2285 5824 2569 5894 l’saltcria,
2595 5843 2770 5881 omnes
2818 5824 2988 5884 beStiu:
3018 5830 3282 5898 silvarum,
3318 5849 3501 5898 pecora

1911 5897 1962 5954 in
2010 5897 2288 5964 ttt'ttlltlttta,
2311 5907 2415 5972 etc.
