4090 6338
199 379 316 438 209

1522 374 1725 433 LIBER
1767 376 2215 437 PSALMORUM.

3403 384 3513 441 210

274 500 415 555 Ecce
448 514 497 555 —t»
541 500 678 555 enim
706 501 727 570 ζ
758 502 811 556 in
849 500 1212 573 iniquitatibus
1254 507 1532 571 conceptus
1563 515 1675 553 sum
1708 514 1727 555 :
1757 509 1805 554 et
1833 504 1884 562 Α
1984 499 2125 556 Ecce
2162 500 2307 557 enim
2339 500 2390 556 in
2422 499 2804 571 iniquitatibus
2834 507 3131 571 conceptus
3173 514 3293 556 sum
3328 518 3339 557 :
3366 510 3421 557 et
3452 504 3505 557 in

200 594 256 646 in
281 594 509 661 peccatis
543 596 776 665 concepit
805 611 885 648 me
919 603 1084 647 ntater
1109 608 1243 646 mea.

274 683 416 737 Ecce
466 685 600 739 enim
643 685 906 739 veritatem
949 684 1180 740 dilexisti
1227 699 1243 736 :
1280 683 1479 738 incerta
1517 691 1565 737 et
1603 682 1811 737 occulta

193 780 476 847 sapientia:
504 794 559 835 -ξί
596 789 699 834 tua:
733 780 754 848 ζ
788 779 1109 848 ntanifestati
1130 778 1277 833 tttilti.

271 873 531 943 Asperges
563 887 644 925 me
687 872 909 943 Itgssopo
932 881 979 926 et
1008 870 1302 925 mundabor
1327 884 1344 923 :
1370 869 1567 924 lavabis
1614 884 1726 936 me,
1758 877 1805 922 et

194 981 365 1034 super
394 966 565 1019 nivem
597 964 899 1019 dealbabor.

270 1059 501 1112 Λιιάὶιηὶ
532 1074 643 1114 meo
670 1058 815 1113 dabis
842 1058 1094 1131 gaudium
1118 1067 1167 1114 et
1198 1058 1475 1115 ltetitiam:
1502 1067 1550 1113 et
1578 1058 1807 1115 exsulta-

191 1152 335 1205 lttmt
353 1167 475 1205 ossa
498 1154 797 1207 ltttmiliata.

265 1244 463 1299 Arerte
507 1245 695 1315 [aciem
734 1254 879 1300 tuam
908 1262 938 1299 a
961 1246 1187 1317 peccatis
1212 1246 1337 1301 nteis
1370 1262 1389 1301 :
1420 1256 1466 1303 et
1495 1262 1671 1302 omnes
1703 1247 1803 1302 ini-

190 1340 431 1410 quitates
462 1356 599 1393 meas
626 1339 760 1395 dele.

264 1433 376 1486 Cor
399 1433 653 1486 mundum
703 1448 821 1487 crea
845 1434 899 1486 in
945 1449 1024 1488 me
1047 1432 1191 1489 Deus
1216 1452 1234 1489 :
1255 1443 1302 1489 et
1334 1434 1576 1506 spiritum
1605 1440 1801 1488 rectum

190 1528 389 1580 iuncea
414 1528 467 1580 itt
496 1526 771 1581 visceribus
794 1527 944 1580 meis.

265 1620 361 1676 Ne
388 1622 640 1691 projicias
668 1637 750 1675 me
797 1639 829 1675 a
855 1621 989 1691 [acie
1019 1630 1109 1675 tua
1139 1638 1157 1675 :
1186 1631 1235 1676 et
1265 1621 1530 1691 Spiritum
1564 1632 1798 1677 sanctum

190 1724 342 1771 tuum
367 1732 433 1769 ne
455 1717 666 1785 auferas
694 1732 725 1768 a
752 1732 853 1771 me.

268 1810 457 1865 Redde
480 1809 606 1863 tttilti
625 1811 863 1864 laetitiam
889 1812 1137 1866 salutaris
1163 1813 1240 1865 tui
1271 1826 1291 1868 :
1320 1820 1367 1867 et
1393 1812 1580 1885 spiritu
1604 1812 1799 1882 princi-

190 1906 306 1974 pali
342 1904 599 1973 conﬁrma
627 1921 726 1959 me.

265 1994 481 2051 Docebo
525 1997 734 2067 iniquos
774 1998 881 2053 vias
930 2008 1044 2052 tuas
1078 2014 1097 2054 :
1126 2007 1173 2053 et
1218 1998 1367 2070 impii
1410 1998 1480 2053 ad
1513 2007 1560 2052 te
1590 2012 1800 2052 conver-

190 2098 388 2145 ιιηικν.

261 2183 457 2239 Libera
484 2202 564 2239 me
586 2186 650 2240 de
674 2187 1035 2260 sanguinibus,
1061 2186 1221 2253 Deus,
1250 2186 1393 2242 Deus
1421 2187 1606 2241 salutis
1632 2202 1797 2243 mete:

189 2286 215 2312 ⁸
255 2292 315 2332 -ξ-
346 2285 393 2330 et
430 2276 451 2347 ζ
476 2278 760 2333 exsultabit
783 2279 963 2351 lingua
991 2295 1102 2334 mea
1124 2280 1388 2350 justitiam
1418 2289 1581 2333 tuam.

263 2462 505 2529 Domine,
534 2464 674 2518 labia
706 2480 818 2519 mea
847 2465 1048 2537 aperies
1083 2481 1101 2520 :
1135 2474 1183 2519 et
1210 2480 1267 2519 os
1316 2480 1484 2520 meum
1513 2463 1794 2519 annuntia-

194 2556 264 2609 bit
310 2557 521 2609 laudent
553 2566 719 2613 tuam.

262 2647 526 2713 Quoniam
556 2649 601 2702 si
633 2649 880 2704 voluisses
910 2650 1253 2721 sacriﬁcium,
1284 2649 1540 2705 dedissem
1570 2650 1749 2721 utique
1773 2665 1793 2705 :

189 2739 512 2793 holocaustis
545 2757 647 2794 non
677 2739 1033 2797 delectaberis.

261 2830 597 2900 Sacriﬁcium
635 2831 743 2886 Deo
769 2833 983 2903 spiritus
1020 2832 1400 2888 contribulatus
1431 2848 1449 2887 :
1482 2847 1571 2887 cor
1591 2835 1789 2887 contri-

186 2933 293 2977 tum
321 2934 371 2977 et
392 2926 751 2995 Itumiliatunt,
794 2926 955 2993 Deus,
986 2944 1088 2982 non
1119 2928 1387 2999 despicies.

256 3015 493 3087 Benigne
518 3019 603 3089 {ac
636 3034 691 3073 ἦ
730 3018 951 3073 Domine
996 3021 1018 3087 ζ
1052 3019 1107 3074 in
1142 3035 1195 3074 σθ
1233 3019 1258 3059 b
1291 3022 1428 3076 bona
1469 3023 1490 3091 ζ
1523 3023 1788 3078 voluntate

186 3119 274 3163 tua
300 3111 432 3164 Sion
460 3126 478 3164 :
515 3128 559 3166 σε
613 3122 667 3165 ut
690 3113 713 3180 ζ
739 3113 1063 3182 mdi/icentur
1095 3115 1231 3167 muri
1256 3112 1570 3170 Jerusalem.

262 3201 415 3255 Tunc
441 3203 733 3275 arceptabis
773 3205 1091 3269 sacriﬁcium
1118 3206 1342 3274 justitia:
1363 3250 1378 3269 ,
1412 3207 1701 3263 oblationes
1737 3218 1784 3262 et

187 3294 496 3349 holocausta
521 3313 539 3349 :
569 3304 690 3350 tunc
716 3296 976 3367 imponent
1006 3314 1162 3369 super
1185 3298 1349 3353 altare
1375 3306 1517 3353 tuum
1548 3300 1755 3355 vitulos.
1821 3289 1867 3351 C
1898 3309 1951 3355 ct
1998 3300 2313 3356 holocausta

1916 590 2131 648 delictis
2157 596 2368 663 peperit
2392 610 2477 650 me
2503 603 2675 649 mater
2708 610 2847 649 mea.

1987 684 2125 739 liceo
2152 688 2295 741 enim
2348 689 2627 741 veritatem
2652 684 2887 739 dilexisti
2917 702 2929 738 :
2961 684 3168 741 incerta
3220 692 3275 741 et
3298 684 3507 742 occulta

1912 776 2192 845 sapientia:
2226 786 2330 832 tua:
2358 778 2683 833 tuanit'estati
2713 778 2869 831 mihi.

1985 872 2256 942 ASperges
2298 887 2405 939 me,
2442 872 2684 935 Domine,
2739 871 2976 944 Ityssopo
3002 914 3017 939 ,
3058 882 3113 928 et
3159 872 3503 930 mundabor:

1912 962 2119 1018 lavabis
2151 980 2257 1030 me,
2285 974 2341 1020 et
2370 980 2534 1033 super
2559 964 2745 1019 nivem
2777 965 3098 1021 dealbabur.

1981 1056 2201 1112 Auditui
2253 1072 2375 1113 meo
2396 1058 2551 1113 dabis
2581 1055 2603 1095 ί
2630 1056 2885 1129 gaudium
2918 1069 2973 1114 et
3002 1058 3247 1115 laetitiam
3280 1078 3291 1113 :
3320 1069 3377 1115 et
3400 1074 3493 1117 ex-

1909 1150 2191 1207 sultabunt
2220 1166 2343 1206 ossa
2377 1150 2680 1206 ltuntiliata.

1979 1241 2180 1298 Averte
2212 1243 2402 1299 faciem
2454 1254 2599 1299 tuam
2645 1258 2677 1299 a
2709 1244 2945 1315 peccatis
2988 1242 3128 1299 meis
3166 1260 3180 1299 :
3227 1253 3281 1301 et
3310 1261 3501 1303 omnes

1907 1333 2222 1403 iniquitates
2254 1351 2403 1391 meas
2432 1336 2579 1391 dele.

1975 1424 2082 1483 Cor
2131 1427 2389 1482 mundum
2436 1442 2558 1483 crea
2591 1428 2642 1482 in
2674 1442 2780 1497 me,
2811 1427 2952 1484 Deus
2982 1445 2995 1483 :
3028 1436 3083 1484 et
3123 1428 3374 1500 spiritum
3416 1446 3501 1486 re-

1906 1527 2049 1575 ctum
2080 1519 2281 1575 iunova
2312 1520 2364 1575 itt
2393 1518 2692 1574 visceribus
2716 1529 2739 1565 ε
2773 1521 2931 1575 meis.

1975 1612 2052 1667 Ne
2081 1612 2333 1682 projicias
2359 1628 2445 1668 me
2475 1628 2503 1666 a
2538 1612 2675 1668 facie
2704 1624 2793 1667 tua
2827 1632 2840 1669 :
2873 1623 2929 1669 et
2959 1614 3221 1685 Spiritum
3251 1625 3503 1674 sanctum

1903 1716 2054 1762 tuum
2084 1722 2151 1763 ne
2176 1708 2396 1762 auferas
2422 1722 2449 1759 a
2484 1721 2592 1763 me.

1974 1799 2162 1857 Redde
2194 1800 2322 1856 milii
2349 1798 2593 1855 lanitium
2623 1798 2877 1855 salutaris
2905 1800 2979 1856 tui
3006 1816 3019 1856 :
3049 1810 3101 1857 et
3134 1801 3327 1874 Spiritu
3351 1802 3501 1874 prin-

1830 1900 1877 1962 B
1904 1895 2064 1966 cipali
2093 1895 2360 1951 conﬁrma
2391 1910 2498 1950 tne.

1975 1990 2192 2046 Docebo
2223 1989 2351 2063 [Με.
2400 1988 2647 2061 doceam]
2679 1989 2893 2060 iniquos
2921 1989 3034 2047 vias
3076 2000 3194 2048 tuas
3225 2008 3241 2050 :
3271 2000 3325 2047 ct
3350 1991 3500 2063 impii

1900 2082 1967 2139 ad
2009 2094 2058 2139 te
2088 2090 2497 2139 convertentur.

1972 2176 2167 2232 Libera
2208 2174 2235 2214 ιι
2267 2192 2354 2232 me
2384 2175 2451 2231 de
2498 2175 2878 2246 sanguinibus,
2928 2175 3091 2243 Deus,
3125 2178 3266 2233 Deus
3310 2178 3499 2234 salutis

1900 2286 2058 2339 mete,
2090 2282 2145 2327 et
2190 2269 2318 2343 |_tlls.
2365 2278 2498 2325 tacet
2529 2268 2604 2339 et]
2637 2269 2935 2326 exsultabit
2964 2269 3144 2342 lingua
3191 2286 3309 2326 mea
3336 2271 3499 2341 justi.

1900 2364 2025 2420 tiam
2056 2370 2223 2419 luant.

1970 2457 2221 2523 Domine,
2256 2456 2399 2512 labia
2446 2470 2563 2512 mea
2587 2454 2805 2527 aperies
2834 2472 2847 2510 :
2874 2464 2929 2513 et
2968 2470 3029 2512 os
3061 2472 3242 2513 meum
3285 2472 3497 2514 annun-

1898 2550 2054 2607 tiabit
2080 2550 2293 2606 laudem
2328 2559 2497 2605 luam.

1966 2645 2234 2711 Quonimt
2287 2644 2333 2698 si
2379 2643 2647 2699 voluisses
2696 2641 3058 2710 sacriﬁcium,
3092 2641 3361 2699 dedissem
3392 2644 3501 2700 uti-

1895 2752 2001 2809 que
2036 2754 2049 2791 :
2078 2736 2419 2791 holocaustis
2447 2751 2555 2791 non
2588 2734 2982 2791 delectaberis.

1964 2830 2301 2887 Sacriﬁcium
2330 2831 2441 2886 Deo
2463 2830 2686 2900 spiritus
2715 2827 2729 2866 ί
2758 2828 3163 2886 contribulatus
3196 2848 3210 2886 :
3242 2846 3336 2887 cor
3361 2845 3494 2887 con-

1892 2925 2078 2981 tritum
2107 2936 2163 2980 et
2196 2925 2539 2978 ltumiliatnm
2571 2923 2716 2978 Deus
2746 2938 2855 2977 non
2886 2924 3121 2993 spernit.

1968 3018 2201 3089 Benigne
2230 3018 2331 3083 iac,
2365 3017 2613 3077 Domine,
2648 3017 2699 3071 in
2730 3016 2869 3071 bona
2892 3017 3168 3073 voluntate
3201 3025 3288 3073 tua
3312 3017 3443 3074 Sion
3473 3036 3487 3074 :

1893 3120 1952 3165 ttt
1976 3110 2103 3182 [.lls.
2136 3109 2211 3181 et]
2240 3110 2579 3164 tctliticcntur
2611 3108 2751 3163 muri
2772 3109 3097 3165 Jerusalem.

1961 3206 2113 3261 Tunc
2155 3205 2465 3276 acceptabis
2512 3204 2839 3259 sacriﬁcium
2881 3205 3138 3276 justitizn,
3185 3207 3490 3265 oblationes

2365 3317 2375 3351 :
2424 3307 2554 3353 tunc
2601 3298 2885 3370 imponent
2927 3314 3093 3371 super
3128 3300 3300 3357 altare
3340 3313 3487 3358 tuum

1901 3393 2118 3448 vitulos.

1584 3485 1944 3548 PSALMUS
1989 3486 2087 3546 Ll.

188 3598 239 3639 ιιε
268 3598 466 3647 "Nl-II,
492 3598 856 3639 INTELLECTUS
892 3594 911 3621 c
946 3600 1107 3641 Μνω
1130 3628 1143 3648 ,
1184 3602 1290 3642 CUM
1310 3604 1464 3643 \‘ENIT
1496 3604 1630 3645 ΒΟΕο
1662 3604 1782 3644 lDU-

258 3670 445 3721 “£115,
478 3671 544 3710 ΕΤ
567 3671 854 3710 Νυκτιλνιτ
883 3670 1014 3711 ςΑυι,
1036 3698 1049 3719 ο
1072 3673 1137 3711 ΕΤ
1159 3674 1304 3714 ΒΙΣΙΤ
1336 3676 1405 3715 ΙίΙῖ
1435 3677 1597 3715 VENIT
1626 3677 1783 3717 DAVID

660 3743 710 3781 ΙΝ
745 3742 927 3783 υοηωι
959 3744 1321 3786 ΔΟΗΙΜΕΙΕΕΙΙ.

260 3842 402 3908 Quid
441 3840 685 3915 gloriaris
716 3842 768 3896 in
800 3841 1022 3911 malitia,
1056 3843 1081 3880 ά
1110 3859 1159 3900 -ξ
1201 3847 1290 3917 qui
1318 3846 1337 3915 ζ
1374 3856 1553 3918 potens
1580 3863 1625 3903 -:-
1670 3864 1721 3903 es
1758 3848 1777 3916 ζ

187 3934 238 3988 in
268 3936 550 4005 iniquitate
572 3937 597 3990 .9

255 4025 394 4080 Tota
426 4026 509 4079 die
538 4025 849 4096 injustitiam
883 4027 1125 4098 cogitavit
1152 4030 1332 4101 lingua
1359 4037 1488 4085 tua:
1519 4032 1652 4087 sicut
1685 4049 1780 4087 no-

186 4120 371 4173 vocula
392 4128 549 4172 acuta
579 4118 742 4189 fecisti
769 4118 969 4173 dolum.

254 4213 505 4268 Dilexisti
549 4213 798 4266 malitiam
833 4231 984 4286 super
1015 4215 1416 4287 benignitatem:
1460 4218 1782 4290 iniquitatem

189 4307 353 4378 magis
378 4322 539 4376 quant
562 4305 703 4374 loqui
725 4306 1041 4375 a'quitatem.
1073 4317 1097 4345 ε
1128 4308 1456 4365 ΒιΛῐιεΛωιΑ.

259 4453 287 4478 α
316 4442 477 4511 Legit
500 4443 618 4499 sine
646 4443 807 4499 obelo
841 4444 1067 4499 Palatia.
1102 4462 1203 4501 ms.
1233 4489 1246 4509 ,
1271 4457 1319 4501 et
1353 4445 1645 4503 exsaltabit.

259 4512 287 4551 ι’
313 4516 561 4569 Diximus
590 4527 643 4569 et
685 4530 872 4586 supra,
905 4518 1048 4587 quod
1083 4518 1134 4572 in
1168 4519 1299 4573 lleb.
1329 4529 1411 4574 est
1441 4535 1636 4575 nomen

186 4621 299 4661 non
342 4608 524 4668 ἀπὶῶς
545 4609 880 4674 voluntatem,
914 4608 1007 4663 sed
1038 4624 1159 4664 cum
1192 4609 1565 4665 additamenta
1596 4611 1786 4666 bonam

184 4677 508 4731 voluntatem
537 4679 869 4748 significare,
898 4692 1058 4748 atque
1083 4683 1217 4735 adeo
1236 4683 1405 4735 satius
1431 4680 1601 4737 videri
1636 4684 1778 4738 istud

186 4750 340 4833 haud,
364 4750 439 4830 ab
467 4750 1026 4833 obelo_esinti.nQuod
1054 4753 1301 4833 sequitur
1333 4770 1630 4833 pronomen
1666 4766 1777 4822 tua,
1813 4772 1867 4833 D

186 4820 541 4893 librariorum
568 4821 726 4887 culpa
763 4824 813 4873 in
850 4822 1079 4877 Palatio.
1111 4840 1214 4880 ms.
1267 4820 1634 4893 desideratur,
1669 4820 1777 4882 tum

185 4894 446 4963 proprius
474 4892 699 4950 Glauco.
733 4903 780 4947 et
816 4910 909 4963 pro
939 4905 993 4946 ut
1026 4896 1240 4964 legitur.

263 4964 486 5041 ¢__A_ddi_t
532 4964 777 5041 Palatina
816 4980 916 5041 nis.
951 4966 1227 5041 ipsi,_tum
1255 4964 1449 5033 Doeclt,
1486 4983 1583 5038 pro
1614 4966 1780 5041 Doeg,

263 4984 285 5000 ι
321 4984 486 5017 nouit
532 4984 761 5019 manu.
816 4984 916 5017 ms.
951 4984 965 5016 t
1006 4984 1081 5029 st,
1117 4984 1227 5019 tum

184 5044 243 5090 et
264 5035 584 5107 .loittteleclt,
619 5052 715 5103 pro
744 4984 1063 5090 Atilium/1:6,!
1093 5038 1239 5107 legit.

259 5105 287 5181 ιξ
321 5106 591 5181 Uterque
619 5110 672 5161 in
704 5107 885 5181 Palat.
921 5124 1027 5181 tus.
1068 5105 1260 5161 obolos
1311 5108 1677 5181 desideratur,
1731 5122 1788 5171 et

200 5177 549 5246 subsequens
576 5179 627 5229 in
660 5179 969 5245 praepositio
996 5182 1340 5249 expungitur.

264 5260 287 5283 ε
320 5250 467 5303 Istud
502 5249 567 5301 ad
597 5250 978 5327 subsequentis
1009 5252 1257 5307 verStcuIi
1285 5251 1785 5327 ﬁncm‘Diapsalma

191 5320 247 5374 in
281 5335 349 5373 eo
381 5335 484 5374 nis.
517 5318 859 5375 transfertur.

266 5389 284 5427 ί
322 5390 628 5463 Veronens.
664 5407 766 5446 ms.
819 5408 940 5447 cum
980 5393 1305 5463 Augustino,
1356 5396 1504 5451 dabis
1559 5400 1790 5453 exsulta-

189 5463 380 5542 tionem
407 5505 421 5523 ,
453 5462 610 5542 quod
630 5478 829 5519 nomen
874 5471 928 5519 et
965 5462 1159 5535 quarto
1204 5468 1273 5523 ab
1322 5467 1425 5523 hoc
1478 5484 1641 5525 Versu
1690 5486 1788 5542 pro

194 5534 432 5588 ltetitiant
486 5535 753 5589 seribunt.

266 5636 292 5672 ε
324 5625 861 5699 Ιλοαγίιᾲνει-οιιθηείε
904 5627 1154 5685 Psalterii
1189 5631 1373 5688 editur
1423 5636 1634 5699 nostris,
1690 5651 1789 5691 nec

199 5706 379 5757 tanien
409 5698 477 5752 de
503 5697 601 5751 bac
635 5698 893 5759 lectione.
924 5715 1045 5769 qua:
1091 5712 1146 5757 et
1176 5705 1432 5759 mendosa
1468 5697 1700 5765 videtur.
1734 5719 1788 5762 et

198 5772 409 5824 cit-teris
440 5771 593 5851 libris
625 5770 883 5824 omnibus
912 5775 1204 5839 contraria,
1242 5778 1405 5832 verbo
1431 5786 1589 5835 tenus
1616 5780 1787 5835 lecto—

198 5855 307 5895 rem
342 5850 573 5895 ntonmt.

265 5934 290 5972 λλ
343 5936 683 6009 Augustinus
710 5980 725 6008 ,
777 5935 917 5992 Erue
962 5954 1039 5994 tne
1071 5938 1133 5997 de
1159 5942 1514 6015 sanguinilms,
1540 5954 1647 6001 etc.
1687 5962 1699 6001 :
1738 5946 1789 6000 itt

1892 3602 1943 3642 IN
1974 3603 2158 3651 “seu,
2194 3587 2207 3637 i
2250 3601 2614 3642 INTELLECTUS
2643 3602 2831 3651 omn,
2863 3602 2969 3641 cuu
3011 3602 3171 3642 VENI‘I‘
3208 3603 3345 3644 nor-1c.
3374 3606 3489 3645 tot:-

1964 3674 2140 3720 II.£U~',
2176 3674 2243 3713 ΕΤ
2268 3674 2629 3712 ΑΝΧυκτιΑνιτ
2662 3673 2793 3713 SAUL
2819 3698 2834 3719 ο
2868 3674 2938 3712 ΕΤ
2967 3673 3114 3714 DISIT
3146 3676 3319 3715 ILLISI
3354 3676 3488 3717 ECCB

1962 3746 2122 3785 VENIT
2151 3746 2315 3785 DAVID
2344 3745 2395 3785 IN
2426 3743 2607 3784 υολιωι
2639 3745 2961 3785 Λιιτιιειλῑοη.

1958 3843 2099 3913 Quid
2130 3842 2156 3881 ιι
2188 3843 2439 3915 gloriaris
2478 3843 2532 3899 in
2560 3843 2785 3910 malitia,
2817 3843 2909 3914 qui
2958 3853 3151 3913 patens
3197 3858 3255 3900 es
3288 3844 3341 3900 in
3375 3846 3481 3903 ini-

1888 3937 2130 4011 quitate‘?

1963 4030 2099 4086 Tota
2144 4029 2232 4085 die
2279 4029 2597 4098 injustitiam
2627 4028 2888 4101 cogitavit
2919 4028 3099 4101 lingua
3150 4040 3237 4085 tua
3288 4045 3303 4079 :
3344 4031 3485 4101 sicut

1892 4124 2157 4181 novacula
2185 4133 2339 4178 acuta
2374 4123 2547 4179 iecisti
2571 4099 2781 4178 dolum.
3007 4099 3020 4101 ν
3353 4099 3365 4118 ’

1965 4216 2224 4272 Dilexisti
2274 4215 2531 4270 malitiam
2561 4230 2728 4286 super
2755 4214 3141 4287 benignitatem
3176 4233 3190 4273 :
3230 4216 3483 4291 iniquita-

1894 4319 2003 4367 tem
2036 4309 2207 4381 magis
2236 4324 2393 4380 quam
2424 4308 2570 4379 loqui
2601 4310 2937 4379 aequitatem.
2971 4309 3299 4365 DIAPSALMA.

1897 4462 2056 4514 quem
2088 4446 2264 4501 locum
2298 4446 2523 4516 insignis
2549 4446 2637 4501 illa
2668 4454 2746 4500 est
2773 4445 3015 4513 ejusdem
3044 4450 3334 4514 sententia,
3370 4451 3483 4507 Ea:-

1896 4520 2084 4588 pressit
2115 4518 2328 4571 Latinus
2368 4519 2622 4592 interpres
2652 4517 2801 4592 verba
2830 4520 2997 4571 minus
3028 4518 3211 4573 Latino
3249 4528 3487 4592 proprie-

1893 4600 2049 4644 tatent
2100 4600 2269 4644 tamen
2313 4606 2375 4641 ea:
2401 4588 2604 4643 (irwco.
2654 4588 2788 4642 Nunt
2824 4606 2996 4643 omnes
3024 4588 3258 4646 novimus
3298 4588 3481 4649 Latine

1893 4678 1996 4733 non
2037 4662 2142 4715 dici
2196 4661 2505 4733 sanguines,
2544 4677 2647 4733 nec
2675 4661 2936 4729 sanguina
2984 4675 3002 4713 :
3034 4670 3203 4715 tamen
3240 4666 3363 4733 quia
3408 4667 3481 4719 ita

1893 4732 2105 4787 Graecus
2154 4732 2322 4797 posuit
2376 4730 2572 4802 plurali
2601 4747 2833 4793 numero,
2885 4748 2985 4784 non
3025 4735 3134 4784 sine
3176 4730 3349 4799 causa,
3384 4738 3485 4789 nisi

1892 4806 2016 4877 quia
2039 4805 2135 4856 hoc
2160 4803 2353 4877 invenit
2397 4803 2448 4877 in
2478 4802 2850 4877 printalingtta
2877 4802 3122 4877 llebra’a,
3154 4807 3335 4859 maluit
3365 4809 3483 4877 pitts

1891 4870 2139 4947 interpres
2170 4875 2339 4928 minus
2385 4870 2568 4927 Latmo
2610 4870 2812 4944 aliquid
2852 4874 3021 4928 dicere
3052 4916 3067 4941 ,
3109 4892 3264 4943 quant
3313 4870 3483 4933 minus

1928 4964 2116 5002 νοω-ιε.

1928 4965 1985 5001 ro
2025 4965 2116 5000 Πο.

1890 4965 1925 5019 p
1971 4965 2507 5082 ipVi'ronensisms.,
2541 5016 2754 5083 spiritus
2785 5020 3037 5071 contritus
3063 5057 3077 5081 ,
3121 5017 3266 5083 quod
3301 5034 3479 5087 neque

1897 5090 2095 5158 ipsum,
2131 5090 2255 5143 licet
2284 5088 2353 5143 ab
2380 5087 2500 5141 aliis
2533 5087 2687 5141 libris
2717 5088 2956 5153 abludat,
2989 5088 3055 5141 ab
3082 5088 3291 5143 editore
3323 5103 3482 5146 nota-

1893 5170 2007 5215 tut‘n
2037 5171 2118 5215 est
2154 5179 2165 5214 :
2197 5175 2345 5224 mox,
2375 5176 2475 5212 non
2499 5158 2770 5226 despiciet,
2794 5159 3232 5228 ubiAngustinus
3253 5162 3479 5229 quicum

1895 5233 2156 5300 impressa
2193 5231 2279 5287 Itic
2320 5231 2553 5287 lcetione
2581 5230 2731 5295 facit,
2765 5230 2899 5284 falso
2941 5229 3139 5284 dicitur
3172 5233 3480 5299 przetulisse

1894 5320 1995 5358 tton
2028 5312 2249 5372 spernet.

1972 5378 1985 5425 t
2024 5368 2248 5429 Librarii
2280 5388 2468 5429 errore
2498 5386 2593 5442 pro
2626 5370 2923 5443 Intellectus
2970 5368 3162 5443 David,
3211 5374 3477 5443 scriptum

1894 5455 1978 5501 est
2001 5449 2052 5500 in
2092 5445 2389 5500 Veronensi
2428 5441 2616 5497 codice
2643 5441 2883 5495 Psalmus
2911 5443 3009 5509 ipsi
3042 5442 3229 5497 David.
3264 5441 3482 5501 Rectius

1895 5532 2061 5587 porro
2089 5516 2268 5583 liabet,
2308 5517 2445 5568 Doec
2476 5516 2761 5587 (durateus,
2788 5525 2832 5565 et
2865 5514 3120 5566 nuntiarit
3145 5515 3297 5582 Sanl,
3327 5528 3374 5571 et
3405 5520 3487 5570 di-

1894 5583 1991 5655 atit,
2023 5589 2195 5653 Venit,
2241 5598 2346 5640 t-tc.
2378 5585 2577 5642 verbis.
2629 5583 2736 5636 illis
2773 5600 2907 5650 erce,
2942 5588 3341 5655 praetermissis.
3375 5590 3486 5643 Att-

1895 5662 2140 5730 gustinus
2166 5668 2305 5712 tacet
2330 5659 2493 5730 etiam
2524 5656 2632 5730 illa,
2667 5664 2712 5706 et
2737 5657 2886 5710 dixit.

1971 5730 1995 5801 ιε
2028 5730 2162 5784 Cum
2196 5728 2500 5798 Augustino
2536 5726 2676 5780 idem
2729 5744 2829 5801 ins.
2878 5746 2911 5801 εγ
2944 5728 3084 5795 Quid
3125 5730 3376 5801 gloriatur
3431 5733 3483 5784 in

1894 5800 2095 5855 malitia
2148 5802 2235 5869 qui
2284 5810 2461 5871 patens
2510 5808 2581 5853 est
2608 5815 2629 5871 7:
2660 5799 2800 5871 quod
2851 5800 3064 5855 ﬂtl'iil'll'
3114 5799 3164 5853 in
3210 5802 3483 5870 iniquitate

1894 5874 2096 5945 (minus
2125 5873 2261 5926 bene
2283 5870 2581 5945 \"t-runens.
2599 5870 2939 5939 iniquitatem)
2968 5872 3033 5926 ad
3057 5872 3481 5943 subsequenzcat

1897 5942 2223 6003 tet'siculunt
2250 5943 2391 6016 apud
2423 5942 2643 6000 eoulcnt
2677 5952 2907 6013 spectat.
