4090 6338
245 351 366 413 215

325 487 548 530 κιςςεκτ
582 485 769 529 ΖΙΝΙΈΙ
797 520 809 543 ,
835 487 903 529 ΕΤ
933 486 1210 529 ΜΧΙΒΞΕΝΤ
1258 489 1325 528 AD
1377 486 1510 529 SAUI.

324 563 489 602 nuto
511 561 866 604 suscouotrus
895 559 997 601 csr
1031 559 1168 601 APUD
1200 545 1336 600 nos?

327 657 494 727 Deus,
545 661 597 714 in
642 659 847 715 nomine
895 665 984 714 tuo
1025 660 1224 716 salvum
1253 677 1332 715 tne
1363 660 1446 732 {ac
1479 675 1494 714 :
1523 669 1567 716 et
1598 661 1650 715 in
1677 663 1862 717 t'irlttte

247 761 347 808 tua
365 753 556 825 jndira
587 759 686 808 me.

325 845 495 915 Deus,
551 846 739 902 exaudi
794 847 1078 904 arationem
1126 861 1288 902 meam
1328 863 1347 902 :

245 940 404 995 verba
431 940 538 996 oris
566 941 687 998 ntei.

327 1033 587 1101 Quoniam
612 1034 770 1088 alieni
790 1035 1177 1090 insurrexerunt
1199 1036 1474 1092 adversum
1499 1050 1599 1102 me,
1627 1047 1674 1089 et
1699 1037 1861 1108 fortes

243 1128 575 1195 qlccsierunt
602 1127 830 1183 animam
863 1141 1028 1183 meant
1060 1145 1079 1183 :
1098 1138 1145 1183 et
1175 1141 1277 1184 non
1300 1139 1675 1202 proposuerunt
1701 1125 1862 1185 Deum

244 1229 371 1273 ante
398 1229 732 1291 conspectum
763 1237 934 1274 suum.
969 1219 996 1259 ι)
1028 1221 1359 1276 Dursauta.

321 1309 463 1367 Ecce
493 1327 551 1368 -:—
582 1316 718 1366 enim
748 1309 771 1382 1
810 1306 950 1389 Deus
985 1313 1199 1386 adjuvat
1241 1331 1318 1370 me
1359 1328 1415 1370 —:-
1465 1323 1510 1370 et
1547 1307 1566 1383 1
1607 1312 1862 1368 Dominus

243 1415 520 1477 susceptor
542 1415 615 1460 est
643 1407 830 1461 animae
852 1422 996 1462 mete.

322 1497 509 1554 Aeerte
557 1495 697 1553 mala
740 1497 964 1555 inimicis
1006 1499 1169 1556 meis:
1207 1513 1264 1555 +
1301 1506 1346 1555 et
1382 1499 1404 1569 1
1454 1501 1506 1556 in
1535 1501 1744 1566 veritate
1774 1503 1861 1557 tua

243 1591 496 1661 disperde
521 1592 664 1647 illos.
754 1613 759 1618 ·
795 1605 798 1608 ’

331 1681 633 1739 Voluntaria
653 1684 956 1755 sacrificabo
988 1685 1082 1741 tibi
1127 1700 1176 1741 r:
1211 1687 1258 1741 et
1291 1685 1313 1756 1
1351 1686 1632 1758 conﬁtebor
1662 1685 1861 1742 nomini

244 1787 358 1843 tuo,
395 1775 641 1844 Domine,
673 1781 919 1849 quoniant
952 1779 1142 1833 bonum
1174 1789 1268 1834 est.

1397 848 1611 904 auribus
1659 848 1862 920 percipe

1573 351 1771 414 LIBER
1815 345 2262 417 PSALMORUM.

1555 489 1568 527 :
1612 487 1784 529 nosse
1819 482 1840 509 τ·
1884 479 1932 538 Α

3450 363 3557 420 214

2033 488 2251 531 NISSENT
2285 483 2498 542 “Pii/El,
2525 489 2592 529 ΕΤ
2621 489 2898 531 DIXISSENT
2926 490 2992 530 AD
3023 487 3156 532 SAUL
3183 492 3194 528 τ
3226 489 3395 532 ΝΟΝΝΕ
3427 493 3559 534 ECCE

2038 562 2194 602 ιδεμ-ιι)
2225 562 2574 603 sescoxorrus
2603 563 2697 602 es'r
2726 562 2861 603 aruo
2889 548 3024 603 nos"?

2038 659 2202 727 Deus,
2237 659 2288 715 in
2320 659 2540 717 nomine
2571 669 2664 716 tuo
2689 657 2895 717 salvum
2927 677 3014 718 me
3046 662 3133 718 l‘ac
3161 679 3174 716 :
3200 669 3252 720 ct
3284 663 3335 719 in
3365 663 3560 719 virtute

1967 761 2054 808 tua
2087 752 2260 808 libera
2283 767 2389 809 me.

2038 847 2204 914 Deus,
2237 846 2430 903 exaudi
2459 847 2762 903 orationem
2807 861 2984 904 meam
3024 865 3037 903 :
3085 848 3306 906 auribus
3337 850 3555 922 percipe

1964 938 2128 994 verba
2158 938 2273 993 oris
2301 939 2426 994 mei.

2033 1031 2300 1100 Quoniam
2355 1031 2514 1086 alieni
2573 1032 3115 1090 insurrexeruntﬂin
3148 1047 3255 1101 me,
3289 1041 3345 1090 et
3393 1034 3562 1093 fortes

1961 1121 2292 1193 quursierunt
2337 1123 2574 1179 animam
2627 1135 2802 1180 meam
2844 1144 2856 1180 :
2909 1134 2962 1180 et
3009 1137 3116 1181 non
3163 1137 3564 1197 proposuerunt

1965 1215 2131 1270 Deum
2164 1225 2293 1272 ante
2321 1228 2672 1287 conspectum
2705 1233 2882 1274 suum.
2917 1219 3248 1275 Drusum.

2035 1307 2176 1364 Ecce
2205 1309 2347 1363 enim
2382 1310 2524 1364 Deus
2554 1308 2770 1380 adjuvat
2799 1309 2928 1384 [Με.
2962 1311 3194 1382 adjuvit]
3222 1327 3346 1368 me:
3381 1320 3433 1369 et
3456 1313 3564 1369 Do—

1961 1402 2140 1458 minus
2166 1413 2452 1472 susceptor
2484 1414 2564 1458 est
2594 1407 2788 1458 animm-
2821 1419 2973 1460 mea}.

2031 1495 2234 1549 Averte
2266 1495 2403 1549 mala
2439 1485 2565 1569 [.ils.
2598 1493 2723 1550 add.
2757 1495 2832 1568 in]
2862 1495 3097 1552 inimicis
3129 1482 3303 1554 meis:
3337 1497 3388 1554 in
3419 1499 3560 1555 veri-

1963 1599 2072 1648 tate
2103 1603 2193 1646 tua
2215 1592 2471 1662 disperde
2499 1592 2644 1647 illos.

2031 1683 2350 1739 Voluntaric
2381 1683 2698 1740 sacriﬁcabo
2745 1675 2840 1740 tibi
2874 1702 2887 1739 :
2922 1695 2973 1741 et
3006 1683 3310 1743 confitebor
3358 1687 3560 1744 nomini

1962 1786 2074 1846 tuo,
2106 1775 2347 1844 Domine,
2379 1776 2633 1849 quoniam
2658 1775 2860 1832 bonum
2896 1785 2998 1833 est.

318 1868 584 1935 Quoniam
611 1886 676 1925 ea:
703 1871 842 1925 omni
873 1869 1207 1926 tribulatione
1231 1872 1469 1943 eripuisti
1490 1887 1612 1930 me:
1641 1878 1687 1927 et
1711 1873 1734 1903 ο
1763 1887 1853 1928 su-
1885 1875 1931 1934 B
2028 1870 2378 1940 Quoniamex
2408 1870 2556 1926 omni
2578 1870 2928 1928 tribulatione
2949 1871 3562 1947 eripttiSti[Ms.eruisti]

238 1978 338 2035 per
366 1963 605 2019 inimicos
636 1977 775 2019 meos
805 1961 1032 2034 despexit
1055 1965 1235 2019 oculus
1265 1979 1428 2020 meus.

1961 1979 2048 2021 me
2074 1983 2088 2020 :
2121 1977 2175 2020 et
2205 1979 2371 2035 super
2403 1964 2654 2020 inimicos
2681 1979 2829 2021 meos
2861 1965 3102 2036 respexit
3130 1966 3316 2022 oculus
3345 1982 3520 2024 meus.

1618 2081 1977 2146 PSALMUS
2021 2081 2183 2144 LIV.

387 2199 439 2239 IN
469 2200 660 2254 ῐιΊΧΕΙ,
691 2201 742 2242 IN
769 2202 1106 2254 CARIIINIBUS,
1141 2201 1501 2242 INTELLECTUS
1527 2201 1708 2262 DAVID.

316 2277 558 2346 Exaudi,
599 2281 766 2352 Deus,
818 2284 1102 2338 orationem
1142 2298 1330 2348 meam,
1378 2293 1426 2335 et
1469 2297 1532 2335 ne
1563 2280 1856 2353 despexeris

238 2372 667 2443 deprecationem
695 2392 860 2430 meant
884 2393 904 2432 :
929 2376 1140 2433 intende
1163 2376 1311 2444 mihi,
1344 2387 1389 2430 et
1411 2374 1602 2430 exaudi
1623 2390 1724 2429 me.

314 2466 666 2522 Contristatus
687 2484 800 2522 sum
820 2468 872 2522 in
900 2469 1265 2524 exercitatione
1287 2483 1419 2532 mea,
1451 2475 1496 2520 et
1525 2465 1854 2521 conturbatus

241 2575 360 2613 sum
391 2576 424 2613 a
450 2576 571 2615 voce
596 2561 819 2627 inimici,
852 2577 905 2618 -ἰ-
945 2573 991 2617 et
1021 2562 1042 2632 1
1070 2580 1101 2617 α
1127 2561 1462 2618 tribulatione
1480 2561 1788 2632 peccatoris.

329 2653 591 2722 Quoniam
623 2653 1006 2712 declinaverunt
1036 2657 1089 2711 in
1123 2672 1200 2712 me
1227 2656 1519 2727 iniquitates
1550 2670 1567 2709 :
1615 2664 1663 2710 et
1695 2655 1749 2710 in
1775 2656 1854 2711 ira

237 2747 451 2803 molesti
479 2759 630 2804 erant
662 2749 790 2803 mihi
797 2791 811 2806 .

313 2839 420 2896 Cor
441 2857 614 2895 meum
637 2841 1001 2897 conturbatum
1034 2849 1107 2897 est
1136 2843 1191 2896 in
1227 2856 1306 2895 me
1333 2856 1351 2895 :
1382 2848 1428 2894 et
1459 2841 1688 2909 formido
1718 2855 1860 2896 mor-

237 2936 312 2990 tis
340 2934 530 2988 cecidit
559 2950 717 3007 super
738 2951 836 2990 me.

318 3026 497 3082 Timor
519 3035 568 3082 et
589 3037 780 3082 tremor
803 3025 828 3065 ἀ
855 3037 1098 3084 venerunt
1118 3044 1273 3100 super
1299 3044 1379 3082 me
1403 3044 1420 3083 .'
1450 3036 1494 3082 et
1521 3035 1860 3084 contexerant

236 3136 326 3176 me
353 3120 598 3176 tenebrtc.
973 3137 976 3140 ‘

2066 2201 2118 2240 IN
2143 2201 2336 2252 FINEM,
2370 2201 2420 2242 1N
2450 2185 2474 2224 δ
2505 2202 2846 2254 ωηωκιιιυε,
2878 2203 3248 2244 lNTELLECTUS
3277 2205 3456 2246 ωλι-ιι).

2031 2281 2263 2348 Exaudi,
2291 2283 2455 2352 Deus,
2487 2282 2500 2322 ί
2529 2285 2833 2340 orationem
2859 2301 3058 2351 meam,
3081 2295 3134 2341 et
3157 2301 3223 2341 nc
3249 2286 3566 2355 despexeris

1957 2371 2400 2446 deprecntionem
2430 2392 2604 2431 meum
2635 2394 2648 2431 :
2675 2376 2894 2432 intende
2926 2378 2976 2432 in
3008 2392 3116 2446 me,
3149 2387 3203 2432 et
3233 2375 3428 2432 exaudi
3454 2392 3562 2436 me.

2025 2466 2391 2524 Contristatus
2417 2484 2538 2524 sum
2563 2469 2616 2523 in
2648 2469 3043 2525 exercitatione
3071 2484 3190 2526 mea
3222 2479 3308 2525 :et
3343 2483 3565 2526 contur-

1955 2559 2112 2616 batus
2133 2574 2251 2616 sum
2273 2576 2302 2616 a
2329 2575 2460 2618 voce
2479 2561 2708 2629 inimici,
2733 2573 2787 2619 et
2813 2581 2841 2617 a
2865 2563 3218 2620 tribulatione
3241 2566 3561 2635 peccatoris.

2031 2653 2302 2723 Quoniam
2335 2656 2746 2713 declinaverunt
2781 2659 2834 2714 in
2876 2674 2965 2716 me
3005 2659 3356 2731 iniquitates:
3402 2669 3457 2716 et
3508 2661 3562 2715 in

1959 2749 2039 2806 ira
2068 2749 2079 2803 i
2120 2750 2335 2806 molesti
2361 2760 2519 2807 erant
2549 2752 2702 2809 mibi.

2030 2845 2136 2900 Cor
2188 2860 2363 2900 meum
2411 2846 2790 2901 conturbatum
2843 2854 2928 2903 est
2974 2846 3026 2902 in
3073 2861 3198 2902 me:
3235 2855 3288 2904 et
3328 2846 3562 2904 formido

1965 2937 2155 2994 mortis
2182 2937 2380 2994 cecidit
2409 2935 2574 3010 super
2596 2954 2700 2995 me.
3160 2926 3164 2930 ’
3434 2935 3442 2942 ’

2040 3031 2225 3088 Timor
2251 3041 2304 3088 et
2338 3040 2541 3088 tremor
2571 3041 2832 3090 venerunt
2877 3047 3043 3103 super
3066 3048 3152 3090 me
3179 3050 3191 3089 :
3224 3041 3278 3089 et
3303 3041 3564 3091 contexe-

1966 3135 2091 3179 runt
2120 3139 2206 3181 me
2234 3124 2495 3181 tenebrte.

319 3213 384 3267 Et
408 3213 519 3268 dixi
545 3230 565 3270 :
596 3213 725 3282 Quis
753 3215 896 3270 dabit
937 3215 1064 3270 mihi
1104 3233 1298 3289 pennas
1325 3216 1459 3271 sicut
1491 3215 1779 3272 columbae?
1805 3224 1853 3272 et
1879 3233 1925 3296 ρ
2033 3215 2101 3271 Ει
2125 3215 2233 3272 dixi
2260 3233 2272 3271 :
2306 3215 2437 3286 Quis
2459 3215 2610 3272 dabit
2639 3217 2769 3272 mihi
2817 3233 3023 3290 [temtas
3077 3218 3220 3275 sicut
3265 3218 3563 3308 columine,

237 3307 448 3374 celabo,
475 3316 522 3362 et
548 3308 884 3380 requiescunt.

317 3398 456 3456 Ecce
480 3401 714 3475 elongat-i
741 3404 983 3475 fugiens:
1007 3413 1054 3459 et
1077 3404 1246 3460 mansi
1274 3404 1324 3459 in
1349 3403 1650 3460 solitudine.
1685 3413 1709 3443 θ
1730 3403 1849 3459 Dra-

246 3511 483 3552 PSALIA.

320 3587 701 3664 Exspectabam
732 3609 844 3649 eum
872 3595 960 3665 qui
986 3596 1185 3650 salvam
1225 3612 1306 3651 me
1350 3595 1490 3666 fecit,
1519 3613 1550 3650 a
1575 3594 1855 3668 pusillani-

240 3683 429 3738 mitate
449 3684 664 3753 spiritus
687 3697 735 3740 et
761 3689 1077 3759 tempestate.

319 3771 630 3850 Prteripita,
656 3773 896 3846 Domine,
926 3781 1098 3837 divide
1121 3783 1328 3856 linguas
1368 3777 1546 3837 eorum
1575 3799 1592 3837 :
1616 3781 1861 3853 quoniam

242 3867 356 3921 ridi
383 3869 709 3940 iniquitatem
736 3882 782 3927 et
812 3874 1272 3930 contradictionem
1303 3874 1602 3930 incivitate.

322 4053 424 4111 Die
454 4075 517 4112 ac
546 4066 693 4113 nocte
721 4059 1060 4115 circumdabit
1088 4078 1202 4116 earn
1231 4077 1391 4133 super
1419 4077 1596 4117 muros
1623 4064 1739 4134 ejus
1771 4059 1872 4115 ini-

243 4150 426 4220 quitas
454 4165 474 4206 :
499 4160 544 4205 et
574 4149 723 4206 labor
754 4152 806 4206 in
837 4153 1006 4208 medio
1033 4157 1171 4229 ejus,
1202 4167 1250 4211 et
1279 4155 1537 4229 injustitia
1563 4170 1580 4209 :

323 4243 390 4298 Et
417 4263 518 4301 non
548 4245 734 4319 defecit
758 4245 820 4301 de
843 4247 1027 4318 plateis
1056 4251 1190 4320 ejus,
1225 4265 1383 4304 usura
1413 4259 1458 4302 et
1485 4246 1661 4303 tlolus.

324 4337 585 4406 Quoniam
613 4341 658 4396 si
680 4341 920 4396 inimicus
953 4341 970 4380 τ
1011 4357 1050 4398 -:-
1098 4357 1239 4397 meus
1265 4343 1286 4412 1
1315 4340 1663 4399 maledixisset
1688 4342 1814 4397 milii
1839 4358 1857 4397 :

246 4434 610 4488 sustinuissent
642 4449 684 4490 οξ
735 4435 906 4506 utique
933 4434 953 4504 1

1956 3317 2012 3366 ct
2039 3308 2254 3374 volabo,
2289 3317 2342 3365 et
2369 3310 2725 3382 requiescam.

2033 3405 2172 3462 Ecce
2193 3405 2439 3479 elongpri
2465 3403 2699 3476 fugiens,
2733 3416 2787 3462 et
2813 3405 2988 3462 mansi
3010 3406 3064 3461 in
3087 3405 3408 3463 solitudine.
3440 3405 3567 3462 Drs-

1960 3514 2184 3557 PSALNA.

2033 3591 2427 3666 Exspectabam
2459 3607 2580 3649 eum
2618 3592 2708 3663 qui
2745 3605 2830 3648 me
2857 3592 3066 3648 salvum
3099 3591 3324 3663 iaceret,
3354 3607 3384 3648 a
3413 3589 3438 3629 ¹ί
3471 3606 3566 3664 pu-

1965 3687 2091 3745 sillo
2121 3685 2301 3742 animo
2330 3694 2384 3742 et
2415 3693 2758 3756 tempestate.

2041 3779 2355 3849 Prascipita,
2385 3779 2631 3843 Domine,
2651 3789 2703 3833 et
2729 3776 2910 3834 divide
2937 3777 3150 3848 linguas
3177 3791 3363 3832 eorum
3392 3795 3407 3834 :
3435 3791 3568 3848 quo-

1977 3877 2121 3933 niam
2151 3875 2262 3932 vidi
2291 3875 2632 3946 iniquitatem
2662 3881 2716 3930 et
2745 3870 3230 3930 contradictionem
3263 3871 3315 3925 in
3347 3869 3572 3926 civitate

1975 3970 2063 4028 die
2089 3985 2151 4026 ac
2182 3971 2361 4026 nocte.

2043 4059 2413 4120 Clrcumdabit
2451 4059 2465 4099 ι
2502 4071 2620 4117 eam
2654 4073 2818 4132 super
2847 4073 3029 4115 muros
3052 4057 3169 4128 ejus
3193 4056 3481 4129 iniquitas:
3514 4065 3568 4114 et

1972 4155 2126 4213 labor
2157 4156 2210 4210 in
2235 4153 2413 4210 medio
2443 4155 2582 4222 ejus,
2607 4153 2661 4207 et
2685 4151 2964 4220 iujustitia.

2052 4243 2120 4304 Et
2165 4263 2272 4303 non
2325 4246 2524 4303 defecit
2567 4245 2632 4301 de
2665 4245 2852 4314 plateis
2883 4244 3023 4313 ejus,
3058 4260 3219 4300 usura
3270 4252 3323 4298 et
3368 4243 3572 4299 dolus:

1965 4341 2221 4411 quoniam
2255 4339 2299 4394 si
2333 4338 2585 4395 inimicus
2611 4337 2650 4365 "'
2680 4351 2836 4393 incus
2867 4337 3233 4394 tnaledixissct
3263 4337 3417 4404 inibi,
3448 4351 3576 4407 sup-

1967 4439 2266 4502 portassctn
2297 4429 2500 4501 utique.

324 4582 350 4606 ⁸
380 4571 663 4628 [interserit
712 4572 854 4629 idem
888 4589 993 4631 ms.
1022 4575 1106 4631 bic
1137 4592 1268 4641 ecce,
1321 4590 1443 4642 quae
1493 4591 1592 4630 vos
1649 4573 1869 4645 proprie
1896 4575 1949 4635 D
1975 4586 2108 4647 gens
2129 4570 2218 4626 bic
2248 4571 2300 4624 in
2333 4569 2538 4647 hymnis
2561 4569 2847 4647 intellectus
2877 4571 2978 4647 ipsi
3008 4568 3198 4635 David,
3226 4570 3583 4639 quemadmo-

247 4664 470 4732 qu'rletn
514 4677 623 4719 non
656 4676 874 4722 resonat
907 4669 959 4722 in
1001 4667 1230 4724 llebra‘o
1270 4652 1410 4732 u‘n't;
1446 4669 1539 4723 sed
1572 4683 1639 4722 ex
1673 4667 1866 4722 Graeco

249 4748 361 4811 cet,
397 4739 482 4791 οὐκ
512 4735 640 4791 ideo.
668 4738 723 4791 In
759 4748 905 4793 textu
937 4741 1251 4811 prtepusitiu
1283 4741 1430 4795 verbi
1459 4741 1674 4811 estaudi,
1708 4739 1868 4792 obolo

250 4809 319 4861 tle
347 4823 504 4862 lttm’c
531 4817 799 4876 prtcnutat
822 4825 836 4865 :
864 4822 919 4866 ut
940 4809 995 4866 et
1028 4813 1273 4880 inferius,
1299 4829 1398 4866 non
1432 4825 1478 4867 σθ
1514 4828 1610 4884 pro
1639 4810 1660 4879 1
1686 4825 1868 4882 posue-

248 4889 378 4933 τιυη
388 4916 402 4943 ο
431 4892 539 4934 υιεδ

325 4950 352 4988 ι’
385 4952 550 5005 'l‘aret
597 4951 686 5007 bic
737 4949 970 5008 Palatia.
1006 4951 1305 5022 Diapsalma
1331 4970 1348 5009 :
1377 4961 1486 5008 tum
1533 4955 1868 5022 subsequen-

254 5023 816 5097 tium_rersiculnrum
862 5026 1046 5079 ubclos
1072 5035 1119 5079 et
1141 5027 1348 5096 copula:
1373 5027 1620 5097 przetlxus
1643 5026 1863 5080 omittit.

330 5091 547 5169 {Carus
577 5109 700 5169 cum
727 5097 916 5151 codem
958 5091 1336 5155 Palatino-ms.
1368 5091 1684 5154 adverbium
1714 5111 1866 5169 super

255 5164 422 5220 obcln
443 5166 678 5235 jugulat.
732 5172 752 5183 ⁵

328 5236 354 5314 ιξ
391 5237 581 5314 ltiiuiri
616 5249 862 5314 numero,
897 5243 1059 5309 atque
1099 5239 1236 5296 adeo
1277 5241 1473 5314 Greece
1514 5241 1776 5314 pressius.
1815 5241 1867 5296 in

258 5306 510 5380 Palatino
542 5325 670 5380 ως..
699 5307 840 5364 venit
869 5306 1022 5380 super
1053 5327 1152 5379 me,
1185 5322 1232 5368 et
1271 5311 1495 5367 contexit
1515 5306 1606 5366 ’τηε
1637 5313 1866 5369 tenebra.

337 5378 506 5455 fNou
539 5379 769 5455 habetur
810 5382 862 5455 in
907 5378 1153 5438 Palatino
1202 5400 1305 5440 rus.
1354 5382 1681 5455 Dianatma.
1726 5382 1871 5455 quod

261 5465 322 5506 re
348 5449 465 5524 ipsa
491 5453 786 5521 praestabat
815 5451 901 5508 hic
930 5467 1144 5524 quoque
1175 5458 1437 5511 ueterisco
1461 5449 1748 5510 illustrari.

345 5520 362 5558 ί
397 5520 619 5599 Rectius
659 5525 860 5599 nedum
887 5520 1079 5580 ubelus
1095 5528 1218 5599 _sed
1257 5536 1312 5581 et
1351 5527 1524 5598 ipsum
1572 5539 1870 5599 prnuomen

264 5608 435 5655 meus,
457 5595 612 5670 abest
632 5611 664 5670 a_
686 5595 934 5670 Palatino
963 5611 1065 5651 ms.
1091 5597 1156 5651 Et
1182 5613 1312 5654 vero
1336 5595 1514 5670 neque
1543 5595 1597 5654 in
1621 5600 1870 5667 Hebrmo,

270 5677 452 5738 neque
485 5667 536 5719 iu
565 5667 698 5735 ipsis
724 5666 932 5724 Graecis
959 5671 1376 5738 exemplaribus
1399 5666 1634 5726 additur.

345 5746 370 5782 ε
399 5736 694 5791 νει-σηοως».
722 5753 850 5802 ms.,
874 5755 1030 5807 super
1053 5736 1174 5795 me:
1198 5743 1552 5812 Augustinus,
1573 5747 1878 5800 adversum:

274 5818 390 5882 tnui
415 5817 656 5882 potentes
688 5825 784 5879 pro
811 5813 970 5881 fortes
1001 5814 1113 5882 pari
1148 5814 1350 5869 ltultettt
1379 5829 1672 5870 consensu.

353 5876 379 5914 ιλ
412 5879 533 5940 Non
565 5882 667 5940 sibi
689 5876 915 5942 conﬁat
952 5876 1199 5943 Psalterii
1233 5885 1560 5946 Veronensis
1600 5886 1776 5947 editor
1803 5885 1883 5945 le-

1971 4642 2095 4704 duui
2122 4651 2178 4698 et
2203 4657 2370 4710 penes
2394 4642 2758 4712 Augustinum
2779 4651 2865 4696 est
2892 4661 2905 4694 :
2942 4643 2992 4694 in
3021 4657 3118 4697 sua
3146 4653 3326 4698 autem
3350 4654 3578 4698 annuta-

1973 4709 2214 4775 tiuucula
2243 4714 2464 4768 tradens
2485 4709 2677 4767 haberi
2709 4713 2760 4766 in
2792 4713 3125 4767 carminibus.
3158 4713 3235 4770 Ne
3266 4725 3446 4769 tamen
3477 4714 3577 4768 du-

1975 4792 2134 4852 bites,
2169 4785 2296 4854 quin
2326 4785 2415 4838 illa
2445 4784 2499 4837 in
2529 4783 2758 4855 hymnis,
2792 4800 2923 4840 vera
2951 4786 3023 4840 sit
3061 4784 3246 4852 lectio,
3278 4801 3441 4856 quam
3475 4799 3576 4840 nos

1973 4864 2026 4918 in
2058 4858 2173 4928 ipso
2197 4871 2300 4910 ins.
2331 4856 2696 4928 iuvenimusl
3191 4926 3197 4928 Α
3415 4926 3423 4928 4
3575 4877 3577 4880 ’

2054 4921 2093 4967 ι’
2124 4926 2260 4984 Cum
2311 4928 2616 4997 Augustino
2659 4921 2960 4982 Vcrouens.
2996 4926 3134 4982 liber
3163 4926 3578 4993 deprecationem

1975 5017 2163 5069 meam,
2205 5008 2253 5054 et
2293 5015 2354 5053 ne
2400 4997 2695 5070 despexeris
2744 5016 2942 5070 precem
2990 5016 3180 5064 nteant,
3233 4997 3440 5053 intende
3484 4998 3583 5052 ini-

1977 5077 2053 5131 Iti.
2085 5081 2194 5128 etc.

2039 5113 2282 5201 ’iVDnice
2332 5141 2529 5197 iterant
2580 5157 2700 5198 cum
2743 5141 3045 5210 Augustino
3093 5137 3399 5196 Veronens.
3446 5155 3580 5206 ηις..

1978 5214 2356 5274 adumbrabant
2401 5230 2500 5276 nte,
2535 5229 2632 5284 pro
2659 5213 2860 5267 ntolrsti
2890 5211 3184 5284 erantntilti
3217 5227 3235 5266 :
3267 5229 3386 5266 mox
3416 5214 3580 5284 etiam

1978 5300 2142 5345 metus
2173 5300 2269 5356 pro
2299 5282 2560 5357 fortnido.‘
2590 5293 2752 5355 atque
2777 5285 2914 5339 infra
2942 5284 2992 5338 in
3023 5283 3222 5338 deserto
3254 5300 3351 5354 pro
3377 5285 3428 5339 in
3456 5282 3584 5338 soli-

1980 5360 2180 5417 tudine.
2552 5381 2558 5386 ·

2053 5431 2077 5470 k
2141 5428 2471 5498 Augustinus
2519 5445 2552 5481 a
2605 5425 3030 5499 pusillanimitate
3066 5466 3080 5491 ,
3127 5424 3584 5499 quemadmodum

1977 5513 2032 5561 et
2071 5503 2125 5559 in
2163 5497 2459 5556 Veronensi
2517 5497 2620 5552 ms.
2666 5497 2954 5568 legendum
3013 5507 3118 5563 est,
3150 5497 3389 5554 tametsi
3443 5501 3584 5552 lerat

1979 5576 2189 5631 duobus
2239 5571 2418 5642 verbis
2461 5570 2675 5642 pusilla_
2702 5570 2970 5624 animitate
3000 5585 3019 5625 :
3051 5580 3180 5642 tum
3201 5570 3327 5642 pari
3360 5577 3586 5639 uterque

1982 5659 2276 5709 consensu,
2311 5639 2615 5713 Subnierge,
2640 5639 2882 5710 Domine,
2918 5656 3014 5711 pro
3038 5640 3341 5714 Praecipua,
3374 5649 3482 5695 ctc.

2063 5716 2076 5753 ι
2116 5714 2318 5769 Vitiosa
2345 5723 2503 5768 antea
2531 5729 2646 5766 eum
2672 5722 2810 5777 erat,
2835 5730 2934 5782 pro
2955 5731 3088 5777 eam,
3115 5713 3256 5784 quod
3285 5724 3583 5784 pronomen

1984 5791 2038 5846 in
2069 5785 2369 5863 Veronensi
2400 5801 2504 5863 ms.
2535 5785 2746 5863 penitus
2772 5784 3131 5840 desideratur.
3469 5851 3480 5863 .

2061 5870 2096 5898 ιιι
2130 5857 2276 5917 ldcui
2319 5873 2439 5916 cuni
2471 5857 2772 5930 Augustino
2803 5874 2905 5916 ms.
2938 5871 3233 5929 pronomen
3273 5870 3434 5922 meus,
3463 5857 3585 5924 jure
