4090 6338
521 311 631 370 9J5

1551 305 1610 365 S.
1652 305 2033 366 HIERONYMI
2074 305 2309 366 DIVINA
2348 305 2833 368 BIBLIOTHECA.

3720 312 3839 371 316

596 427 662 485 Et
686 428 732 485 si
757 428 808 485 is
825 429 917 502 qui
942 428 1119 485 oderat
1140 444 1239 495 me,
1272 443 1425 501 super
1450 443 1529 481 me
1552 416 1747 500 magna
1767 425 1969 483 loculus
1988 425 2126 498 [uis-
2151 428 2203 489 A
2302 426 2372 482 Et
2399 426 2443 484 si
2478 426 2525 483 is
2551 425 2641 498 qui
2673 425 2865 483 oderat
2924 441 3032 495 me,
3080 440 3248 501 super
3275 442 3363 485 me
3391 441 3586 502 magna
3615 427 3835 488 locutus

523 532 598 579 set
625 538 644 577 :
670 522 1052 578 abscondissem
1085 538 1166 577 me
1190 522 1413 594 forsitan
1442 520 1504 576 ab
1534 537 1614 577 eo.

591 617 675 675 Tu
695 634 811 674 vero
837 617 993 673 homo
1024 617 1303 682 unanimis,
1333 617 1443 670 dua:
1472 631 1612 670 meus
1636 623 1682 670 et
1705 626 1855 669 notus
1888 631 2051 670 meus.

595 711 700 778 Qui
726 711 884 766 simul
921 726 1115 766 mecum
1164 709 1337 764 dulces
1377 709 1616 782 cupiebas
1664 707 1806 765 cibos
1834 725 1853 765 :
1881 710 1935 764 in
1973 709 2126 765 domo

523 803 625 861 Dei
652 802 1027 860 ambulavimus
1050 820 1167 859 cum
1192 819 1467 858 consensu.

600 898 786 953 Veniat
817 914 955 953 mors
995 914 1150 969 super
1190 896 1312 952 illas
1334 913 1353 952 :
1402 910 1461 951 ἐν
1489 904 1537 950 et
1571 894 1594 964 ζ
1624 895 1934 951 descendant
1962 896 2015 952 in
2047 896 2129 953 in-

518 995 726 1068 [tritum
754 994 997 1049 viventes.

596 1084 855 1152 Quoniam
894 1083 1138 1156 nequitia:
1179 1082 1235 1137 in
1281 1078 1594 1139 habitaculis
1632 1086 1834 1149 earum,
1866 1081 1919 1136 in
1960 1079 2163 1137 medio-

524 1194 722 1232 eorum.

593 1269 710 1344 Ego
744 1284 804 1325 +
831 1276 1003 1324 autem
1032 1267 1055 1338 ζ
1087 1268 1156 1324 ad
1188 1266 1357 1323 Deum
1383 1264 1643 1322 clamavi:
1670 1273 1719 1320 et
1748 1263 2001 1322 Dominus
2022 1265 2129 1322 sal-

519 1362 659 1416 uabit
689 1378 790 1417 me.
1354 1416 1365 1425 .

599 1454 826 1525 Vespere
847 1463 895 1508 et
922 1468 1072 1507 mane
1097 1460 1146 1506 et
1173 1451 1389 1508 meridie
1411 1449 1663 1518 narrabo,
1693 1458 1742 1506 et
1764 1452 2128 1518 annttntiabo;

520 1555 568 1601 et
592 1548 835 1604 exaudiet
861 1561 1034 1601 vocem
1052 1560 1241 1600 meam.

593 1639 830 1694 Redimet
852 1638 904 1707 in
940 1654 1068 1708 pace
1099 1638 1331 1692 animam
1362 1654 1530 1692 meam
1561 1638 1625 1691 ab
1658 1637 1741 1692 his
1760 1680 1775 1705 ,
1809 1638 1901 1712 qui
1926 1654 2127 1710 appro-

518 1730 772 1803 pinquant
805 1730 933 1785 mihi
964 1746 982 1785 :
1011 1733 1258 1799 quoniam
1284 1730 1420 1785 inter
1445 1731 1641 1785 multos
1665 1741 1811 1786 erant
1834 1748 2051 1787 mecum.

2227 518 2419 576 luisset
2448 537 2463 577 :
2493 518 2890 577 absconderem
2920 536 3008 578 me
3034 522 3224 593 utique
3247 521 3320 579 ab
3349 536 3440 578 eo.

2300 611 2381 668 Tu
2404 626 2534 669 vero
2555 612 2719 669 homo
2743 614 3034 678 unanimis.
3061 614 3172 672 dux
3198 630 3356 674 meus
3376 627 3428 674 et
3451 624 3614 673 notus
3637 631 3792 674 meus
3816 634 3831 672 :

2224 705 2319 777 qui
2349 704 2510 762 simul
2558 722 2771 762 mecum
2811 706 3001 764 dulces
3046 709 3305 778 capiebas
3333 709 3486 766 cibos
3517 727 3532 765 :
3568 710 3622 767 in
3664 710 3835 767 domo

2228 798 2443 857 Domini
2476 800 2603 873 [Με.
2637 801 2765 858 add.
2797 801 2916 875 Dei]
2950 803 3351 861 atnbulavimus
3375 821 3501 863 cum
3533 821 3830 863 consensu.

2303 893 2494 951 Veniat
2522 911 2668 951 mors
2693 910 2865 970 super
2896 896 3058 954 illos:
3088 907 3145 955 et
3188 897 3527 959 descendant
3568 900 3622 958 iu
3654 900 3835 958 inier-

2230 1002 2358 1046 num
2389 989 2656 1046 viventes.

2300 1082 2570 1151 Quoniam
2625 1083 2863 1155 nequitia
2893 1082 2949 1141 in
2984 1082 3239 1159 hospitiis
3278 1100 3496 1158 eorum,
3550 1086 3607 1145 in
3649 1086 3836 1145 medio

2233 1172 2475 1246 ipsorum
2500 1174 2629 1249 [Ms.
2655 1175 2891 1251 eorum].

2302 1268 2416 1340 Ego
2442 1254 2626 1326 autem
2653 1267 2722 1325 ad
2744 1269 3031 1328 Dominum
3061 1269 3187 1345 [Ms.
3214 1271 3409 1345 Deum]
3435 1282 3458 1311 ε
3480 1272 3745 1331 clamavi:
3777 1281 3836 1330 et

2229 1359 2490 1418 Dominus
2521 1362 2799 1418 exaudivit
2821 1378 2932 1420 me.

2306 1452 2547 1526 Vespere
2567 1463 2624 1511 et
2652 1469 2812 1514 mane
2858 1467 2913 1514 et
2961 1456 3193 1514 meridie
3221 1458 3481 1527 narrabo,
3524 1467 3581 1517 et
3617 1474 3837 1517 annum

2231 1547 2378 1604 tiabo
2403 1566 2416 1603 :
2444 1556 2501 1604 et
2529 1548 2787 1606 exaudiet
2817 1546 2838 1587 ί
2873 1563 3060 1606 vocem
3094 1565 3302 1608 meam.

2301 1640 2580 1698 Libet-abit
2608 1641 2660 1698 in
2692 1656 2827 1713 pace
2862 1642 3102 1700 animam
3139 1659 3317 1700 meam
3341 1643 3411 1699 ab
3444 1643 3530 1701 bis
3557 1685 3573 1712 ,
3604 1645 3696 1717 qui
3723 1660 3823 1718 ap-

2232 1732 2488 1806 propiant
2510 1733 2640 1789 mihi
2668 1751 2682 1790 :
2709 1735 2965 1806 quoniam
2994 1735 3136 1792 inter
3164 1736 3365 1792 multas
3396 1744 3558 1793 erant
3582 1751 3820 1794 meeum.

592 1823 855 1880 Exaudiet
885 1823 1057 1891 Deus,
1088 1832 1136 1879 et
1165 1822 1462 1879 Immiliabit
1490 1823 1607 1879 illos
1630 1867 1645 1893 ,
1673 1824 1760 1897 qui
1800 1834 1872 1880 est
1902 1833 2022 1880 ante
2046 1842 2125 1880 se-
2156 1821 2206 1882 B
2303 1826 2576 1883 Exaudiet
2619 1824 2788 1896 Deus,
2823 1838 2878 1885 et
2921 1826 3228 1884 ltumiliabit
3258 1842 3356 1884 eos
3379 1869 3395 1895 ,
3440 1829 3531 1901 qui
3572 1839 3659 1887 est
3699 1839 3834 1886 ante
3876 1851 3884 1857 ·

518 1918 664 1973 cula.
691 1926 716 1954 τι
740 1917 1067 1974 Dtnpsauta.

594 2009 720 2064 Non
749 2020 823 2065 est
846 2010 950 2064 illis
980 2009 1315 2065 commutatio
1339 2049 1355 2077 ,
1389 2017 1437 2063 et
1461 2024 1565 2063 non
1592 2009 1875 2064 timuerunt
1916 2008 2127 2066 Deum:

518 2105 749 2160 extendit
781 2120 994 2157 manum
1016 2120 1163 2158 suant
1190 2104 1243 2157 in
1268 2103 1619 2159 retribuendo.

591 2198 1089 2252 Contaminaverunt
1133 2204 1492 2251 testamentum
1525 2199 1639 2268 ejus
1665 2241 1679 2264 ,
1718 2195 1872 2251 divisi
1903 2206 2022 2252 sunt
2059 2197 2124 2252 ab

519 2291 601 2344 ira
630 2289 806 2343 vultus
836 2290 949 2360 ejus
979 2298 1069 2343 :et
1092 2288 1531 2360 appmpinquavit
1557 2303 1648 2342 cor
1674 2287 1840 2343 illius.

594 2381 793 2436 Molliti
813 2389 934 2435 sunt
964 2396 1221 2435 sermones
1248 2383 1362 2454 ejus
1384 2395 1540 2453 super
1566 2379 1735 2435 oleum
1762 2395 1780 2435 :
1803 2392 1849 2435 et
1877 2381 1979 2454 ipsi
2005 2391 2126 2438 sunt

510 2477 717 2547 jaeula.
1238 2480 1242 2483 ⁷

593 2566 753 2623 laeta
775 2585 928 2641 super
954 2566 1238 2623 Dominum
1267 2582 1443 2620 curam
1486 2576 1661 2633 tuam,
1694 2576 1741 2621 et
1767 2566 1883 2637 ipse
1909 2576 1957 2623 te
1997 2584 2126 2624 enu-

521 2660 639 2716 triet
659 2678 678 2715 :
705 2678 807 2715 non
838 2659 982 2715 dabit
1003 2660 1055 2715 in
1078 2670 1325 2714 aeternum
1355 2658 1752 2730 ﬂuctuationem
1763 2660 1935 2733 justo.

589 2752 670 2811 Tu
691 2769 828 2821 vero,
859 2752 1019 2820 Deus,
1050 2751 1272 2807 deducas
1295 2767 1380 2807 eos
1406 2752 1461 2806 in
1490 2760 1702 2824 puteum
1732 2736 1995 2807 interitus.

601 2940 717 2995 Viri
737 2941 1055 3012 sanguinum
1073 2949 1120 2993 et
1145 2938 1312 2993 dolosi
1338 2954 1440 2992 non
1459 2936 1809 2994 dimidiabunt
1833 2938 1940 2993 dies
1963 2953 2084 2994 suos
2100 2954 2121 2995 .'

524 3050 622 3106 ego
652 3042 824 3089 autem
857 3031 1074 3105 sperabo
1104 3032 1158 3086 in
1189 3039 1237 3085 te
1261 3045 1321 3085 -ε‹
1354 3027 1573 3085 Domine
1609 3030 1629 3099 ζ

2232 1920 2461 1985 smcula,
2484 1927 2541 1976 et
2569 1929 2751 1978 manet
2779 1922 2831 1977 in
2862 1930 3152 1977 mtcrnum.
3186 1921 3525 1978 DIAPSALIIA.

2301 2010 2420 2067 Non
2447 2021 2532 2085 est
2560 2012 2708 2067 enim
2738 2013 2847 2068 illis
2874 2016 3232 2069 commutatio
3259 2058 3275 2082 ,
3314 2025 3370 2070 et
3396 2031 3503 2069 non
3534 2014 3863 2071 timuerunt

2232 2102 2401 2159 Deum
2437 2122 2450 2159 :
2482 2104 2731 2160 extendit
2762 2118 2981 2159 manum
3009 2120 3163 2160 suam
3202 2105 3258 2160 in
3295 2105 3649 2162 rctribucndo
3672 2105 3804 2162 illis.

2300 2196 2823 2253 Contaminaverunt
2855 2206 3238 2253 testamentum
3269 2198 3416 2269 ejus,
3450 2197 3612 2255 divisi
3639 2208 3664 2246 ε
3703 2208 3837 2255 sunt

2228 2289 2297 2345 ab
2324 2288 2403 2345 ira
2435 2289 2617 2344 vultus
2637 2288 2758 2358 ejus
2783 2303 2797 2342 :
2825 2296 2882 2344 et
2908 2289 3252 2360 appropiavit
3273 2302 3368 2345 cor
3394 2288 3538 2360 ejus.

2276 2432 2279 2435 .
2304 2382 2618 2439 Mullierunt
2639 2396 2924 2439 sermones
2945 2397 3073 2439 suos
3088 2397 3256 2454 super
3268 2382 3469 2454 oleum,
3494 2390 3550 2440 et
3572 2382 3674 2455 ipsi
3702 2391 3833 2440 sunt

2225 2475 2431 2547 jacula.

2295 2567 2446 2625 .lacta
2490 2569 2543 2625 in
2582 2569 2751 2626 Deum
2784 2568 3083 2642 cogitatum
3122 2576 3271 2625 tuum
3310 2576 3409 2626 :et
3457 2567 3574 2641 ipse
3599 2575 3653 2625 te
3681 2582 3823 2625 enu-

2232 2661 2379 2719 triet.
2449 2656 2459 2663 ’
2546 2662 2549 2663 ⁷
3256 2670 3265 2675 ‘

2303 2754 2418 2809 Non
2451 2752 2600 2809 dabit
2625 2753 2680 2809 in
2701 2763 2968 2810 mternum
2999 2751 3403 2809 ﬂuctuationem
3424 2752 3616 2824 justo:
3653 2761 3708 2810 tu
3736 2766 3836 2810 ve-

2232 2860 2325 2915 ro,
2352 2845 2497 2902 Deus
2521 2885 2536 2912 ,
2570 2844 2809 2901 deduces
2834 2859 2930 2901 eos
2962 2846 3014 2900 in
3045 2854 3267 2917 puteum
3298 2845 3572 2901 interitus.

2308 2941 2418 2998 Viri
2475 2942 2798 3014 sanguinum
2839 2929 3110 2998 et‘dolosi
3155 2956 3262 2996 non
3300 2940 3662 2998 dimidiabunt
3710 2940 3830 2997 dies

2231 3048 2360 3089 suos
2390 3050 2403 3089 :
2437 3049 2538 3106 ego
2569 3048 2696 3090 vero
2725 3034 2777 3090 in
2807 3042 2859 3090 te
2882 3032 3112 3107 sperabo
3136 3031 3265 3107 μιε.
3285 3031 3548 3106 speravi],
3573 3033 3829 3092 Domine.

1900 3125 2260 3191 PSALMUS
2323 3126 2453 3189 LV.

520 3270 575 3311 1N
616 3270 807 3323 einen,
838 3268 939 3308 eno
978 3266 1183 3309 eorum
1219 3267 1306 3316 om
1348 3268 1381 3307 Α
1419 3265 1632 3308 sucus
1671 3265 1842 3308 LONGE
1881 3252 2118 3309 nc'rusb
2148 3240 2193 3303 C
2226 3252 2282 3308 lx
2319 3266 2514 3318 FlNEM,
2556 3263 2659 3323 eno
2696 3263 2903 3323 eorum
2939 3263 3028 3314 om
3067 3266 3100 3305 tt
3137 3262 3359 3304 sanans
3395 3263 3568 3323 LONG}!
3620 3264 3825 3307 neres

599 3342 695 3381 EST
722 3368 736 3389 ,
779 3341 939 3382 DAVID
993 3340 1042 3378 ΙΝ
1085 3340 1271 3380 Τιτυιί
1312 3338 1714 3392 ΙΝΞΕΒΙΡΤΙΟᾸΕ,
1771 3338 1879 3379 CUM
1917 3339 2120 3380 TENUE-

598 3412 736 3452 BUNT
776 3413 883 3452 εωι
927 3410 1226 3453 Αιιοιηιῑιι
1267 3412 1319 3451 IN
1359 3411 1526 3452 GETll.

599 3557 843 3614 Miserere
867 3559 984 3625 mei,
1008 3556 1165 3625 Deus,
1197 3555 1439 3627 quoniam
1470 3552 1790 3609 conculcat'it
1819 3567 1898 3607 me
1926 3552 2119 3607 homo:

522 3661 630 3708 tota
657 3654 740 3707 die
766 3669 822 3708 -εν
859 3653 931 3706 im
968 3651 989 3720 ζ
1020 3668 1259 3725 pugnans
1290 3649 1556 3705 tribulavit
1585 3665 1686 3704 me.

596 3744 1044 3800 Conculcaverunt
1094 3760 1172 3799 me
1210 3743 1407 3799 inimici
1435 3742 1535 3797 mei
1565 3750 1676 3796 tota
1714 3740 1841 3797 die:
1870 3740 2121 3812 quoniam

527 3844 681 3898 multi
709 3842 952 3898 bellantes
982 3841 1253 3895 adversum
1276 3856 1376 3894 me.

596 3938 672 3991 Ab
698 3938 974 3992 altitudine
999 3937 1101 3990 diei
1121 3935 1309 3990 timebo
1337 3951 1355 3988 :
1386 3946 1479 4004 ego
1499 3947 1614 3987 vero
1640 3932 1694 3987 in
1724 3942 1773 3987 te
1790 3932 2025 4005 sperabo.

596 4028 663 4083 In
704 4028 815 4083 Deo
862 4027 1086 4084 laudabo
1123 4042 1379 4082 sermones
1418 4039 1590 4093 meos,
1631 4025 1686 4078 in
1730 4023 1841 4079 Deo
1868 4024 2120 4096 speravi:

523 4138 625 4179 non
652 4120 839 4175 timebo
863 4121 989 4191 quid
1011 4120 1173 4188 faciat
1203 4119 1329 4173 milii
1350 4134 1494 4172 caro.

601 4213 730 4269 Tota
765 4214 850 4268 die
887 4212 1039 4267 verba
1079 4227 1193 4265 mea
1231 4209 1636 4283 exsecrabantur
1680 4225 1699 4264 :
1737 4208 2009 4264 aduersum
2036 4224 2120 4266 me

523 4322 699 4362 omnes
726 4305 1063 4375 cogitationes
1090 4319 1268 4357 eorum
1296 4303 1348 4356 in
1373 4302 1565 4356 malum
1599 4311 1647 4354 ο.

592 4396 991 4464 Inhabitabunt,
1013 4403 1062 4451 et
1082 4393 1396 4450 abscondent
1420 4410 1439 4448 :
1459 4390 1487 4430 ἀ
1505 4393 1606 4465 ipsi
1623 4392 1922 4448 calcaneum
1944 4409 2114 4448 meum

518 4491 875 4550 observabant.

2296 3339 2393 3378 Es'r
2448 3338 2605 3378 nmo
2637 3320 2655 3392 [
2686 3322 2788 3376 Ms.
2842 3336 3001 3377 ueri
3038 3337 3170 3376 suur
3206 3334 3306 3375 test
3347 3336 3505 3376 DM'ID
3530 3319 3578 3393 ],
3628 3336 3679 3376 tu
3737 3337 3825 3376 τι·

2297 3410 2421 3450 τυιι
2460 3409 2859 3462 ικςειιιιιτιοαε,
2886 3407 2991 3448 CUI
3029 3406 3347 3448 TENUERUNT
3387 3408 3495 3448 ιωι
3522 3406 3827 3449 Αιιοριιῐιι

2303 3481 2356 3522 IN
2402 3481 2571 3522 GETH.

2299 3558 2557 3614 Miserere
2590 3556 2751 3625 milii,
2782 3555 3045 3622 Domine,
3075 3555 3335 3627 quoniam
3360 3555 3711 3613 conculcavit
3735 3571 3827 3613 me

2228 3652 2423 3708 homo:
2457 3660 2566 3707 tota
2592 3651 2680 3706 die
2707 3650 2912 3708 bellans
2933 3649 3063 3723 [Ωιι.
3091 3648 3395 3723 deliellans]
3417 3649 3694 3705 tribulavit
3712 3665 3820 3706 me.

2299 3743 2773 3802 Conculcaverunt
2794 3758 2881 3801 me
2902 3742 3105 3801 inimici
3133 3742 3241 3800 mei
3269 3750 3381 3800 tota
3410 3742 3502 3800 die
3526 3784 3545 3811 ,
3584 3742 3654 3799 ab
3691 3742 3824 3800 alti-

2231 3838 2418 3895 tudine
2445 3832 2574 3894 diei.
3144 3829 3169 3857 τ
3244 3830 3247 3831 ⁷
3312 3827 3725 3838 νύεσ--ο-κ
3785 3828 3819 3838 .-

2300 3930 2568 3998 Quoniam
2596 3930 2749 3987 multi
2779 3932 2870 4003 qui
2901 3928 3181 3987 debellant
3220 3945 3340 3995 me,
3384 3928 3657 3985 timebunt
3685 3944 3824 4001 :ego

2228 4040 2359 4082 vero
2382 4024 2436 4080 in
2462 4034 2514 4081 te
2540 4025 2778 4095 sperabo
2802 4023 2933 4097 [Μι.
2964 4023 3232 4097 Speravi],
3260 4023 3509 4080 Domine.
3854 4098 3857 4101 Δ

2299 4117 2356 4172 1η
2386 4118 2498 4173 Deo
2524 4117 2757 4174 laudabo
2780 4132 3067 4174 sermones
3094 4132 3247 4174 meos
3277 4124 3386 4173 tota
3432 4114 3555 4183 die,
3606 4115 3661 4170 in
3708 4114 3823 4174 Deo

2225 4212 2459 4282 sperabo
2492 4229 2505 4265 :
2534 4227 2642 4267 non
2667 4209 2870 4266 timebo
2897 4209 3024 4283 quid
3044 4208 3211 4265 faciat
3239 4209 3370 4265 milii
3402 4207 3589 4264 homo.

2297 4303 2430 4359 Tota
2475 4302 2565 4360 die
2612 4304 2784 4361 verba
2824 4316 2945 4359 mea
2977 4300 3003 4338 ιι
3051 4301 3478 4357 exsecrabantur
3512 4317 3528 4357 :
3558 4297 3820 4356 adversus

2221 4411 2310 4453 me
2332 4397 2514 4452 omnia
2541 4396 2769 4453 consilia
2800 4409 2992 4452 eorum
3039 4395 3092 4450 in
3125 4395 3350 4452 malum.

2292 4487 2675 4544 [inhabitabant
2705 4529 2721 4556 ,
2776 4495 2832 4545 et
2895 4486 3272 4557 abscondent,
3327 4486 3429 4561 ipsi
3501 4486 3887 4560 calcaneum“

3545 3827 3725 3838 ...σα-ι..

516 4652 609 4705 liic
641 4659 805 4719 tacet,
848 4659 960 4706 tum
994 4664 1093 4720 pro
1123 4621 1525 4721 supportassent
1555 4643 1687 4721 legit
1713 4643 2073 4721 sustinuissem
2101 4658 2119 4698 :
2148 4645 2202 4708 D
2228 4643 2486 4700 Exaudiet
2529 4660 2610 4721 me
2649 4643 2905 4721 Dominus
2929 4658 2949 4699 :
2978 4642 3213 4716 denique
3243 4642 3439 4713 verba,
3483 4654 3533 4700 et
3563 4651 3734 4700 manet
3761 4646 3817 4701 in

516 4714 855 4794 subsequens
887 4714 1077 4777 versus
1130 4714 1420 4794 manifesto
1469 4714 1681 4772 librarii
1731 4729 1921 4771 errore
1959 4716 2013 4771 in
2047 4730 2115 4771 eo

518 4810 623 4850 nis.
656 4791 980 4863 rlépravatus
1011 4802 1091 4849 est
1126 4791 1298 4846 ferme
1326 4799 1492 4863 totus.

593 4876 620 4903 η
650 4859 819 4921 Tacet
859 4866 910 4920 in
945 4865 1189 4920 Palatin
1219 4876 1322 4916 tns.
1360 4859 1682 4933 Diapsalma.

496 4984 499 4987 λ
588 4936 617 4976 δ
640 4937 803 4993 Addit
833 4936 973 4993 idem
1004 4950 1107 4991 ms.
1128 4943 1176 4990 et
1202 4928 1498 5004 copulant:
1531 4932 1698 5005 factus
1724 4939 1820 5002 est,
1840 4938 1888 4985 et
1915 4928 2109 4998 David,

514 5017 620 5121 etc;
648 5079 841 5137 Subdit
870 5079 958 5134 ltic
989 5078 1130 5134 idem
1163 5090 1265 5131 ms.
1297 5074 1623 5147 Diapsalma.
1653 5073 1771 5147 Mox
1804 5087 2107 5147 pronomen

514 5152 639 5223 ipsi,
667 5167 788 5207 cum
821 5152 945 5206 aliis
969 5165 1133 5221 penes
1164 5144 1597 5223 Martian‘._mss.
1628 5154 1683 5199 et
1709 5144 1833 5199 Cari
1864 5144 2106 5201 editione

512 5217 649 5279 veru
682 5217 987 5291 prmnotati
1019 5224 1200 5276 minus
1226 5230 1404 5291 tamen
1435 5217 1595 5291 bene.
1637 5287 1646 5291 _
1962 5280 1969 5287 .

586 5291 613 5330 ἀ
639 5287 890 5363 sagcnsis
920 5309 1021 5347 ms.
1046 5308 1167 5346 cum
1191 5290 1337 5363 edito
1361 5288 1507 5353 Cari,
1532 5287 1756 5363 eliciunt
1777 5288 2102 5363 praenotavit

510 5373 640 5419 ante
669 5360 966 5435 pronomen
1010 5365 1146 5435 ipsi:
1175 5361 1268 5415 sed
1309 5371 1593 5435 corrupte,
1624 5369 1682 5413 ut
1711 5360 2095 5435 aliassmpius,

508 5436 609 5490 etsi
653 5430 917 5491 lectorem
948 5430 1073 5490 raro
1099 5434 1475 5489 monuerimus
1503 5430 1813 5498 huiusmodi
1836 5431 2099 5501 deprava-

507 5506 744 5570 tionum,
780 5508 865 5561 vel
899 5515 1202 5562 nostrarum
1232 5505 1670 5573 castigatinnum.
1706 5502 1885 5559 Msn'r.

584 5588 608 5616 ο
638 5579 844 5633 Placuit
874 5579 1041 5649 magis
1080 5578 1380 5649 Augustino
1422 5586 1586 5646 atque
1612 5573 1771 5649 adeo
1802 5574 2099 5649 Veronensi

506 5651 669 5705 etiam
695 5645 996 5719 antiquari?)
1017 5648 1323 5716 exclamavi,
1347 5654 1404 5719 ut_
1425 5657 1478 5719 et
1506 5645 1663 5719 paulo
1688 5652 1813 5715 post
1827 5646 2095 5701 enarrabo.

583 5720 603 5759 ί
632 5717 909 5777 Interserit
930 5721 1230 5777 Veronens.
1256 5735 1360 5771 ms.
1393 5717 1481 5771 hic
1514 5718 1766 5771 Dominus
1799 5732 1819 5771 :
1850 5727 1961 5772 tum
1995 5720 2091 5773 lia-

505 5792 597 5848 bct
623 5808 744 5848 eum
766 5793 1069 5866 Augustino
1097 5791 1326 5866 aliisque
1346 5831 1359 5853 ,
1393 5788 1635 5866 ltedimet
1649 5790 1701 5843 in
1726 5805 1851 5859 pace
1870 5831 1883 5854 ,
1917 5798 1972 5845 et
1998 5807 2097 5860 ap-

410 5914 413 5917 ι
500 5859 1022 5939 ρνορὶηίμιαηιίηυιὲ
1042 5906 1059 5937 ,
1104 5859 1353 5937 quoniam
1388 5859 1443 5917 in
1485 5860 1663 5918 ntultis
1688 5868 1834 5918 erant
1867 5859 2087 5920 mecum.

2223 4726 2473 4791 a’ternum
2488 4758 2505 4784 ,
2519 4717 2690 4791 plane
2714 4718 2954 4791 ignorat.
3141 4785 3171 4791 _
3221 4786 3252 4791 __
3294 4778 3306 4791 .

2291 4799 2318 4837 ες
2343 4789 2476 4845 Cum
2501 4785 2805 4856 Augustino
2823 4788 2962 4842 idem
2981 4801 3112 4852 ms.,
3132 4785 3440 4842 Polluerunt
3453 4795 3814 4845 testamentum

2215 4862 2331 4925 eius
2354 4905 2370 4928 ,
2400 4861 2552 4914 divisi
2578 4868 2835 4932 suntpra:
2860 4860 2943 4912 ira
2971 4859 3139 4912 vultus
3167 4862 3280 4932 ejus
3301 4900 3316 4925 ,
3349 4867 3398 4932 et
3419 4860 3816 4932 appropinqua-

2212 4932 2283 5004 uit
2313 4946 2402 5004 eor
2429 4934 2562 5004 ejus.
2600 4928 2793 5004 Molliti
2829 4938 2953 4984 sunt
3004 4928 3271 4984 sermones
3322 4930 3611 5004 ejus,_elc.
3638 4928 3811 4999 Tum,

2214 5003 2354 5074 facta
2378 5002 2433 5056 in
2450 5000 2745 5074 'Dominum
2783 5017 2964 5074 curant
2994 5010 3135 5074 tuam
3171 5010 3379 5074 satque
3417 5000 3586 5074 infra,
3630 5017 3816 5074 corru-

2211 5072 2405 5147 ptionis
2437 5088 2533 5143 pro
2559 5073 2819 5141 interitus,
2846 5082 2898 5128 et
2929 5072 3225 5129 dolositatis
3249 5072 3535 5146 (August.,
3554 5072 3815 5130 dolosita-

2215 5146 2339 5214 tem)
2369 5161 2465 5214 pro
2490 5145 2681 5198 dolosi.
3160 5213 3165 5214 γ

2215 5157 2339 5214 tem)
2369 5161 2465 5214 pro
2490 5157 2681 5198 aotost.

2287 5213 2522 5285 “Atque
2553 5215 2670 5272 Inec
2700 5215 2869 5272 ferme
2894 5231 2963 5272 ex
2995 5214 3114 5272 solo
3142 5213 3448 5285 Augustino
3470 5214 3812 5273 Veronensis

2209 5287 2350 5344 liber
2379 5289 2697 5358 descripsit,
2720 5303 2795 5341 vei
2807 5287 2870 5342 ba
2900 5304 3014 5342 mea
3031 5286 3489 5352 abominabantur,
3509 5297 3615 5343 etc.
3641 5287 3810 5355 Tum,

2207 5359 2431 5414 incolent
2476 5372 2523 5415 et
2557 5359 2902 5424 abscondent,
2931 5368 2985 5413 et
3012 5358 3145 5413 sicut
3180 5359 3431 5413 sustinuit
3469 5360 3649 5413 anima
3687 5375 3810 5414 mea

2209 5430 2467 5502 (tametsi
2499 5431 2712 5495 malim,
2740 5431 2966 5484 sustinui
2989 5431 3218 5502 animam
3247 5428 3485 5500 meant);
3516 5430 3717 5502 deinde
3751 5432 3835 5487 in.

2203 5501 2285 5557 ira
2308 5502 2530 5571 populos
2560 5502 2811 5565 deduees,
2853 5516 2948 5570 pro
2971 5501 3312 5572 icon/'ringes,
3338 5503 3407 5557 de
3433 5516 3538 5571 qua
3566 5501 3726 5558 lectio
3740 5519 3811 5558 ne

2204 5573 2405 5644 videsis
2433 5589 2553 5644 qum
2576 5587 2683 5626 nos
2711 5572 2777 5626 ad
2801 5573 2943 5644 hunc
2968 5571 3146 5627 locum
3172 5571 3224 5627 in
3247 5572 3407 5642 epist.
3431 5574 3497 5627 ad
3523 5571 3730 5629 Suniiia
3751 5589 3805 5630 tu

2201 5655 2256 5718 et
2279 5642 2551 5700 Fretelaiti
2573 5643 2815 5709 pluribus
2837 5642 3210 5718 disseruimus.
3233 5643 3475 5718 Denique
3494 5654 3549 5701 et
3570 5646 3808 5718 pasti";

2200 5716 2456 5790 lacry-mas
2483 5705 2642 5779 mens,
2665 5722 2803 5790 etc”
2836 5715 3036 5770 rectius
3068 5729 3164 5790 pro
3190 5717 3364 5785 posui,
3389 5705 3519 5786 ἱοιο.ι
3544 5705 3597 5775 ἐι
3627 5705 3806 5790 paulo'

2199 5787 2425 5846 inferius
2445 5828 2460 5858 ,
2487 5802 2600 5843 ecce
2624 5786 2748 5844 sciui
2777 5800 2877 5859 pro
2903 5789 3125 5862 agnoui,
3153 5798 3261 5845 etc.
