4090 6338
256 335 375 394 il?

1582 339 1789 398 LIBER
1828 340 2279 403 PSALMORUM.

3454 356 3569 414 218

337 454 489 510 Sicut
514 456 872 510 sustinuerunt
895 456 1126 511 animant
1148 471 1312 511 meam
1334 498 1347 521 ,
1379 473 1472 526 pro
1499 456 1664 513 nihilo
1690 460 1861 515 salvos
1887 464 1943 525 Α
1967 476 2147 517 meum
2185 461 2556 520 observabant
2595 481 2609 521 :
2639 463 2781 522 sicut
2827 468 3163 540 expectavit
3184 470 3366 528 anima
3396 488 3513 529 mea
3547 517 3564 543 ,

262 552 430 622 [acies
457 550 580 605 illos
606 568 625 606 :
654 552 705 605 in
737 552 816 605 ira
842 552 1067 622 papulas
1097 552 1413 625 confringes.

335 643 479 700 Deus
499 687 515 711 ,
549 646 704 699 vitam
740 661 905 699 meam
933 646 1242 701 annuntiavi
1283 646 1408 716 tibi,
1445 647 1666 718 posuisti
1696 648 1868 721 lacrg-

259 755 377 791 mas
405 755 544 793 meas
569 739 622 793 in
655 749 929 810 conspectu
953 749 1061 793 tuo.

339 832 493 887 Sicut
522 841 568 886 et
590 833 641 887 in
671 832 1013 905 promissione
1038 842 1130 888 tua
1162 849 1179 888 :
1209 841 1334 889 tunc
1368 842 1731 892 convertentur
1763 837 1865 892 ini-

257 928 387 983 mici
416 928 517 983 mei
540 938 845 985 retrorsum.

337 1020 405 1075 In
445 1038 767 1093 quacumque
808 1021 891 1077 die
924 1023 1227 1078 invocavero
1270 1037 1328 1079 ηε
1369 1022 1461 1093 te:
1507 1040 1624 1079 ecce
1651 1027 1870 1099 cognori

256 1117 517 1188 quoniam
543 1115 683 1171 Deus
713 1134 857 1172 meus
888 1135 962 1174 es.

337 1208 405 1266 In
432 1208 545 1265 Deo
573 1210 796 1267 laudabo
826 1214 1063 1280 verbum,
1093 1213 1145 1287 in
1182 1211 1409 1269 Domino
1431 1213 1653 1269 laudabo
1676 1231 1871 1270 sermo-

257 1322 426 1374 item,
478 1308 531 1362 in
570 1306 681 1363 Deo
724 1309 930 1380 speravi
960 1326 980 1365 :
1010 1326 1111 1364 non
1154 1309 1341 1365 timebo
1366 1308 1492 1381 quid
1530 1310 1687 1381 faciat
1741 1310 1871 1366 tttilti

264 1398 430 1455 ltomo
461 1408 509 1454 ⁸.

337 1493 407 1549 In
427 1511 509 1549 me
536 1503 675 1562 sunt,
706 1493 863 1564 Deus,
896 1503 1011 1551 rota
1040 1506 1129 1552 tua
1308 1514 1426 1570 qua:
1459 1497 1480 1567 ζ
1507 1499 1721 1555 reddam
1752 1500 1870 1556 latt-

259 1589 504 1645 dationes
526 1588 640 1645 tibi.

339 1778 597 1844 Quoniam
615 1778 851 1851 eripuisti
870 1779 1102 1833 animam
1133 1796 1297 1834 nteant
1327 1780 1390 1837 de
1411 1790 1574 1837 morte
1599 1826 1612 1848 ,
1641 1793 1686 1837 et
1709 1784 1867 1856 pedes

1974 572 2071 626 pro
2102 555 2272 613 nihilo
2319 557 2499 613 salvos
2549 557 2717 617 facies
2767 575 2904 631 eos,
2948 562 3001 620 in
3049 563 3127 620 ira
3170 564 3399 636 populos
3424 582 3561 625 eon-

1970 650 2195 723 fringes.

2042 747 2183 802 Deus
2215 746 2381 802 vitam
2413 762 2588 802 meam
2624 749 2943 804 annuntiavi
2994 750 3131 816 tibi,
3186 751 3343 822 posui
3391 752 3567 825 Iacry-

1972 854 2088 896 mas
2118 854 2266 896 meas
2297 839 2351 895 in
2382 847 2679 911 conspectu
2718 850 2810 897 tuo
2835 859 2849 897 :
2883 842 3026 899 sicut
3053 839 3109 900 in
3135 845 3565 917 repromissione

1972 944 2082 990 tua.

2043 1026 2446 1083 Convertuntur
2476 1027 2494 1099 [
2522 1028 2624 1082 Ms.
2654 1039 3038 1086 convertentur
3064 1031 3079 1103 ]
3116 1031 3317 1089 inimici
3346 1035 3450 1090 mei
3480 1050 3566 1091 re-

1974 1127 2209 1174 trorsum
2256 1137 2269 1173 :
2322 1120 2375 1175 in
2409 1136 2749 1192 quacumque
2793 1123 2880 1179 dic
2931 1125 3254 1183 invocavero
3300 1137 3352 1183 te
3381 1169 3395 1195 ,
3436 1142 3567 1185 ecce

1970 1213 2165 1286 agnovi
2194 1215 2448 1287 quoniam
2481 1218 2619 1271 Deus
2647 1231 2800 1271 meus
2826 1231 2886 1274 es
2911 1226 2993 1272 tu.

2044 1307 2102 1363 In
2143 1309 2254 1365 Deo
2298 1307 2531 1365 laudabo
2556 1309 2783 1366 verbum
2817 1309 2837 1383 [
2867 1309 2970 1368 Ms.
3002 1325 3309 1367 sermonem
3343 1311 3395 1386 ],
3424 1322 3480 1368 et
3510 1313 3562 1367 in

1974 1402 2200 1458 Domino
2228 1402 2461 1458 laudabo
2492 1418 2806 1459 sermonem
2832 1401 2852 1476 [
2880 1402 2981 1459 .ils.
3014 1405 3238 1461 verbum
3266 1404 3284 1476 ]
3313 1447 3328 1471 ,
3378 1408 3429 1461 in
3457 1405 3567 1461 Deo

1970 1497 2206 1569 sperabo
2237 1510 2252 1552 :
2287 1511 2395 1553 non
2426 1498 2628 1552 timebo
2654 1497 2783 1570 quid
2813 1498 2973 1553 iaciat
3000 1498 3132 1555 milii
3156 1499 3339 1555 homo.

2046 1590 2103 1646 In
2137 1606 2223 1647 me
2255 1601 2378 1647 sunt
2402 1632 2416 1658 ,
2450 1590 2623 1657 Deus,
2654 1600 2779 1647 vota
2804 1634 2818 1661 ,
2850 1609 2969 1664 qua:
2997 1592 3221 1650 reddam
3248 1591 3266 1632 ί
3296 1590 3591 1650 laudatio;

1974 1687 2059 1743 nis
2087 1686 2206 1742 tibi.

2044 1779 2309 1848 Quoniam
2338 1779 2586 1850 eripuisti
2620 1778 2855 1835 animam
2884 1796 3060 1836 meam
3080 1781 3148 1837 de
3175 1790 3349 1837 morte
3375 1822 3390 1848 ,
3442 1796 3571 1837 ocu-

259 1888 403 1926 meos
444 1873 509 1927 de
534 1872 683 1944 lapsu
717 1889 737 1929 :
766 1881 818 1926 ut
861 1874 1092 1942 placeam
1128 1889 1306 1928 coram
1338 1873 1446 1930 Deo
1486 1876 1539 1931 in
1570 1876 1764 1931 lumine
1789 1876 1866 1931 υἱ·
1900 1877 1945 1939 Β
1972 1875 2055 1932 los
2099 1890 2250 1931 meos
2284 1889 2313 1929 a
2349 1874 2601 1947 lacrymis
2632 1893 2647 1931 :
2680 1873 2844 1946 pedes
2884 1890 3036 1931 meos
3074 1892 3101 1930 a
3136 1877 3286 1948 lapsu
3313 1920 3328 1945 ,
3361 1886 3421 1933 ut
3445 1878 3562 1949 pla-

255 1967 514 2023 rentiutn.

1962 1984 2119 2025 ccam
2147 1984 2331 2026 coram
2366 1969 2595 2025 Domino
2623 1970 2677 2025 in
2704 1968 2912 2026 lumine
2940 1969 3254 2029 viventium.

1612 2062 1969 2127 PSALMUS
2018 2063 2181 2124 LVI.

258 2174 317 2214 IS
349 2161 530 2213 ΔιιἸΝΙΞΣΙ
560 2201 575 2225 ,
622 2175 691 2215 NE
735 2176 1057 2228 DISI’ERDAS,
1105 2178 1263 2218 DAVII)
1320 2178 1371 2218 IN
1420 2178 1602 2219 τιτυιι
1663 2177 1865 2217 INSCBI-

296 2246 527 2298 PTIOSE,
568 2247 676 2286 CL'M
726 2248 969 2288 FUGBRET
997 2251 1031 2289 Δ
1072 2249 1227 2289 ΡΛΟΙΕ
1255 2249 1389 2290 διωι.
1419 2250 1469 2290 ΙΝ
1499 2249 1831 2290 SPEI.UNC.\)|.

336 2343 591 2401 Miserere
620 2345 752 2412 mei,
784 2344 923 2400 Deus
947 2392 961 2416 ,
1002 2348 1244 2403 miserere
1278 2348 1418 2403 mei:
1445 2349 1693 2416 quoniam
1727 2349 1781 2402 in
1826 2355 1874 2403 te

259 2438 486 2507 confidit
517 2438 696 2492 anima
726 2454 859 2517 mea.

338 2530 364 2569 δ
390 2530 461 2585 Et
496 2532 549 2585 in
571 2531 755 2586 umbra
784 2518 989 2587 alarum
1012 2539 1221 2587 tuarum
1244 2531 1481 2605 sperabo,
1512 2532 1673 2587 donec
1698 2541 1873 2588 trans-

258 2608 345 2682 eat
375 2626 648 2696 iniquitas.

338 2717 588 2775 Clamabo
610 2720 678 2773 ad
708 2718 877 2775 Deunt
915 2721 1229 2777 altissimum
1264 2737 1283 2778 :
1314 2722 1481 2780 Deunt
1502 2769 1516 2794 ,
1548 2724 1635 2795 qui
1663 2724 1867 2797 benefeo

257 2811 333 2863 cit
360 2812 504 2867 mihi.

336 2904 485 2959 Misi:
515 2906 581 2959 de
603 2907 729 2962 coelo
749 2949 764 2973 ,
798 2915 844 2963 et
867 2906 1102 2963 liberavit
1130 2924 1207 2963 me
1239 2924 1258 2964 :
1282 2909 1424 2965 dedit
1449 2910 1503 2965 in
1529 2911 1865 2985 opprobrium

254 3001 628 3055 conculcantes
648 3018 745 3054 me.
776 3002 1106 3058 DIAPSALIA.

335 3091 483 3147 Misit
517 3092 655 3148 Deus
685 3095 1096 3150 misericordiam
1119 3113 1292 3164 suant,
1319 3106 1367 3152 et
1392 3099 1656 3153 veritatem
1683 3117 1864 3155 suam:

259 3201 313 3240 vr
360 3197 409 3240 et
442 3198 461 3223 ι’
492 3189 687 3257 eripuit
715 3188 737 3256 ζ
772 3191 1006 3244 animant
1048 3207 1213 3245 meam
1247 3190 1311 3246 de
1358 3192 1529 3247 medio
1575 3197 1864 3250 catulorum

254 3278 501 3341 leonum,
535 3278 757 3333 dormivi
779 3280 1137 3335 conturbatus.

334 3368 467 3423 Filii
492 3370 757 3425 hominum
780 3373 956 3428 dentes
977 3389 1157 3427 eorum
1184 3389 1332 3428 arma
1352 3382 1400 3428 et
1430 3374 1630 3446 sagittte
1646 3391 1666 3431 :
1692 3385 1738 3431 et
1765 3376 1864 3432 lin-

253 3480 361 3535 gua
386 3480 567 3518 eorum
593 3465 807 3537 gladius
837 3476 1050 3522 acutus.

329 3555 586 3611 Exaltare
612 3575 766 3630 super
794 3560 979 3628 etelos,
1016 3560 1158 3616 Deus
1193 3574 1253 3616 ἠδ
1285 3569 1331 3615 et
1368 3560 1386 3630 ζ
1417 3556 1443 3596 ι¹
1472 3561 1523 3615 in
1552 3564 1692 3615 omni
1723 3568 1863 3615 terra

252 3649 433 3719 gloria
464 3660 577 3705 tua.

331 3742 603 3814 Laqueum
637 3753 951 3809 paraverunt
993 3744 1205 3815 pedibus
1248 3745 1415 3800 meis:
1452 3759 1509 3800 σθ
1543 3756 1592 3800 et
1627 3745 1649 3815 ζ
1681 3746 1858 3800 incur-

250 3845 504 3889 raceruut
522 3836 765 3889 animum
794 3853 980 3890 nteant.

327 3926 604 3983 Foderunt
629 3938 747 3982 ante
778 3929 961 4001 {aciem
985 3946 1147 3984 meam
1175 3931 1373 4002 foveam
1400 3946 1421 3987 :
1455 3946 1503 3987 -ξ
1543 3940 1591 3987 et
1619 3931 1641 4001 ζ
1674 3932 1863 3987 incide-

249 4033 375 4074 runt
394 4023 449 4074 in
474 4038 607 4076 eaut.
640 4023 971 4079 Durssws.

324 4113 584 4171 Paratum
609 4133 696 4171 ίόι·
724 4134 914 4182 meum,
941 4118 1099 4188 Deus,
1130 4128 1366 4192 paratum
1388 4136 1477 4174 COI‘
1503 4136 1670 4175 meum
1692 4135 1709 4174 ἔ
1732 4137 1855 4176 cau-

250 4211 375 4264 tabo
398 4250 415 4275 ,
450 4222 495 4264 et
526 4211 782 4281 psalmum
812 4214 1004 4269 dicam.

328 4304 592 4377 Exsurge,
623 4307 794 4379 gloria
818 4324 951 4375 mea,
976 4323 1192 4381 exsurge
1212 4308 1512 4381 psalterium
1542 4317 1591 4363 et
1614 4306 1813 4363 cithara
1838 4323 1857 4364 :

248 4414 535 4469 exsurgant
560 4401 816 4456 diluculo.

325 4489 623 4561 Con/itebor
654 4493 746 4547 tibi
776 4494 827 4548 itt
852 4494 1063 4566 papulis
1087 4543 1099 4564 ,
1136 4493 1352 4551 Domine
1384 4511 1401 4550 :
1435 4511 1495 4552 -ξ-
1529 4506 1552 4534 ε
1575 4505 1621 4551 ει
1658 4496 1678 4565 ζ
1714 4498 1857 4569 psal-

248 4601 395 4638 suum
427 4585 597 4639 dicam
621 4586 712 4641 tibi
738 4588 790 4642 in
810 4587 1068 4658 gentibus.

1976 2179 2029 2220 ΙΝ
2060 2178 2252 2231 FINEM,
2292 2179 2359 2219 NE
2392 2172 2417 2210 ε
2461 2178 2780 2229 DISI‘EIIDAS,
2843 2181 3002 2222 ωνιι)
3045 2181 3093 2220 IN
3142 2182 3327 2223 TITULI
3374 2184 3573 2224 INsCIII-

2019 2250 2210 2291 PTIONE
2232 2278 2246 2303 ,
2277 2250 2382 2291 CUI
2405 2252 2647 2291 FUGEIIE'I‘
2689 2253 2720 2292 Α
2759 2252 2913 2293 FACIE
2939 2253 3073 2294 SAUL
3112 2254 3165 2294 IN
3211 2253 3539 2296 SI'ELUNCAII.

2046 2350 2305 2407 Miserere
2336 2351 2441 2407 mei
2470 2391 2487 2418 ,
2531 2352 2703 2420 Deus,
2751 2351 3015 2409 miserere
3047 2352 3153 2410 mei
3182 2371 3195 2407 :
3224 2355 3479 2426 quoniam
3512 2356 3567 2412 in

1976 2453 2030 2501 te
2050 2444 2273 2500 conlidit
2302 2445 2482 2499 anima
2511 2460 2652 2500 mea.

2048 2537 2116 2592 Et
2138 2537 2189 2592 in
2219 2537 2410 2593 umbra
2428 2536 2637 2593 alarum
2665 2546 2874 2595 tuarum
2902 2538 3136 2610 sperabo
3159 2555 3174 2594 ι
3194 2538 3370 2598 donec
3393 2549 3544 2599 trans

1973 2640 2062 2687 cat
2084 2629 2361 2701 iniquitas.

2044 2722 2305 2779 Clamabo
2332 2723 2398 2777 ad
2424 2723 2592 2779 Deum
2622 2722 2949 2781 altissimum
2983 2742 2995 2780 :
3022 2721 3051 2762 ιι
3080 2734 3133 2781 et
3155 2724 3223 2781 ad
3258 2725 3552 2784 Dominum

1971 2815 2062 2887 qui
2087 2815 2355 2871 benel'ecit
2376 2815 2532 2870 mihi.
2824 2826 2827 2827 '

2044 2908 2187 2964 Misit
2218 2907 2288 2965 de
2324 2908 2497 2976 cmlo,
2529 2918 2584 2965 et
2616 2908 2875 2965 liberavit
2914 2925 3003 2966 me
3031 2926 3045 2964 :
3077 2907 3226 2966 dedit
3266 2910 3320 2966 in
3362 2924 3567 2983 oppro-

1973 3003 2153 3061 brium
2182 3004 2570 3061 concnlcaules
2594 3020 2701 3061 me.
2732 3005 3060 3061 ΒιΑιδεΑιιιΑ.
3579 3064 3582 3069 ,

2044 3100 2185 3157 Misit
2213 3099 2359 3155 Deus
2390 3099 2517 3172 illis.
2544 3097 2828 3172 Dominus]
2858 3096 3288 3154 misericordiam
3324 3113 3478 3152 suam
3509 3106 3567 3154 et

1971 3192 2252 3247 veritatem
2277 3207 2459 3248 suam:
2486 3193 2721 3248 animum
2749 3208 2925 3248 meam
2948 3192 3149 3263 eripuit
3174 3191 3241 3247 de
3267 3191 3445 3248 medio
3471 3206 3561 3249 ca-

1970 3282 2207 3339 tulorum
2235 3283 2477 3349 leonum,
2504 3283 2733 3340 dormivi
2757 3284 3136 3340 conturbatus.

2041 3374 2165 3431 Filii
2209 3377 2488 3432 hominum
2519 3377 2713 3432 dentes
2735 3391 2925 3432 eorum
2950 3391 3100 3432 arma
3131 3386 3189 3432 et
3212 3375 3427 3448 sagittae
3459 3393 3471 3431 :
3505 3385 3564 3432 et

1784 3480 1801 3487 ‘
1893 3476 1939 3540 ρ
1973 3468 2155 3541 lingua
2182 3485 2372 3527 eorum
2401 3469 2670 3526 machaera
2696 3479 2876 3526 acuta.

2040 3561 2296 3619 Exaltare
2338 3578 2505 3634 super
2552 3564 2757 3632 caelos,
2816 3564 3082 3621 Deuszet
3126 3580 3294 3636 super
3343 3579 3562 3622 omnem

1966 3662 2171 3711 terram
2193 3655 2365 3727 gloria
2395 3666 2507 3712 tua.

2034 3748 2285 3821 Laqucos
2321 3748 2462 3822 [Ms.
2515 3749 2872 3821 muscipulam
2896 3748 2914 3819 ’1
2948 3758 3287 3821 paraverunt
3327 3749 3562 3821 pedibus

1964 3842 2101 3898 meis
2132 3860 2145 3897 :
2172 3853 2227 3899 et
2254 3841 2677 3900 incurvaveruut
2699 3843 2934 3900 animam
2963 3857 3160 3899 meam.

2037 3933 2317 3990 Foderunt
2363 3945 2491 3991 ante
2535 3934 2727 3991 faciem
2770 3950 2945 3991 meam
2999 3934 3208 3991 loream
3246 3951 3260 3990 :
3295 3944 3352 3991 et
3402 3934 3415 3973 ί
3455 3935 3558 4008 ipsi

1961 4024 2267 4081 inciderunt
2296 4025 2353 4081 in
2386 4042 2529 4083 eam.
2554 4027 2883 4089 Blaesum.

2035 4119 2287 4174 Paratum
2326 4134 2423 4176 cor
2450 4136 2662 4197 meum,
2694 4121 2875 4188 Deus,
2917 4130 3162 4193 paratum
3199 4135 3295 4179 cor
3325 4137 3504 4178 meum
3540 4140 3555 4181 :

1960 4212 2219 4281 cantabo,
2249 4224 2304 4272 et
2335 4215 2598 4287 psalmum
2630 4216 2804 4272 dicam
2834 4216 3085 4273 Domino.

2038 4310 2317 4382 Exsurge,
2352 4311 2520 4381 gloria
2560 4324 2678 4366 mea
2705 4355 2720 4379 ,
2750 4320 2984 4382 exsurge
3022 4308 3338 4381 psalterium
3381 4317 3438 4364 et
3478 4308 3557 4364 ci-

1965 4403 2121 4460 thara
2150 4420 2164 4457 :
2197 4417 2484 4475 exsurgam
2517 4402 2777 4459 diluculo.

2033 4494 2349 4551 Conﬁtebor
2371 4495 2467 4551 tibi
2502 4496 2554 4551 in
2586 4495 2834 4568 populis,
2874 4494 3105 4553 Domine
3140 4514 3152 4551 :
3192 4505 3249 4552 et
3285 4494 3555 4567 psalmum

1963 4587 2140 4646 dicam
2172 4588 2266 4645 tibi
2292 4589 2433 4645 inter
2458 4597 2671 4660 gentes.

324 4824 348 4851 ³
372 4813 618 4869 Alterum
643 4814 735 4888 bic
759 4813 1091 4884 Diapsalma,
1123 4814 1271 4869 addit
1295 4813 1570 4869 Palatinus
1593 4829 1695 4888 ms.
1721 4815 1849 4869 obe-
1881 4818 1930 4879 1)
1954 4813 2125 4888 lapsu.

251 4885 367 4941 lum
398 4902 532 4940 vero
571 4887 920 4957 subsequr-nti
956 4903 1145 4950 versu,
1174 4902 1290 4956 quae
1327 4886 1632 4956 pl'OltOlllitli
1677 4888 1852 4956 pra-li-

249 4974 382 5012 xum
419 4967 560 5012 tacet
592 4976 607 5013 :
642 4969 929 5028 utrumque
959 4959 1135 5013 uiinus
1166 4960 1325 5013 bene.

321 5028 349 5066 ιι
375 5029 652 5084 lnunerito
693 5039 739 5081 et
767 5031 959 5099 capula
982 5073 996 5096 ,
1033 5047 1151 5099 qua:
1183 5039 1237 5083 et
1266 5033 1315 5082 in
1348 5028 1575 5083 llcbrmo
1609 5040 1847 5094 resonat,

246 5100 417 5154 obelo
442 5100 886 5166 contodiebatur,
913 5117 1071 5172 quem
1104 5115 1202 5156 nos
1232 5099 1299 5155 ad
1320 5099 1545 5156 Palatini
1564 5115 1665 5155 ms.
1690 5099 1848 5156 {idem

244 5173 593 5226 sustulimus.
1784 5220 1793 5229 .

323 5254 345 5280 ε
380 5244 479 5297 llic
522 5255 706 5297 autem
750 5244 947 5299 vitiose
990 5244 1161 5305 magis
1208 5257 1311 5297 una
1352 5252 1398 5295 et
1437 5242 1631 5311 c0pula
1685 5242 1849 5298 obelo

247 5315 677 5386 prmuutabatur,
704 5330 825 5369 cum
857 5316 1031 5385 ipsum
1060 5331 1273 5386 quoque
1304 5315 1525 5369 verbum
1548 5315 1768 5383 arripuit
1792 5316 1844 5370 in

248 5385 480 5440 Πρω-τρο
524 5395 673 5441 textu
712 5386 1086 5452 desideretur,
1135 5389 1435 5457 eodemque
1467 5387 1657 5440 debeat
1685 5386 1846 5441 ubclo

249 5459 515 5525 transﬁgi.

319 5527 345 5564 ἀ
378 5529 545 5583 Paulo
594 5531 794 5585 rectius
842 5530 1072 5585 Palatia.
1126 5544 1229 5585 ms.
1256 5571 1270 5593 ,
1313 5531 1367 5583 in
1405 5544 1605 5584 omnem
1630 5538 1838 5585 terram.

247 5598 478 5655 Ιιειίηιιιι
513 5600 655 5655 inira
685 5617 747 5655 ex
779 5606 968 5657 endem
999 5601 1379 5657 emendantur.

324 5684 348 5707 ε
384 5672 604 5725 Rettins
636 5674 830 5727 iterum
864 5674 1141 5729 Palatinus
1172 5687 1273 5728 nis.
1315 5673 1529 5730 obclum
1562 5672 1843 5744 ipsamque

246 5753 293 5796 et
321 5746 567 5797 vtieulam
602 5746 988 5814 prmtermittit.

326 5816 345 5855 ί
374 5815 450 5870 Ex
494 5815 798 5886 Augustino
847 5816 1171 5873 Veronensis
1203 5833 1303 5872 ms.
1334 5834 1450 5889 qua:
1476 5818 1692 5889 reddam
1717 5818 1836 5871 lau-

248 5888 328 5943 dis
362 5903 381 5944 :
411 5897 521 5945 tum
566 5890 809 5961 quoniam
849 5891 1071 5963 eruisti,
1120 5899 1261 5957 etc.;
1296 5899 1378 5962 el,
1425 5888 1577 5961 pedes
1606 5905 1741 5945 meos
1776 5890 1840 5945 de

2028 4897 2053 4935 Β
2083 4887 2243 4944 Juxta
2277 4889 2634 4960 Augustinum
2655 4931 2670 4957 ,
2701 4905 2767 4943 ne
2791 4906 3096 4960 corrumpas
3142 4887 3241 4958 ipsi
3285 4884 3465 4960 David
3492 4884 3547 4937 in

1956 4960 2091 5013 tituli
2116 4956 2509 5030 inscriptionem
2533 5002 2550 5027 ,
2583 4972 2689 5016 etc.
2718 4956 3051 5017 Veronensis
3070 4956 3284 5032 queque
3312 4972 3417 5013 ms.
3453 4956 3553 5010 lia-

1955 5032 2605 5109 bet,Atantuutnonbsatis
2630 5034 2947 5109 emendate.
2980 5102 3011 5109 _
3115 5045 3125 5109 ς
3314 5098 3345 5109 _
3392 5097 3441 5109 η

2027 5100 2065 5161 ίὶ
2085 5102 2251 5158 Iidem
2278 5104 2401 5159 libri
2438 5105 2630 5171 Deum,
2675 5098 2771 5171 pro
2800 5117 2849 5159 et
2878 5107 2948 5158 ad
2971 5102 3276 5157 Dominum.
3312 5098 3550 5171 Subjunf

1952 5176 2029 5245 git
2059 5190 2186 5228 vero
2211 5175 2335 5230 huic
2366 5170 2633 5233 versiculo
2661 5170 2988 5233 Veronensis
3018 5172 3324 5245 Diapsalma
3345 5211 3361 5235 ,
3394 5170 3543 5241 quod

1952 5243 2006 5299 in
2033 5246 2417 5318 subsequentis
2441 5248 2543 5303 line
2576 5260 2734 5304 tacet.
2768 5248 2973 5303 Caetera
3001 5246 3069 5301 de
3102 5243 3251 5318 inure
3279 5256 3402 5297 eum
3436 5245 3548 5295 Au-

1952 5320 2169 5390 gustino
2198 5316 2443 5383 {salvum
2481 5337 2559 5375 me
2601 5321 2755 5390 fecit,
2790 5334 2886 5390 pro
2938 5316 3169 5372 liberavit
3220 5333 3331 5382 me,
3388 5323 3549 5385 atque

1953 5388 2124 5464 intra:
2149 5392 2280 5444 eruit
2307 5433 2321 5454 ,
2354 5408 2451 5459 pro
2479 5388 2688 5464 eripuit.

2033 5460 2047 5496 ί
2078 5454 2382 5517 Pronomen
2413 5464 2514 5537 ipsi
2534 5454 2711 5537 (ψιωά
2737 5475 2911 5537 neque
2938 5462 2989 5516 iu
3019 5461 3344 5537 Grmeoest,
3376 5454 3546 5537 Vero-

1951 5545 2107 5587 nens.
2141 5549 2240 5588 ms.
2276 5530 2442 5589 taret.
2475 5535 2551 5588 Ex
2585 5535 2883 5603 Augustino
2909 5542 3089 5589 autem
3123 5530 3346 5603 psallam
3369 5530 3547 5603 couti-

1951 5616 2060 5679 nuo
2088 5604 2244 5679 habet
2272 5647 2285 5679 ,
2318 5595 2732 5679 prnpsalmuum
2757 5606 2925 5659 dicam
2968 5610 2987 5679 (
3021 5595 3198 5679 neque
3248 5600 3397 5657 addit
3425 5595 3542 5650 Do-

1950 5677 2090 5750 mino
2123 5677 2284 5750 priori
2316 5677 2468 5750 loco)
2499 5693 2513 5742 ;
2543 5690 2650 5731 tum
2674 5679 2729 5732 in
2760 5677 3020 5750 gentibus,
3059 5692 3156 5747 pro
3185 5677 3317 5750 inter
3343 5678 3537 5746 gentes.

1952 5744 2423 5822 Veriturlibrariis
2449 5744 2611 5819 atque
2642 5744 3319 5822 nrtb'ngrapliieisutendis
3342 5744 3540 5810 Scnlet,

1946 5832 2079 5891 quas
2102 5818 2239 5877 scire
2271 5818 2684 5880 lceturctnnilul
2719 5818 2964 5880 interest.

2086 5930 2109 5965 ὃ
