4090 6338
526 337 634 396 219

1536 335 1596 393 S.
1639 331 2017 392 HIERONYMI
2060 333 2288 392 DIVINA
2331 332 2818 393 BIDLIOTHECA.

3716 333 3828 394 2ἶο

595 457 857 524 Quoniam
877 456 1211 530 magni/irata
1232 466 1481 528 estusque
1501 455 1572 511 ad
1592 455 1746 510 cretes
1767 454 2122 509 misericordia
2151 457 2202 517 Α
2299 453 2565 520 Quoniam
2598 452 2938 524 magniﬁcam
2981 461 3066 509 est
3105 465 3277 525 usque
3304 451 3371 507 ad
3403 451 3575 508 caelos
3613 452 3826 509 miseri.

524 560 616 607 tua
647 567 665 607 :
694 560 740 607 et
763 568 924 624 usque
951 552 1020 607 ad
1045 553 1202 606 nubes
1226 551 1413 606 veritas
1437 559 1543 605 tua.

596 643 848 699 Exaltare
880 661 1035 718 super
1069 643 1252 711 cados,
1279 641 1452 700 Deus:
1483 657 1538 698 »:-
1584 652 1630 696 et
1669 641 1692 711 ζ
1731 657 1884 715 super
1920 657 2119 696 onmem

522 747 712 796 terrain
742 737 910 813 gloria
931 747 1040 793 tua.

2227 546 2408 603 cordia
2441 556 2529 602 tua
2558 563 2571 601 :
2605 555 2659 601 ct
2683 561 2854 617 usque
2880 546 2947 602 ad
2981 547 3154 602 nubes
3177 545 3380 602 veritas
3409 555 3522 603 tua.

2299 639 2556 697 Exultare
2603 653 2768 711 super
2797 639 2967 698 cmlos
2992 679 3008 709 ,
3054 640 3198 697 Deus
3237 656 3253 696 :
3293 650 3351 698 et
3397 655 3562 712 super
3601 654 3826 698 omnem

2229 740 2426 790 terram
2466 731 2636 806 gloria
2667 741 2779 788 tua.

1872 830 2231 892 PSALMUS
2273 829 2465 891 LVII.

526 949 579 994 IN
611 950 772 996 FINEM
789 977 805 1004 ,
835 951 902 992 NB
925 949 1211 992 DISPERDAS
1230 975 1245 1003 ,
1277 948 1436 991 ΒΜῚΙ)
1454 948 1504 990 IN
1525 947 1707 991 TITULI
1729 946 2114 990 INSCBIPTIONB.

595 1053 657 1111 Si
679 1069 794 1110 vere
821 1053 1000 1129 utique
1028 1052 1295 1128 justitiam
1324 1047 1596 1124 loquimini
1630 1057 1814 1106 :recta
1839 1048 2075 1125 judicate
2098 1091 2115 1118 ,

521 1147 623 1220 ﬁlii
651 1147 938 1204 hominum.

519 1265 527 1280 ο
593 1241 804 1297 Etenim
841 1241 896 1298 in
920 1241 1074 1297 corde
1107 1232 1402 1313 iniquitates
1423 1236 1710 1309 Operamini
1740 1238 1792 1293 in
1816 1245 1953 1293 terra
1982 1254 2000 1293 :
2031 1237 2114 1293 in-

511 1335 752 1406 justitias
779 1352 966 1392 manus
988 1342 1169 1391 restrcv
1189 1333 1525 1390 concinnant.

591 1431 950 1487 Alienatisunt
978 1438 1270 1501 peccatores
1294 1446 1324 1482 (ι
1347 1426 1832 1496 vulva,erraverunt
1849 1425 1913 1480 ab
1937 1433 2115 1480 utero:

517 1525 676 1582 locuti
704 1535 822 1581 sunt
855 1523 1014 1596 falsa.

591 1617 766 1674 Furor
793 1617 901 1673 illis
932 1616 1214 1673 secundum
1239 1615 1636 1670 similitudinem
1660 1611 1909 1686 serpentis
1939 1628 1956 1668 :
1985 1611 2115 1667 sicut

516 1712 714 1780 aspidis
743 1712 942 1780 surdte,
971 1711 997 1740 "
1028 1719 1076 1766 et
1102 1709 1393 1764 obturantis
1423 1725 1575 1762 aures
1603 1723 1747 1761 suas.

2219 948 2271 990 IN
2294 933 2602 1004 FINEII,NEd
2623 945 2910 992 DISPERDAS
2945 945 3106 988 DAVID
3133 945 3184 987 IN
3219 943 3403 988 TITULI
3431 941 3824 1000 INSCIIII'I‘IONE.

2291 1051 2346 1108 Si
2376 1068 2502 1108 vero
2535 1052 2719 1122 utique
2741 1051 3012 1123 justitiam
3037 1047 3323 1122 loquimini
3349 1047 3528 1121 :jusm
3548 1045 3819 1120 iudicate,

2220 1145 2316 1202 ﬁlii
2347 1145 2655 1201 hominum.

2293 1237 2510 1296 Etenim
2543 1241 2596 1296 in
2639 1237 2811 1297 corde
2853 1237 3171 1312 iniquitates
3200 1237 3506 1311 operamini
3532 1237 3588 1295 in
3621 1245 3768 1295 terra
3801 1254 3816 1292 :

2223 1335 2533 1406 iniquitates
2564 1351 2758 1392 manus
2791 1345 2989 1392 vestrm
3013 1336 3364 1392 concinnant.

2293 1430 2530 1486 Alienati
2563 1441 2687 1486 sunt
2733 1439 3048 1501 peccatores
3092 1429 3163 1486 ab
3193 1438 3385 1497 utero,
3424 1435 3745 1486 erraverunt
3788 1443 3818 1484 a

2222 1533 2415 1580 ventre
2441 1523 2638 1580 :locuti
2667 1532 2789 1579 sunt
2822 1518 2980 1580 falsa.

2294 1617 2378 1673 Ira
2405 1627 2426 1655 θ
2459 1618 2566 1674 illis
2587 1617 2885 1674 secundum
2917 1617 3329 1673 similitudinem
3355 1615 3651 1690 serpentis,
3676 1614 3823 1672 sicut

2221 1708 2426 1780 aspidis
2454 1709 2634 1765 surda:
2659 1751 2674 1776 ,
2707 1719 2765 1765 et
2793 1710 3101 1764 obturantis
3130 1725 3292 1765 aures
3332 1724 3460 1764 suas
3496 1727 3507 1763 :
3541 1722 3662 1779 qute
3709 1722 3821 1764 non

595 1803 726 1870 Qum
759 1821 861 1860 non
899 1804 1141 1860 exaudiet
1171 1818 1344 1859 vocem
1384 1803 1760 1858 incantantium
1782 1843 1797 1872 ,
1827 1810 1874 1856 et
1906 1799 2118 1872 veneﬁci
2148 1778 2196 1839 Β
2223 1800 2482 1857 exaudiet
2510 1817 2694 1858 vocem
2729 1801 3123 1857 incantantium
3149 1841 3165 1870 ,
3195 1805 3251 1857 et
3278 1798 3544 1857 veneﬁcia
3587 1813 3709 1869 qua:
3736 1799 3822 1854 in-

515 1897 833 1954 iucantantis
865 1899 1142 1972 sapienter.

590 1990 730 2047 Deus
769 1998 993 2046 conteret
1030 1992 1209 2048 dentes
1253 2003 1429 2046 eorum
1456 1989 1510 2046 in
1535 2004 1620 2045 ore
1645 1990 1873 2062 ipsorum
1901 2007 1921 2047 :
1952 1991 2114 2048 molas

519 2085 725 2140 leonum
755 2086 1046 2160 confringet
1073 2084 1352 2142 Dominus;
1797 2086 1804 2090 ’

591 2177 674 2231 Ad
722 2173 951 2233 nihilum
1000 2176 1266 2233 devenient
1309 2186 1572 2250 tamquam
1621 2193 1752 2250 aqua
1793 2177 2114 2236 decurrens:

519 2269 742 2328 intendit
764 2289 945 2327 arcunt
970 2290 1124 2328 suum
1155 2274 1316 2328 donec
1336 2272 1685 2342 inﬁrmentur.

589 2364 739 2420 Sicut
758 2381 875 2421 cera
902 2381 1020 2436 qua:
1047 2365 1188 2438 ﬂuit,
1212 2365 1515 2436 auferantur
1541 2383 1562 2422 .°
1595 2380 1656 2420 αθ
1687 2381 1843 2435 super
1871 2364 1895 2435 ζ
1930 2367 2117 2423 cecidit

517 2455 655 2527 ignis
675 2500 690 2522 ,
722 2467 771 2512 et
798 2475 900 2513 itan
928 2459 1166 2513 uiderunt
1186 2460 1365 2513 solem.

595 2544 915 2620 Priusquam
937 2547 1282 2621 intelligerent
1303 2548 1468 2621 spinae
1490 2557 1669 2604 vestra:
1694 2548 1967 2604 rhanmum
1982 2551 2116 2617 ;sic-

519 2646 578 2692 ut
601 2639 825 2695 virentes
845 2683 860 2704 .
891 2641 1044 2696 sicin
1075 2642 1154 2695 ira
1180 2640 1413 2696 absorbet
1443 2658 1553 2697 eos.

593 2727 881 2786 La’tabitur
899 2733 1111 2802 justus,
1159 2747 1278 2787 cum
1317 2731 1506 2788 viderit
1546 2733 1826 2790 vindictam

525 2836 647 2875 suas
670 2823 862 2879 latrabit
889 2825 942 2878 in
965 2826 1217 2897 sanguine
1245 2826 1545 2895 peccatoris.

1869 2752 1889 2792 .'
1933 2752 2117 2793 manus

593 2913 663 2970 Et
695 2916 832 2972 dicet
871 2918 1022 2973 homo
1047 2933 1067 2974 :
1093 2917 1156 2974 Si
1196 2918 1371 2990 utique
1403 2927 1481 2973 est
1504 2921 1702 2989 fructus
1727 2919 1914 2992 justo:
1945 2921 2120 2994 utique

519 3016 594 3082 est
625 3003 766 3064 Deus
784 3010 1036 3084 judicans
1071 3023 1131 3067 αξ-
1163 3025 1250 3065 eos
1276 3009 1298 3078 ζ
1334 3009 1386 3064 in
1415 3017 1572 3065 terra.

2221 1906 2510 1952 cantanlur
2535 1911 2565 1952 a
2593 1897 2856 1968 sapiente.

2298 1991 2441 2048 Deus
2465 2001 2716 2050 conteret
2736 1993 2930 2050 dentes
2952 2007 3141 2050 eorum
3166 1991 3218 2049 in
3239 2006 3332 2048 ore
3353 1989 3625 2063 ipsorum:
3645 1987 3821 2047 molas

2224 2085 2442 2143 leonum
2475 2087 2783 2159 confringet
2811 2087 3094 2143 Dominus.
3458 2091 3459 2094 “

2295 2177 2377 2236 Ad
2419 2177 2649 2235 nihilum
2689 2179 2983 2237 devenient
3011 2179 3160 2237 velut
3193 2185 3329 2250 aqua
3365 2175 3705 2233 decurrens:
3737 2175 3824 2232 in-

2224 2275 2396 2330 tendit
2418 2289 2601 2330 arcum
2638 2290 2795 2330 suum
2826 2273 3002 2332 donec
3022 2269 3383 2330 inﬁrmeutur.

2291 2367 2444 2423 Sicut
2467 2381 2589 2424 cera
2622 2367 2911 2438 liquefacta
2952 2367 3266 2423 aulereutur
3298 2383 3311 2421 :
3348 2375 3515 2438 super
3544 2377 3644 2422 eos
3670 2363 3818 2421 ccci-

2221 2459 2300 2514 dit
2329 2460 2498 2532 ignis,
2524 2471 2578 2517 et
2602 2476 2708 2516 non
2732 2461 2989 2520 viderunt
3015 2460 3210 2517 solem.

2299 2550 2622 2624 Priusquam
2653 2552 2916 2621 producat
2939 2551 3127 2622 Spinas
3145 2559 3359 2607 vestras
3384 2547 3646 2607 rhamnus
3670 2565 3682 2604 :
3705 2546 3826 2605 sic-

2221 2653 2279 2700 ut
2303 2644 2544 2699 viventes
2564 2687 2579 2713 ,
2612 2643 2689 2700 sic
2719 2645 2774 2700 in
2804 2645 2883 2699 ira
2916 2644 3172 2700 absorbet
3200 2658 3323 2700 eos.

2294 2736 2797 2809 Ltetabiturjustus,
2816 2753 2942 2794 cum
2957 2738 3155 2794 viderit
3169 2736 3464 2793 vindictam
3495 2733 3823 2808 impiorum:

2223 2845 2417 2886 manus
2445 2845 2571 2887 suas
2595 2831 2796 2886 Iuvabit
2833 2829 2888 2885 in
2913 2832 3177 2901 sanguine
3208 2839 3576 2901 peccatorum.

2296 2923 2363 2980 Et
2383 2923 2521 2980 dicet
2550 2923 2714 2981 homo
2742 2943 2753 2977 ε
2787 2925 2844 2981 Si
2871 2925 3062 2996 utique
3083 2933 3168 2982 est
3193 2925 3399 2982 fructus
3421 2925 3568 2998 justo
3595 2943 3606 2982 :
3638 2925 3826 2997 utique

2224 3025 2308 3072 est
2339 3016 2480 3074 Deus
2497 3016 2748 3088 judicans
2775 3031 2871 3074 eos
2900 3017 2954 3073 in
2980 3027 3147 3074 terra.

1854 3099 2214 3172 PSALMUS
2255 3107 2476 3172 LVIII.

530 3215 585 3259 ut
615 3213 800 3264 rtusu.
825 3213 893 3259 NE
915 3217 1224 3268 ntsrennas,
1249 3211 1413 3259 DAVID
1434 3218 1487 3258 ut
1513 3217 1695 3259 'rt'rULt
1719 3219 2113 3273 tuscntp'rtous,
2145 3209 2190 3272 C
2223 3223 2277 3265 tn
2323 3225 2486 3264 FINEII
2512 3251 2528 3273 .
2571 3225 2638 3265 NE
2677 3205 2694 3247 ΐ
2730 3225 3017 3266 DISPERDAS
3043 3252 3058 3276 ,
3104 3223 3263 3266 nmo
3307 3225 3360 3266 IN
3397 3225 3584 3266 Tl'l‘UlJ
3625 3225 3827 3267 INSCM-

591 3289 800 3339 QUANDO
823 3289 965 3330 υιειτ
995 3291 1127 3331 ιιΑυι.
1145 3318 1160 3343 ,
1192 3289 1261 3331 ΕΤ
1287 3287 1603 3333 ουετοοινιτ
1641 3291 1832 3335 ΒοιυΜ
1857 3291 1976 3334 EJUS
1997 3322 2012 3348 ,
2047 3289 2117 3334 υτ

595 3360 705 3402 ΕυΙΙ
738 3361 1148 3404 ικτειιειςιςιιετ.

597 3455 759 3526 Eripe
788 3475 868 3513 me
894 3461 957 3515 de
980 3461 1200 3515 inimicis
1219 3461 1342 3517 nteis
1364 3503 1380 3529 ,
1405 3461 1542 3516 Deus
1567 3457 1596 3500 δ
1618 3475 1761 3517 meus
1787 3462 1921 3518 etab
1945 3464 2119 3518 insur-

524 3553 764 3623 gentibus
786 3555 840 3609 in
875 3567 953 3610 me
983 3555 1144 3610 libera
1172 3569 1272 3612 me.

594 3645 756 3720 Eripe
781 3666 861 3706 me
878 3651 942 3705 de
963 3650 1294 3721 aperantibus
1316 3652 1634 3722 iniquitatem
1655 3668 1673 3710 :
1695 3663 1742 3709 et
1767 3653 1830 3709 de
1851 3653 1972 3710 viris
1998 3671 2119 3712 san-

519 3741 738 3814 guinum
767 3742 911 3798 salva
937 3759 1037 3799 me.

599 3831 734 3900 Quia
763 3847 877 3889 ecce
904 3842 1148 3908 ceperunt
1175 3836 1406 3892 animam
1435 3851 1601 3893 meam
1629 3838 1931 3896 :irruerunt
1959 3840 2009 3896 in
2039 3855 2118 3896 me

523 3924 705 3996 fortes.

595 4019 780 4090 Neque
807 4021 1058 4093 iniquitas
1093 4039 1236 4090 mea,
1269 4039 1430 4095 neque
1471 4031 1738 4098 peccatum
1767 4041 1969 4096 meum,
2005 4024 2116 4082 Do-

497 4114 703 4170 .mine:
732 4116 846 4171 sine
873 4116 1147 4190 iniquitate
1174 4119 1407 4183 cucurri,
1437 4127 1484 4175 et
1513 4119 1701 4176 direxi.
2051 4168 2054 4170 .

592 4207 831 4279 Exsurge
871 4210 928 4265 in
957 4225 1225 4266 occursum
1249 4228 1422 4268 meum
1441 4259 1456 4282 ,
1492 4223 1538 4270 et
1576 4214 1690 4270 ride
1718 4231 1735 4269 .'
1767 4227 1788 4255 ο
1817 4225 1865 4272 et
1895 4225 1976 4285 tu,
2015 4215 2118 4272 Do-

521 4300 681 4368 mine,
712 4300 850 4356 Deus
870 4304 1136 4370 virtutum,
1163 4306 1303 4360 Deus
1329 4305 1520 4362 Israel.

592 4390 814 4449 Intende
841 4396 910 4450 ad
941 4397 1224 4453 visitandas
1247 4415 1424 4455 omnes
1450 4408 1625 4472 gentes
1649 4418 1668 4457 :
1696 4417 1800 4458 non
1825 4404 2115 4460 miserearis

517 4486 776 4556 omnibus,
798 4490 885 4561 qui
911 4501 1193 4563 aperantur
1213 4492 1554 4564 iniquitatem.
1580 4496 1913 4554 DIAPSALMA.

2295 3297 2517 3346 PTIONE,
2562 3297 2773 3346 QUANDO
2801 3298 2943 3338 MISIT
2977 3297 3143 3352 SAUL,
3188 3298 3258 3340 ΕΤ
3291 3295 3613 3339 ουετοιιιιίτ
3641 3299 3824 3340 DOIll'I

2295 3369 2450 3421 ειυς,
2481 3369 2550 3418 υτ
2582 3367 2692 3410 EUI
2721 3369 3138 3412 lNTEIII-‘ICEIIE'I‘.

2297 3471 2460 3544 Eripe
2490 3487 2581 3528 me
2609 3471 2676 3529 de
2703 3470 2939 3529 inimicis
2971 3472 3129 3542 meis,
3165 3472 3308 3529 Deus
3329 3484 3482 3528 meus
3514 3489 3528 3528 :
3557 3471 3707 3529 etab
3738 3471 3823 3528 iu-

2223 3565 2569 3636 surgentibus
2599 3566 2650 3620 in
2679 3580 2766 3621 me
2796 3565 2964 3622 libera
2996 3581 3103 3622 me.

2295 3658 2457 3726 Eripe
2484 3673 2572 3713 me
2595 3658 2663 3713 de
2693 3658 3046 3728 operantibus
3080 3657 3424 3730 iniquitatem
3460 3673 3473 3713 :
3508 3655 3658 3714 etde
3691 3655 3823 3714 viris

2223 3751 2542 3824 sanguinutn
2576 3751 2722 3807 salva
2755 3767 2863 3809 me.

2296 3844 2429 3914 Quia
2451 3860 2582 3902 ecce
2601 3852 3010 3917 aucupaverunt
3034 3843 3272 3900 animum
3299 3858 3475 3900 meam
3501 3861 3516 3899 :
3541 3844 3823 3901 irruerunt

2223 3938 2278 3993 in
2306 3953 2393 3993 me
2425 3937 2596 3994 fortes
2625 3955 2638 3992 :
2665 3953 2842 4010 neque
2865 3934 3127 4010 iniquitas
3154 3951 3273 3994 mea
3291 3977 3308 4006 ,
3342 3951 3517 4010 neque
3539 3947 3820 4011 peccatum

2222 4045 2403 4086 meum
2424 4071 2438 4096 ,
2473 4029 2722 4086 Domine.
3333 4035 3338 4038 ’

2294 4124 2424 4180 Siue
2452 4123 2745 4194 iniquitate
2773 4123 3026 4191 cucurri,
3060 4131 3115 4180 et
3148 4123 3427 4195 dirige-bar
3457 4143 3469 4180 :
3503 4139 3736 4196 exsurge
3763 4125 3819 4181 in

2221 4231 2506 4273 occursuro
2533 4217 2688 4286 mihi,
2723 4227 2778 4274 et
2804 4218 2929 4275 vide
2960 4237 2972 4272 :
3006 4227 3063 4274 ct
3089 4228 3165 4285 tu,
3200 4218 3448 4287 Domine,
3485 4218 3628 4275 Deus
3650 4219 3823 4276 virtu-

2224 4322 2360 4376 tum,
2392 4310 2532 4366 Dcus
2555 4311 2743 4367 Israel.

2293 4406 2515 4462 Intende
2527 4407 2594 4462 ad
2613 4417 2636 4454 ς
2653 4405 2947 4463 visitandas
2969 4421 3162 4461 omnes
3174 4416 3366 4476 gentes
3385 4425 3396 4460 :
3415 4422 3524 4462 non
3549 4405 3820 4461 miserea-

2221 4499 2296 4556 ris
2325 4498 2604 4567 omnibus,
2625 4498 2717 4571 qui
2745 4507 3040 4571 cperantur
3069 4499 3434 4571 iniquitatem.
3481 4499 3819 4556 Βιλιιειιιιιλ.

593 4653 618 4680 ﬂ
647 4643 910 4729 Secundis
935 4647 1080 4729 curis
1113 4649 1164 4703 in
1197 4649 1388 4729 eodem
1430 4665 1531 4705 ms.
1578 4653 1883 4729 obdurantis
1922 4656 2119 4712 rescri-
2150 4659 2196 4720 ι)
2225 4665 2300 4722 et,
2327 4657 2578 4727 confregit
2602 4654 2874 4711 Dominus.
2900 4657 3227 4726 Spernentur
3253 4667 3513 4729 tamquam
3535 4675 3686 4729 aqua.
3710 4668 3820 4713 ctc.

519 4723 669 4799 ptum
709 4726 831 4781 est.
883 4719 1059 4799 minus
1083 4737 1226 4775 rere.
1273 4722 1390 4799 Ipse
1429 4734 1607 4799 autem
1659 4725 2018 4799 Hieronymus
2066 4729 2116 4782 iu

521 4787 672 4842 Isaiae
703 4803 823 4864 cap.
857 4805 915 4844 ιιι
946 4792 1072 4858 legit
1100 4808 1220 4846 mox
1256 4787 1413 4861 paulo
1441 4795 1616 4856 aliter,
1644 4813 1757 4864 qua:
1778 4787 1880 4852 non
1903 4800 2118 4853 exattdit

521 4873 695 4941 rorem
721 4861 1141 4941 imputandum,
1174 4874 1219 4918 et
1258 4866 1466 4941 rene/ici
1485 4861 1801 4941 ‘tttedic'antis
1830 4871 2113 4941 sapienter.

523 4930 692 5006 [{urro
721 4933 772 5006 i_u
807 4931 912 4990 line
942 4934 1324 5006 subsequentis
1355 4930 1608 4992 versiculi
1649 4939 1799 4994 addit
1832 4930 1974 4996 idem
2006 4957 2109 4997 ms.

520 4997 847 5070 Diapsalma.

592 5073 620 5112 ι’
638 5073 778 5153 Veru
804 5086 1069 5153 urtenotat
1089 5078 1317 5153 Palatia.
1340 5093 1442 5134 ms.
1462 5094 1757 5153 pronomen
1782 5099 1948 5145 meus,
1968 5084 2109 5153 quod

521 5158 696 5215 neque
719 5147 770 5201 in
800 5147 993 5204 Graeco
1027 5150 1246 5216 quidem
1275 5160 1358 5206 cst
1381 5189 1398 5217 ,
1435 5147 1500 5206 ex
1544 5151 1774 5208 Hebraeo
1809 5147 1999 5209 autctu'
2033 5167 2116 5210 ut-

520 5230 754 5288 Cutnque
796 5230 975 5288 potest
1003 5221 1217 5276 excudi.

597 5296 619 5322 ο
653 5287 1096 5366 Pen-positionem
1115 5293 1263 5347 verbi
1287 5289 1553 5366 Ersurge,
1581 5303 1692 5351 tum
1718 5297 1938 5351 voculas
1960 5306 2005 5352 et
2037 5306 2115 5364 tu,

523 5359 704 5430 minus
732 5360 867 5416 bene
898 5363 1036 5416 idem
1066 5380 1163 5418 tus.
1196 5365 1428 5430 ὀϐελίζει.

591 5429 618 5467 ά
643 5428 1355 5510 ΟοΙιωτεςιιιριςμγειγιιιριιειεξ
1373 5438 1510 5494 liber
1528 5454 1649 5493 cum
1681 5437 2004 5510 Augustino,
2034 5439 2116 5496 Ne

521 5518 824 5582 corrumpas
845 5504 945 5582 ipsi
969 5504 1164 5574 David,
1195 5519 1302 5563 etc.
1338 5509 1392 5582 In
1441 5518 1619 5564 textus
1647 5504 1810 5582 priori
1844 5504 2004 5567 versu
2034 5529 2116 5566 re-

523 5583 636 5638 cte,
669 5574 955 5644 Augustin.
999 5587 1175 5645 recta,
1217 5594 1313 5648 pro
1348 5581 1493 5646 justa
1527 5574 1709 5652 Ιιιςιιὶιι
1740 5600 1752 5635 :
1787 5587 1945 5652 paulo
1995 5594 2117 5652 post

523 5658 864 5722 connectunt.
901 5652 1362 5722 pro_concimtant,
1387 5662 1441 5706 ct
1481 5671 1511 5706 a
1543 5655 1712 5714 vulva.
1745 5671 1840 5722 pro
1861 5657 1922 5708 ab
1951 5666 2115 5710 utero.

599 5727 622 5753 θ
656 5718 709 5791 In
742 5717 959 5784 iisdem,
995 5719 1300 5791 ludigna'io
1327 5725 1400 5777 eis
1422 5717 1898 5789 ερεηιιάωιι,ὐιιι..
1930 5741 2118 5780 corru-

525 5795 634 5856 pte.
674 5787 997 5853 \‘crottcns.,
1025 5787 1155 5845 sicut
1184 5809 1201 5845 :
1233 5804 1340 5847 tum
1373 5810 1478 5850 uno
1507 5787 1798 5857 etut-elisit.
1825 5809 1871 5850 et
1890 5787 2116 5851 'ntetlica-

526 5859 684 5915 menti
710 5862 950 5918 medicati
986 5880 1017 5918 α
1045 5865 1289 5935 sapiente.
1320 5863 1463 5921 Deus
1494 5870 1728 5923 contrivit
1753 5870 1950 5937 dentes,
1985 5881 2112 5937 ctc.;

2225 4735 2401 4797 Atque
2434 4730 2658 4791 iterum,
2689 4729 3034 4796 supercecidit
3072 4730 3239 4799 ignis,
3275 4746 3381 4784 non
3414 4731 3704 4798 iulct'jecto
3735 4747 3825 4784 eos

2223 4801 2542 4871 pronomine
2562 4840 2576 4861 .
2609 4811 2662 4853 et
2692 4816 2814 4854 mox
2835 4839 2849 4864 ,
2891 4812 3152 4871 tamquam
3196 4803 3445 4865 viventes,
3475 4811 3735 4870 tamquam
3767 4802 3823 4855 in

2221 4872 2299 4924 ira
2338 4870 2582 4926 combibet
2600 4888 2714 4944 _e_os.
2746 4871 2970 4944 Dcmutn
3011 4870 3063 4925 in
3087 4875 3340 4944 sauguine
3373 4873 3685 4941 peccatoris.
3721 4889 3824 4937 pro

2220 4953 2569 5010 peccatorum.
2600 4939 2776 4997 Unum
2821 4943 2873 4997 in
2909 4944 2989 4993 bis
3019 4939 3440 5009 atque'alterum
3473 4945 3819 4999 nianilestutu

2224 5013 2430 5088 codicis
2463 5013 2788 5068 Vermtcnsis
2819 5015 3025 5088 σφάλμᾳ
3057 5024 3345 5088 praetereo.

2297 5083 2313 5122 ί
2354 5085 2426 5138 De
2457 5099 2607 5139 more
2641 5083 2971 5154 Augustinus
2999 5083 3056 5139 et
3091 5085 3394 5141 Veroneus.
3426 5101 3556 5153 ms.,
3601 5103 3667 5140 ne
3704 5103 3828 5141 cor-

2219 5173 2431 5224 rumpas
2454 5156 2556 5226 ipsi
2581 5155 2784 5221 David;
2814 5169 2923 5212 tum
2951 5173 3088 5211 unus
3116 5158 3442 5222 Veronens.,
3465 5168 3514 5213 et
3543 5159 3821 5212 custodit-it

2223 5227 2388 5282 David
2435 5228 2679 5293 domum,
2728 5235 2804 5291 ut,
2835 5239 2974 5292 ete.,
3004 5227 3097 5297 qui
3141 5240 3193 5282 et
3239 5229 3416 5287 primo
3447 5230 3823 5285 statimtversu

2219 5313 2690 5373 pronomenmeus
2713 5307 2786 5373 τῷ
2820 5298 2959 5352 Deus
3001 5314 3104 5352 non
3138 5299 3318 5365 addit,
3361 5302 3512 5367 juxta
3544 5300 3822 5356 Graecum.

2219 5371 2488 5426 Οωιθνιιιιι
2521 5371 2574 5423 in
2609 5371 2922 5432 textu'erur,
2954 5386 3051 5438 pro
3080 5374 3252 5438 eripe,
3292 5383 3346 5426 et
3368 5373 3571 5425 salvum
3604 5387 3682 5424 nte
3712 5377 3822 5438 far.

2223 5459 2319 5509 pro
2350 5440 2496 5495 salva
2516 5457 2614 5505 me,
2649 5449 2701 5494 ct
2725 5443 2894 5494 renati
2921 5452 3055 5502 sunt,
3085 5460 3179 5512 pro
3203 5453 3620 5510 aucuparerun‘,
3652 5452 3708 5496 ct
3737 5461 3825 5496 su-

2220 5529 2312 5586 per
2333 5529 2410 5594 me
2435 5515 2614 5582 fortes,
2650 5526 2746 5578 pro
2776 5513 2829 5566 in
2860 5529 2958 5581 me,
2983 5523 3119 5583 etc.,
3152 5515 3500 5570 continenter
3524 5515 3676 5584 juxta
3710 5516 3827 5569 Au-

2222 5593 2521 5656 gnsttnum.

2298 5665 2322 5701 ϐ
2356 5653 2520 5728 Iidem
2547 5653 2666 5728 libri
2696 5672 2709 5708 :
2734 5653 2804 5706 ad
2826 5655 3139 5728 uisitandum
3166 5673 3341 5711 omnes
3371 5667 3562 5728 gentes,
3590 5673 3689 5709 non
3719 5658 3820 5708 nti-

2224 5725 2698 5781 sereuris-omnt'um.
2726 5738 2830 5779 etc.
2861 5727 3020 5792 Tum,
3046 5725 3402 5782 eoum-tentur
3431 5729 3501 5781 ad
3529 5744 3827 5796 ruperant,

2226 5810 2283 5851 ιιι
2309 5806 2361 5878 et
2394 5796 2551 5849 iul'ra.
2589 5797 2922 5868 Angusuuus
2964 5806 3140 5855 tamen
3169 5799 3568 5868 Convertuntur,
3605 5809 3661 5854 et
3692 5814 3820 5854 mox

2223 5879 2505 5940 patranfnr,
2528 5878 2632 5924 ctc.
