4090 6338
225 343 337 403 9.53

1540 338 1748 396 LIBER
1787 335 2014 397 PSALM
2028 387 2048 395 ν
2064 334 2232 397 RUM.

3414 332 3523 395 25-1

222 464 430 519 rutrum
463 475 611 517 suum
654 474 810 531 super
854 472 982 525 nos,
1028 469 1089 512 +
1129 464 1177 511 et
1221 464 1247 495 ο
1279 454 1582 511 misereatur
1612 455 1773 510 nostri
1805 454 1825 524 ζ
1858 465 1912 524 Α
1941 462 2026 509 net
2062 453 2269 509 vultum
2299 466 2456 507 suum
2492 464 2656 521 super
2690 464 2810 519 nos,
2842 457 2897 506 et
2924 446 3246 505 misereatur
3274 449 3449 505 nobis.

228 557 562 613 Bursam“.

303 649 373 704 Ut
423 662 787 720 cognoscamus
823 646 879 701 in
918 654 1055 701 terra
1095 645 1230 700 viam
1273 654 1413 699 tuam
1448 659 1468 700 :
1498 645 1551 699 in
1596 642 1831 699 omnibus

225 739 464 814 gentibus
500 738 730 793 salutare
759 747 924 791 tuum.

297 831 663 900 Conﬁteantur
712 830 803 885 tibi
847 830 1065 902 populi,
1112 828 1253 885 Deus
1290 844 1309 883 :
1359 828 1701 899 conﬁteantur
1737 827 1829 883 tibi

226 924 409 997 populi
437 940 629 979 omnes.

292 1017 564 1073 Lcetentur
590 1026 639 1073 et
676 1016 931 1072 exsultent
967 1025 1182 1088 gentes:
1216 1015 1460 1088 quoniam
1485 1016 1699 1090 judicas
1736 1031 1829 1085 po-

224 1111 375 1184 pulos
399 1113 451 1165 in
472 1111 737 1182 mquitate,
763 1117 811 1165 et
832 1118 1005 1184 gentes
1026 1111 1080 1165 in
1101 1120 1236 1164 terra
1259 1110 1464 1182 dirigis.
1492 1110 1824 1165 DIAPSALMA.

294 1207 659 1276 Conﬁteantur
690 1205 782 1259 tibi
808 1206 1013 1275 populi,
1049 1203 1210 1269 Deus,
1243 1204 1585 1273 conﬁteantur
1610 1205 1702 1259 tibi
1732 1219 1827 1275 pa-

223 1299 336 1372 puti
365 1313 548 1353 omnes
573 1314 592 1353 :
622 1307 758 1353 terra
790 1296 933 1352 dedit
966 1300 1192 1367 fructum
1221 1312 1393 1352 suum.

291 1388 579 1444 Benedicat
623 1404 715 1442 nos
764 1386 937 1453 Deus,
987 1386 1127 1441 Deus
1174 1397 1369 1453 noster,
1422 1387 1686 1443 benedicat
1734 1404 1827 1445 nos

225 1482 367 1540 Deus
400 1500 418 1537 :
448 1491 499 1539 et
525 1489 759 1538 metuant
789 1498 905 1537 eum
938 1497 1111 1537 omnes
1137 1481 1266 1551 fines
1295 1491 1466 1537 terrte.

2007 547 2080 605 Ut
2101 562 2495 617 cognoscamus
2528 546 2581 601 in
2614 554 2757 601 terra
2786 544 2929 601 viam
2964 554 3111 601 tuam
3146 561 3159 599 :
3194 544 3249 599 in
3270 545 3524 602 omnibus

1933 642 2187 713 gentibus
2211 640 2449 696 salutare
2477 648 2649 695 tuum.

2005 733 2382 790 Conﬁteantur
2421 732 2515 788 tibi
2546 732 2761 805 populi,
2800 732 2941 789 Deus
2974 747 2987 786 :
3022 730 3383 787 conﬁteantur
3426 730 3522 788 tibi

1935 828 2120 901 pepuli
2146 843 2360 885 omnes.

2003 922 2282 979 chtentur
2328 929 2383 977 et
2420 920 2695 977 exsultent
2733 927 2922 991 gentes
2967 936 2982 974 :
3020 919 3273 989 quoniam
3303 918 3514 988 judieas

1931 1016 2163 1087 populos
2216 1015 2272 1068 in
2318 1014 2615 1086 aequitate,
2661 1022 2717 1069 et
2766 1022 2958 1085 gentes
3006 1012 3061 1068 in
3114 1021 3259 1068 terra
3306 1012 3518 1083 dirigis.

1933 1106 2264 1164 DIAPSALMA.

2007 1200 2382 1258 Couﬁteantur
2415 1198 2516 1255 tibi
2564 1197 2751 1269 populi
2774 1238 2791 1267 ,
2827 1197 3002 1266 Deus,
3038 1197 3403 1254 conﬁteantur
3434 1196 3531 1253 tibi

1935 1296 2125 1369 populi
2151 1310 2345 1352 omnes
2372 1311 2386 1349 :
2419 1303 2561 1350 terra
2592 1292 2743 1348 dedit
2773 1292 3008 1348 fructum
3038 1308 3216 1349 suum.

2008 1393 2308 1450 Bcnedicat
2351 1405 2452 1447 nos
2484 1390 2629 1446 Deus
2651 1431 2667 1459 ,
2700 1389 2844 1444 Deus
2872 1396 3081 1456 noster,
3113 1387 3401 1445 benedicat
3432 1400 3532 1445 nos

1938 1484 2082 1541 Deus
2124 1503 2138 1540 :
2169 1493 2224 1542 et
2251 1491 2496 1541 metuant
2524 1497 2648 1540 eum
2678 1495 2869 1537 omnes
2895 1480 3031 1537 ﬁnes
3063 1488 3243 1538 terrae.

1535 1574 1899 1641 PSALMUS
1942 1578 2196 1641 LXVII.

401 1695 457 1736 ηπ
501 1694 689 1747 rtueu,
730 1675 761 1718 ι)
800 1694 899 1736 IPSI
939 1694 1101 1735 nunc
1140 1692 1377 1736 psacuus
1414 1693 1649 1735 CANTICI.

293 1773 563 1848 Exsurgat
592 1774 757 1842 Deus,
791 1790 850 1830 +
885 1784 933 1830 et
966 1774 989 1845 ζ
1016 1775 1334 1847 dissipentur
1363 1774 1562 1829 inimici
1592 1776 1703 1848 ejus
1736 1792 1748 1829 :
1784 1784 1838 1831 et

229 1871 450 1944 fugiant,
487 1870 579 1940 qui
603 1868 822 1923 oderunt
847 1885 982 1934 eum,
1017 1886 1047 1921 a
1078 1868 1213 1938 facie
1232 1870 1368 1941 ejus.

298 1963 450 2020 Sicut
477 1963 653 2032 deﬁcit
682 1962 878 2032 fumus,
903 1960 1147 2031 deﬁciant
1172 1976 1190 2015 :
1217 1961 1352 2015 sicut
1368 1961 1486 2031 fluit
1514 1976 1628 2014 cera
1650 1977 1680 2013 a
1703 1960 1836 2030 facie

232 2058 387 2129 ignis,
418 2071 479 2110 -ξ-
512 2056 585 2111 sic
612 2054 636 2123 ζ
670 2064 877 2127 pereant
908 2063 1204 2126 peccatores
1236 2069 1268 2106 a
1297 2052 1431 2124 facie
1462 2050 1581 2106 Dei.

298 2146 366 2202 Et
382 2148 525 2219 justi
550 2148 847 2216 epulentur,
878 2156 900 2185 ε
946 2161 1007 2200 -:—
1034 2154 1083 2200 et
1121 2146 1141 2214 ζ
1186 2145 1443 2201 exsultent
1475 2144 1527 2199 in
1557 2151 1834 2216 conspectu

235 2239 328 2295 Dei
357 2257 375 2295 :
406 2250 456 2295 et
486 2240 805 2296 delectentur
824 2238 879 2293 in
913 2237 1115 2293 ltetitia.

308 2416 531 2474 Caritate
566 2416 695 2483 Deo,
728 2416 982 2485 psalmum
1012 2416 1166 2472 dicite
1205 2416 1405 2471 nomini
1439 2417 1593 2489 ejus:
1628 2417 1723 2471 iter
1751 2419 1835 2488 fa-

239 2512 329 2567 cite
354 2512 426 2580 ei,
467 2512 559 2582 qui
588 2509 815 2565 ascendit
855 2525 1010 2580 super
1053 2524 1312 2578 occasum,
1356 2508 1623 2577 Dominus
1650 2523 1836 2565 nomen

238 2604 335 2659 illi.

312 2718 381 2774 Et
419 2718 681 2774 exsultate
708 2716 762 2771 in
797 2726 1071 2789 conspectu
1101 2713 1129 2754 ἀ
1155 2717 1291 2788 ejus,
1332 2730 1396 2771 +
1438 2714 1777 2771 turbabuntur
1804 2732 1839 2771 a

253 2814 380 2882 facie
405 2814 521 2886 ejus
552 2811 575 2880 ζ
608 2811 767 2884 patris
795 2808 1155 2881 orphanorunt
1180 2808 1437 2882 etjudicis
1468 2808 1763 2864 viduarum.

306 2989 446 3045 Deus
487 2990 543 3044 in
579 2989 692 3045 loco
722 2998 901 3045 sancto
937 3003 1080 3045 suo:
1116 2987 1292 3055 Deus,
1325 2988 1413 3059 qui
1452 2987 1685 3043 habitare
1712 2986 1841 3059 facit

245 3093 266 3122 ο
291 3072 562 3139 unanimes
594 3086 647 3138 in
678 3082 856 3139 domo.

312 3192 361 3230 οξ-
408 3176 517 3244 Qui
548 3174 573 3244 ζ
603 3174 775 3231 educit
796 3176 990 3231 vinctos
1023 3176 1077 3231 in
1106 3175 1412 3248 fortitudine
1436 3191 1456 3232 :
1477 3174 1718 3231 similiter
1745 3191 1831 3231 eos

241 3268 322 3339 qui
342 3276 683 3339 exasperant,
715 3268 804 3339 qui
834 3267 1067 3322 habitant
1091 3262 1145 3323 in
1170 3268 1445 3340 sepulcris.

315 3443 481 3513 Deus,
512 3461 628 3500 cum
650 3446 966 3520 egredereris
994 3449 1047 3504 in
1069 3460 1342 3523 conspectu
1370 3451 1553 3521 populi
1583 3451 1694 3506 tui:
1726 3466 1839 3506 cum

250 3539 587 3610 patransires
615 3540 667 3594 in
699 3540 897 3598 deserto
931 3542 1052 3615 [AL
1083 3541 1381 3615 desertum].
1415 3544 1743 3601 DIAPSALHA.

314 3716 475 3773 Terra
519 3728 662 3773 mota
699 3728 797 3786 est,
840 3728 887 3774 et
920 3734 980 3775 -ξ-
1025 3720 1213 3790 enim:
1259 3720 1374 3777 cwli
1404 3722 1781 3778 distillaverunt
1808 3739 1842 3778 a

248 3814 370 3884 facie
392 3812 494 3869 Dei
520 3813 674 3869 Sinni
792 3831 824 3867 a
854 3814 983 3885 facie
1013 3813 1112 3870 Dei
1140 3814 1308 3871 Israel
1336 3816 1358 3885 ζ

312 3903 560 3960 Plueiam
599 3906 950 3961 voluntariam
987 3907 1297 3979 segregabis,
1346 3909 1508 3979 Deus,
1551 3911 1845 3968 Inereditati

256 4007 349 4054 tate
377 4016 394 4053 :
428 4008 479 4055 et
511 4000 779 4069 inﬁrmata
807 4010 904 4072 est,
932 4011 986 4056 tu
1014 4016 1077 4057 -ε-
1101 4018 1223 4058 vero
1259 4002 1280 4071 ζ
1311 4007 1571 4076 perfecistt
1601 4023 1733 4062 eam.

314 4190 586 4247 Animalia
609 4200 697 4245 tua
724 4188 1028 4245 habitabant
1056 4192 1109 4246 in
1138 4209 1199 4246 ea
1226 4206 1246 4248 :
1270 4194 1466 4264 parasti
1486 4195 1539 4249 in
1580 4194 1851 4251 dulcedine

253 4310 511 4434 ceraticum
557 4308 659 4379 ipsi
700 4305 872 4361 David
907 4326 926 4364 :
973 4323 1036 4365 ac
1074 4310 1254 4366 statim
1300 4312 1353 4367 in
1398 4320 1548 4369 textu
1589 4313 1854 4368 benedicat

255 4399 317 4433 no
356 4399 420 4433 is.

255 4399 420 4433 110018.

318 4462 342 4488 η
382 4451 554 4529 Errat
596 4451 829 4529 Palatio.
867 4467 969 4529 ms.
1013 4453 1103 4519 qui
1148 4470 1306 4529 unam
1345 4465 1392 4529 et
1414 4456 1656 4529 voculam
1687 4457 1852 4529 ὀβελί-

254 4527 359 4598 ζει-.
393 4532 453 4598 ει
484 4522 790 4598 Diapsalma
818 4524 1166 4595 subsequenti
1200 4528 1378 4581 versui
1412 4528 1709 4598 subjuugit.

322 4594 350 4631 δ
396 4594 571 4648 Tacet
609 4594 838 4669 Palatio.
870 4610 988 4669 ms._
1005 4612 1301 4669 pronomen
1334 4598 1454 4669 ipsi.
1492 4594 1543 4652 In
1576 4594 1723 4653 textu
1757 4614 1853 4652 an-

258 4673 361 4721 tem
394 4664 854 4739 praepositionem
880 4666 1026 4720 verbi
1058 4667 1321 4739 Exsurgat
1346 4664 1507 4725 Solito
1530 4670 1690 4723 obelo
1718 4686 1853 4738 pra:-

2220 1678 2238 1719 '
2270 1696 2320 1736 tu
2350 1694 2531 1747 manu,
2568 1692 2801 1735 PSALIIUS
2833 1694 3045 1735 CANTICI
3073 1694 3252 1735 ωλι-ιι).

2010 1772 2283 1846 Exsurgat
2307 1774 2473 1841 Deus,
2507 1782 2563 1828 et
2592 1770 2931 1842 dissipentur
2958 1772 3163 1829 inimici
3192 1773 3333 1843 ejus,
3364 1781 3418 1827 et
3447 1772 3532 1829 fu-

1937 1869 2087 1941 giant
2109 1886 2137 1924 a
2164 1868 2303 1924 faeie
2331 1868 2471 1938 ejus,
2501 1866 2591 1938 qui
2619 1865 2853 1922 oderunt
2882 1881 3025 1922 eum.

2011 1962 2167 2020 Sicut
2205 1962 2389 2019 deﬁcit
2426 1963 2639 2029 fumus,
2674 1959 2967 2016 deﬁciant:
3013 1959 3154 2015 sicut
3194 1958 3313 2015 ﬂuit
3339 1974 3463 2017 cera
3500 1975 3533 2015 a

1940 2057 2082 2114 facie
2113 2058 2293 2129 ignis:
2331 2058 2414 2115 sic
2457 2064 2685 2127 pereant
2715 2063 3031 2125 peccatores
3073 2070 3104 2110 a
3144 2054 3281 2109 facie
3304 2054 3400 2111 Dei
3428 2095 3444 2124 ,
3483 2062 3542 2111 et

1941 2150 2069 2226 [Μδ.
2101 2160 2232 2207 tacet
2260 2150 2334 2223 et]
2359 2149 2490 2219 justi
2515 2149 2825 2219 epulentur.

2012 2240 2301 2297 Exsultent
2347 2239 2474 2313 [Ms.
2502 2247 2558 2296 et
2581 2236 2871 2312 exsultent]
2902 2237 2955 2295 in
2984 2246 3283 2310 conspectu
3310 2238 3406 2295 Dei
3434 2255 3447 2294 :
3480 2248 3538 2295 et

1940 2335 2285 2392 delectentur
2315 2334 2369 2389 in
2404 2333 2611 2411 latitia.

2012 2426 2244 2485 Cantate
2275 2428 2389 2484 Deo
2412 2470 2427 2495 ,
2465 2427 2732 2497 psalmum
2772 2426 2940 2483 dicite
2980 2427 3185 2483 nomini
3218 2426 3335 2498 ejus
3372 2442 3385 2482 :
3430 2426 3536 2482 iter

1941 2522 2104 2579 facite
2156 2523 2239 2593 ei,
2293 2522 2384 2593 qui
2432 2521 2681 2578 ascendit
2727 2536 2892 2592 super
2935 2535 3228 2589 occasum,
3274 2521 3539 2577 Dominus

1940 2632 2141 2673 nomen
2174 2626 2255 2672 est
2283 2617 2333 2672 ei
2365 2614 2494 2689 [Ms.
2527 2614 2650 2683 illi].

2013 2708 2258 2766 Gaudete
2286 2706 2416 2781 [Ms.
2448 2704 2738 2777 exsultate]
2771 2706 2821 2762 in
2849 2715 3148 2777 conspectu
3179 2707 3321 2776 ejus,
3349 2707 3537 2763 turba-

1941 2801 2144 2858 buntur
2186 2815 2216 2856 a
2248 2799 2387 2856 facie
2426 2799 2583 2870 ejus:
2619 2799 2790 2869 patris
2814 2797 3203 2870 rorphanorum
3237 2806 3292 2853 et
3326 2797 3531 2868 judieis

1944 2895 2252 2952 viduarum.

2018 2988 2165 3045 Deus
2199 2987 2255 3043 in
2288 2988 2409 3044 loco
2438 2995 2627 3042 sancto
2651 3000 2750 3042 suo
2780 3002 2793 3040 :
2821 2985 2967 3042 Deus
2992 2985 3081 3057 qui
3113 2984 3239 3059 [Ms.
3272 2992 3403 3041 tacet
3424 2982 3539 3057 qui]

1949 3082 2197 3139 habitare
2226 3080 2355 3138 facit
2381 3080 2664 3136 unanimes
2692 3079 2745 3135 in
2774 3078 2957 3135 domo.

2015 3175 2117 3245 Qui
2143 3174 2326 3231 educit
2352 3173 2564 3230 vinctos
2593 3173 2647 3228 in
2668 3171 2987 3227 fortitudine
3012 3187 3025 3225 :
3054 3169 3307 3227 similiter
3327 3178 3382 3227 et
3407 3168 3539 3243 [Ms.

1950 3275 2085 3321 tacet
2123 3266 2198 3338 et]
2228 3280 2326 3323 eos
2352 3266 2446 3338 qui
2484 3266 2539 3321 in
2579 3265 2716 3321 iram
2745 3272 3063 3335 provocant,
3093 3264 3183 3333 qui
3213 3262 3459 3320 habitant
3486 3263 3545 3319 in

1952 3360 2243 3429 sepulcris.

2022 3451 2189 3520 Deus,
2225 3450 2355 3508 dum
2387 3448 2727 3522 egredereris
2755 3457 2781 3497 ε
2802 3462 2985 3506 coram
3014 3448 3219 3520 populo
3251 3456 3379 3505 tuo:
3414 3447 3545 3505 dum

1952 3544 2412 3619 trausgredereris
2428 3559 2521 3617 per
2544 3544 2840 3600 desertum.
2859 3542 3184 3599 DIAPSALMA.
3202 3542 3370 3599 Terra
3396 3553 3547 3599 mota

1946 3649 2052 3699 851.

2020 3734 2235 3791 Etenim
2261 3733 2385 3790 cmli
2409 3731 2810 3789 distillaveruut
2837 3745 2866 3784 a
2892 3728 3025 3785 facie
3055 3730 3148 3785 Dei
3174 3746 3188 3785 :
3220 3745 3377 3786 mons
3405 3729 3538 3787 Sina

1948 3840 1978 3882 a
2011 3826 2145 3883 facie
2174 3824 2272 3882 Dei
2300 3824 2489 3881 Israel.

2019 3919 2259 3974 Pluviam
2300 3917 2662 3974 voluntariam
2711 3930 2999 3986 segregans
3042 3914 3173 3987 [.ils.
3222 3914 3490 3987 segrega]
3520 3957 3538 3985 ,

1949 4013 2112 4080 Deus,
2136 4011 2435 4068 haereditati
2472 4020 2608 4067 ture:
2635 4011 2838 4067 etenim
2862 4006 2991 4083 [Ms.
3031 4008 3398 4079 etJinlirmata
3434 4020 3539 4077 est,

1952 4112 2009 4160 tu
2033 4118 2164 4160 vero
2192 4103 2468 4175 perfecisti
2501 4118 2645 4158 eam.

2029 4197 2299 4252 Animalia
2334 4206 2421 4252 tua
2453 4194 2831 4251 inltabitabunt
2865 4195 2917 4250 in
2949 4210 3011 4251 ea
3047 4210 3059 4248 :
3092 4194 3297 4267 parasti
3332 4195 3384 4250 in
3422 4195 3546 4252 dul.

1960 4329 2100 4369 sum.
2138 4314 2237 4368 Ms.
2270 4312 2604 4369 Sorbonicns
2650 4312 2777 4377 legit
2822 4312 2938 4365 sine
2980 4319 3059 4367 et.
3097 4310 3191 4365 sed
3222 4310 3273 4364 in
3306 4312 3547 4381 margine

1963 4386 2129 4441 habet
2167 4386 2322 4439 istam
2365 4385 2607 4438 notulam
2637 4400 2651 4437 :
2688 4384 2774 4446 Et,
2810 4383 3024 4437 habetur
3044 4382 3098 4434 in
3136 4382 3458 4452 quibusdam.
3492 4383 3547 4437 In

1960 4456 2225 4511 Psalterio
2255 4456 2576 4511 Carnutensi
2606 4456 2863 4522 scriptum
2895 4463 3012 4507 erat
3044 4454 3215 4519 prima
3250 4470 3431 4515 manu,
3476 4454 3543 4507 Et

1958 4528 2211 4583 exsultate
2232 4568 2246 4591 ,
2276 4538 2407 4593 ctc.,
2440 4538 2624 4597 postea
2655 4542 2785 4581 vero
2826 4538 3138 4595 corruptum
3169 4535 3250 4579 est
3279 4526 3347 4579 ab
3372 4527 3545 4595 impe-

1961 4600 2067 4654 rito
2096 4598 2465 4653 emendatore.
2510 4598 2683 4652 Man'r.

2036 4682 2057 4707 υ
2102 4674 2206 4725 Pro
2256 4671 2555 4736 unanimes,
2599 4667 2876 4722 Palatinus
2926 4683 3027 4721 ms.
3074 4678 3128 4724 et
3178 4669 3347 4723 Carus
3396 4667 3548 4720 unius

259 4746 429 4821 notat.
479 4736 916 4821 §ubscqucntem
954 4736 1305 4821 etncopulam
1364 4756 1462 4821 nos
1509 4741 1578 4821 ad
1638 4736 1849 4821 lle_b_ra:i
1884 4761 1933 4821 D
1958 4742 2122 4821 moris
2152 4743 2353 4821 legunt.
2385 4742 2607 4821 propius
2633 4738 2836 4821 _Gr;rco
2863 4740 3231 4821 pavor,oérrou;-
3362 4736 3549 4818 Αιιεψ-

260 4816 442 4862 textus
476 4807 641 4862 ﬁdem
672 4823 802 4862 veru
842 4807 1208 4877 contudimus,
1248 4826 1310 4865 ac
1339 4812 1577 4866 vicissim
1609 4812 1675 4866 ad
1708 4812 1851 4868 idem

258 4881 629 4955 archetypum
671 4893 794 4955 cum
820 4878 1074 4955 Palatino
1120 4897 1223 4955 ms.
1258 4890 1313 4935 et
1352 4883 1472 4938 Cari
1502 4900 1713 4955 quoque
1743 4884 1858 4955 edi-

263 4950 407 5005 tione
434 4950 696 5027 alteram,
744 4950 835 5027 u_bi
863 4951 1083 5027 dicitur,
1111 4962 1157 5007 et
1198 4954 1425 5027 fugiant,
1454 4950 1855 5011 ab'eo'exemi-

258 5036 399 5145 Ellis,
436 5036 547 5091 quo
572 5025 850 5077 immerito
872 5037 901 5075 a
929 5023 1326 5081 lllartianzno'ct
1351 5023 1553 5081 Grabio
1587 5034 1858 5097 praenota-

296 5108 323 5145 a
354 5108 441 5145 ur.

296 5102 441 5146 alur.

328 5174 349 5201 ε
396 5162 633 5218 Rectius
662 5161 939 5238 Palatinus
962 5179 1067 5238 ms.
1093 5180 1216 5219 cum
1241 5166 1401 5221 obelo
1429 5167 1598 5233 ipsam
1628 5180 1674 5221 et
1698 5184 1863 5238 copu-

261 5232 364 5309 lam
397 5235 797 5309 praetermittit.
842 5234 951 5309 Nos
984 5236 1305 5309 Diapsnlma,
1351 5232 1494 5307 quad
1534 5238 1657 5295 huic
1688 5232 1859 5294 versi-

262 5305 383 5381 culo
404 5307 458 5359 in
494 5305 796 5360 Martiantei
823 5305 1433 5381 editione'subjunctum
1457 5321 1595 5373 erat,
1625 5312 1691 5364 ad
1722 5310 1867 5381 ejus-

275 5375 399 5453 gem
431 5391 587 5453 _ms_.,
625 5386 735 5431 tum
773 5379 1008 5433 intexime
1040 5375 1247 5435 Hebraei
1277 5390 1476 5447 textus,
1509 5392 1669 5453 atque
1698 5375 1867 5453 ipsius

264 5445 334 5502 Gr
348 5448 448 5519 geci
482 5446 648 5501 ﬁdem
681 5453 1059 5519 expunximus.

340 5516 720 5600 {Depravata
751 5516 925 5600 'd0c_ct
954 5521 1328 5600 _llierony_mus
1356 5524 1704 5600 exemplaria
1728 5567 1742 5590 ,
1775 5524 1866 5600 ubi

268 5591 591 5658 conjunctio
632 5600 680 5645 et
725 5606 833 5645 non
865 5591 1063 5655 legitur
1107 5610 1120 5645 :
1170 5591 1248 5649 sic
1288 5597 1430 5650 enim
1481 5591 1752 5650 scribebat
1799 5595 1867 5651 ad

271 5658 450 5738 Sunii.
482 5672 536 5738 et
582 5660 781 5738 Fretel.
823 5680 833 5715 :
870 5660 1144 5738 Exsultale
1169 5664 1248 5738 in
1271 5677 1538 5738 conspectu
1571 5671 1681 5738 ejus
1722 5684 1738 5724 :
1774 5683 1868 5736 pro

270 5748 383 5800 quo
416 5733 465 5785 in
492 5732 686 5787 GI‘LIICO
728 5732 999 5789 invenisse
1030 5749 1123 5788 vos
1151 5736 1326 5790 dicitis
1351 5782 1363 5803 ,
1395 5732 1467 5791 Et
1514 5732 1785 5792 exsultate'
1816 5739 1866 5791 in

275 5813 553 5872 conspectu
591 5806 723 5876 ejus.
760 5805 912 5871 Quod
947 5807 1019 5860 ita
1050 5822 1265 5862 versum
1295 5820 1380 5864 est
1409 5818 1463 5863 et
1489 5824 1518 5863 a
1552 5812 1741 5876 nobis,
1773 5809 1869 5865 sed

282 5888 311 5931 tt
344 5890 447 5947 quo
473 5877 527 5933 in
552 5875 740 5931 codice
766 5885 946 5931 vestro
968 5890 1283 5949 corruptum
1313 5881 1404 5950 sit,
1436 5881 1576 5940 scire
1609 5897 1714 5939 non
1732 5875 1868 5956 pos.

577 5972 853 6035 Pa'raon.
898 5972 1147 6036 XXIX.

1963 4816 2157 4875 stinus,
2188 4810 2271 4864 cui
2299 4822 2350 4865 et
2376 4821 2499 4865 nota
2524 4812 2683 4865 lentio
2708 4810 2935 4875 utraque
2966 4810 3085 4877 luit,
3114 4810 3370 4879 prmi-alit,
3396 4810 3550 4861 unius

1964 4885 2103 4938 modi
2133 4900 2151 4937 :
2192 4884 2295 4951 Qui
2322 4884 2489 4956 enim,
2522 4881 2746 4956 inquit,
2784 4882 2968 4956 sponsi
3006 4881 3182 4935 Graece
3208 4880 3471 4946 dicuntur,
3505 4889 3551 4933 et

1966 4956 2109 5009 modi
2137 4965 2184 5007 et
2216 4970 2381 5008 mores
2416 4953 2598 5007 Latine
2624 4953 2955 5020 interpretari
2983 4963 3215 5021 possunt.

2044 5024 2065 5064 ί
2108 5026 2297 5091 Vaeat,
2333 5034 2390 5079 ut
2413 5025 2668 5092 diximus,
2698 5026 2752 5078 in
2785 5022 3080 5079 Veroncnsi
3114 5037 3214 5077 ms.
3246 5020 3549 5091 supplendo

1968 5098 2126 5152 titulo
2156 5098 2406 5169 spatium.

2046 5178 2071 5215 Β
2112 5164 2374 5238 Corruple
2407 5167 2707 5222 Veronens.
2738 5181 2866 5231 ms.,
2914 5164 3262 5238 εξῃνριιξε-ιίίδἈ
3285 5172 3339 5238 et
3384 5179 3507 5238 mox
3533 5204 3550 5230 ,

1974 5235 2367 5311 transgredieris
2420 5241 2471 5293 in
2519 5238 2757 5311 deserto,
2794 5252 2983 5311 _ne_que
3032 5235 3178 5311 addit
3230 5235 3553 5311 Diapsalnta.
3608 5240 3613 5245 ’

1974 5306 2335 5380 Subsequenti
2364 5326 2544 5370 versu.
2573 5328 2604 5361 α
2629 5306 3082 5380 [αεὶεᾷοεὶοδιηαῂ
3110 5322 3208 5375 pro
3231 5308 3555 5380 mons_Sina,

1974 5382 2119 5451 qum!
2161 5377 2229 5437 ab
2261 5381 2555 5450 exemplari
2588 5394 2687 5433 suo
2731 5378 3024 5451 abhorrere
3054 5379 3168 5447 ipse
3196 5389 3345 5451 notat
3370 5377 3555 5447 Augu-

1974 5449 2170 5521 stinus,
2205 5455 2290 5508 ubi
2320 5453 2415 5517 ait,
2447 5451 2671 5517 Quidam
2698 5450 2897 5521 codices
2921 5461 2965 5503 et
2994 5449 3162 5503 Latini
3187 5461 3233 5503 et
3260 5450 3427 5503 Grteci
3456 5465 3559 5503 non

1976 5520 2198 5579 habent:
2247 5541 2401 5579 mons
2427 5523 2591 5578 Sina:
2633 5525 2745 5583 sed,
2791 5537 2817 5572 τι
2851 5520 2988 5575 facie
3021 5521 3119 5577 Dei
3163 5522 3293 5576 Sina
3316 5564 3330 5586 ,
3363 5537 3391 5574 a
3425 5520 3559 5574 facie

1976 5594 2069 5649 Dei
2100 5597 2285 5651 Israel.
2317 5595 2535 5653 Verum.
2579 5602 2638 5647 ut
2680 5592 2936 5657 diximus,
2972 5592 3108 5659 haec,
3142 5610 3259 5661 qua:
3293 5592 3560 5661 posterior

1976 5682 2166 5720 manus
2195 5668 2488 5736 supplevit,
2522 5665 2651 5719 folia
2675 5664 2741 5716 ab
2770 5663 2909 5718 alius
2933 5664 3265 5718 recensionis
3297 5663 3434 5716 libro
3459 5661 3559 5715 de-

1974 5737 2175 5864 selripta
2205 5748 2361 5801 sunt,
2408 5752 2529 5807 qua:
2558 5736 2692 5793 adeo
2724 5749 3041 5810 comparare
3072 5752 3195 5793 cum
3225 5736 3558 5806 Augustino,

1974 5822 2085 5864 mn
2129 5818 2371 5864 Interest.

1972 5807 2103 5866 nillil
2129 5810 2371 5868 interest.

3297 5976 3337 6039 8
