4090 6338
551 265 660 322 235

549 399 639 445 tua
668 379 916 455 pauperi,
950 378 1111 436 Deus.

625 476 879 531 Dominus
892 474 1033 530 dabit
1046 472 1250 530 verbum
1266 470 1754 547 evangelisantibus,
1773 474 1958 531 virtute
1968 474 2149 530 multa.

620 568 737 625 Rex
764 570 1011 624 virtutum
1049 572 1115 636 >ί<
1141 567 1317 623 dilecti
1349 566 1373 637 1
1400 577 1449 623 et
1488 568 1679 640 speciei
1709 566 1893 624 domus
1924 568 2154 624 dividere

545 663 736 736 spolio.
1516 728 1537 735 ι

626 757 685 813 Si
717 755 991 812 dormiatis
1021 755 1155 811 inter
1184 755 1380 812 medios
1410 754 1572 811 cleros
1597 770 1778 824 pennis
1797 754 2043 811 columba:
2066 755 2155 808 de-

542 859 862 922 argentatas:
894 858 944 905 et
973 850 1263 920 posteriora
1294 853 1360 918 )a(
1387 847 1528 904 dorsi
1562 846 1586 917 1
1615 848 1727 918 ejus
1754 848 1807 902 in
1836 847 2036 920 pallore
2063 861 2154 899 au-

546 945 615 1000 ri.
655 944 962 1001 Drusum
995 962 1007 997 :
2028 932 2035 937 ’

554 1024 563 1031 ’
624 1035 762 1090 Dum
788 1035 1033 1091 discernit
1065 1032 1282 1090 caelestis
1310 1048 1454 1105 reges
1479 1025 1632 1107 super
1660 1048 1796 1100 eam,
1835 1033 1949 1088 nive
2006 1029 2155 1087 deal-

550 1129 809 1186 babuntur
838 1126 1155 1197 inSelmon,
1190 1143 1336 1183 mons
1364 1126 1464 1183 Dei
1494 1143 1640 1184 mons
1663 1125 1892 1199 pinguis.

624 1220 780 1276 Mons
800 1221 1126 1294 coagulatus,
1178 1236 1325 1276 mons
1380 1219 1629 1292 pinguis:
1658 1226 1717 1274 ut
1746 1217 1873 1291 quid
1917 1217 2153 1290 suspica-
2212 1296 2217 1299 ‘

548 1315 675 1370 mini
707 1324 904 1370 montes
933 1311 1274 1385 coagulatos?

595 1406 845 1485 .Monsin
868 1422 969 1478 quo
997 1404 1377 1475 beneplacitum
1400 1412 1478 1460 est
1510 1402 1620 1461 Deo
1673 1402 1903 1460 habitare
1949 1402 2003 1459 in
2047 1418 2151 1459 eo:

548 1504 737 1559 etenim
765 1501 1019 1557 Dominus
1050 1500 1302 1557 habitabit
1331 1510 1356 1539 ι
1383 1502 1437 1556 in
1468 1501 1648 1573 ﬁnem.

614 1682 811 1738 Curras
842 1680 941 1737 Dei
965 1681 1139 1738 decem
1164 1679 1396 1737 millibus
1418 1678 1715 1751 multiplex,
1741 1678 1910 1734 millia
1956 1657 2153 1735 ilaztan-

547 1775 679 1831 tium
700 1791 722 1833 :
751 1774 1001 1833 Dominus
1027 1776 1081 1831 in
1102 1774 1175 1830 eis
1199 1772 1227 1814 ιι
1336 1775 1392 1829 in
1423 1772 1446 1844 1
1478 1772 1613 1831 Sina
1637 1774 1691 1829 in
1711 1781 1907 1829 sancto.

620 1936 911 1993 Ascendisti
944 1937 998 1992 in
1038 1936 1227 2006 altum,
1269 1934 1450 2009 cepisti
1477 1933 1866 2007 captivitatem:
1903 1929 2148 2002 accepisti

546 2034 684 2089 dona
704 2034 759 2088 in
797 2031 1117 2088 hominibus.

617 2169 825 2226 Etenim
854 2185 958 2224 non
987 2166 1247 2224 credentes
1279 2176 1301 2206 ο
1325 2164 1619 2222 inhabitare
1644 2160 1924 2222 Dominum
1951 2161 2137 2218 Deum.

614 2348 921 2405 Benedictus
944 2346 1199 2402 Dominus
1226 2344 1311 2401 die
1326 2343 1559 2417 quotidie
1580 2358 1598 2399 :
1620 2358 1926 2415 prosperum
1946 2340 2044 2396 iter
2064 2339 2145 2413 {a-

542 2442 639 2499 ciet
661 2443 804 2498 nobis
831 2436 1313 2497 Deussalutarium
1340 2447 1657 2494 nostrorum.
1685 2437 2014 2493 Durssuta.

616 2532 757 2590 Deus
784 2542 977 2599 noster,
1002 2529 1141 2588 Deus
1157 2531 1329 2587 salvos
1356 2544 1417 2587 ἐν
1443 2530 1669 2601 faciendi
1697 2528 1720 2599 1
1744 2539 1793 2585 et
1824 2528 2039 2585 Domini
2074 2531 2141 2598 ξμς(

545 2629 761 2685 Domini
792 2628 815 2698 1
848 2628 1017 2683 exitus
1038 2626 1242 2683 mortis.

620 2723 980 2779 Verumtamen
1011 2718 1153 2776 Deus
1183 2719 1468 2792 confringet
1486 2717 1658 2790 capita
1675 2717 2000 2773 inimicorum
2016 2733 2139 2773 suo-

532 2833 672 2886 rum,
703 2816 941 2871 verticem
964 2810 1142 2885 capilli
1172 2827 1235 2869 +
1259 2811 1388 2885 per1
1433 2810 1810 2866 ambulantium
1838 2810 1893 2866 in
1939 2808 2140 2865 delictis

541 2910 668 2965 suis.

610 3001 757 3057 Dixit
798 3000 1084 3057 Dominus:
1125 2995 1211 3056 Ea:
1257 2996 1451 3069 Basan,
1494 3007 1808 3069 convertam,
1850 3008 2137 3055 convertam

540 3096 594 3152 in
621 3095 939 3168 profundum
968 3094 1148 3150 maris.

1557 261 1619 321 S.
1658 261 2046 321 IIIERONYMI
2085 261 2323 323 DiVINA
2363 262 2844 322 BIBLIOTIIECA.

2182 383 2233 443 Α
2262 380 2455 439 cedine
2483 391 2571 438 tua
2597 394 2865 453 pauperes
2892 377 3022 454 [Ms.
3055 376 3329 452 pauperi].
3363 378 3529 436 Deus.

3740 262 3856 322 236

2331 476 2598 532 Dominus
2637 475 2794 533 dabit
2821 474 3052 533 verbum
3081 472 3623 547 evangelizantibus,
3655 471 3861 531 virtute

2257 571 2424 627 multa
2455 589 2467 624 :
2498 554 2594 627 rex
2620 570 2884 626 virtutum
2912 568 3119 639 dilecti,
3144 577 3199 627 et
3224 568 3432 641 speciei
3463 566 3591 643 [Ms.
3619 563 3862 640 species]

2257 665 2452 721 domus
2482 663 2730 720 dividere
2759 663 2956 733 Spolia.

2327 757 2383 814 Si
2416 756 2707 813 dormiatis
2736 757 2880 812 inter
2908 754 3040 831 [Με.
3073 753 3151 828 in]
3184 753 3392 811 medios
3416 752 3627 820 cteros.
3661 765 3863 826 penna:

2256 851 2527 908 columba:
2566 848 2975 921 deargentaltn,
3024 857 3081 904 et
3112 849 3415 919 posteriora
3457 846 3606 903 dorsi
3644 845 3764 918 ejus
3802 845 3863 901 in

2256 944 2443 1017 specie
2468 943 2607 999 auri.
2636 943 2941 999 DIAPSALIA
2970 940 3097 1015 [11s.
3120 948 3255 996 tacet
3283 938 3634 1011 Diapsalma].

2328 1036 2466 1091 Dum
2508 1034 2772 1091 discernit
2819 1034 3061 1090 caelestis
3101 1047 3258 1107 reges
3299 1048 3467 1106 super
3507 1047 3628 1090 eam
3670 1047 3686 1089 :
3731 1031 3863 1091 nive

2256 1128 2661 1186 dealbabuntur
2691 1128 2744 1183 in
2778 1128 3024 1185 Selmon.

2328 1221 2565 1277 Montem
2586 1220 2706 1293 Dei,
2731 1230 2970 1278 montem
2995 1220 3256 1278 uberem:
3281 1234 3438 1276 mons
3459 1217 3484 1256 ά
3508 1218 3854 1293 coagulatus,

2255 1331 2412 1374 mons
2442 1314 2679 1388 pinguis.

2330 1411 2400 1468 Ut
2428 1410 2557 1481 quid
2599 1410 2878 1482 suscipitis
2909 1418 3149 1467 montem
3182 1408 3443 1467 uberem?
3473 1424 3631 1467 mons
3662 1410 3716 1467 in
3747 1424 3861 1482 quo

2253 1504 2658 1575 bencplacitum
2689 1513 2773 1561 est
2799 1505 2910 1561 Deo
2942 1504 3190 1562 habitare
3213 1505 3266 1562 in
3296 1520 3365 1562 eo
3391 1524 3403 1560 :
3435 1503 3637 1562 etenim
3663 1504 3858 1561 Domi-

2254 1613 2357 1655 nus
2385 1598 2649 1655 habitabit
2672 1613 2844 1670 usqnc
2877 1598 2929 1655 in
2962 1598 3147 1654 linem.

2324 1689 2533 1747 Currus
2576 1690 2674 1748 Dei
2711 1690 2902 1749 decem
2933 1690 3160 1750 millium
3193 1690 3515 1767 multiplex,
3564 1690 3729 1749 millia
3763 1691 3863 1748 la:-

2180 1789 2226 1851 B
2258 1786 2505 1840 tantium.

2325 1877 2590 1933 Dominus
2631 1876 2685 1933 in
2730 1874 2837 1933 illis
2867 1875 2920 1933 in
2950 1875 3082 1933 Sina
3112 1875 3166 1932 in
3196 1885 3389 1933 sancto
3410 1919 3426 1947 ,
3468 1875 3770 1935 ascendens
3805 1876 3861 1934 in

2249 1969 2419 2026 altum
2454 1986 2467 2025 :
2501 1969 2771 2041 captivam
2797 1969 2954 2027 duxit
2980 1970 3379 2043 captivitatem,
3407 1970 3558 2028 dedit
3587 1970 3728 2027 dona
3760 1970 3862 2028 bo-

2253 2062 2517 2121 minibus.

2320 2155 2537 2213 Etenim
2578 2170 2687 2213 non
2729 2153 2967 2213 credunt
3002 2153 3341 2215 inhabitare:
3386 2155 3656 2216 Dominus
3706 2154 3861 2216 Deus

2248 2248 2591 2307 benedictus.

2320 2342 2644 2400 Benedictus
2681 2341 2940 2400 Dominus
2984 2342 3054 2402 de
3087 2343 3178 2402 die
3209 2345 3267 2401 in
3302 2344 3480 2405 diem:
3522 2361 3857 2418 prosperum

2248 2435 2355 2493 iter
2386 2435 2548 2492 faciet
2587 2435 2749 2492 nobis
2790 2436 2932 2493 Deus
2974 2438 3226 2495 εειιυωτὶς
3260 2451 3482 2497 noster:
3516 2440 3854 2496 Durum“.

2246 2529 2393 2586 Deus
2423 2536 2635 2597 noster,
2669 2529 2818 2588 Deus
2846 2529 3027 2587 salvos
3050 2531 3380 2603 laciendi,et
3421 2531 3638 2590 Domini
3670 2534 3858 2591 exitus

2243 2623 2458 2680 mortis.
3602 2650 3603 2653 η

2323 2714 2708 2773 Verumtamen
2725 2716 2870 2774 Deus-
2895 2718 3283 2791 cnttqttassabit
3296 2718 3424 2794 [Μς.
3441 2720 3854 2794 αοηιιυςιεεεινῖι]

2241 2808 2415 2880 capita
2449 2807 2795 2865 inimicorum
2828 2824 3081 2881 suorum,
3119 2814 3375 2869 verticem
3412 2813 3594 2887 capilli
3624 2828 3851 2885 peram-

2240 2902 2549 2959 bulantium
2575 2904 2628 2957 in
2659 2902 2876 2960 delictis
2903 2905 3038 2960 suis.

2314 2994 2474 3051 Dixit
2496 2996 2790 3054 Dominus:
2817 2996 2899 3053 Ex
2921 2997 3096 3054 Basm
3127 3008 3437 3068 convertar,
3466 3011 3761 3059 convertar
3793 3002 3851 3059 in

2239 3085 2572 3161 profundum
2604 3088 2801 3145 maris:
2840 3099 2863 3128 ο
2894 3089 3069 3148 donec
3118 3090 3415 3165 intingatur
3464 3109 3559 3165 pes
3613 3103 3736 3151 tuus
3791 3095 3846 3150 in

616 3189 684 3246 Ut
717 3190 1007 3264 intingatur
1040 3205 1128 3261 pes
1152 3196 1273 3253 tuus
1307 3187 1361 3242 in
1390 3185 1647 3261 sanguine
1681 3202 1701 3241 :
1748 3186 1926 3260 lingua
1946 3202 2136 3243 canum
2166 3191 2211 3255 C
2242 3182 2526 3253 sanguine.

536 3291 743 3339 tuorum
764 3298 829 3337 ea:
856 3281 1077 3336 inimicis
1123 3279 1188 3335 ab
1217 3283 1352 3349 ipso.

615 3376 872 3433 Viderunt
895 3376 1157 3448 ingressus
1184 3381 1321 3440 tuos,
1348 3371 1514 3443 Deus,
1546 3373 1808 3448 ingressus
1857 3371 1955 3428 Dei
1998 3372 2131 3443 ntei,

538 3471 675 3544 regis
705 3470 806 3527 mei
834 3484 896 3526 ot—
929 3468 1019 3541 qui
1048 3476 1121 3523 est
1153 3466 1176 3537 1
1204 3469 1259 3522 in
1282 3475 1482 3522 sancto.

617 3561 985 3618 Pravenerunt
1042 3560 1300 3632 principes
1348 3558 1615 3631 conjuncti
1675 3556 2034 3631 psallentibus,
2082 3559 2138 3614 in

542 3654 717 3711 medio
740 3650 1158 3728 juvencularum,
1185 3652 1686 3723 tympanistriarum.
1715 3652 2039 3709 Dursnura.

613 3744 679 3803 In
695 3744 923 3803 ecclesiis
945 3742 1226 3801 benedicite
1239 3740 1351 3798 Deo
1368 3741 1611 3814 Domino,
1630 3743 1693 3799 de
1706 3743 1929 3818 fontibus
1944 3742 2132 3801 Israel.

612 3925 696 3983 Ibi
722 3922 1000 4000 Benjamin
1026 3920 1466 3994 adolescentulus,
1495 3921 1549 3978 in
1570 3922 1751 3980 mentis
1781 3939 2009 3980 excessu.

611 4018 886 4092 Principes
910 4015 1077 4084 Iuda,
1109 4015 1263 4073 duces
1310 4031 1522 4071 eorum:
1544 4016 1801 4089 principes
1852 4013 2088 4072 Zabulon
2115 4057 2131 4085 ,

540 4115 797 4188 principes
820 4110 1126 4185 Nephthali.
1592 4171 1599 4175 θ

613 4204 833 4270 Mando,
853 4201 1012 4271 Deus,
1042 4201 1215 4259 virtuti
1239 4210 1373 4259 tuae:
1401 4201 1652 4276 conﬁrma
1676 4201 1796 4276 hoc,
1821 4200 2135 4277 Deus,'quod

542 4304 782 4373 operatus
810 4312 863 4353 es
886 4295 942 4351 in
972 4293 1141 4352 nobis.

2317 3275 2521 3348 Lingua
2550 3291 2746 3333 canum
2778 3285 2996 3335 tuorum
3020 3295 3085 3335 ex
3115 3277 3354 3337 inimicis
3380 3281 3448 3337 ab
3479 3282 3597 3354 ipso
3631 3299 3645 3336 :
3686 3279 3705 3319 τ
3740 3281 3852 3337 visi

2243 3378 2370 3425 sunt
2395 3383 2617 3441 gressus
2650 3370 2749 3437 tui,
2784 3371 2951 3443 Deus,
2983 3370 3265 3446 ingressus
3294 3372 3390 3431 Dei
3420 3374 3525 3431 mei
3556 3375 3724 3448 regis,
3747 3375 3851 3448 qui

2243 3470 2328 3517 cst
2350 3462 2403 3517 in
2427 3471 2619 3519 sancto
2638 3462 2829 3534 ipsius.
3346 3466 3353 3469 ’

2314 3552 2709 3610 Praavenerunt
2734 3556 3008 3629 principes
3031 3558 3317 3630 conjuncti
3360 3558 3754 3631 psallentibus,
3791 3565 3851 3618 in

2242 3644 2426 3702 medio
2451 3646 2714 3717 juveuum
2745 3648 3309 3720 tympanistariarum.
3346 3653 3683 3710 Durum“.

2313 3739 2371 3796 lu
2393 3742 2642 3798 ecclesiis
2656 3742 2968 3801 benedicite
2992 3744 3285 3803 Dominum
3316 3747 3481 3803 Deum
3504 3747 3573 3805 de
3595 3747 3851 3806 fontibus

2238 3834 2426 3894 lsrael.

2308 3930 2387 3986 lbi
2436 3930 2726 4001 Beniamin
2749 3932 3166 3995 adolescentior
3211 3934 3264 3993 in
3290 3951 3523 4009 pavore,
3558 3937 3850 4010 principes

2237 4024 2414 4093 Juda,
2470 4025 2641 4083 duces
2671 4043 2861 4085 eorum
2896 4042 2913 4087 ε
2957 4032 3236 4102 principis
3280 4031 3559 4104 Zabulon,
3613 4044 3670 4092 et
3705 4034 3848 4109 ["3.

2237 4128 2341 4175 tae.
2372 4116 2450 4191 et]
2474 4120 2748 4192 principes
2771 4121 3086 4194 Nepbtbali.

2311 4212 2525 4279 Mando,
2547 4213 2690 4271 Deus
2706 4256 2721 4282 ,
2739 4223 2765 4263 8
2780 4216 3032 4274 virtutem
3059 4226 3205 4276 tuam
3226 4219 3519 4279 :conlirma
3548 4218 3653 4277 hoc
3666 4218 3845 4288 Deus,

2237 4304 2384 4379 quod
2414 4315 2676 4378 operatus
2692 4323 2753 4365 es
2781 4308 2835 4366 in
2862 4308 3020 4369 nobis
3040 4327 3068 4367 a
3095 4316 3298 4385 templo
3325 4321 3516 4372 sancto
3550 4322 3663 4381 tuo,
3692 4313 3845 4387 quod

618 4537 643 4566 ι
686 4525 975 4597 Perperam
1028 4520 1083 4576 in
1134 4518 1259 4577 cod.
1310 4517 1558 4575 Palatino
1608 4515 1776 4575 verba
1830 4518 1886 4575 in
1942 4490 2134 4592 ﬁnem',
2168 4525 2392 4591 υηιξηῑ,
2429 4522 2831 4586 υοηιὶπξεχξιιη
2861 4533 3063 4589 mam}.

547 4599 708 4659 obolo
738 4600 1129 4668 prmnotautur.

616 4671 645 4711 δ
670 4670 725 4725 in
741 4659 1001 4724 Palatino
1020 4678 1121 4719 ms.
1138 4676 1398 4735 perquam
1425 4670 1578 4717 recte
1600 4659 1900 4735 adillebrmi
1914 4680 2143 4735 unoque

550 4752 730 4799 textus
760 4739 920 4811 ﬁdem
953 4736 1102 4807 prior
1129 4737 1335 4811 istlta-_c_
1360 4734 1415 4788 in
1445 4734 1763 4811 praepositio
1794 4734 2140 4806 confoditur,

544 4815 761 4888 quodet
790 4805 1073 4882 probatum
1096 4814 1180 4888 est
1211 4805 1389 4888 nobis.

624 4895 646 4925 ο
688 4876 839 4939 Idem
862 4896 965 4935 ms.
994 4877 1221 4949 pra'llxo~
1248 4876 1319 4932 de
1360 4890 1514 4949 more
1544 4876 1914 4949 pra‘positioni
1946 4878 2139 4947 nbelo,

553 4972 610 5014 ~2—
651 4958 703 5011 in
736 4956 759 5024 1
789 4944 1041 5007 habitare.
1072 4947 1224 5024 Quod
1249 4946 1506 5024 sequitur
1521 4944 1868 5024 ,ζὶὶαρδιξιηιαἱ
1909 4944 2139 5024 alterum

547 5017 874 5095 adlmc'post
896 5036 1109 5095 versum
1141 5019 1294 5095 idem
1325 5033 1424 5072 ms.
1458 5017 1657 5095 dim-rt.
1707 5019 2017 5095 Recolenda
2044 5038 2137 5077 an.

549 5107 657 5155 tem
686 5089 772 5152 hic
798 5104 883 5151 est
908 5103 1014 5149 tota
1042 5092 1102 5148 S.
1141 5090 1318 5147 Patris
1358 5089 1616 5159 pericope
1642 5092 1693 5144 in
1727 5090 1825 5146 bos
1846 5107 2039 5147 versus
2070 5110 2135 5148 ex

549 5170 721 5238 Epist.
760 5168 826 5221 ad
870 5165 1129 5238 Sunuiam
1178 5170 1235 5218 ct
1278 5159 1318 5216 F
1324 5160 1574 5226 reiciam,
1631 5177 1794 5231 quam
1851 5161 2136 5220 brevitatis

546 5234 719 5312 gratia
748 5234 1232 5307 prtcterutittimus.
1276 5302 1288 5312 _
1321 5274 1339 5301 ,

616 5308 642 5347 ά
666 5302 962 5365 Veronens.
979 5320 1257 5370 ms.,mons
1272 5302 1593 5368 incaseatus,
1607 5318 1753 5358 mons
1768 5302 1908 5360 uber.
1930 5304 1998 5362 Ut
2014 5308 2137 5376 quid

545 5380 839 5453 suscepistis
872 5376 1327 5453 (prosuscipitis)
1360 5383 1559 5430 montes
1586 5383 2131 5453 caseatos,_montem,

546 5454 601 5507 in
632 5447 956 5523 qu'oqptacuit
984 5447 1117 5514 Deo,
1149 5456 1255 5503 etc.
1278 5462 1299 5523 _;
1328 5456 1379 5502 et
1414 5462 1568 5523 mox,
1593 5447 1967 5523 degemmillia
1999 5452 2132 5504 ntul-

546 5518 707 5595 tiplea:
726 5518 1060 5595 lra'tantium:
1090 5528 1142 5574 cl
1174 5518 1485 5595 pauln_pust
1505 5518 1603 5595 ,_in
1645 5518 1881 5595 SinAai_in
1909 5520 2127 5588 Sancto,

543 5589 823 5650 ascendisti
862 5591 915 5662 in
945 5589 1104 5662 altum
1126 5631 1138 5654 ,
1171 5600 1277 5662 etc.
1326 5589 1461 5644 Tum
1496 5591 1671 5644 altero
1701 5591 1769 5645 ab
1800 5589 1901 5647 hoc
1933 5608 2123 5662 versu,

544 5665 852 5721 Benedictus
885 5660 1134 5734 Dominus
1160 5661 1242 5713 die
1270 5662 1527 5734 quotidie,
1558 5678 1859 5734 prosperum
1903 5663 1999 5718 iter
2028 5660 2129 5719 no;

542 5738 637 5806 bis,
686 5737 892 5805 absque
938 5732 1131 5806 faciet:
1167 5731 1895 5806 nequenaddit:Diapsalma
1919 5751 1939 5789 :
1976 5736 2129 5806 addit

546 5802 677 5870 vero
706 5802 945 5865 alterum
966 5802 1180 5860 Domini
1210 5816 1329 5860 cum
1360 5802 1625 5876 Vulgatis,
1651 5803 1741 5862 ubi
1766 5805 1987 5878 dicitur,
2014 5804 2128 5864 Do-

2317 4597 2669 4686 ξίνυγυιξεξιε.
2696 4618 2798 4657 tus.
2830 4614 2891 4686 ut,
2912 4605 3187 4686 intinguatt
3208 4621 3235 4658 r
3259 4604 3512 4686 (August.
3540 4610 3845 4686 tinguatur)

2246 4669 2557 4751 paulopnst
2581 4672 2844 4745 ingressus
2877 4677 2949 4728 tui
2973 4669 3154 4751 ΔΙΙιῖιιδ,
3186 4669 3317 4751 ςιό..
3342 4750 3349 4751 ί
3370 4669 3429 4733 in
3463 4669 3841 4751 queni'locmti

2245 4740 2447 4824 vide-sis
2469 4740 3060 4824 lliero'nyunnnepisn
3082 4749 3147 4802 ad
3181 4740 3597 4813 Sttnttianr.'ctc.
3627 4754 3683 4810 In
3729 4754 3843 4811 ﬁne

2245 4814 2505 4893 versiculi
2539 4814 2834 4893 prpnumcn
2865 4818 3027 4886 ipsius
3058 4829 3229 4893 tacet:
3258 4831 3368 4893 tum
3400 4824 3559 4880 habet
3586 4826 3843 4893 iuvencu-

2246 4882 2438 4966 l'arum,
2470 4882 2567 4966 pro
2581 4882 3055 4966 jurenuaneque
3074 4892 3222 4966 addit
3252 4882 3684 4966 Diopsalmafct,
3719 4895 3839 4952 Deo

2244 4952 2497 5033 Domino,
2521 4952 2686 5012 lta'ltet
2708 4975 2805 5033 pro
2830 4952 3116 5033 Dominum
3142 4961 3333 5033 Deum,
3353 4952 3470 5020 'elc.

2322 5024 2340 5064 τ
2377 5026 2453 5081 De
2487 5024 2880 5109 boc_vcr$iculo
2903 5032 3290 5109 _lliernuymus
3320 5024 3497 5109 'tuulta
3545 5030 3833 5109 disseruit,

2243 5111 2475 5181 munt-ns
2505 5101 2793 5181 Scriptoris
2821 5102 3009 5159 vitium
3050 5101 3501 5181 relinquendum,
3531 5112 3621 5181 qui
3655 5101 3836 5166 nanti;

2243 5174 2483 5251 nativum
2513 5174 2694 5251 posuit
2729 5189 2825 5251 pro
2867 5177 3189 5251 accusativo
3223 5195 3235 5228 :
3281 5179 3405 5234 licet
3435 5189 3492 5235 et
3520 5174 3573 5235 in
3604 5182 3836 5251 Septua-

2240 5242 2389 5327 ginta
2430 5253 2483 5297 et
2524 5242 2575 5296 in
2606 5244 2970 5329 ‘fﬁarrloicila
3020 5249 3367 5329 reperiretur,
3407 5242 3697 5329 idsi-spumatu
3741 5256 3836 5316 τὰς

2240 5315 2459 5399 rropsia;
2482 5310 2645 5399 δ’ςῆιῶ
2671 5318 2824 5399 ῷεὸςς
2850 5328 2905 5373 et
2934 5310 3296 5399 procotttlod
3324 5310 3414 5399 cst,
3436 5310 3785 5399 ξθεῶρήθησαν

2241 5386 2385 5467 quod
2413 5398 2463 5440 et
2489 5387 3107 5467 obtinuitenusuetudo.
3131 5386 3337 5447 (λειω-δι
3368 5396 3491 5449 vide
3523 5386 3573 5449 it't
3596 5400 3828 5467 cpistola

2243 5458 2685 5529 llicrgnymiaua.
2718 5460 2900 5515 ΜΑιιτ.

2315 5535 2341 5573 κ
2374 5527 2806 5608 Veroneus._u.s.
2838 5533 3011 5608 virtuti
3041 5541 3165 5601 tum,
3201 5535 3473 5608 conﬁrma,
3505 5535 3662 5601 Deus,
3690 5539 3829 5608 quod

2237 5601 2470 5662 operaria
2490 5601 2543 5655 in
2567 5603 2734 5667 nobis,
2758 5619 2790 5656 a
2817 5606 3009 5676 templo
3035 5614 3122 5659 tuo
3147 5609 3199 5661 in
3221 5601 3537 5673 Jerusalem,
3584 5610 3674 5662 tibi
3697 5601 3827 5676 olfe-

2236 5680 2357 5723 runt
2384 5688 2528 5747 reges
2556 5690 2792 5728 munera.
2825 5673 3070 5747 lncrrpas
3098 5681 3233 5747 feras
3261 5680 3434 5734 silete:
3462 5680 3684 5733 concilia
3707 5673 3825 5733 tau-

2235 5755 2413 5869 rqzum
2450 5746 2585 5801 inter
2631 5762 2814 5801 vaccas
2835 5746 3163 5819 populorum,
3206 5760 3264 5805 ut
3314 5767 3418 5807 non
3457 5751 3821 5820 excludantur,

2235 5828 2264 5869 ο
2329 5852 2344 5868 .

2234 5828 2344 5869 «τις.
