4090 6338
297 300 412 358 237

1597 293 1804 353 LIBER
1844 291 2211 353 PSALMORU
2223 291 2290 350 Μ.

3504 293 3608 352 2ἷὸ

368 412 1655 490 AtentplotuoinJerusalem:tibiﬂoﬁ'erentreges
1675 430 1905 469 munera.
1936 414 1984 474 A
2012 422 2096 470 est
2121 412 2174 466 in
2201 409 2532 482 Jerusalem,
2563 410 2658 468 tibi
2688 410 2920 469 offerent
2949 425 3106 484 reges
3133 426 3380 469 munera.

370 507 595 580 lnerepa
635 510 772 580 feras
817 509 1112 577 arundinis,
1173 510 1505 582 congregatio
1547 519 1816 564 taurorum
1848 510 1902 563 in

290 604 466 657 vaccis
495 602 844 672 papulorum:
878 615 938 658 -:—-
971 610 1026 657 ut
1054 601 1076 672 ζ
1126 600 1404 658 excludant
1440 618 1549 669 eos,
1579 600 1669 674 qui
1699 599 1900 673 probati

290 706 415 750 sunt
441 706 679 768 argento.

373 787 585 860 Dissipa
615 797 786 857 gentes
813 805 928 858 qua:
973 788 1106 844 bella
1155 787 1353 860 volunt,
1404 789 1603 843 reuient
1650 788 1810 859 legati
1835 803 1901 844 ea:

293 881 534 956 (Egypto
552 898 571 937 :
593 881 871 953 ίΕεΙιίοιήη
900 884 1174 954 prtereniet
1211 899 1396 938 manus
1419 887 1534 956 ejus
1568 882 1697 938 Deo.

370 1040 554 1113 ltrgna
597 1050 749 1096 terra:
778 1083 794 1107 ,
848 1051 1055 1098 cantate
1113 1041 1222 1099 Deo
1260 1042 1514 1115 :psal.’ite
1584 1041 1826 1097 Domino.
1874 1039 1902 1080 ι)

291 1135 632 1191 οιλρδλικλ.

371 1242 432 1283 ~:-
462 1227 688 1284 Psallite
709 1225 821 1283 Deo
849 1225 871 1296 ξ
904 1228 992 1299 qui
1016 1227 1244 1284 ascendit
1275 1244 1433 1300 super
1463 1225 1645 1282 caelum
1672 1226 1806 1296 caeli,
1832 1226 1902 1280 ad

289 1323 573 1376 orientem.

371 1413 503 1469 Ecce
535 1414 680 1470 dabit
730 1413 840 1469 voci
868 1431 977 1470 sua:
1018 1432 1188 1471 vocent
1238 1415 1462 1481 virtutis,
1503 1415 1625 1470 date
1677 1413 1899 1486 gloriam

309 1507 424 1563 Deo
449 1527 466 1562 :
496 1525 656 1581 super
683 1506 852 1564 Israel
873 1509 1255 1581 magnificentia
1283 1510 1412 1581 ejus,
1442 1517 1486 1564 et
1529 1509 1689 1563 tirtus
1719 1511 1829 1579 ejus
1852 1507 1904 1561 in

289 1603 538 1656 nubibus.

368 1721 633 1777 Mirabilis
658 1720 797 1776 Deus
823 1722 875 1776 in
907 1721 1098 1776 sanctis
1118 1723 1245 1790 suis,
1279 1719 1417 1775 Deus
1444 1719 1638 1788 Israel,
1670 1718 1781 1789 ipse
1799 1718 1894 1771 da-

287 1823 360 1877 bit
389 1824 628 1878 virtutem
653 1831 699 1877 et
724 1822 1080 1895 fortitudinem
1118 1820 1252 1893 plebi
1295 1835 1348 1876 -:—
1384 1835 1490 1875 sua:
1537 1819 1559 1888 ζ
1602 1812 1894 1874 benedictus

289 1915 464 1973 Deus.

2083 505 2308 578 lncrepa
2336 504 2479 562 feras
2505 503 2791 574 silvarum,
2821 505 3112 562 concilium
3154 515 3430 562 taurorum
3464 505 3605 563 inter

2011 615 2206 657 vaccas
2245 606 2568 672 populorum
2618 620 2631 656 :
2677 610 2733 658 ut
2782 601 3146 659 excludantur
3184 598 3240 660 hi
3272 600 3363 674 qui
3395 601 3609 674 probati

2011 707 2134 752 Sunt
2166 705 2414 765 argento.

2089 790 2300 860 Dissipa
2340 801 2561 862 gentes.
2605 809 2725 866 qua:
2757 792 2900 850 bella
2937 792 3147 862 volunt,
3181 795 3403 850 venient
3443 793 3601 864 legati

2012 898 2077 938 ex
2109 882 2343 956 Egypto
2384 904 2394 939 :
2433 884 2709 958 Aﬁtbiopia
2745 888 3036 959 przrveuict
3078 903 3268 944 manus
3305 888 3422 958 ejus
3475 886 3603 960 [31s.

2011 978 2160 1050 suas]
2188 981 2316 1036 Deo.

2082 1073 2264 1143 Regna
2291 1087 2470 1142 terrm,
2493 1086 2710 1133 cantate
2737 1079 2876 1143 Deo,
2908 1089 2930 1115 ο
2962 1079 3174 1149 psallite
3198 1079 3448 1134 Domino.
3480 1080 3601 1134 “IA-

2008 1181 2212 1226 essuta
2261 1167 2397 1243 [Μδ.
2447 1181 2548 1226 tac.
2606 1171 2968 1246 Drusum].
3018 1175 3242 1241 Psallite
3295 1175 3447 1242 Deo,
3509 1176 3599 1243 qui

2009 1259 2260 1316 ascendit
2286 1277 2452 1334 super
2477 1263 2656 1319 ccelos
2687 1265 2953 1321 caelorum
2983 1264 3049 1320 ad
3083 1266 3376 1321 orientem.

2085 1352 2228 1409 Ecce
2255 1353 2404 1411 dabit
2436 1371 2622 1413 vocem
2653 1373 2827 1422 suam,
2867 1373 3052 1414 vocem
3084 1360 3307 1413 virtutis
3329 1374 3440 1415 sua:
3469 1357 3598 1432 [Ms.

2014 1452 2113 1499 lac.
2147 1444 2282 1518 sute]
2315 1463 2326 1499 :
2359 1446 2486 1503 date
2519 1448 2779 1503 honorem
2815 1447 2942 1521 [.Ms.
2986 1447 3240 1520 gloriam]
3274 1449 3410 1504 Deo.

2081 1536 2257 1607 Super
2283 1537 2448 1596 Israel
2477 1541 2878 1612 magniﬁcentia
2905 1541 3024 1612 ejus
3063 1557 3077 1595 :
3117 1551 3172 1597 et
3204 1542 3369 1598 virtus
3400 1541 3514 1614 ejus
3548 1544 3599 1598 in

2012 1629 2270 1685 nubibus.

2082 1719 2346 1776 Mirabilis
2375 1721 2515 1779 Deus
2545 1725 2596 1777 in
2627 1726 2828 1780 sanctis
2855 1724 2987 1794 suis,
3041 1725 3188 1782 Deus
3230 1725 3396 1782 ISrael
3417 1769 3432 1793 ,
3481 1729 3597 1799 ipse

2005 1813 2154 1871 dabit
2188 1817 2445 1873 virtutem
2489 1818 2598 1892 [Ms
2645 1819 2896 1892 virtutes]
2950 1831 3005 1878 et
3041 1820 3414 1880 fortitudinem
3453 1823 3600 1894 plebi

2013 1921 2126 1962 sua-
2164 1926 2176 1963 :
2213 1910 2532 1967 benedictus
2564 1915 2725 1969 Deus.

1615 1983 1755 2046 PSA
1768 1977 1980 2043 LMUS
2027 1979 2313 2043 LXVIII.

410 2109 464 2150 IN
493 2108 683 2160 FINEI,
723 2107 825 2148 PRO
861 2106 928 2148 IIS
967 2105 1056 2155 QUI
1094 2103 1564 2148 COIIMUTABUNTUR
1604 2101 1784 2142 ωηο.

362 2254 584 2310 Salsum
611 2271 689 2309 me
707 2257 813 2325 fac,
845 2251 1015 2308 Deus:
1042 2251 1288 2323 quoniam
1317 2251 1636 2305 intraverunt
1678 2261 1826 2319 aqua
1873 2254 1896 2284 ⁶

291 2364 348 2405 -Ξ-
385 2366 549 2419 usque
581 2348 604 2416 ζ
638 2350 707 2402 ad
729 2349 956 2404 animam
983 2364 1171 2402 meam.

363 2438 578 2510 Inﬁxus
595 2458 710 2495 sum
736 2441 787 2495 in
808 2441 936 2494 liuto
956 2439 1208 2512 profundi
1231 2453 1247 2492 :
1275 2445 1322 2493 el
1350 2453 1452 2504 non
1496 2445 1568 2491 est
1589 2433 1897 2490 substantia.

313 2559 316 2562 ·
349 2533 503 2603 1⁷εηὶ
523 2536 577 2589 in
599 2534 928 2589 altitudinem
947 2535 1104 2587 maris
1134 2549 1152 2586 :
1173 2543 1217 2586 et
1241 2540 1515 2601 tempestas
1539 2529 1779 2584 demersit
1796 2544 1892 2582 me.

362 2627 622 2684 Μίνω-ατί
671 2632 924 2690 clamans.
963 2642 1137 2682 rauca:
1182 2627 1334 2698 facta:
1369 2631 1486 2678 sunt
1519 2623 1694 2693 fauces
1725 2636 1850 2676 mete
1876 2637 1896 2673 :

286 2725 588 2793 defecerunt
611 2725 750 2778 oeuli
782 2725 878 2777 mei
901 2723 1023 2776 dum
1048 2737 1196 2795 spero
1219 2722 1270 2776 in
1299 2719 1463 2775 Deum
1492 2735 1679 2774 meum.

362 2815 704 2889 Multiplirati
728 2825 842 2872 sunt
874 2831 1030 2888 super
1061 2812 1280 2888 capillos
1307 2813 1488 2885 capitis
1507 2812 1604 2865 mei
1623 2827 1640 2866 :
1665 2809 1752 2880 qui
1775 2809 1898 2863 ode-

284 2921 415 2966 runt
444 2928 523 2964 me
546 2911 734 2982 gratis.

359 3002 659 3072 (.‘cnfortati
688 3010 808 3055 sunt
838 3002 927 3073 qui
957 2999 1209 3068 persecuti
1248 3005 1367 3054 sunt
1409 3014 1512 3062 me,
1565 2995 1761 3050 inimici
1801 2995 1899 3050 inci

282 3095 482 3166 injuste
517 3109 637 3164 quae
662 3111 765 3147 non
792 3095 964 3160 rapui,
999 3102 1119 3146 tunc
1146 3089 1470 3147 exsolvebam
1501 3084 1552 3144 ιι.

357 3183 528 3254 Deus,
551 3195 608 3240 tu
635 3186 736 3241 scis
757 3186 1110 3258 insipientiam
1139 3201 1337 3240 meum:
1362 3193 1409 3238 et
1440 3183 1629 3238 delicta
1652 3199 1766 3238 mea
1789 3197 1820 3236 a
1851 3189 1896 3236 te

283 3298 392 3334 non
421 3291 540 3337 sunt
562 3279 884 3334 abscondita.

361 3374 488 3429 Non
521 3373 820 3429 erubescant
850 3373 900 3429 in
926 3390 1022 3443 me,
1066 3373 1154 3445 qui
1191 3381 1465 3447 expectant
1514 3381 1581 3442 te,
1641 3370 1891 3441 Domine,

283 3467 509 3522 Domine
539 3469 810 3522 virtutum.

359 3559 488 3616 Non
521 3562 914 3632 confundantur
941 3577 1095 3632 super
1120 3577 1215 3628 nte,
1249 3561 1342 3632 qui
1370 3568 1610 3633 qua'runt
1651 3567 1719 3628 te,
1753 3557 1892 3615 Deus

283 3652 482 3708 Israel.

363 3749 624 3814 Quoniam
649 3757 861 3821 propter
905 3757 954 3803 te
1005 3747 1232 3803 sustinui
1274 3747 1636 3820 approbrium,
1690 3747 1891 3817 aperuit

279 3841 527 3910 confusio
556 3842 744 3913 faciem
765 3857 950 3895 meam.

359 3933 660 3990 Extraneus
685 3935 853 4005 factus
873 3949 989 3989 sum
1018 3932 1271 4005 fratribus
1292 3931 1459 3990 meis:
1488 3940 1538 3989 et
1578 3932 1888 4006 peregrinus

276 4023 411 4098 filiis
435 4027 618 4081 matris
642 4042 786 4082 meae.
1429 4077 1431 4079 .

359 4122 622 4188 Quoniam
649 4121 797 4177 zelus
821 4121 1004 4178 domus
1026 4133 1129 4178 tute
1155 4124 1378 4178 cometit
1399 4141 1516 4181 me:
1539 4134 1584 4180 et
1606 4127 1886 4200 approbria

277 4215 718 4280 exprobrantium
749 4216 841 4270 tibi
867 4215 1160 4270 ceciderunt
1191 4232 1349 4287 super
1376 4234 1474 4272 me.

354 4305 426 4361 Et
450 4309 635 4377 aperui
655 4309 708 4362 in
724 4309 932 4380 jejunio
953 4309 1182 4363 animam
1204 4319 1408 4366 meant:
1433 4319 1480 4364 et
1497 4311 1696 4383 factum
1724 4322 1800 4370 est
1827 4313 1880 4369 in

276 4402 626 4470 approbrium
657 4401 802 4455 mihi.

351 4491 421 4545 Et
453 4495 604 4565 posui
635 4495 986 4549 vestimentum
1010 4511 1182 4550 meum
1203 4495 1460 4551 cilicium:
1487 4506 1539 4553 et
1568 4498 1741 4568 factus
1766 4516 1879 4556 sum

272 4587 389 4643 ills
412 4588 462 4640 in
503 4588 827 4659 parabolam.

350 4707 393 4791 ³.
415 4698 718 4791 Rescripsit
741 4701 802 4791 in
815 4701 1005 4757 eodem
1030 4702 1402 4773 cod.seqnior
1422 4719 1616 4762 manus
1639 4707 1878 4786 afferent,
1923 4731 1970 4791 ι)

267 4770 428 4841 juxta
465 4772 714 4826 Grmcum
748 4770 970 4830 οἴσουσι.

351 4842 380 4880 δ
404 4843 572 4896 Tac-vt
596 4844 646 4898 in
681 4843 925 4898 Palatino
950 4861 1051 4901 tus.
1084 4846 1406 4910 Diapsalnra.

355 4923 381 4951 ε
420 4915 716 4968 liccliusin
753 4916 1115 4973 Palatinoms.
1141 4931 1194 4974 ct
1223 4923 1364 4983 apud
1385 4921 1578 4976 Carum
1613 4924 1728 4982 sine
1752 4928 1880 4986 obe-

271 4984 594 5073 ln'lt'glltll';
621 4987 671 5040 in
703 4988 921 5042 Ilebrrea
946 4993 1088 5044 enim
1107 5002 1342 5062 vore't‘j,
1367 5001 1534 5048 totum
1562 4997 1687 5052 illud
1721 4984 1882 5073 usque

273 5059 348 5108 ad
383 5060 718 5111 continetur.

347 5125 375 5162 ἀ
409 5129 700 5207 S_ubjungit
731 5129 871 5207 idem
898 5146 999 5186 ms.
1035 5131 1360 5207 Diapsaluta.

350 5201 657 5282 eﬂl’rnpter
702 5203 882 5282 statim
936 5201 1213 5282 sequentia
1271 5207 1490 5282 isthmc,
1545 5207 1874 5282 Diapsalma.

273 5269 501 5353 Psallite
535 5271 665 5353 Deo,
696 5275 782 5353 qui
802 5318 816 5336 ,
852 5285 985 5342 ete.,
1016 5269 1270 5353 dicebant
1314 5269 1515 5353 Sunnia
1547 5291 1623 5353 et
1652 5269 1875 5342 'Fretcla

274 5344 326 5418 iu
363 5344 468 5396 isto
494 5346 766 5418 yersiculo
791 5363 895 5399 non
919 5361 1040 5402 esse
1063 5350 1348 5418 scriptum,
1388 5351 1603 5407 I’sallite
1628 5353 1876 5412 Domino.

273 5417 343 5469 At
380 5415 757 5496 p‘t'udcnlt-rlct
789 5415 1626 5496 seite_i_no-netcos‘llieronymus
1659 5445 1724 5481 ne
1746 5445 1875 5484 vera

276 5501 378 5553 pro
407 5486 554 5540 falsis
586 5487 846 5571 abjiciaut
877 5507 889 5543 :
918 5489 1309 5571 liram-inquit,
1339 5505 1383 5548 et
1413 5486 1499 5571 vos
1518 5494 1680 5571 legite
1709 5502 1880 5571 magis

276 5573 396 5625 quia
423 5575 557 5640 .rera
606 5569 758 5640 sunt;
803 5577 864 5614 ne
894 5561 1023 5640 dunt
1046 5561 1617 5640 additumhsuscipilis,
1662 5561 1820 5640 quod“
1847 5589 1878 5625 a

277 5627 802 5711 prophetasrriptum
834 5635 1253 5711 est‘reliuquatis.
1289 5636 1379 5692 Sic
1418 5627 1528 5692 ﬁeri
1562 5627 1707 5695 ειιίιάῐ
1733 5647 1875 5711 apud

277 5699 484 5782 s:_-iulus
521 5703 783 5782 quosdam
840 5699 1334 5782 ltujtts‘tempnris.
1371 5711 1460 5782 qui
1507 5711 1650 5780 quod
1683 5731 1708 5764 a
1756 5699 1879 5782 pto-

278 5771 353 5852 plt
378 5775 461 5824 tis
489 5774 753 5852 scriptum
789 5785 890 5852 est,
915 5771 1234 5852 relinquunt
1262 5771 1481 5852 sacpius,
1513 5771 1568 5838 ut
1598 5771 1781 5841 addita
1812 5801 1876 5843 ac

279 5846 583 5914 depravata
612 5845 929 5917 suscipiant.
969 5845 1151 5905 Μλῐῐτ.

1928 2083 1974 2143 Β
2033 2096 2084 2137 IN
2127 2099 2312 2154 FINEII,
2359 2100 2459 2142 eno
2502 2100 2586 2142 ms
2623 2101 2709 2152 om
2754 2085 2772 2125 τ
2814 2101 3305 2158 conuunncurun,
3346 2105 3579 2147 essuus

2729 2173 2909 2215 DAVID.

2079 2250 2545 2325 Salvumjmelac,
2577 2253 2743 2321 Deus,
2775 2254 3035 2326 quoniam
3067 2256 3408 2311 intraverunt
3433 2272 3610 2327 aqute,

2003 2358 2190 2416 usque
2220 2345 2286 2400 ad
2317 2348 2552 2402 animant
2582 2362 2789 2402 meam:
2840 2347 3043 2402 iulixus
3069 2363 3188 2403 sum
3216 2349 3269 2404 in
3301 2351 3436 2405 limo
3473 2349 3601 2424 [Ms.

2001 2437 2217 2511 limum]
2248 2438 2531 2510 pri-fundi,
2561 2450 2615 2496 et
2641 2455 2747 2495 non
2771 2451 2852 2495 est
2885 2442 3214 2497 substantia.

2077 2529 2212 2586 Veni
2245 2532 2296 2588 iu
2329 2532 2672 2590 altitudinem
2708 2534 2873 2590 maris
2903 2552 2914 2589 :
2959 2541 3013 2590 et
3053 2533 3348 2606 tempestas
3380 2535 3600 2595 demer-

2000 2625 2076 2681 sit
2108 2643 2216 2681 me.

2073 2715 2342 2774 Laboravi
2371 2719 2635 2788 clamans,
2658 2735 2834 2777 ration:
2864 2709 3025 2777 factm
3055 2731 3178 2778 sunt
3210 2722 3397 2780 fauces
3425 2743 3557 2780 mea:
3583 2744 3597 2781 :

2002 2811 2324 2867 defecerunt
2349 2813 2492 2869 oculi
2531 2815 2634 2868 tnei
2687 2824 2710 2861 κ
2741 2815 2866 2868 dum
2901 2830 3064 2882 Spero
3105 2815 3157 2870 in
3192 2813 3356 2872 Deum
3388 2834 3594 2872 meum.

2073 2903 2410 2974 Multiplicati
2444 2915 2569 2962 Sillll
2611 2921 2773 2978 super
2811 2907 3036 2980 capillos
3077 2909 3268 2980 capitis
3313 2910 3442 2978 mei,
3498 2912 3589 2984 qui

2001 2997 2236 3054 oderunt
2264 3014 2350 3055 nte
2371 3001 2561 3070 gratis.

2075 3095 2373 3149 Coulortati
2402 3104 2528 3151 sunt
2556 3110 2721 3168 super
2754 3112 2838 3152 me
2876 3099 2964 3168 qui
3020 3108 3420 3170 persequantur
3472 3117 3590 3170 me,

2003 3188 2207 3245 inimici
2236 3190 2340 3244 mei
2362 3206 2376 3244 :
2397 3190 2728 3262 injustequa:
2746 3208 2853 3246 non
2871 3191 3044 3262 rapui,
3071 3201 3195 3248 tunc
3222 3195 3592 3251 estvebam.

2072 3279 2238 3348 Deus,
2272 3290 2325 3335 tu
2353 3283 2461 3336 scis
2492 3283 2857 3354 insipientiam
2883 3299 3059 3339 meatu
3087 3303 3100 3338 :
3153 3293 3209 3341 et.
3239 3285 3436 3342 delicta
3473 3304 3595 3343 mea

2002 3389 2030 3428 a
2058 3381 2112 3429 te
2134 3390 2240 3428 non
2274 3384 2398 3429 sunt
2429 3373 2776 3430 abscondita.

1926 3478 1973 3544 ο
2075 3463 2188 3522 Non
2214 3465 2537 3522 erubescant
2563 3467 2614 3522 in
2647 3482 2734 3524 me
2759 3461 2850 3539 qui
2880 3476 2931 3524 te
2959 3475 3307 3540 exspectant,
3333 3468 3594 3527 Dominus

2005 3564 2148 3618 Deus
2169 3561 2464 3628 virtutum;
2492 3576 2596 3616 non
2622 3568 2980 3618 revereantur
3002 3577 3167 3635 super
3189 3580 3274 3621 me
3298 3564 3387 3640 qui
3417 3570 3597 3640 requi-

1999 3663 2124 3710 runt
2149 3662 2220 3720 te,
2253 3654 2391 3708 Deus
2422 3651 2612 3709 Israel.

2069 3745 2341 3814 Quoniam
2367 3755 2589 3815 propter
2604 3753 2653 3800 te
2671 3747 2984 3818 supportavl
3009 3747 3427 3822 improperium,
3459 3769 3595 3825 0pc-

1996 3839 2110 3893 ruit
2139 3837 2444 3892 reverentia
2478 3836 2668 3892 faciem
2702 3853 2912 3894 meam:
2943 3853 3096 3897 exter
3121 3841 3293 3900 lactus
3333 3858 3452 3900 sum
3479 3847 3589 3902 ira-

1997 3935 2172 3992 tribus
2199 3935 2358 4001 meis,
2381 3923 2664 4007 et'bospes
2697 3934 2822 3993 ﬁliis
2850 3939 3040 3993 matris
3073 3955 3228 3996 mem.

2063 4125 2329 4194 Quoniam
2354 4125 2508 4182 zelus
2549 4124 2742 4181 domus
2798 4134 2910 4182 tua:
2953 4125 3193 4182 comedit
3241 4142 3361 4185 nte:
3394 4133 3450 4185 et
3492 4144 3590 4202 op-

1992 4221 2208 4294 probria
2239 4220 2688 4292 exprobrantium
2715 4220 2810 4276 tibi
2843 4221 3158 4278 ceciderunt
3183 4235 3349 4294 super
3370 4239 3475 4280 me.

2065 4315 2134 4370 Et
2163 4317 2349 4384 operui
2371 4313 2498 4387 [Με.
2524 4312 2802 4386 cooperui]
2823 4313 3099 4385 injcjuuio
3121 4316 3354 4373 animam
3377 4332 3551 4373 meam
3577 4335 3588 4372 :

1990 4419 2041 4466 cl
2076 4408 2278 4465 factum
2307 4418 2391 4465 est
2424 4409 2556 4464 mibi
2583 4409 2634 4463 in
2663 4409 3037 4478 opprobrium.

2062 4504 2130 4557 Et
2149 4503 2302 4572 posui
2336 4502 2729 4557 vestimentum
2762 4518 2937 4557 meum
2971 4500 2997 4540 ιι
3026 4503 3263 4559 cilicium
3291 4513 3383 4562 :et
3408 4502 3581 4562 factus

1988 4611 2107 4652 sum
2141 4595 2246 4650 illis
2275 4595 2327 4648 in
2359 4595 2692 4664 parabolam.

2079 4713 2096 4752 ί
2143 4711 2292 4765 Nunc
2327 4719 2502 4764 autem
2530 4724 2593 4763 ex
2631 4710 2793 4779 primi
2841 4726 2998 4764 manu
3047 4711 3098 4766 iu
3133 4711 3426 4769 Ven-orcus.
3480 4730 3581 4769 nis.

1997 4783 2427 4855 imututabuntur,
2458 4778 2687 4855 psalmus
2719 4783 2816 4850 ipsi
2851 4780 3034 4837 Dat-id.
3083 4785 3158 4855 Ac
3191 4787 3363 4852 primo
3401 4788 3581 4842 statim
3671 4778 3680 4789 ’

1995 4873 2155 4917 versu
2177 4854 2510 4917 introierunt,
2543 4867 2640 4919 pro
2667 4853 3010 4920 intraverunt,
3041 4873 3106 4911 ex
3141 4853 3458 4924 Augudiun.

2067 4941 2092 4980 tt
2135 4927 2319 4982 Denuo
2341 4926 2478 4979 idem
2505 4939 2623 4977 cum
2644 4924 2942 4995 Augustino
2967 4942 3062 4980 ms.
3095 4929 3442 4993 nbsprrando,
3470 4936 3580 4983 tum

1990 5003 2163 5059 altero
2193 5001 2259 5052 ab
2291 5000 2387 5049 lmt‘
2415 4995 2922 5068 vet‘sn,Conforlati
2948 5007 3065 5052 sunt
3097 4998 3290 5052 inimici
3336 5001 3453 5066 inti,
3493 5005 3581 5068 qui

1989 5091 2069 5128 me
2127 5069 2560 5141 persequebantur
2599 5067 2788 5138 (penes
2819 5071 3110 5141 Augustin.
3147 5067 3578 5140 persequuntur),

1988 5140 2221 5214 injuste:
2253 5155 2401 5214 aqute
2427 5156 2527 5214 non
2554 5141 2729 5214 rapui,
2761 5148 2882 5194 tunc
2925 5140 3198 5214 reddebant
3228 5141 3302 5208 (iu
3364 5142 3574 5214 Valeat.

1987 5211 2242 5287 August.,
2259 5211 2625 5280 exsoleebam).
2644 5212 2783 5287 Deus
2807 5222 2858 5287 tu
2883 5212 3004 5287 sris.
3025 5213 3275 5287 (Aitgnst.
3299 5213 3464 5287 scisti)
3485 5217 3579 5267 im-

1987 5279 2316 5359 prudentiam
2342 5299 2525 5359 meam,
2559 5279 2664 5336 etc.
2693 5282 2778 5346 Et,
2813 5279 3298 5359 [laptirte,_l)outine
3329 5279 3575 5339 rirtutum

1987 5354 2089 5414 non
2122 5355 2512 5426 confundantur
2555 5370 2711 5423 super
2739 5369 2835 5426 me.
2885 5354 2952 5407 Et
2998 5356 3348 5422 subsequenti
3389 5373 3572 5423 versu,

1987 5441 2195 5502 propter
2223 5424 2272 5483 te
2305 5427 2549 5502 sustinuit
2595 5424 3062 5502 ra‘probrationem,
3109 5437 3163 5482 et
3195 5444 3317 5482 uiux
3349 5427 3572 5494 alienus,

1985 5495 2094 5572 pro
2110 5511 2250 5556 exter
2269 5517 2288 5565 ;
2316 5499 2543 5572 _A_ugust.
2557 5541 2571 5566 ,
2596 5495 2870 5551 alienatus.

2057 5571 2084 5610 ιι
2120 5573 2282 5627 litlem
2316 5569 2436 5624 libri
2465 5584 2690 5630 saccum,
2717 5584 2813 5636 pro
2835 5569 3081 5636 cilicium,
3112 5569 3336 5625 habent:
3369 5569 3572 5626 deinde

1976 5644 2292 5698 insultabaut
2320 5683 2336 5705 ,
2389 5656 2484 5708 pro
2531 5640 2915 5694 exercebantur.
2972 5639 3108 5696 Tum
3145 5645 3316 5695 altera
3361 5643 3427 5702 ab
3467 5643 3570 5695 hoc

1977 5731 2156 5776 versu,
2183 5713 2398 5769 Salvum
2427 5728 2504 5765 me
2531 5713 2612 5782 fac
2633 5712 2696 5766 de
2728 5711 2860 5780 luto,
2889 5723 2941 5766 nt
2967 5731 3067 5767 non
3090 5715 3570 5768 iulta'reum:eruat

1976 5801 2041 5840 ea:
2066 5787 2145 5839 his
2165 5783 2252 5856 qui
2283 5800 2361 5837 me
2386 5783 2624 5856 oderunt,
2649 5793 2778 5843 clc.:
2805 5793 2884 5850 et,
2906 5801 3066 5856 neque
3091 5794 3332 5845 coarctat.
3359 5799 3454 5852 pro
3478 5801 3568 5839 ur-

1976 5865 2090 5929 geat
2109 5873 2130 5925 ;
2151 5855 2231 5925 et,
2249 5855 2490 5928 quoniam
2514 5856 2688 5913 suavis
2708 5865 2802 5925 est,
2827 5871 2924 5928 pro
2947 5855 3164 5928 benigno
3193 5864 3288 5928 est,
3306 5866 3418 5912 etc.
