4090 6338
520 321 629 385 239

1523 318 1584 377 S.
1626 316 2007 377 HIERONYMI
2047 313 2281 379 DIVINA
2320 312 2797 376 BIBLIOTIIECA.

3705 308 3813 370 υο
3860 360 3901 379 ,κ

587 440 876 498 Adversum
900 454 983 494 me
1006 436 1353 509 loquebantur
1383 433 1475 506 qui
1502 434 1747 489 sedebant
1777 434 1830 489 in
1854 443 2040 506 porta:
2071 442 2117 492 et
2143 436 2199 497 Α
2295 430 2572 488 Adversus
2597 447 2685 488 me
2705 428 3112 490 exercebantur
3133 426 3227 501 qui
3257 426 3520 485 sedebant
3541 426 3598 484 in
3621 434 3813 501 porta:

523 541 550 571 ι
581 547 643 587 -ςα
670 531 726 585 in
752 545 835 584 me
864 529 887 599 ζ
916 528 1227 600 psallebant,
1254 526 1342 598 qui
1370 524 1603 580 bibebant
1629 525 1824 578 uinum.

576 621 710 696 ,Ego
740 638 859 677 vero
880 622 1168 678 oralionem
1205 634 1373 675 meam
1397 618 1466 674 ad
1516 628 1586 687 te,
1618 616 1879 675 Domine:
1919 626 2120 691 tempus

528 713 835 785 beneplaciti
855 712 1016 769 Deus.

593 805 663 860 In
689 804 1026 861 multitudine
1052 805 1427 862 misericordiae
1451 811 1555 860 tuw
1575 802 1769 859 exaudi
1790 817 1869 857 me
1887 818 1907 859 .'
1946 802 2001 857 in
2031 817 2119 858 oe-

519 900 673 956 ritate
708 898 895 955 salutis
924 907 1049 956 tute.

600 991 758 1062 Eripe
791 1008 874 1046 me
911 991 975 1047 de
1019 992 1152 1059 luto,
1198 1001 1254 1048 ut
1279 1009 1385 1048 non
1412 992 1639 1063 inﬁgar:
1672 988 1834 1045 libera
1862 1003 1940 1043 me
1966 986 2120 1043 abiis

521 1086 611 1158 qui
636 1085 854 1141 oderunt
874 1100 977 1152 me,
1006 1092 1054 1139 et
1085 1084 1149 1140 de
1175 1085 1455 1158 profundis
1486 1089 1761 1155 aquarum.

595 1175 719 1232 Non
747 1193 827 1231 me
850 1176 1112 1249 demerget
1140 1185 1413 1248 tentpestas
1435 1191 1584 1247 aqua:
1600 1218 1615 1244 ,
1652 1190 1818 1245 neque
1846 1173 2122 1229 absorbent

518 1287 601 1327 nte
646 1269 970 1344 profundunt
1018 1285 1038 1326 :
1084 1286 1248 1341 neque
1292 1278 1474 1343 urgeat
1516 1282 1672 1342 super
1705 1282 1788 1322 me
1831 1275 2015 1341 puteus
2061 1282 2122 1324 os

515 1379 688 1423 suum.

588 1456 804 1513 Exaudi
823 1471 931 1524 me,
961 1452 1219 1523 Domine,
1248 1454 1497 1527 quoniam
1540 1452 1765 1526 benigna
1804 1458 1879 1509 est
1916 1451 2122 1508 miseri-

515 1552 699 1608 cordia
752 1560 844 1606 tua
892 1565 911 1604 :
957 1549 1242 1605 secundum
1286 1546 1675 1605 multitudinem
1727 1548 2121 1604 miserationum

516 1655 727 1702 tuarunt
756 1644 954 1717 respice
982 1644 1037 1700 in
1060 1661 1159 1699 me.

585 1739 656 1795 Et
685 1758 748 1796 ne
774 1749 976 1796 avertas
1006 1740 1194 1811 faciem
1223 1748 1366 1795 tuam
1401 1755 1434 1794 a
1462 1755 1622 1813 puero
1667 1748 1757 1797 tuo
1812 1754 1833 1796 :
1875 1737 2121 1811 quoniam

514 1833 755 1904 tribulo‘r,
786 1831 1029 1889 uelociter
1048 1831 1245 1890 exaudi
1272 1849 1371 1888 nte.

586 1924 810 1982 Intende
827 1926 1019 1981 anima:
1038 1941 1187 1996 mem,
1213 1940 1275 1981 σε»
1298 1934 1349 1981 et
1376 1924 1399 1995 ζ
1420 1924 1587 1983 libera
1608 1940 1744 1981 eam.
1767 1921 1990 1997 Propter
2009 1922 2116 1979 ini—

514 2021 678 2077 micos
697 2036 836 2076 meos
865 2020 1009 2092 eripe
1042 2037 1143 2076 me.

579 2110 662 2169 Tu
688 2114 789 2169 scis
818 2114 1192 2187 improperium
1221 2129 1410 2184 meum,
1437 2121 1485 2171 et
1512 2114 1873 2187 confusionem
1900 2129 2115 2184 meam,

511 2215 561 2262 et
584 2205 925 2261 reverentiam
943 2221 1129 2261 meam.

584 2296 654 2352 In
682 2309 963 2369 conspectu
985 2305 1074 2353 tuo
1101 2306 1225 2353 sunt
1245 2313 1444 2367 omnes,
1473 2298 1565 2370 qui
1584 2297 1839 2357 tribulant
1866 2315 1947 2356 me
1977 2314 1995 2355 :
2019 2298 2115 2356 imo

510 2381 812 2463 properium
836 2393 1148 2463 exspectauit
1176 2406 1265 2447 cor
1286 2408 1457 2447 meum
1481 2402 1531 2449 et
1558 2393 1841 2449 miseriam.

583 2480 655 2537 Et
676 2482 902 2539 sustinui
928 2484 1014 2555 qui
1035 2481 1063 2522 ιι
1098 2498 1160 2539 σιμ
1189 2484 1348 2539 simul
1381 2484 1405 2554 ζ
1434 2486 1833 2542 contristamur
1854 2526 1871 2556 ,
1912 2494 1963 2542 et
2010 2502 2113 2542 non

512 2580 654 2652 fuit:
682 2589 733 2635 et
761 2580 851 2651 qui
876 2579 1253 2648 consolaretur,
1280 2588 1328 2635 et
1358 2596 1463 2649 non
1492 2582 1685 2636 inveni.
2028 2592 2031 2593 '

579 2672 649 2729 Et
664 2672 920 2728 dederunt
944 2672 1001 2727 in
1021 2688 1191 2728 escam
1228 2687 1395 2729 meam
1424 2671 1498 2746 fel
1531 2689 1552 2730 :
1589 2683 1639 2730 et
1666 2674 1724 2730 in
1757 2673 1848 2730 siti
1876 2690 1989 2730 mea
2018 2690 2114 2747 po-

509 2775 749 2824 tarerunt
767 2782 849 2823 me
869 2775 1033 2823 aceto.

577 2858 706 2916 Fiat
732 2876 910 2916 mensa
935 2876 1115 2916 eorum
1152 2875 1327 2915 corant
1370 2858 1499 2933 ipsis
1532 2859 1590 2915 in
1618 2859 1865 2934 laqueum
1887 2901 1904 2932 ,
1954 2872 2004 2918 et
2052 2861 2111 2917 in

502 2954 887 3021 retributiones,
909 2961 957 3008 et
985 2953 1039 3008 in
1060 2951 1388 3010 scandalum.

581 3046 928 3103 Obscurentur
957 3045 1097 3102 oculi
1125 3061 1307 3102 eorum
1326 3062 1390 3103 ne
1416 3046 1624 3104 videant
1650 3065 1671 3106 :
1695 3057 1743 3106 et
1772 3048 1987 3107 dorsum
2013 3066 2107 3107 eo-

508 3157 626 3197 rum
650 3156 848 3213 semper
876 3139 1113 3194 incurva.

580 3231 812 3302 Effunde
838 3247 996 3304 super
1019 3246 1105 3287 eos
1135 3231 1268 3288 irant
1292 3241 1434 3289 tuam

505 3322 909 3398 comprehendat
935 3340 1048 3380 eos.

580 3413 708 3472 Fiat
736 3414 987 3472 habitatio
1015 3430 1194 3472 eorum
1213 3417 1462 3474 deserta:
1492 3432 1551 3475 -ε-
1588 3428 1637 3474 et
1663 3419 1688 3490 ζ
1718 3420 1771 3476 in
1795 3422 2107 3479 tabernacu-

506 3511 575 3568 lis
603 3526 782 3568 eorum
808 3525 915 3566 non
932 3509 999 3566 sit
1030 3526 1050 3567 :
1079 3521 1102 3551 ο
1136 3525 1198 3567 +
1228 3512 1320 3584 qui
1344 3510 1368 3581 ζ
1398 3512 1669 3569 inhabitet.

580 3607 840 3676 Quoniam
867 3622 1018 3679 quem
1040 3615 1097 3661 tu
1122 3606 1443 3678 percussisti,
1474 3608 1729 3679 persecuti
1753 3617 1877 3664 sunt
1906 3625 1927 3666 :
1951 3622 2001 3666 et
2019 3627 2109 3667 su-

505 3719 599 3777 per
620 3702 852 3758 dolorem
877 3700 1144 3756 vulnerum
1176 3716 1405 3756 meorum
1433 3699 1774 3756 addiderunt.

581 3796 799 3866 Appone
848 3792 1174 3863 iniquitatem
1220 3808 1378 3862 super
1424 3790 1751 3864 iniquitatem
1789 3810 1974 3851 eorum
2002 3812 2023 3851 :
2060 3804 2111 3852 et

506 3904 613 3944 non
632 3890 823 3942 intrent
847 3883 902 3939 in
920 3883 1188 3955 justitiam
1218 3890 1386 3937 tuam.

578 3977 865 4034 Deleantur
898 3972 964 4029 de
1001 3972 1133 4029 libro
1173 3974 1447 4030 viventium
1493 3988 1514 4030 :

507 4073 826 4132 scribantur.

585 4161 702 4237 Ego
722 4178 835 4219 sum
866 4178 1069 4235 pauper
1096 4169 1144 4217 et
1173 4150 1395 4219 dolens:
1417 4159 1563 4221 salus
1591 4173 1703 4234 tua,
1734 4160 1911 4236 Deus,
1933 4183 2114 4225 susce-

507 4257 585 4331 pit
617 4272 717 4311 me.

584 4346 836 4404 Laudabo
866 4362 1049 4403 nomen
1076 4344 1176 4403 Dei
1201 4362 1318 4403 cum
1345 4346 1547 4405 cantico
1571 4366 1591 4407 :
1622 4350 1650 4390 ά
1681 4361 1728 4409 et
1763 4354 2109 4429 magni/icabo

510 4457 629 4498 eum
653 4441 709 4497 in
736 4440 912 4496 laude.

1560 3984 1608 4031 et
1649 3991 1766 4032 cum
1794 3976 1955 4048 iustis
2004 3995 2110 4036 non

2222 525 2353 583 etin
2381 541 2468 581 me
2496 524 2831 597 psallebant,
2855 523 2947 596 qui
2975 522 3239 579 bibebant
3262 520 3469 576 vinum.

2294 619 2410 691 Ego
2433 634 2565 675 vero
2581 619 2888 676 orationem
2914 632 3090 674 meam
3114 614 3179 671 ad
3205 622 3283 683 te,
3310 614 3570 682 Domine;
3601 624 3816 687 tempus

2228 713 2557 785 bencplaciti
2583 713 2763 769 Deus:
2791 712 2846 767 in
2874 708 3225 768 multitudine
3255 706 3645 766 misericordia:
3676 716 3817 775 tum,

2225 804 2430 863 exaudi
2453 820 2563 872 me,
2588 806 2642 860 in
2672 804 2908 862 veritate
2935 801 3128 860 salutis
3156 810 3283 857 tuae.

2303 898 2471 971 Eripe
2498 912 2584 955 me
2608 897 2677 953 de
2704 896 2842 965 luto,
2871 903 2934 952 ut
2955 911 3062 951 non
3092 893 3413 960 inbmream;
3439 892 3606 950 libera
3630 908 3718 950 me
3744 908 3821 949 ex

2224 993 2539 1051 odientibus
2579 1007 2692 1061 me,
2736 1000 2793 1048 et
2820 990 2889 1047 de
2930 988 3201 1063 profundo
3231 1003 3526 1061 aquarum:
3572 1002 3680 1045 non
3729 1001 3823 1046 me

2221 1085 2507 1156 demergat
2536 1092 2836 1156 tempestas
2865 1098 3044 1154 aquae.

2294 1177 2478 1251 Neque
2519 1177 2815 1235 absorbeat
2859 1191 2948 1232 me
2995 1172 3370 1248 profundum:
3405 1187 3583 1246 neque
3628 1179 3827 1245 urgeat

2221 1288 2388 1345 super
2407 1286 2494 1329 me
2523 1279 2725 1344 puteus
2751 1285 2813 1328 08
2843 1284 3025 1326 suum.

2299 1363 2519 1422 Exaudi
2541 1379 2651 1433 me,
2683 1362 2936 1432 Domine,
2969 1359 3226 1434 quoniam
3249 1358 3483 1431 benigna
3504 1365 3587 1415 est
3607 1356 3829 1415 miseri-

2222 1457 2410 1515 cordia
2443 1465 2565 1523 tua;
2608 1453 2915 1513 secundum
2959 1448 3363 1509 multitudinem
3408 1447 3826 1507 miserationum

2222 1558 2438 1607 tuarum
2467 1547 2683 1620 respice
2704 1546 2757 1603 in
2784 1561 2893 1603 me.

2294 1642 2371 1699 Ne
2395 1650 2612 1700 avertas
2631 1640 2821 1698 faciem
2851 1649 2995 1695 tuam
3022 1654 3053 1696 a
3073 1653 3247 1711 puero
3270 1645 3404 1695 tuo:
3435 1634 3690 1710 quoniam
3719 1636 3828 1694 tri-

2223 1734 2407 1803 bulor,
2442 1744 2466 1773 ε
2494 1732 2761 1791 velociter
2780 1731 2982 1791 exaudi
3010 1746 3117 1789 me.

2150 1839 2197 1900 Β
2298 1826 2526 1885 intende
2562 1825 2759 1882 animae
2791 1840 2949 1894 metu,
2980 1832 3037 1883 et
3061 1822 3234 1882 libera
3261 1836 3384 1881 eam
3416 1839 3430 1879 :
3459 1829 3689 1895 propter
3715 1819 3827 1878 ini-

2221 1921 2395 1979 micos
2424 1934 2578 1977 meos
2598 1919 2750 1991 eripe
2779 1933 2888 1975 tne.

2291 2012 2373 2069 Tu
2398 2010 2544 2069 enim
2572 2012 2684 2068 scis
2714 2010 3112 2083 improperium
3135 2014 3339 2080 meum,
3363 2006 3741 2066 confusionem
3764 2018 3828 2066 et

2217 2106 2607 2165 verecundiam
2640 2120 2819 2164 meam
2852 2123 2868 2163 :
2898 2104 2954 2162 in
2981 2113 3282 2177 conspectu
3316 2114 3412 2160 tuo
3454 2112 3583 2161 sunt
3627 2119 3828 2162 omnes

2219 2203 2550 2262 tribulantes
2586 2216 2696 2258 me.

2293 2295 2687 2370 lmproperium
2712 2294 3060 2368 exspectavit
3083 2309 3181 2352 cor
3202 2309 3382 2352 meum
3413 2302 3469 2350 et
3495 2291 3775 2351 miseriam
3805 2309 3821 2349 :

2217 2403 2275 2450 et
2303 2390 2536 2449 sustinui
2561 2390 2652 2463 qui
2679 2387 2839 2447 simul
2868 2405 3081 2446 mecum
3110 2386 3570 2454 contristaretur,
3611 2394 3668 2442 et
3706 2401 3823 2442 non

2215 2484 2341 2555 fuit,
2364 2486 2743 2542 eonsolantem
2773 2499 2861 2541 me
2890 2482 3149 2556 quaesivi,
3180 2491 3232 2540 et
3261 2497 3372 2538 non
3396 2481 3597 2537 iuveni.

2290 2575 2359 2634 Et
2385 2576 2656 2633 dederunt
2683 2574 2737 2631 in
2765 2590 2947 2632 eseam
2988 2589 3166 2633 meam
3206 2574 3280 2632 fel
3324 2591 3338 2630 :
3385 2572 3518 2631 etin
3548 2572 3639 2628 siti
3694 2586 3822 2628 mea

2214 2680 2549 2747 putaverunt
2575 2688 2661 2729 me
2685 2679 2865 2729 aceto.

2288 2766 2409 2823 Fiat
2441 2780 2628 2823 mensa
2664 2780 2856 2822 eorum
2884 2778 3070 2822 coram
3102 2761 3236 2835 ipsis
3262 2750 3318 2819 in
3356 2761 3644 2835 laqueum,
3671 2769 3729 2819 et
3757 2759 3821 2818 in

2212 2860 2635 2919 retributionem
2664 2866 2721 2915 et
2741 2857 2794 2915 in
2823 2856 3166 2915 scandalum.

2284 2956 2662 3014 Obscurentur
2685 2953 2829 3013 oculi
2855 2968 3046 3012 eorum
3068 2993 3084 3021 ,
3116 2966 3187 3010 ne
3207 2950 3429 3010 videant
3456 2968 3471 3009 :
3505 2959 3564 3009 et
3590 2948 3821 3009 dorsum

2211 3051 2430 3109 illorum
2460 3066 2681 3123 semper
2704 3050 2947 3107 incurva.

2285 3142 2517 3202 Eliande
2543 3157 2711 3216 super
2730 3158 2830 3201 eos
2848 3142 2984 3198 iram
3019 3149 3167 3198 tuam
3198 3156 3213 3196 :
3259 3146 3317 3197 et
3362 3136 3668 3212 indignatio
3711 3136 3821 3194 ira:

1489 3247 1508 3288 :
1560 3243 1611 3290 et
1663 3236 1814 3308 furor
1861 3236 1957 3294 ira:
2002 3245 2109 3294 tua:
2133 3246 2181 3314 ο
2211 3244 2322 3296 tua:
2348 3235 2727 3309 apprehendat
2757 3233 2887 3309 [Hs.
2919 3231 3369 3305 comprehendat]
3403 3246 3520 3289 eos.

2283 3333 2401 3391 Fiat
2427 3330 2692 3389 habitatio
2716 3345 2906 3387 eorum
2934 3328 3156 3386 deserta
3195 3343 3212 3383 :
3244 3336 3302 3384 et
3340 3328 3396 3382 iu
3445 3323 3824 3383 tabernaculis

2211 3439 2403 3483 eorum
2432 3439 2541 3478 non
2573 3423 2643 3479 sit
2667 3422 2759 3494 qui
2784 3420 3070 3478 inhabitet.

2287 3516 2555 3585 Quoniam
2593 3516 2613 3555 ί
2679 3529 2843 3587 quem
2870 3524 2926 3570 tu
2974 3510 3297 3585 percussisti
3322 3555 3338 3582 ,
3390 3510 3494 3583 ipsi
3541 3510 3822 3584 persecuti

2213 3618 2343 3669 sunt
2376 3625 2465 3667 me
2491 3608 2621 3684 μισ.
2656 3618 2758 3664 tac.
2788 3605 2897 3682 me]
2926 3624 2942 3665 :
2982 3617 3036 3667 et
3062 3621 3229 3680 super
3249 3603 3495 3663 dolorem
3525 3604 3821 3662 vulnerum

2215 3719 2462 3761 meorum
2491 3701 2838 3759 addiderunt.

2289 3800 2522 3867 Appone
2552 3794 2897 3867 iniquitatem
2926 3808 3091 3864 super
3112 3791 3428 3866 iniquitates
3454 3789 3737 3864 ipsorum:
3762 3798 3832 3848 et.

2218 3905 2325 3947 non
2359 3888 2559 3945 intrent
2579 3887 2634 3943 in
2658 3897 2805 3943 tuam
2841 3885 3134 3959 justitiam.

2286 3982 2586 4039 Deleantur
2606 3980 2676 4039 de
2708 3980 2851 4038 libro
2876 3979 3177 4038 viventium
3210 3995 3226 4035 :
3261 3988 3318 4037 et
3346 3995 3471 4037 cum
3504 3978 3671 4052 iustis
3702 3994 3823 4037 non

2215 4078 2553 4137 scribantur.
2585 4078 2588 4082 “

2291 4169 2506 4240 Pauper
2544 4175 2604 4225 et
2628 4165 2821 4225 dolens
2847 4182 2948 4242 ego
2971 4182 3091 4225 sum
3126 4184 3141 4223 :
3185 4175 3241 4225 et
3285 4166 3435 4225 salus
3462 4166 3648 4225 vultus
3692 4167 3822 4239 tui,

2217 4267 2387 4334 Deus,
2419 4266 2661 4336 suscepit
2686 4280 2796 4322 me.
3170 4284 3175 4289 ε

2287 4359 2548 4417 Laudabo
2563 4374 2761 4416 nomen
2787 4357 2879 4416 Dei
2908 4358 3016 4417 mei
3040 4368 3063 4409 ε
3085 4374 3209 4417 cum
3239 4360 3455 4417 cantico
3477 4402 3492 4430 ,
3525 4369 3582 4416 et
3610 4358 3827 4431 magni-

2217 4454 2393 4513 licabo
2421 4470 2547 4512 eum
2579 4455 2632 4511 in
2655 4453 2836 4512 laude.

586 4585 613 4613 ιι
642 4575 819 4660 Minus
844 4573 934 4632 hic
955 4582 1105 4660 recte
1127 4572 1353 4660 Pal'atin.
1385 4578 1735 4660 msgvocnlas
1763 4588 1809 4635 et
1835 4582 1911 4660 in,
1936 4596 2036 4653 pro
2055 4585 2113 4640 in
2137 4587 2193 4649 D
2216 4599 2340 4660 gata
2369 4589 2697 4645 adllIDUSSiln
2732 4588 3019 4660 Augustini
3042 4589 3312 4647 editiones
3355 4589 3673 4659 prtul'erunt.
3704 4589 3816 4649 Sed

514 4664 595 4705 me
615 4647 776 4702 obolo

585 4718 615 4757 ι»
635 4719 810 4795 Atque
831 4715 919 4771 hic
943 4719 1060 4771 sine
1084 4716 1250 4795 _obelo
1279 4717 1561 4795 Palatinus
1583 4736 1686 4775 ms.
1719 4715 1872 4795 legit.
1895 4725 2095 4783 Subscc

511 4790 697 4864 quanti
723 4803 880 4864 versu
912 4789 1332 4864 repositumcst
1360 4790 1597 4846 secunda
1623 4789 1923 4850 mauu'ezcu
1945 4814 2060 4854 mea
2080 4813 2100 4854 ξ

509 4857 565 4919 ἐι
588 4864 638 4916 in
670 4860 777 4916 [ine
804 4857 1109 4929 Diapsalma
1134 4859 1368 4914 additur.

588 4944 610 4972 ο
634 4932 818 5002 Neque
846 4932 933 4985 hic
954 4930 1093 4985 bene
1123 4929 1353 5002 Palatiu.
1377 4949 1481 4990 ms.
1512 4944 1568 4991 et
1594 4935 1722 4993 Cari
1759 4936 1928 4995 editio
1966 4941 2102 4997 obe-

510 5004 622 5060 lum
651 4999 1094 5084 praetermittunt.
1119 4999 1307 5084 Altero
1329 5004 1398 5084 ab
1420 5004 1525 5062 hoc
1544 5022 1705 5063 versu
1718 5010 1933 5084 justitia
1975 5025 2065 5067 tua
2085 5053 2101 5080 ,

514 5091 617 5146 pro
633 5075 892 5152 justitiam
924 5081 1069 5152 tuam
1094 5113 1108 5137 ,
1139 5075 1375 5152 sequiori
1425 5092 1588 5152 manu
1639 5075 1966 5152 rescriptum
1997 5075 2102 5152 est,

513 5143 847 5219 acsequenti
878 5143 1119 5219 additum
1150 5144 1205 5199 iu
1228 5158 1295 5200 eo
1327 5159 1429 5201 ms.
1450 5147 1793 5219 Diapsalma.

579 5216 607 5256 ιι
630 5217 867 5296 Tacet_in
897 5215 1093 5296 eodeni
1125 5230 1227 5271 ms.
1255 5223 1315 5271 ut
1354 5226 1410 5273 et
1437 5215 1645 5276 Graecis
1674 5222 1952 5296 plerisque
1978 5241 2101 5283 om-

502 5288 663 5345 nibtts
694 5287 845 5343 libris
866 5296 912 5339 et
938 5285 1150 5357 copula.

582 5370 606 5398 ο
642 5358 792 5417 Unus
832 5356 1135 5437 Vpronlens.
1189 5374 1295 5414 ms.
1345 5361 1458 5437 cito
1478 5377 1577 5432 pro
1620 5362 1895 5437 uelociter,
1950 5369 2098 5437 quod

504 5441 717 5496 tamen,
749 5440 811 5485 ut
840 5429 948 5503 alia
976 5429 1256 5503 pleraque,
1291 5445 1319 5484 a
1340 5429 1587 5503 HVulg'ata
1628 5429 1889 5494 lectione
1914 5429 2099 5494 diver—

499 5518 619 5558 sutn
651 5516 772 5557 esse
796 5543 811 5567 ,
849 5500 966 5572 ejus
1006 5500 1252 5557 Psalterii
1285 5500 1491 5559 editor'
1511 5520 1617 5561 non
1675 5509 2081 5565 animadvertit.

497 5574 706 5650 Castora
732 5588 851 5627 cum
884 5572 1203 5643 Augustino,
1236 5574 1433 5650 redime
1460 5592 1559 5642 me,
1576 5593 1675 5648 pro
1699 5579 1885 5650 libera,
1903 5590 2012 5636 tum
2034 5591 2087 5637 σε

495 5646 847 5716 confusionem
870 5660 1067 5717 meam,
1087 5652 1135 5699 et
1158 5647 1519 5717 uerecundiam
1537 5692 1552 5717 ,
1576 5646 1709 5703 'elc.
1751 5646 1880 5706 Non
1900 5661 2083 5707 autem

491 5714 615 5786 qua:
646 5729 962 5785 sequuntur,
985 5716 1070 5785 qui
1092 5714 1361 5786 tribulunt,
1398 5733 1495 5786 pro
1524 5714 1851 5787 t'ribulautos,
1881 5733 1934 5779 et
1956 5739 2081 5779 mox

486 5788 663 5860 anima
693 5803 826 5852 utea,
861 5804 955 5855 pro
983 5804 1070 5842 cor
1096 5803 1286 5860 meum,
1318 5789 1557 5856 etquod,
1589 5802 1896 5860 exspuncto
1924 5796 2087 5849 simul

482 5858 777 5931 adverbio,
814 5874 1010 5915 mecum
1034 5859 1274 5917 retinet:
1309 5860 1505 5932 quibus
1552 5862 1605 5919 itt
1638 5858 1772 5923 locis
1803 5881 1927 5924 cum
1952 5866 2082 5927 νυῒυ

806 4655 1089 4722 praenatat,
1123 4646 1379 4722 additque
1402 4648 1453 4722 in
1485 4647 1595 4704 ﬁne
1622 4646 1954 4722 Diapsalma:

2216 4663 2417 4743 iterum
2447 4664 2560 4743 pari
2587 4676 2880 4743 consensu,
2912 4664 3057 4733 quod
3079 4662 3454 4733 subsequitur,
3476 4662 3820 4719 etcousolan-

2208 4741 2302 4797 tes,
2324 4741 2371 4786 et
2401 4749 2504 4787 non
2532 4734 2723 4788 inveni.

2286 4802 2305 4842 τ
2330 4804 2463 4871 Quae
2489 4804 2686 4859 iterum
2709 4805 2890 4861 excisa
2922 4820 2954 4860 a
2987 4804 3290 4862 Veronensi
3340 4804 3532 4862 codice
3563 4805 3690 4860 folia
3724 4821 3820 4861 re-

2207 4879 2422 4949 centior
2445 4891 2641 4949 manus
2670 4890 2770 4946 per
2792 4880 3002 4946 septeni
3032 4880 3209 4949 l'erute
3246 4893 3438 4933 versus
3474 4894 3502 4931 a
3540 4877 3811 4949 superiori

2211 4946 2457 5015 proxime
2488 4947 2793 5015 supplevit,
2825 4949 2959 5003 satis
2989 4948 3077 5004 hic
3102 4948 3403 5005 oscitanter
3432 4946 3625 5010 verba,
3655 4965 3813 5018 quem

2217 5026 2276 5071 tu
2298 5018 2621 5091 percussisti,
2638 5018 2760 5088 ipsi,
2785 5028 2918 5085 etc.,
2940 5020 3319 5089 prastertnisit:
3340 5030 3451 5073 tttnt
3474 5020 3524 5074 ei
3552 5021 3658 5074 alio
3684 5034 3816 5075 sen-

2216 5103 2304 5153 su,
2337 5100 2392 5144 et
2420 5100 2605 5145 contra
2634 5090 2898 5157 librorum
2934 5091 3176 5146 omnium
3223 5090 3382 5146 tidem
3432 5105 3529 5161 pro
3574 5105 3814 5145 meorum

2217 5161 2351 5245 [φεῖ-ι
2385 5178 2397 5216 τ
2428 5176 2548 5245 qua:
2573 5171 2777 5245 .tatneu
2831 5162 2994 5245 lectio
3049 5161 3284 5245 perinde
3321 5160 3560 5245 ab_;ejus
3597 5161 3813 5245 editore

2212 5230 2467 5288 Psalterii
2501 5230 2756 5298 habetur,
2787 5247 2853 5288 ac
2871 5232 2918 5287 si
2944 5230 3067 5289 euut
3098 5232 3324 5303 Vulgata
3356 5231 3619 5303 editione,
3642 5244 3810 5288 caue-

2212 5304 2400 5373 risquc
2432 5303 2585 5359 libris
2615 5304 2870 5359 omnibus
2895 5302 3245 5360 consonaret.
3308 5302 3568 5373 Sequitur
3609 5303 3662 5359 in
3711 5318 3809 5359 co-

2208 5372 2333 5429 dice
2362 5390 2375 5428 :
2406 5374 2620 5445 Appone
2640 5375 2935 5446 iniquitates
2964 5392 3117 5444 super
3138 5372 3462 5445 iniquitatem
3487 5390 3670 5429 eorum
3694 5418 3709 5441 ,
3757 5383 3807 5429 et

2209 5460 2315 5517 non
2339 5446 2529 5500 intrent
2546 5447 2598 5500 in
2610 5446 2859 5517 justitia:
2895 5455 3007 5501 tum
3039 5491 3054 5517 ,
3102 5448 3245 5502 salus
3283 5458 3374 5501 tua
3398 5488 3415 5515 ,
3459 5461 3559 5517 pro
3588 5453 3636 5500 et
3661 5446 3806 5501 salus

2196 5516 2370 5570 vultus
2400 5518 2498 5573 tui.

2279 5596 2304 5634 Β
2335 5586 2545 5660 Nedum
2579 5587 3022 5660 meipronomen.
3057 5589 3200 5659 quod
3259 5588 3494 5656 ipsemet
3537 5587 3801 5660 llierony.

2202 5672 2330 5712 mus
2360 5658 2639 5714 abundare
2663 5659 2848 5715 docuit
2870 5662 2921 5714 itt
2947 5658 3177 5728 epistola
3202 5661 3268 5716 ad
3293 5660 3558 5716 Sunuiatu
3590 5671 3643 5715 et
3671 5658 3801 5714 Frie—

2201 5729 2395 5803 telatn,
2428 5730 2523 5803 sed
2554 5739 2611 5786 et
2640 5732 3025 5803 subsequentia
3052 5732 3234 5803 verba,
3261 5748 3381 5786 cum
3398 5732 3611 5803 cantico
3624 5740 3692 5792 et,
3713 5746 3799 5786 se-

2199 5800 2415 5869 qnioris
2443 5801 2653 5860 librarii
2675 5800 2963 5860 oscitatttia
3009 5801 3069 5860 iu
3102 5801 3409 5862 Veronensi
3448 5818 3552 5860 tus.
3581 5801 3799 5861 deside-
