  <div class='ocr_page' id='page_1' title='image "/cluster/home/n/w/nwhite01/storage/ocr_20150623/29/hvd.32044015471428/126.png"; bbox 0 0 3994 6324; ppageno 0'>
   <div class='ocr_carea' id='block_1_1' title="bbox 296 288 387 351">
    <p class='ocr_par' dir='ltr' id='par_1_1' title="bbox 296 288 387 351">
     <span class='ocr_line' id='line_1_1' title="bbox 296 288 387 351; baseline 0 0"><span class='ocrx_word' id='word_1_1' title='bbox 296 288 387 351; x_wconf 69' lang='grc'><strong><em>241</em></strong></span> 
     </span>
    </p>
   </div>
   <div class='ocr_carea' id='block_1_2' title="bbox 1585 298 2274 360">
    <p class='ocr_par' dir='ltr' id='par_1_2' title="bbox 1585 298 2274 360">
     <span class='ocr_line' id='line_1_2' title="bbox 1585 298 2274 360; baseline 0.004 -6"><span class='ocrx_word' id='word_1_2' title='bbox 1585 298 1786 355; x_wconf 79' lang='lat' dir='ltr'><strong><em>LIBER</em></strong></span> <span class='ocrx_word' id='word_1_3' title='bbox 1827 300 2274 360; x_wconf 69' lang='lat' dir='ltr'><strong><em>PSALMORUM.</em></strong></span> 
     </span>
    </p>
   </div>
   <div class='ocr_carea' id='block_1_3' title="bbox 3485 310 3595 367">
    <p class='ocr_par' dir='ltr' id='par_1_3' title="bbox 3485 310 3595 367">
     <span class='ocr_line' id='line_1_3' title="bbox 3485 310 3595 367; baseline 0.036 -3"><span class='ocrx_word' id='word_1_4' title='bbox 3485 310 3595 367; x_wconf 66' lang='grc'><strong><em>942</em></strong></span> 
     </span>
    </p>
   </div>
   <div class='ocr_carea' id='block_1_4' title="bbox 364 412 3591 490">
    <p class='ocr_par' dir='ltr' id='par_1_4' title="bbox 364 412 3591 490">
     <span class='ocr_line' id='line_1_4' title="bbox 364 412 3591 490; baseline 0.004 -23"><span class='ocrx_word' id='word_1_5' title='bbox 364 412 427 468; x_wconf 84' lang='lat' dir='ltr'><strong><em>Et</em></strong></span> <span class='ocrx_word' id='word_1_6' title='bbox 454 412 681 483; x_wconf 84' lang='lat' dir='ltr'><strong><em>placebit</em></strong></span> <span class='ocrx_word' id='word_1_7' title='bbox 718 414 827 470; x_wconf 75' lang='lat' dir='ltr'><strong><em>De.)</em></strong></span> <span class='ocrx_word' id='word_1_8' title='bbox 856 430 1010 486; x_wconf 82' lang='lat' dir='ltr'><strong><em>super</em></strong></span> <span class='ocrx_word' id='word_1_9' title='bbox 1063 413 1280 468; x_wconf 77' lang='lat' dir='ltr'><strong><em>vitulum</em></strong></span> <span class='ocrx_word' id='word_1_10' title='bbox 1332 412 1594 484; x_wconf 81' lang='lat' dir='ltr'><strong><em>novellum</em></strong></span> <span class='ocrx_word' id='word_1_11' title='bbox 1629 459 1643 484; x_wconf 88' lang='lat'><strong><em>,</em></strong></span> <span class='ocrx_word' id='word_1_12' title='bbox 1699 432 1895 470; x_wconf 81' lang='lat' dir='ltr'><strong><em>cornua</em></strong></span> <span class='ocrx_word' id='word_1_13' title='bbox 1920 423 1973 480; x_wconf 73' lang='grc' dir='ltr'><strong>Α</strong></span> <span class='ocrx_word' id='word_1_14' title='bbox 2071 416 2137 471; x_wconf 86' lang='lat' dir='ltr'><strong><em>Et</em></strong></span> <span class='ocrx_word' id='word_1_15' title='bbox 2162 415 2394 485; x_wconf 86' lang='lat' dir='ltr'><strong><em>placebit</em></strong></span> <span class='ocrx_word' id='word_1_16' title='bbox 2422 416 2537 473; x_wconf 85' lang='lat' dir='ltr'><strong><em>Deo</em></strong></span> <span class='ocrx_word' id='word_1_17' title='bbox 2566 432 2730 489; x_wconf 85' lang='lat' dir='ltr'><strong>super</strong></span> <span class='ocrx_word' id='word_1_18' title='bbox 2765 418 2990 475; x_wconf 85' lang='lat' dir='ltr'><strong><em>vitulum</em></strong></span> <span class='ocrx_word' id='word_1_19' title='bbox 3028 420 3302 477; x_wconf 85' lang='lat' dir='ltr'><strong><em>novellum</em></strong></span> <span class='ocrx_word' id='word_1_20' title='bbox 3327 464 3342 490; x_wconf 93' lang='lat'><strong><em>,</em></strong></span> <span class='ocrx_word' id='word_1_21' title='bbox 3383 437 3591 480; x_wconf 79' lang='lat' dir='ltr'><strong><em>cornua</em></strong></span> 
     </span>
    </p>
   </div>
   <div class='ocr_carea' id='block_1_5' title="bbox 297 510 1002 582">
    <p class='ocr_par' dir='ltr' id='par_1_5' title="bbox 297 510 1002 582">
     <span class='ocr_line' id='line_1_5' title="bbox 297 510 1002 582; baseline -0.004 -18"><span class='ocrx_word' id='word_1_22' title='bbox 297 510 660 581; x_wconf 87' lang='lat' dir='ltr'><strong><em>producentcm</em></strong></span> <span class='ocrx_word' id='word_1_23' title='bbox 689 520 738 564; x_wconf 91' lang='lat' dir='ltr'><strong><em>et</em></strong></span> <span class='ocrx_word' id='word_1_24' title='bbox 761 510 1002 582; x_wconf 83' lang='lat' dir='ltr'><strong><em>ungulas.</em></strong></span> 
     </span>
    </p>
   </div>
   <div class='ocr_carea' id='block_1_6' title="bbox 368 602 1290 673">
    <p class='ocr_par' dir='ltr' id='par_1_6' title="bbox 368 602 1290 673">
     <span class='ocr_line' id='line_1_6' title="bbox 368 602 1290 673; baseline 0 -16"><span class='ocrx_word' id='word_1_25' title='bbox 368 602 588 657; x_wconf 75' lang='lat' dir='ltr'><strong><em>Videant</em></strong></span> <span class='ocrx_word' id='word_1_26' title='bbox 618 620 895 673; x_wconf 80' lang='lat' dir='ltr'><strong><em>pauperes,</em></strong></span> <span class='ocrx_word' id='word_1_27' title='bbox 927 602 1233 658; x_wconf 75' lang='lat' dir='ltr'><strong><em>etlaztentur</em></strong></span> <span class='ocrx_word' id='word_1_28' title='bbox 1272 618 1290 657; x_wconf 89' lang='lat'><em>:</em></span> 
     </span>
    </p>
   </div>
   <div class='ocr_carea' id='block_1_7' title="bbox 296 696 837 751">
    <p class='ocr_par' dir='ltr' id='par_1_7' title="bbox 296 696 837 751">
     <span class='ocr_line' id='line_1_7' title="bbox 296 696 837 751; baseline 0 -1"><span class='ocrx_word' id='word_1_29' title='bbox 296 696 415 751; x_wconf 72' lang='lat' dir='ltr'><strong><em>vivet</em></strong></span> <span class='ocrx_word' id='word_1_30' title='bbox 439 698 618 750; x_wconf 88' lang='lat' dir='ltr'><strong><em>anima</em></strong></span> <span class='ocrx_word' id='word_1_31' title='bbox 645 706 837 751; x_wconf 83' lang='lat' dir='ltr'><strong><em>vestra.</em></strong></span> 
     </span>
    </p>
   </div>
   <div class='ocr_carea' id='block_1_8' title="bbox 365 788 1556 861">
    <p class='ocr_par' dir='ltr' id='par_1_8' title="bbox 365 788 1556 861">
     <span class='ocr_line' id='line_1_8' title="bbox 365 788 1556 861; baseline 0.004 -21"><span class='ocrx_word' id='word_1_32' title='bbox 365 788 624 853; x_wconf 78' lang='lat' dir='ltr'><strong><em>Quoniam</em></strong></span> <span class='ocrx_word' id='word_1_33' title='bbox 656 789 919 843; x_wconf 74' lang='lat' dir='ltr'><strong><em>exaudiuit</em></strong></span> <span class='ocrx_word' id='word_1_34' title='bbox 945 804 1198 861; x_wconf 89' lang='lat' dir='ltr'><strong><em>pauperes</em></strong></span> <span class='ocrx_word' id='word_1_35' title='bbox 1221 788 1477 843; x_wconf 77' lang='lat' dir='ltr'><strong><em>Dominus</em></strong></span> <span class='ocrx_word' id='word_1_36' title='bbox 1536 804 1556 845; x_wconf 89' lang='lat'><strong><em>:</em></strong></span> 
     </span>
    </p>
   </div>
   <div class='ocr_carea' id='block_1_9' title="bbox 292 884 822 957">
    <p class='ocr_par' dir='ltr' id='par_1_9' title="bbox 292 884 822 957">
     <span class='ocr_line' id='line_1_9' title="bbox 292 884 822 957; baseline 0.004 -20"><span class='ocrx_word' id='word_1_37' title='bbox 292 900 405 938; x_wconf 81' lang='lat' dir='ltr'><strong><em>suos</em></strong></span> <span class='ocrx_word' id='word_1_38' title='bbox 431 899 532 938; x_wconf 91' lang='lat' dir='ltr'><strong><em>non</em></strong></span> <span class='ocrx_word' id='word_1_39' title='bbox 563 884 822 957; x_wconf 74' lang='lat' dir='ltr'><strong><em>despexit.</em></strong></span> 
     </span>
    </p>
   </div>
   <div class='ocr_carea' id='block_1_10' title="bbox 360 976 1886 1049">
    <p class='ocr_par' dir='ltr' id='par_1_10' title="bbox 360 976 1886 1049">
     <span class='ocr_line' id='line_1_10' title="bbox 360 976 1886 1049; baseline 0.001 -18"><span class='ocrx_word' id='word_1_40' title='bbox 360 976 597 1033; x_wconf 87' lang='lat' dir='ltr'><strong><em>Laudent</em></strong></span> <span class='ocrx_word' id='word_1_41' title='bbox 628 978 780 1032; x_wconf 77' lang='lat' dir='ltr'><strong><em>illum</em></strong></span> <span class='ocrx_word' id='word_1_42' title='bbox 802 978 915 1033; x_wconf 67' lang='lat' dir='ltr'><strong><em>creti</em></strong></span> <span class='ocrx_word' id='word_1_43' title='bbox 940 987 989 1033; x_wconf 93' lang='lat' dir='ltr'><strong><em>et</em></strong></span> <span class='ocrx_word' id='word_1_44' title='bbox 1015 985 1175 1045; x_wconf 88' lang='lat' dir='ltr'><strong><em>terra,</em></strong></span> <span class='ocrx_word' id='word_1_45' title='bbox 1210 992 1353 1031; x_wconf 86' lang='lat' dir='ltr'><strong><em>mare</em></strong></span> <span class='ocrx_word' id='word_1_46' title='bbox 1384 984 1431 1031; x_wconf 89' lang='lat' dir='ltr'><strong><em>et</em></strong></span> <span class='ocrx_word' id='word_1_47' title='bbox 1472 977 1645 1031; x_wconf 81' lang='lat' dir='ltr'><strong><em>omnia</em></strong></span> <span class='ocrx_word' id='word_1_48' title='bbox 1675 976 1886 1049; x_wconf 81' lang='lat' dir='ltr'><strong><em>reptiiia</em></strong></span> 
     </span>
    </p>
   </div>
   <div class='ocr_carea' id='block_1_11' title="bbox 289 1071 463 1128">
    <p class='ocr_par' dir='ltr' id='par_1_11' title="bbox 289 1071 463 1128">
     <span class='ocr_line' id='line_1_11' title="bbox 289 1071 463 1128; baseline -0.011 -1"><span class='ocrx_word' id='word_1_49' title='bbox 289 1071 343 1127; x_wconf 87' lang='lat' dir='ltr'><strong><em>in</em></strong></span> <span class='ocrx_word' id='word_1_50' title='bbox 371 1073 463 1128; x_wconf 82' lang='lat' dir='ltr'><strong><em>eis.</em></strong></span> 
     </span>
    </p>
   </div>
   <div class='ocr_carea' id='block_1_12' title="bbox 358 1165 1412 1239">
    <p class='ocr_par' dir='ltr' id='par_1_12' title="bbox 358 1165 1412 1239">
     <span class='ocr_line' id='line_1_12' title="bbox 358 1165 1412 1239; baseline 0.003 -19"><span class='ocrx_word' id='word_1_51' title='bbox 358 1166 618 1234; x_wconf 83' lang='lat' dir='ltr'><strong><em>Quoniam</em></strong></span> <span class='ocrx_word' id='word_1_52' title='bbox 640 1165 783 1223; x_wconf 85' lang='lat' dir='ltr'><strong><em>Deus</em></strong></span> <span class='ocrx_word' id='word_1_53' title='bbox 813 1168 1006 1223; x_wconf 85' lang='lat' dir='ltr'><strong><em>saluam</em></strong></span> <span class='ocrx_word' id='word_1_54' title='bbox 1038 1167 1195 1239; x_wconf 84' lang='lat' dir='ltr'><strong><em>faciet</em></strong></span> <span class='ocrx_word' id='word_1_55' title='bbox 1218 1166 1349 1225; x_wconf 85' lang='lat' dir='ltr'><strong><em>Sion</em></strong></span> <span class='ocrx_word' id='word_1_56' title='bbox 1392 1183 1412 1223; x_wconf 89' lang='lat'><strong><em>:</em></strong></span> 
     </span>
    </p>
   </div>
   <div class='ocr_carea' id='block_1_13' title="bbox 284 1261 817 1317">
    <p class='ocr_par' dir='ltr' id='par_1_13' title="bbox 284 1261 817 1317">
     <span class='ocr_line' id='line_1_13' title="bbox 284 1261 817 1317; baseline 0.006 -3"><span class='ocrx_word' id='word_1_57' title='bbox 284 1270 369 1316; x_wconf 83' lang='lat' dir='ltr'><strong><em>tur</em></strong></span> <span class='ocrx_word' id='word_1_58' title='bbox 391 1262 624 1316; x_wconf 79' lang='lat' dir='ltr'><strong><em>civitates</em></strong></span> <span class='ocrx_word' id='word_1_59' title='bbox 652 1261 817 1317; x_wconf 79' lang='lat' dir='ltr'><strong><em>Inda.</em></strong></span> 
     </span>
    </p>
   </div>
   <div class='ocr_carea' id='block_1_14' title="bbox 352 1351 1879 1427">
    <p class='ocr_par' dir='ltr' id='par_1_14' title="bbox 352 1351 1879 1427">
     <span class='ocr_line' id='line_1_14' title="bbox 352 1351 1879 1427; baseline 0.002 -21"><span class='ocrx_word' id='word_1_60' title='bbox 352 1351 419 1406; x_wconf 86' lang='lat' dir='ltr'><strong><em>Et</em></strong></span> <span class='ocrx_word' id='word_1_61' title='bbox 449 1354 814 1409; x_wconf 80' lang='lat' dir='ltr'><strong><em>inhabitabant</em></strong></span> <span class='ocrx_word' id='word_1_62' title='bbox 846 1356 937 1410; x_wconf 83' lang='lat' dir='ltr'><strong><em>tibi</em></strong></span> <span class='ocrx_word' id='word_1_63' title='bbox 971 1371 991 1410; x_wconf 89' lang='lat'><strong><em>:</em></strong></span> <span class='ocrx_word' id='word_1_64' title='bbox 1016 1364 1063 1410; x_wconf 90' lang='lat' dir='ltr'><strong><em>et</em></strong></span> <span class='ocrx_word' id='word_1_65' title='bbox 1085 1356 1387 1410; x_wconf 53' lang='lat' dir='ltr'><strong><em>literi‘ditate</em></strong></span> <span class='ocrx_word' id='word_1_66' title='bbox 1430 1356 1697 1427; x_wconf 84' lang='lat' dir='ltr'><strong><em>acquirent</em></strong></span> <span class='ocrx_word' id='word_1_67' title='bbox 1744 1372 1879 1409; x_wconf 91' lang='lat' dir='ltr'><strong><em>eam.</em></strong></span> 
     </span>
    </p>
   </div>
   <div class='ocr_carea' id='block_1_15' title="bbox 354 1444 1885 1520">
    <p class='ocr_par' dir='ltr' id='par_1_15' title="bbox 354 1444 1885 1520">
     <span class='ocr_line' id='line_1_15' title="bbox 354 1444 1885 1520; baseline 0.003 -21"><span class='ocrx_word' id='word_1_68' title='bbox 354 1444 419 1499; x_wconf 76' lang='lat' dir='ltr'><strong><em>Et</em></strong></span> <span class='ocrx_word' id='word_1_69' title='bbox 442 1463 617 1500; x_wconf 88' lang='lat' dir='ltr'><strong><em>semen</em></strong></span> <span class='ocrx_word' id='word_1_70' title='bbox 648 1464 913 1501; x_wconf 77' lang='lat' dir='ltr'><strong><em>servorum</em></strong></span> <span class='ocrx_word' id='word_1_71' title='bbox 939 1448 1054 1515; x_wconf 78' lang='lat' dir='ltr'><strong><em>eius</em></strong></span> <span class='ocrx_word' id='word_1_72' title='bbox 1078 1448 1359 1519; x_wconf 82' lang='lat' dir='ltr'><strong><em>pos:idebit</em></strong></span> <span class='ocrx_word' id='word_1_73' title='bbox 1392 1464 1503 1503; x_wconf 90' lang='lat' dir='ltr'><strong><em>eam</em></strong></span> <span class='ocrx_word' id='word_1_74' title='bbox 1528 1464 1546 1503; x_wconf 89' lang='lat'><strong><em>:</em></strong></span> <span class='ocrx_word' id='word_1_75' title='bbox 1575 1459 1620 1502; x_wconf 89' lang='lat' dir='ltr'><strong><em>et</em></strong></span> <span class='ocrx_word' id='word_1_76' title='bbox 1648 1450 1737 1520; x_wconf 86' lang='lat' dir='ltr'><strong><em>qui</em></strong></span> <span class='ocrx_word' id='word_1_77' title='bbox 1760 1449 1885 1503; x_wconf 84' lang='lat' dir='ltr'><strong><em>dili-</em></strong></span> 
     </span>
    </p>
   </div>
   <div class='ocr_carea' id='block_1_16' title="bbox 280 1538 1314 1613">
    <p class='ocr_par' dir='ltr' id='par_1_16' title="bbox 280 1538 1314 1613">
     <span class='ocr_line' id='line_1_16' title="bbox 280 1538 1314 1613; baseline 0.001 -21"><span class='ocrx_word' id='word_1_78' title='bbox 280 1547 408 1610; x_wconf 83' lang='lat' dir='ltr'><strong><em>gunt</em></strong></span> <span class='ocrx_word' id='word_1_79' title='bbox 435 1556 625 1594; x_wconf 86' lang='lat' dir='ltr'><strong><em>nomen</em></strong></span> <span class='ocrx_word' id='word_1_80' title='bbox 650 1543 785 1613; x_wconf 86' lang='lat' dir='ltr'><strong><em>ejus,</em></strong></span> <span class='ocrx_word' id='word_1_81' title='bbox 814 1538 1122 1594; x_wconf 74' lang='lat' dir='ltr'><strong><em>habitabant</em></strong></span> <span class='ocrx_word' id='word_1_82' title='bbox 1148 1540 1203 1594; x_wconf 87' lang='lat' dir='ltr'><strong><em>in</em></strong></span> <span class='ocrx_word' id='word_1_83' title='bbox 1235 1556 1314 1594; x_wconf 92' lang='lat' dir='ltr'><strong><em>ea.</em></strong></span> 
     </span>
    </p>
   </div>
   <div class='ocr_carea' id='block_1_17' title="bbox 1337 602 1889 674">
    <p class='ocr_par' dir='ltr' id='par_1_17' title="bbox 1337 602 1889 674">
     <span class='ocr_line' id='line_1_17' title="bbox 1337 602 1889 674; baseline 0.004 -17"><span class='ocrx_word' id='word_1_84' title='bbox 1337 602 1551 674; x_wconf 80' lang='lat' dir='ltr'><strong><em>quwrite</em></strong></span> <span class='ocrx_word' id='word_1_85' title='bbox 1592 602 1797 673; x_wconf 83' lang='lat' dir='ltr'><strong><em>Deum,</em></strong></span> <span class='ocrx_word' id='word_1_86' title='bbox 1842 614 1889 661; x_wconf 93' lang='lat' dir='ltr'><strong><em>et</em></strong></span> 
     </span>
    </p>
   </div>
   <div class='ocr_carea' id='block_1_18' title="bbox 1608 790 1888 847">
    <p class='ocr_par' dir='ltr' id='par_1_18' title="bbox 1608 790 1888 847">
     <span class='ocr_line' id='line_1_18' title="bbox 1608 790 1888 847; baseline 0.014 -4"><span class='ocrx_word' id='word_1_87' title='bbox 1608 798 1655 844; x_wconf 83' lang='lat' dir='ltr'><strong><em>et</em></strong></span> <span class='ocrx_word' id='word_1_88' title='bbox 1695 790 1888 847; x_wconf 83' lang='lat' dir='ltr'><strong><em>vinctos</em></strong></span> 
     </span>
    </p>
   </div>
   <div class='ocr_carea' id='block_1_19' title="bbox 1456 1167 1886 1238">
    <p class='ocr_par' dir='ltr' id='par_1_19' title="bbox 1456 1167 1886 1238">
     <span class='ocr_line' id='line_1_19' title="bbox 1456 1167 1886 1238; baseline -0.002 -15"><span class='ocrx_word' id='word_1_89' title='bbox 1456 1174 1505 1223; x_wconf 89' lang='lat' dir='ltr'><strong><em>et</em></strong></span> <span class='ocrx_word' id='word_1_90' title='bbox 1544 1167 1886 1238; x_wconf 81' lang='lat' dir='ltr'><strong><em>tediﬁcabun-</em></strong></span> 
     </span>
    </p>
   </div>
   <div class='ocr_carea' id='block_1_20' title="bbox 1999 510 2739 583">
    <p class='ocr_par' dir='ltr' id='par_1_20' title="bbox 1999 510 2739 583">
     <span class='ocr_line' id='line_1_20' title="bbox 1999 510 2739 583; baseline 0.008 -20"><span class='ocrx_word' id='word_1_91' title='bbox 1999 510 2386 581; x_wconf 89' lang='lat' dir='ltr'><strong><em>producentem</em></strong></span> <span class='ocrx_word' id='word_1_92' title='bbox 2410 521 2461 567; x_wconf 90' lang='lat' dir='ltr'><strong><em>et</em></strong></span> <span class='ocrx_word' id='word_1_93' title='bbox 2490 512 2739 583; x_wconf 71' lang='lat' dir='ltr'><strong><em>ungulas.</em></strong></span> 
     </span>
    </p>
   </div>
   <div class='ocr_carea' id='block_1_21' title="bbox 2072 603 3590 679">
    <p class='ocr_par' dir='ltr' id='par_1_21' title="bbox 2072 603 3590 679">
     <span class='ocr_line' id='line_1_21' title="bbox 2072 603 3590 679; baseline 0.005 -21"><span class='ocrx_word' id='word_1_94' title='bbox 2072 603 2302 659; x_wconf 80' lang='lat' dir='ltr'><strong><em>Videant</em></strong></span> <span class='ocrx_word' id='word_1_95' title='bbox 2328 618 2614 675; x_wconf 89' lang='lat' dir='ltr'><strong><em>pauperes,</em></strong></span> <span class='ocrx_word' id='word_1_96' title='bbox 2644 614 2696 659; x_wconf 88' lang='lat' dir='ltr'><strong><em>et</em></strong></span> <span class='ocrx_word' id='word_1_97' title='bbox 2719 605 2971 661; x_wconf 65' lang='lat' dir='ltr'><strong><em>laetentur</em></strong></span> <span class='ocrx_word' id='word_1_98' title='bbox 3003 625 3014 661; x_wconf 92' lang='lat'>:</span> <span class='ocrx_word' id='word_1_99' title='bbox 3048 608 3275 679; x_wconf 70' lang='lat' dir='ltr'><strong><em>qumrite</em></strong></span> <span class='ocrx_word' id='word_1_100' title='bbox 3302 608 3590 667; x_wconf 90' lang='lat' dir='ltr'><strong><em>Dominum</em></strong></span> 
     </span>
    </p>
   </div>
   <div class='ocr_carea' id='block_1_22' title="bbox 1998 698 3058 773">
    <p class='ocr_par' dir='ltr' id='par_1_22' title="bbox 1998 698 3058 773">
     <span class='ocr_line' id='line_1_22' title="bbox 1998 698 3058 773; baseline 0.006 -20"><span class='ocrx_word' id='word_1_101' title='bbox 1998 698 2126 773; x_wconf 80' lang='lat' dir='ltr'><strong><em>[Hs.</em></strong></span> <span class='ocrx_word' id='word_1_102' title='bbox 2157 699 2374 771; x_wconf 87' lang='lat' dir='ltr'><strong><em>Deum],</em></strong></span> <span class='ocrx_word' id='word_1_103' title='bbox 2406 707 2461 755; x_wconf 90' lang='lat' dir='ltr'><strong><em>et</em></strong></span> <span class='ocrx_word' id='word_1_104' title='bbox 2484 700 2824 755; x_wconf 88' lang='lat' dir='ltr'><strong><em>vivetanima</em></strong></span> <span class='ocrx_word' id='word_1_105' title='bbox 2856 710 3058 759; x_wconf 87' lang='lat' dir='ltr'><strong><em>vestra.</em></strong></span> 
     </span>
    </p>
   </div>
   <div class='ocr_carea' id='block_1_23' title="bbox 2069 794 3592 866">
    <p class='ocr_par' dir='ltr' id='par_1_23' title="bbox 2069 794 3592 866">
     <span class='ocr_line' id='line_1_23' title="bbox 2069 794 3592 866; baseline 0.004 -17"><span class='ocrx_word' id='word_1_106' title='bbox 2069 794 2337 862; x_wconf 81' lang='lat' dir='ltr'><strong><em>Quoniam</em></strong></span> <span class='ocrx_word' id='word_1_107' title='bbox 2362 794 2640 850; x_wconf 72' lang='lat' dir='ltr'><strong><em>exaudivit</em></strong></span> <span class='ocrx_word' id='word_1_108' title='bbox 2665 809 2935 866; x_wconf 90' lang='lat' dir='ltr'><strong><em>pauperes</em></strong></span> <span class='ocrx_word' id='word_1_109' title='bbox 2962 796 3225 853; x_wconf 76' lang='lat' dir='ltr'><strong><em>Dominus</em></strong></span> <span class='ocrx_word' id='word_1_110' title='bbox 3260 815 3272 851; x_wconf 85' lang='lat'><strong>:</strong></span> <span class='ocrx_word' id='word_1_111' title='bbox 3301 806 3357 854; x_wconf 91' lang='lat' dir='ltr'><strong><em>et</em></strong></span> <span class='ocrx_word' id='word_1_112' title='bbox 3381 798 3592 855; x_wconf 84' lang='lat' dir='ltr'><strong><em>vinctos</em></strong></span> 
     </span>
    </p>
   </div>
   <div class='ocr_carea' id='block_1_24' title="bbox 1994 892 2511 964">
    <p class='ocr_par' dir='ltr' id='par_1_24' title="bbox 1994 892 2511 964">
     <span class='ocr_line' id='line_1_24' title="bbox 1994 892 2511 964; baseline -0.004 -15"><span class='ocrx_word' id='word_1_113' title='bbox 1994 906 2126 949; x_wconf 85' lang='lat' dir='ltr'><strong><em>suos</em></strong></span> <span class='ocrx_word' id='word_1_114' title='bbox 2153 908 2259 948; x_wconf 91' lang='lat' dir='ltr'><strong><em>non</em></strong></span> <span class='ocrx_word' id='word_1_115' title='bbox 2287 892 2511 964; x_wconf 83' lang='lat' dir='ltr'><strong><em>sprevit.</em></strong></span> 
     </span>
    </p>
   </div>
   <div class='ocr_carea' id='block_1_25' title="bbox 2071 984 3593 1058">
    <p class='ocr_par' dir='ltr' id='par_1_25' title="bbox 2071 984 3593 1058">
     <span class='ocr_line' id='line_1_25' title="bbox 2071 984 3593 1058; baseline 0.001 -17"><span class='ocrx_word' id='word_1_116' title='bbox 2071 985 2317 1041; x_wconf 88' lang='lat' dir='ltr'><strong><em>Laudent</em></strong></span> <span class='ocrx_word' id='word_1_117' title='bbox 2340 1000 2465 1041; x_wconf 91' lang='lat' dir='ltr'><strong><em>eum</em></strong></span> <span class='ocrx_word' id='word_1_118' title='bbox 2493 984 2620 1041; x_wconf 87' lang='lat' dir='ltr'><strong><em>coeli</em></strong></span> <span class='ocrx_word' id='word_1_119' title='bbox 2650 992 2705 1042; x_wconf 90' lang='lat' dir='ltr'><strong><em>et</em></strong></span> <span class='ocrx_word' id='word_1_120' title='bbox 2727 993 2895 1053; x_wconf 86' lang='lat' dir='ltr'><strong><em>terra,</em></strong></span> <span class='ocrx_word' id='word_1_121' title='bbox 2929 1000 3083 1044; x_wconf 87' lang='lat' dir='ltr'><strong><em>mare</em></strong></span> <span class='ocrx_word' id='word_1_122' title='bbox 3112 995 3167 1044; x_wconf 87' lang='lat' dir='ltr'><strong><em>et</em></strong></span> <span class='ocrx_word' id='word_1_123' title='bbox 3196 987 3379 1043; x_wconf 84' lang='lat' dir='ltr'><strong><em>omnia</em></strong></span> <span class='ocrx_word' id='word_1_124' title='bbox 3408 1030 3424 1058; x_wconf 92' lang='lat'><strong><em>,</em></strong></span> <span class='ocrx_word' id='word_1_125' title='bbox 3471 1002 3593 1058; x_wconf 70' lang='lat' dir='ltr'><strong><em>qum</em></strong></span> 
     </span>
    </p>
   </div>
   <div class='ocr_carea' id='block_1_26' title="bbox 1994 1074 2387 1133">
    <p class='ocr_par' dir='ltr' id='par_1_26' title="bbox 1994 1074 2387 1133">
     <span class='ocr_line' id='line_1_26' title="bbox 1994 1074 2387 1133; baseline 0 -1"><span class='ocrx_word' id='word_1_126' title='bbox 1994 1074 2022 1115; x_wconf 73' lang='grc' dir='ltr'>ά</span> <span class='ocrx_word' id='word_1_127' title='bbox 2050 1076 2103 1133; x_wconf 91' lang='lat' dir='ltr'><strong><em>in</em></strong></span> <span class='ocrx_word' id='word_1_128' title='bbox 2129 1078 2211 1133; x_wconf 90' lang='lat' dir='ltr'><strong><em>eis</em></strong></span> <span class='ocrx_word' id='word_1_129' title='bbox 2240 1085 2387 1132; x_wconf 92' lang='lat' dir='ltr'><strong><em>sunt.</em></strong></span> 
     </span>
    </p>
   </div>
   <div class='ocr_carea' id='block_1_27' title="bbox 2065 1168 3591 1237">
    <p class='ocr_par' dir='ltr' id='par_1_27' title="bbox 2065 1168 3591 1237">
     <span class='ocr_line' id='line_1_27' title="bbox 2065 1168 3591 1237; baseline 0.004 -15"><span class='ocrx_word' id='word_1_130' title='bbox 2065 1168 2330 1237; x_wconf 86' lang='lat' dir='ltr'><strong><em>Quoniam</em></strong></span> <span class='ocrx_word' id='word_1_131' title='bbox 2357 1169 2501 1225; x_wconf 87' lang='lat' dir='ltr'><strong><em>Deus</em></strong></span> <span class='ocrx_word' id='word_1_132' title='bbox 2531 1169 2738 1225; x_wconf 86' lang='lat' dir='ltr'><strong><em>salvam</em></strong></span> <span class='ocrx_word' id='word_1_133' title='bbox 2764 1169 2929 1226; x_wconf 81' lang='lat' dir='ltr'><strong><em>faciet</em></strong></span> <span class='ocrx_word' id='word_1_134' title='bbox 2954 1171 3087 1228; x_wconf 88' lang='lat' dir='ltr'><strong><em>Sion</em></strong></span> <span class='ocrx_word' id='word_1_135' title='bbox 3121 1180 3210 1228; x_wconf 92' lang='lat' dir='ltr'><strong><em>:et</em></strong></span> <span class='ocrx_word' id='word_1_136' title='bbox 3243 1171 3591 1228; x_wconf 74' lang='lat' dir='ltr'><strong><em>mdiiicabun-</em></strong></span> 
     </span>
    </p>
   </div>
   <div class='ocr_carea' id='block_1_28' title="bbox 1990 1261 3169 1331">
    <p class='ocr_par' dir='ltr' id='par_1_28' title="bbox 1990 1261 3169 1331">
     <span class='ocr_line' id='line_1_28' title="bbox 1990 1261 3169 1331; baseline 0.002 -14"><span class='ocrx_word' id='word_1_137' title='bbox 1990 1270 2078 1318; x_wconf 89' lang='lat' dir='ltr'><strong><em>tur</em></strong></span> <span class='ocrx_word' id='word_1_138' title='bbox 2098 1262 2345 1318; x_wconf 81' lang='lat' dir='ltr'><strong><em>civitates</em></strong></span> <span class='ocrx_word' id='word_1_139' title='bbox 2366 1261 2541 1331; x_wconf 77' lang='lat' dir='ltr'><strong><em>Judtn,</em></strong></span> <span class='ocrx_word' id='word_1_140' title='bbox 2586 1271 2641 1318; x_wconf 89' lang='lat' dir='ltr'><strong><em>et</em></strong></span> <span class='ocrx_word' id='word_1_141' title='bbox 2666 1261 3046 1319; x_wconf 81' lang='lat' dir='ltr'><strong><em>inhabitabant</em></strong></span> <span class='ocrx_word' id='word_1_142' title='bbox 3073 1264 3169 1320; x_wconf 88' lang='lat' dir='ltr'><strong><em>ibi.</em></strong></span> 
     </span>
    </p>
   </div>
   <div class='ocr_carea' id='block_1_29' title="bbox 2070 1355 3591 1427">
    <p class='ocr_par' dir='ltr' id='par_1_29' title="bbox 2070 1355 3591 1427">
     <span class='ocr_line' id='line_1_29' title="bbox 2070 1355 3591 1427; baseline 0.003 -17"><span class='ocrx_word' id='word_1_143' title='bbox 2070 1356 2138 1411; x_wconf 86' lang='lat' dir='ltr'><strong><em>Et</em></strong></span> <span class='ocrx_word' id='word_1_144' title='bbox 2164 1355 2485 1411; x_wconf 78' lang='lat' dir='ltr'><strong><em>luereditate</em></strong></span> <span class='ocrx_word' id='word_1_145' title='bbox 2507 1356 2794 1427; x_wconf 89' lang='lat' dir='ltr'><strong><em>acquirent</em></strong></span> <span class='ocrx_word' id='word_1_146' title='bbox 2818 1372 2938 1411; x_wconf 89' lang='lat' dir='ltr'><strong><em>eam</em></strong></span> <span class='ocrx_word' id='word_1_147' title='bbox 2964 1397 2977 1423; x_wconf 91' lang='lat'><strong><em>,</em></strong></span> <span class='ocrx_word' id='word_1_148' title='bbox 3011 1366 3064 1411; x_wconf 84' lang='lat' dir='ltr'><strong><em>et</em></strong></span> <span class='ocrx_word' id='word_1_149' title='bbox 3087 1372 3275 1413; x_wconf 88' lang='lat' dir='ltr'><strong><em>semen</em></strong></span> <span class='ocrx_word' id='word_1_150' title='bbox 3305 1372 3591 1414; x_wconf 86' lang='lat' dir='ltr'><strong><em>servorum</em></strong></span> 
     </span>
    </p>
   </div>
   <div class='ocr_carea' id='block_1_30' title="bbox 1992 1446 3595 1520">
    <p class='ocr_par' dir='ltr' id='par_1_30' title="bbox 1992 1446 3595 1520">
     <span class='ocr_line' id='line_1_30' title="bbox 1992 1446 3595 1520; baseline 0.001 -17"><span class='ocrx_word' id='word_1_151' title='bbox 1992 1446 2109 1517; x_wconf 76' lang='lat' dir='ltr'><strong><em>eius</em></strong></span> <span class='ocrx_word' id='word_1_152' title='bbox 2137 1446 2438 1518; x_wconf 88' lang='lat' dir='ltr'><strong><em>possidebit</em></strong></span> <span class='ocrx_word' id='word_1_153' title='bbox 2460 1461 2600 1515; x_wconf 90' lang='lat' dir='ltr'><strong><em>eam,</em></strong></span> <span class='ocrx_word' id='word_1_154' title='bbox 2630 1457 2686 1502; x_wconf 88' lang='lat' dir='ltr'><strong><em>et</em></strong></span> <span class='ocrx_word' id='word_1_155' title='bbox 2715 1446 2807 1518; x_wconf 87' lang='lat' dir='ltr'><strong><em>qui</em></strong></span> <span class='ocrx_word' id='word_1_156' title='bbox 2831 1446 3064 1518; x_wconf 82' lang='lat' dir='ltr'><strong><em>diligunt</em></strong></span> <span class='ocrx_word' id='word_1_157' title='bbox 3090 1463 3289 1505; x_wconf 89' lang='lat' dir='ltr'><strong><em>nomen</em></strong></span> <span class='ocrx_word' id='word_1_158' title='bbox 3319 1448 3437 1520; x_wconf 88' lang='lat' dir='ltr'><strong><em>ejus</em></strong></span> <span class='ocrx_word' id='word_1_159' title='bbox 3461 1489 3478 1518; x_wconf 92' lang='lat'><strong><em>,</em></strong></span> <span class='ocrx_word' id='word_1_160' title='bbox 3510 1450 3595 1505; x_wconf 88' lang='lat' dir='ltr'><strong><em>in-</em></strong></span> 
     </span>
    </p>
   </div>
   <div class='ocr_carea' id='block_1_31' title="bbox 1992 1537 2501 1595">
    <p class='ocr_par' dir='ltr' id='par_1_31' title="bbox 1992 1537 2501 1595">
     <span class='ocr_line' id='line_1_31' title="bbox 1992 1537 2501 1595; baseline 0.004 -2"><span class='ocrx_word' id='word_1_161' title='bbox 1992 1537 2318 1594; x_wconf 87' lang='lat' dir='ltr'><strong><em>habitabunt</em></strong></span> <span class='ocrx_word' id='word_1_162' title='bbox 2338 1538 2394 1594; x_wconf 91' lang='lat' dir='ltr'><strong><em>in</em></strong></span> <span class='ocrx_word' id='word_1_163' title='bbox 2415 1552 2501 1595; x_wconf 85' lang='lat' dir='ltr'><strong><em>ea.</em></strong></span> 
     </span>
    </p>
   </div>
   <div class='ocr_carea' id='block_1_32' title="bbox 1606 1630 2244 1695">
    <p class='ocr_par' dir='ltr' id='par_1_32' title="bbox 1606 1630 2244 1695">
     <span class='ocr_line' id='line_1_32' title="bbox 1606 1630 2244 1695; baseline -0.009 0"><span class='ocrx_word' id='word_1_164' title='bbox 1606 1630 1968 1695; x_wconf 84' lang='lat' dir='ltr'><strong><em>PSALMUS</em></strong></span> <span class='ocrx_word' id='word_1_165' title='bbox 2011 1630 2244 1691; x_wconf 76' lang='lat' dir='ltr'><strong><em>LXIX.</em></strong></span> 
     </span>
    </p>
   </div>
   <div class='ocr_carea' id='block_1_33' title="bbox 318 1737 3549 1802">
    <p class='ocr_par' dir='ltr' id='par_1_33' title="bbox 318 1737 3549 1802">
     <span class='ocr_line' id='line_1_33' title="bbox 318 1737 3549 1802; baseline -0 -11"><span class='ocrx_word' id='word_1_166' title='bbox 318 1749 370 1791; x_wconf 74' lang='lat' dir='ltr'><strong><em>lx</em></strong></span> <span class='ocrx_word' id='word_1_167' title='bbox 404 1749 572 1791; x_wconf 72' lang='lat' dir='ltr'><strong><em>PINEI</em></strong></span> <span class='ocrx_word' id='word_1_168' title='bbox 611 1749 802 1799; x_wconf 69' lang='grc' dir='ltr'><strong><em>ωηο,</em></strong></span> <span class='ocrx_word' id='word_1_169' title='bbox 846 1749 898 1789; x_wconf 72' lang='lat' dir='ltr'><strong><em>tu</em></strong></span> <span class='ocrx_word' id='word_1_170' title='bbox 937 1748 1429 1790; x_wconf 70' lang='lat' dir='ltr'><strong><em>REIEIORATIONBK</em></strong></span> <span class='ocrx_word' id='word_1_171' title='bbox 1453 1737 1519 1802; x_wconf 64' lang='grc' dir='ltr'><strong><em>&gt;ε&lt;</em></strong></span> <span class='ocrx_word' id='word_1_172' title='bbox 1543 1744 1569 1771; x_wconf 79' lang='grc' dir='ltr'>ἰ</span> <span class='ocrx_word' id='word_1_173' title='bbox 1609 1749 1676 1790; x_wconf 72' lang='lat' dir='ltr'><strong><em>eo</em></strong></span> <span class='ocrx_word' id='word_1_174' title='bbox 1713 1750 1853 1800; x_wconf 77' lang='lat' dir='ltr'><strong><em>quon</em></strong></span> <span class='ocrx_word' id='word_1_175' title='bbox 1920 1737 1968 1797; x_wconf 89' lang='lat' dir='ltr'><strong><em>B</em></strong></span> <span class='ocrx_word' id='word_1_176' title='bbox 2030 1746 2083 1788; x_wconf 74' lang='lat' dir='ltr'><strong><em>tu</em></strong></span> <span class='ocrx_word' id='word_1_177' title='bbox 2123 1746 2318 1801; x_wconf 59' lang='grc' dir='ltr'><strong>επεν,</strong></span> <span class='ocrx_word' id='word_1_178' title='bbox 2361 1746 2555 1797; x_wconf 73' lang='lat' dir='ltr'><strong><em>mvm,</em></strong></span> <span class='ocrx_word' id='word_1_179' title='bbox 2599 1746 2651 1786; x_wconf 71' lang='lat' dir='ltr'><strong><em>tre</em></strong></span> <span class='ocrx_word' id='word_1_180' title='bbox 2699 1745 3198 1788; x_wconf 72' lang='lat' dir='ltr'><strong><em>REIEIORATIOKEII</em></strong></span> <span class='ocrx_word' id='word_1_181' title='bbox 3241 1739 3265 1771; x_wconf 76' lang='grc' dir='ltr'><strong>ο</strong></span> <span class='ocrx_word' id='word_1_182' title='bbox 3304 1746 3373 1789; x_wconf 70' lang='lat' dir='ltr'><strong><em>eo</em></strong></span> <span class='ocrx_word' id='word_1_183' title='bbox 3409 1747 3549 1799; x_wconf 75' lang='lat' dir='ltr'><strong><em>quon</em></strong></span> 
     </span>
    </p>
   </div>
   <div class='ocr_carea' id='block_1_34' title="bbox 642 1807 1525 1875">
    <p class='ocr_par' dir='ltr' id='par_1_34' title="bbox 642 1807 1525 1875">
     <span class='ocr_line' id='line_1_34' title="bbox 642 1807 1525 1875; baseline 0.001 -14"><span class='ocrx_word' id='word_1_184' title='bbox 642 1822 850 1863; x_wconf 60' lang='lat' dir='ltr'><strong><em>sanun</em></strong></span> <span class='ocrx_word' id='word_1_185' title='bbox 890 1822 962 1862; x_wconf 70' lang='lat' dir='ltr'><strong><em>ne</em></strong></span> <span class='ocrx_word' id='word_1_186' title='bbox 1002 1822 1159 1861; x_wconf 70' lang='lat' dir='ltr'><strong><em>recrr</em></strong></span> <span class='ocrx_word' id='word_1_187' title='bbox 1204 1820 1455 1862; x_wconf 70' lang='lat' dir='ltr'><strong><em>DOIINUS.</em></strong></span> <span class='ocrx_word' id='word_1_188' title='bbox 1503 1807 1525 1875; x_wconf 70' lang='grc' dir='ltr'>ζ</span> 
     </span>
    </p>
   </div>
   <div class='ocr_carea' id='block_1_35' title="bbox 355 1918 1889 1994">
    <p class='ocr_par' dir='ltr' id='par_1_35' title="bbox 355 1918 1889 1994">
     <span class='ocr_line' id='line_1_35' title="bbox 355 1918 1889 1994; baseline 0 -20"><span class='ocrx_word' id='word_1_189' title='bbox 355 1919 517 1988; x_wconf 90' lang='lat' dir='ltr'><strong><em>Deus,</em></strong></span> <span class='ocrx_word' id='word_1_190' title='bbox 550 1921 605 1974; x_wconf 91' lang='lat' dir='ltr'><strong><em>in</em></strong></span> <span class='ocrx_word' id='word_1_191' title='bbox 636 1920 955 1994; x_wconf 86' lang='lat' dir='ltr'><strong><em>adjutorium</em></strong></span> <span class='ocrx_word' id='word_1_192' title='bbox 980 1935 1151 1973; x_wconf 88' lang='lat' dir='ltr'><strong><em>meum</em></strong></span> <span class='ocrx_word' id='word_1_193' title='bbox 1179 1934 1238 1974; x_wconf 74' lang='grc' dir='ltr'><strong><em>σξ-</em></strong></span> <span class='ocrx_word' id='word_1_194' title='bbox 1264 1918 1473 1974; x_wconf 85' lang='lat' dir='ltr'><strong><em>intende</em></strong></span> <span class='ocrx_word' id='word_1_195' title='bbox 1500 1918 1521 1987; x_wconf 71' lang='grc' dir='ltr'>ζ</span> <span class='ocrx_word' id='word_1_196' title='bbox 1550 1918 1786 1988; x_wconf 83' lang='lat' dir='ltr'><strong><em>Domine,</em></strong></span> <span class='ocrx_word' id='word_1_197' title='bbox 1820 1919 1889 1973; x_wconf 82' lang='lat' dir='ltr'><strong><em>ad</em></strong></span> 
     </span>
    </p>
   </div>
   <div class='ocr_carea' id='block_1_36' title="bbox 280 2011 993 2085">
    <p class='ocr_par' dir='ltr' id='par_1_36' title="bbox 280 2011 993 2085">
     <span class='ocr_line' id='line_1_36' title="bbox 280 2011 993 2085; baseline 0.001 -19"><span class='ocrx_word' id='word_1_198' title='bbox 280 2011 646 2085; x_wconf 82' lang='lat' dir='ltr'><strong><em>adjuvandum</em></strong></span> <span class='ocrx_word' id='word_1_199' title='bbox 675 2028 756 2066; x_wconf 89' lang='lat' dir='ltr'><strong><em>me</em></strong></span> <span class='ocrx_word' id='word_1_200' title='bbox 784 2012 993 2082; x_wconf 79' lang='lat' dir='ltr'><strong><em>festina.</em></strong></span> 
     </span>
    </p>
   </div>
   <div class='ocr_carea' id='block_1_37' title="bbox 355 2104 1889 2179">
    <p class='ocr_par' dir='ltr' id='par_1_37' title="bbox 355 2104 1889 2179">
     <span class='ocr_line' id='line_1_37' title="bbox 355 2104 1889 2179; baseline 0.001 -20"><span class='ocrx_word' id='word_1_201' title='bbox 355 2104 780 2179; x_wconf 80' lang='lat' dir='ltr'><strong><em>Confundantur,</em></strong></span> <span class='ocrx_word' id='word_1_202' title='bbox 801 2114 849 2161; x_wconf 92' lang='lat' dir='ltr'><strong><em>et</em></strong></span> <span class='ocrx_word' id='word_1_203' title='bbox 878 2113 1204 2161; x_wconf 80' lang='lat' dir='ltr'><strong><em>revereantur</em></strong></span> <span class='ocrx_word' id='word_1_204' title='bbox 1223 2146 1238 2173; x_wconf 92' lang='lat'><strong><em>,</em></strong></span> <span class='ocrx_word' id='word_1_205' title='bbox 1259 2106 1349 2178; x_wconf 88' lang='lat' dir='ltr'><strong><em>qui</em></strong></span> <span class='ocrx_word' id='word_1_206' title='bbox 1383 2113 1619 2177; x_wconf 75' lang='lat' dir='ltr'><strong><em>quierunt</em></strong></span> <span class='ocrx_word' id='word_1_207' title='bbox 1663 2105 1889 2161; x_wconf 90' lang='lat' dir='ltr'><strong><em>animam</em></strong></span> 
     </span>
    </p>
   </div>
   <div class='ocr_carea' id='block_1_38' title="bbox 286 2215 477 2255">
    <p class='ocr_par' dir='ltr' id='par_1_38' title="bbox 286 2215 477 2255">
     <span class='ocr_line' id='line_1_38' title="bbox 286 2215 477 2255; baseline 0 -2"><span class='ocrx_word' id='word_1_208' title='bbox 286 2215 477 2255; x_wconf 85' lang='lat' dir='ltr'><strong><em>meant.</em></strong></span> 
     </span>
    </p>
   </div>
   <div class='ocr_carea' id='block_1_39' title="bbox 353 2290 1890 2363">
    <p class='ocr_par' dir='ltr' id='par_1_39' title="bbox 353 2290 1890 2363">
     <span class='ocr_line' id='line_1_39' title="bbox 353 2290 1890 2363; baseline 0 -17"><span class='ocrx_word' id='word_1_209' title='bbox 353 2293 665 2346; x_wconf 78' lang='lat' dir='ltr'><strong><em>Aeertantur</em></strong></span> <span class='ocrx_word' id='word_1_210' title='bbox 688 2297 972 2347; x_wconf 82' lang='lat' dir='ltr'><strong><em>retrorsum</em></strong></span> <span class='ocrx_word' id='word_1_211' title='bbox 993 2299 1039 2347; x_wconf 90' lang='lat' dir='ltr'><strong><em>et</em></strong></span> <span class='ocrx_word' id='word_1_212' title='bbox 1068 2290 1405 2361; x_wconf 88' lang='lat' dir='ltr'><strong><em>erubescant,</em></strong></span> <span class='ocrx_word' id='word_1_213' title='bbox 1432 2290 1523 2363; x_wconf 85' lang='lat' dir='ltr'><strong><em>qui</em></strong></span> <span class='ocrx_word' id='word_1_214' title='bbox 1555 2290 1733 2346; x_wconf 86' lang='lat' dir='ltr'><strong><em>volunt</em></strong></span> <span class='ocrx_word' id='word_1_215' title='bbox 1760 2290 1890 2347; x_wconf 80' lang='lat' dir='ltr'><strong><em>mihi</em></strong></span> 
     </span>
    </p>
   </div>
   <div class='ocr_carea' id='block_1_40' title="bbox 284 2384 453 2439">
    <p class='ocr_par' dir='ltr' id='par_1_40' title="bbox 284 2384 453 2439">
     <span class='ocr_line' id='line_1_40' title="bbox 284 2384 453 2439; baseline 0 0"><span class='ocrx_word' id='word_1_216' title='bbox 284 2384 453 2439; x_wconf 84' lang='lat' dir='ltr'><strong><em>mala.</em></strong></span> 
     </span>
    </p>
   </div>
   <div class='ocr_carea' id='block_1_41' title="bbox 356 2472 1889 2549">
    <p class='ocr_par' dir='ltr' id='par_1_41' title="bbox 356 2472 1889 2549">
     <span class='ocr_line' id='line_1_41' title="bbox 356 2472 1889 2549; baseline 0.001 -18"><span class='ocrx_word' id='word_1_217' title='bbox 356 2480 670 2531; x_wconf 80' lang='lat' dir='ltr'><strong><em>Avertantur</em></strong></span> <span class='ocrx_word' id='word_1_218' title='bbox 694 2475 869 2531; x_wconf 89' lang='lat' dir='ltr'><strong><em>statim</em></strong></span> <span class='ocrx_word' id='word_1_219' title='bbox 884 2475 1229 2533; x_wconf 75' lang='lat' dir='ltr'><strong><em>erubescentes</em></strong></span> <span class='ocrx_word' id='word_1_220' title='bbox 1246 2517 1260 2545; x_wconf 95' lang='lat'><strong><em>,</em></strong></span> <span class='ocrx_word' id='word_1_221' title='bbox 1288 2476 1379 2549; x_wconf 86' lang='lat' dir='ltr'><strong><em>qui</em></strong></span> <span class='ocrx_word' id='word_1_222' title='bbox 1406 2476 1585 2531; x_wconf 88' lang='lat' dir='ltr'><strong><em>dicunt</em></strong></span> <span class='ocrx_word' id='word_1_223' title='bbox 1622 2491 1680 2533; x_wconf 61' lang='lat' dir='ltr'><strong><em>«t-</em></strong></span> <span class='ocrx_word' id='word_1_224' title='bbox 1708 2472 1738 2517; x_wconf 70' lang='grc' dir='ltr'><strong>ιι</strong></span> <span class='ocrx_word' id='word_1_225' title='bbox 1762 2475 1889 2532; x_wconf 82' lang='lat' dir='ltr'><strong><em>mihi</em></strong></span> 
     </span>
    </p>
   </div>
   <div class='ocr_carea' id='block_1_42' title="bbox 290 2569 701 2643">
    <p class='ocr_par' dir='ltr' id='par_1_42' title="bbox 290 2569 701 2643">
     <span class='ocr_line' id='line_1_42' title="bbox 290 2569 701 2643; baseline 0.002 -19"><span class='ocrx_word' id='word_1_226' title='bbox 290 2571 314 2640; x_wconf 69' lang='grc' dir='ltr'>ζ</span> <span class='ocrx_word' id='word_1_227' title='bbox 348 2569 519 2642; x_wconf 84' lang='lat' dir='ltr'><strong><em>Euge,</em></strong></span> <span class='ocrx_word' id='word_1_228' title='bbox 549 2586 701 2643; x_wconf 86' lang='lat' dir='ltr'><strong><em>euge.</em></strong></span> 
     </span>
    </p>
   </div>
   <div class='ocr_carea' id='block_1_43' title="bbox 360 2660 1883 2735">
    <p class='ocr_par' dir='ltr' id='par_1_43' title="bbox 360 2660 1883 2735">
     <span class='ocr_line' id='line_1_43' title="bbox 360 2660 1883 2735; baseline 0.002 -19"><span class='ocrx_word' id='word_1_229' title='bbox 360 2661 662 2728; x_wconf 71' lang='lat' dir='ltr'><strong><em>Exsuttent,</em></strong></span> <span class='ocrx_word' id='word_1_230' title='bbox 694 2670 741 2717; x_wconf 90' lang='lat' dir='ltr'><strong><em>et</em></strong></span> <span class='ocrx_word' id='word_1_231' title='bbox 770 2660 1011 2718; x_wconf 62' lang='lat' dir='ltr'><strong><em>laetentur</em></strong></span> <span class='ocrx_word' id='word_1_232' title='bbox 1032 2663 1087 2719; x_wconf 87' lang='lat' dir='ltr'><strong><em>in</em></strong></span> <span class='ocrx_word' id='word_1_233' title='bbox 1115 2672 1162 2719; x_wconf 91' lang='lat' dir='ltr'><strong><em>te</em></strong></span> <span class='ocrx_word' id='word_1_234' title='bbox 1189 2679 1384 2730; x_wconf 85' lang='lat' dir='ltr'><strong><em>omnes,</em></strong></span> <span class='ocrx_word' id='word_1_235' title='bbox 1418 2663 1507 2733; x_wconf 88' lang='lat' dir='ltr'><strong><em>qui</em></strong></span> <span class='ocrx_word' id='word_1_236' title='bbox 1532 2672 1771 2735; x_wconf 75' lang='lat' dir='ltr'><strong><em>quwrunt</em></strong></span> <span class='ocrx_word' id='word_1_237' title='bbox 1802 2671 1883 2734; x_wconf 86' lang='lat' dir='ltr'><strong><em>te,</em></strong></span> 
     </span>
    </p>
   </div>
   <div class='ocr_carea' id='block_1_44' title="bbox 283 2752 1887 2831">
    <p class='ocr_par' dir='ltr' id='par_1_44' title="bbox 283 2752 1887 2831">
     <span class='ocr_line' id='line_1_44' title="bbox 283 2752 1887 2831; baseline 0.001 -22"><span class='ocrx_word' id='word_1_238' title='bbox 283 2765 332 2810; x_wconf 87' lang='lat' dir='ltr'><strong><em>et</em></strong></span> <span class='ocrx_word' id='word_1_239' title='bbox 359 2754 538 2808; x_wconf 83' lang='lat' dir='ltr'><strong><em>dicant</em></strong></span> <span class='ocrx_word' id='word_1_240' title='bbox 564 2770 766 2828; x_wconf 78' lang='lat' dir='ltr'><strong><em>semper</em></strong></span> <span class='ocrx_word' id='word_1_241' title='bbox 794 2770 815 2811; x_wconf 89' lang='lat'><strong><em>:</em></strong></span> <span class='ocrx_word' id='word_1_242' title='bbox 847 2752 1211 2828; x_wconf 77' lang='lat' dir='ltr'><strong><em>Magni/icetur</em></strong></span> <span class='ocrx_word' id='word_1_243' title='bbox 1232 2753 1513 2826; x_wconf 86' lang='lat' dir='ltr'><strong><em>Dominus,</em></strong></span> <span class='ocrx_word' id='word_1_244' title='bbox 1546 2756 1634 2829; x_wconf 88' lang='lat' dir='ltr'><strong><em>qui</em></strong></span> <span class='ocrx_word' id='word_1_245' title='bbox 1657 2754 1887 2831; x_wconf 82' lang='lat' dir='ltr'><strong><em>diligunt</em></strong></span> 
     </span>
    </p>
   </div>
   <div class='ocr_carea' id='block_1_45' title="bbox 281 2848 712 2903">
    <p class='ocr_par' dir='ltr' id='par_1_45' title="bbox 281 2848 712 2903">
     <span class='ocr_line' id='line_1_45' title="bbox 281 2848 712 2903; baseline -0.002 -1"><span class='ocrx_word' id='word_1_246' title='bbox 281 2848 514 2903; x_wconf 82' lang='lat' dir='ltr'><strong><em>salutare</em></strong></span> <span class='ocrx_word' id='word_1_247' title='bbox 543 2856 712 2901; x_wconf 89' lang='lat' dir='ltr'><strong><em>tuum.</em></strong></span> 
     </span>
    </p>
   </div>
   <div class='ocr_carea' id='block_1_46' title="bbox 356 2939 1887 3017">
    <p class='ocr_par' dir='ltr' id='par_1_46' title="bbox 356 2939 1887 3017">
     <span class='ocr_line' id='line_1_46' title="bbox 356 2939 1887 3017; baseline 0.001 -22"><span class='ocrx_word' id='word_1_248' title='bbox 356 2939 471 3015; x_wconf 84' lang='lat' dir='ltr'><strong><em>Ego</em></strong></span> <span class='ocrx_word' id='word_1_249' title='bbox 492 2956 611 2996; x_wconf 74' lang='lat' dir='ltr'><strong><em>vero</em></strong></span> <span class='ocrx_word' id='word_1_250' title='bbox 633 2958 821 3016; x_wconf 86' lang='lat' dir='ltr'><strong><em>egenus</em></strong></span> <span class='ocrx_word' id='word_1_251' title='bbox 840 2950 889 2997; x_wconf 91' lang='lat' dir='ltr'><strong><em>et</em></strong></span> <span class='ocrx_word' id='word_1_252' title='bbox 918 2958 1114 3016; x_wconf 85' lang='lat' dir='ltr'><strong><em>pauper</em></strong></span> <span class='ocrx_word' id='word_1_253' title='bbox 1165 2957 1225 2999; x_wconf 63' lang='grc' dir='ltr'><strong><em>-θ-</em></strong></span> <span class='ocrx_word' id='word_1_254' title='bbox 1259 2958 1373 3000; x_wconf 85' lang='lat' dir='ltr'><strong><em>sum</em></strong></span> <span class='ocrx_word' id='word_1_255' title='bbox 1422 2940 1445 3012; x_wconf 69' lang='grc' dir='ltr'>ζ</span> <span class='ocrx_word' id='word_1_256' title='bbox 1479 2942 1643 3010; x_wconf 86' lang='lat' dir='ltr'><strong><em>Deus,</em></strong></span> <span class='ocrx_word' id='word_1_257' title='bbox 1691 2942 1887 3017; x_wconf 44' lang='lat' dir='ltr'><strong><em>adju’va</em></strong></span> 
     </span>
    </p>
   </div>
   <div class='ocr_carea' id='block_1_47' title="bbox 282 3050 366 3088">
    <p class='ocr_par' dir='ltr' id='par_1_47' title="bbox 282 3050 366 3088">
     <span class='ocr_line' id='line_1_47' title="bbox 282 3050 366 3088; baseline 0 0"><span class='ocrx_word' id='word_1_258' title='bbox 282 3050 366 3088; x_wconf 85' lang='lat' dir='ltr'><strong><em>me</em></strong></span> 
     </span>
    </p>
   </div>
   <div class='ocr_carea' id='block_1_48' title="bbox 281 3220 723 3290">
    <p class='ocr_par' dir='ltr' id='par_1_48' title="bbox 281 3220 723 3290">
     <span class='ocr_line' id='line_1_48' title="bbox 281 3220 723 3290; baseline -0.011 -12"><span class='ocrx_word' id='word_1_259' title='bbox 281 3236 363 3290; x_wconf 89' lang='lat' dir='ltr'><strong><em>ne,</em></strong></span> <span class='ocrx_word' id='word_1_260' title='bbox 389 3238 454 3277; x_wconf 89' lang='lat' dir='ltr'><strong><em>ne</em></strong></span> <span class='ocrx_word' id='word_1_261' title='bbox 481 3220 723 3276; x_wconf 85' lang='lat' dir='ltr'><strong><em>moreris.</em></strong></span> 
     </span>
    </p>
   </div>
   <div class='ocr_carea' id='block_1_49' title="bbox 2378 1818 3193 1860">
    <p class='ocr_par' dir='ltr' id='par_1_49' title="bbox 2378 1818 3193 1860">
     <span class='ocr_line' id='line_1_49' title="bbox 2378 1818 3193 1860; baseline 0.001 -2"><span class='ocrx_word' id='word_1_262' title='bbox 2378 1819 2592 1860; x_wconf 67' lang='lat' dir='ltr'><strong><em>SALVUI</em></strong></span> <span class='ocrx_word' id='word_1_263' title='bbox 2632 1818 2705 1859; x_wconf 66' lang='grc' dir='ltr'><strong><em>ΠΕ</em></strong></span> <span class='ocrx_word' id='word_1_264' title='bbox 2745 1819 2902 1859; x_wconf 75' lang='lat' dir='ltr'><strong><em>FECIT</em></strong></span> <span class='ocrx_word' id='word_1_265' title='bbox 2942 1819 3193 1859; x_wconf 74' lang='lat' dir='ltr'><strong><em>DOIINUS.</em></strong></span> 
     </span>
    </p>
   </div>
   <div class='ocr_carea' id='block_1_50' title="bbox 2069 1918 3591 1989">
    <p class='ocr_par' dir='ltr' id='par_1_50' title="bbox 2069 1918 3591 1989">
     <span class='ocr_line' id='line_1_50' title="bbox 2069 1918 3591 1989; baseline 0.001 -14"><span class='ocrx_word' id='word_1_266' title='bbox 2069 1919 2299 1975; x_wconf 89' lang='lat' dir='ltr'><strong><em>Domine</em></strong></span> <span class='ocrx_word' id='word_1_267' title='bbox 2324 1918 2493 1987; x_wconf 89' lang='lat' dir='ltr'><strong><em>Deus,</em></strong></span> <span class='ocrx_word' id='word_1_268' title='bbox 2519 1919 2571 1975; x_wconf 91' lang='lat' dir='ltr'><strong><em>in</em></strong></span> <span class='ocrx_word' id='word_1_269' title='bbox 2600 1920 2937 1989; x_wconf 88' lang='lat' dir='ltr'><strong><em>adjutorium</em></strong></span> <span class='ocrx_word' id='word_1_270' title='bbox 2967 1934 3147 1974; x_wconf 91' lang='lat' dir='ltr'><strong><em>meum</em></strong></span> <span class='ocrx_word' id='word_1_271' title='bbox 3176 1918 3402 1977; x_wconf 88' lang='lat' dir='ltr'><strong><em>intende</em></strong></span> <span class='ocrx_word' id='word_1_272' title='bbox 3436 1938 3449 1976; x_wconf 91' lang='lat'>:</span> <span class='ocrx_word' id='word_1_273' title='bbox 3482 1921 3591 1977; x_wconf 85' lang='lat' dir='ltr'><strong><em>Do-</em></strong></span> 
     </span>
    </p>
   </div>
   <div class='ocr_carea' id='block_1_51' title="bbox 1994 2010 3020 2083">
    <p class='ocr_par' dir='ltr' id='par_1_51' title="bbox 1994 2010 3020 2083">
     <span class='ocr_line' id='line_1_51' title="bbox 1994 2010 3020 2083; baseline -0.001 -15"><span class='ocrx_word' id='word_1_274' title='bbox 1994 2012 2165 2078; x_wconf 87' lang='lat' dir='ltr'><strong><em>mine,</em></strong></span> <span class='ocrx_word' id='word_1_275' title='bbox 2199 2011 2264 2065; x_wconf 87' lang='lat' dir='ltr'><strong><em>ad</em></strong></span> <span class='ocrx_word' id='word_1_276' title='bbox 2291 2010 2658 2083; x_wconf 74' lang='lat' dir='ltr'><strong><em>adiuvandum</em></strong></span> <span class='ocrx_word' id='word_1_277' title='bbox 2693 2026 2779 2067; x_wconf 88' lang='lat' dir='ltr'><strong><em>me</em></strong></span> <span class='ocrx_word' id='word_1_278' title='bbox 2805 2012 3020 2067; x_wconf 77' lang='lat' dir='ltr'><strong><em>chtina.</em></strong></span> 
     </span>
    </p>
   </div>
   <div class='ocr_carea' id='block_1_52' title="bbox 2065 2101 3592 2179">
    <p class='ocr_par' dir='ltr' id='par_1_52' title="bbox 2065 2101 3592 2179">
     <span class='ocr_line' id='line_1_52' title="bbox 2065 2101 3592 2179; baseline 0.003 -21"><span class='ocrx_word' id='word_1_279' title='bbox 2065 2101 2481 2160; x_wconf 87' lang='lat' dir='ltr'><strong><em>Confundantur</em></strong></span> <span class='ocrx_word' id='word_1_280' title='bbox 2501 2112 2557 2159; x_wconf 89' lang='lat' dir='ltr'><strong><em>et</em></strong></span> <span class='ocrx_word' id='word_1_281' title='bbox 2587 2103 3155 2160; x_wconf 86' lang='lat' dir='ltr'><strong><em>revereanturinimici</em></strong></span> <span class='ocrx_word' id='word_1_282' title='bbox 3180 2104 3307 2173; x_wconf 90' lang='lat' dir='ltr'><strong><em>mei,</em></strong></span> <span class='ocrx_word' id='word_1_283' title='bbox 3333 2105 3422 2178; x_wconf 85' lang='lat' dir='ltr'><strong><em>qui</em></strong></span> <span class='ocrx_word' id='word_1_284' title='bbox 3442 2121 3592 2179; x_wconf 72' lang='lat' dir='ltr'><strong><em>qua!-</em></strong></span> 
     </span>
    </p>
   </div>
   <div class='ocr_carea' id='block_1_53' title="bbox 1993 2192 3299 2254">
    <p class='ocr_par' dir='ltr' id='par_1_53' title="bbox 1993 2192 3299 2254">
     <span class='ocr_line' id='line_1_53' title="bbox 1993 2192 3299 2254; baseline -0.005 0"><span class='ocrx_word' id='word_1_285' title='bbox 1993 2205 2127 2254; x_wconf 88' lang='lat' dir='ltr'><strong><em>runt</em></strong></span> <span class='ocrx_word' id='word_1_286' title='bbox 2155 2196 2397 2251; x_wconf 85' lang='lat' dir='ltr'><strong><em>animam</em></strong></span> <span class='ocrx_word' id='word_1_287' title='bbox 2424 2211 2623 2252; x_wconf 88' lang='lat' dir='ltr'><strong><em>meam.</em></strong></span> <span class='ocrx_word' id='word_1_288' title='bbox 3294 2192 3299 2195; x_wconf 65' lang='grc'><em>“</em></span> 
     </span>
    </p>
   </div>
   <div class='ocr_carea' id='block_1_54' title="bbox 2067 2288 3593 2364">
    <p class='ocr_par' dir='ltr' id='par_1_54' title="bbox 2067 2288 3593 2364">
     <span class='ocr_line' id='line_1_54' title="bbox 2067 2288 3593 2364; baseline 0.005 -21"><span class='ocrx_word' id='word_1_289' title='bbox 2067 2289 2397 2344; x_wconf 78' lang='lat' dir='ltr'><strong><em>Avertantur</em></strong></span> <span class='ocrx_word' id='word_1_290' title='bbox 2420 2296 2748 2357; x_wconf 87' lang='lat' dir='ltr'><strong><em>retrorsum,</em></strong></span> <span class='ocrx_word' id='word_1_291' title='bbox 2776 2297 2831 2345; x_wconf 91' lang='lat' dir='ltr'><strong><em>et</em></strong></span> <span class='ocrx_word' id='word_1_292' title='bbox 2852 2288 3184 2347; x_wconf 86' lang='lat' dir='ltr'><strong><em>erubescant</em></strong></span> <span class='ocrx_word' id='word_1_293' title='bbox 3208 2332 3223 2360; x_wconf 93' lang='lat'><strong><em>,</em></strong></span> <span class='ocrx_word' id='word_1_294' title='bbox 3243 2289 3332 2364; x_wconf 88' lang='lat' dir='ltr'><strong><em>qui</em></strong></span> <span class='ocrx_word' id='word_1_295' title='bbox 3349 2291 3593 2364; x_wconf 82' lang='lat' dir='ltr'><strong><em>cogitant</em></strong></span> 
     </span>
    </p>
   </div>
   <div class='ocr_carea' id='block_1_55' title="bbox 1992 2382 2316 2439">
    <p class='ocr_par' dir='ltr' id='par_1_55' title="bbox 1992 2382 2316 2439">
     <span class='ocr_line' id='line_1_55' title="bbox 1992 2382 2316 2439; baseline -0.006 0"><span class='ocrx_word' id='word_1_296' title='bbox 1992 2382 2124 2439; x_wconf 88' lang='lat' dir='ltr'><strong><em>mihi</em></strong></span> <span class='ocrx_word' id='word_1_297' title='bbox 2154 2382 2316 2438; x_wconf 90' lang='lat' dir='ltr'><strong><em>maia.</em></strong></span> 
     </span>
    </p>
   </div>
   <div class='ocr_carea' id='block_1_56' title="bbox 2065 2473 3587 2548">
    <p class='ocr_par' dir='ltr' id='par_1_56' title="bbox 2065 2473 3587 2548">
     <span class='ocr_line' id='line_1_56' title="bbox 2065 2473 3587 2548; baseline 0.003 -17"><span class='ocrx_word' id='word_1_298' title='bbox 2065 2476 2397 2531; x_wconf 84' lang='lat' dir='ltr'><strong><em>Avertantur</em></strong></span> <span class='ocrx_word' id='word_1_299' title='bbox 2417 2474 2601 2531; x_wconf 82' lang='lat' dir='ltr'><strong><em>statim</em></strong></span> <span class='ocrx_word' id='word_1_300' title='bbox 2619 2473 3011 2533; x_wconf 81' lang='lat' dir='ltr'><strong><em>erubescentes</em></strong></span> <span class='ocrx_word' id='word_1_301' title='bbox 3027 2516 3041 2545; x_wconf 91' lang='lat'><strong><em>,</em></strong></span> <span class='ocrx_word' id='word_1_302' title='bbox 3069 2476 3161 2548; x_wconf 85' lang='lat' dir='ltr'><strong><em>qui</em></strong></span> <span class='ocrx_word' id='word_1_303' title='bbox 3193 2476 3383 2536; x_wconf 86' lang='lat' dir='ltr'><strong><em>dicunt</em></strong></span> <span class='ocrx_word' id='word_1_304' title='bbox 3411 2479 3543 2537; x_wconf 88' lang='lat' dir='ltr'><strong><em>mihi</em></strong></span> <span class='ocrx_word' id='word_1_305' title='bbox 3572 2496 3587 2536; x_wconf 91' lang='lat'><strong>:</strong></span> 
     </span>
    </p>
   </div>
   <div class='ocr_carea' id='block_1_57' title="bbox 1992 2565 2337 2638">
    <p class='ocr_par' dir='ltr' id='par_1_57' title="bbox 1992 2565 2337 2638">
     <span class='ocr_line' id='line_1_57' title="bbox 1992 2565 2337 2638; baseline -0.006 -15"><span class='ocrx_word' id='word_1_306' title='bbox 1992 2565 2161 2638; x_wconf 74' lang='lat' dir='ltr'><strong><em>Euge.</em></strong></span> <span class='ocrx_word' id='word_1_307' title='bbox 2181 2579 2337 2637; x_wconf 80' lang='lat' dir='ltr'><strong><em>euge.</em></strong></span> 
     </span>
    </p>
   </div>
   <div class='ocr_carea' id='block_1_58' title="bbox 2065 2655 3584 2731">
    <p class='ocr_par' dir='ltr' id='par_1_58' title="bbox 2065 2655 3584 2731">
     <span class='ocr_line' id='line_1_58' title="bbox 2065 2655 3584 2731; baseline 0.004 -18"><span class='ocrx_word' id='word_1_308' title='bbox 2065 2656 2372 2724; x_wconf 84' lang='lat' dir='ltr'><strong><em>Exsuitent,</em></strong></span> <span class='ocrx_word' id='word_1_309' title='bbox 2403 2655 2732 2715; x_wconf 68' lang='lat' dir='ltr'><strong><em>etimtentur</em></strong></span> <span class='ocrx_word' id='word_1_310' title='bbox 2751 2656 2844 2729; x_wconf 88' lang='lat' dir='ltr'><strong><em>qui</em></strong></span> <span class='ocrx_word' id='word_1_311' title='bbox 2874 2667 3119 2731; x_wconf 66' lang='lat' dir='ltr'><strong><em>quierant</em></strong></span> <span class='ocrx_word' id='word_1_312' title='bbox 3166 2668 3221 2718; x_wconf 84' lang='lat' dir='ltr'><strong><em>te</em></strong></span> <span class='ocrx_word' id='word_1_313' title='bbox 3247 2704 3261 2731; x_wconf 92' lang='lat'><strong><em>,</em></strong></span> <span class='ocrx_word' id='word_1_314' title='bbox 3307 2661 3539 2719; x_wconf 89' lang='lat' dir='ltr'><strong><em>Domine</em></strong></span> <span class='ocrx_word' id='word_1_315' title='bbox 3568 2681 3584 2719; x_wconf 84' lang='lat'><strong>:</strong></span> 
     </span>
    </p>
   </div>
   <div class='ocr_carea' id='block_1_59' title="bbox 1993 2751 3586 2828">
    <p class='ocr_par' dir='ltr' id='par_1_59' title="bbox 1993 2751 3586 2828">
     <span class='ocr_line' id='line_1_59' title="bbox 1993 2751 3586 2828; baseline 0.001 -17"><span class='ocrx_word' id='word_1_316' title='bbox 1993 2760 2051 2811; x_wconf 89' lang='lat' dir='ltr'><strong><em>et</em></strong></span> <span class='ocrx_word' id='word_1_317' title='bbox 2075 2751 2257 2809; x_wconf 87' lang='lat' dir='ltr'><strong><em>dicant</em></strong></span> <span class='ocrx_word' id='word_1_318' title='bbox 2282 2767 2499 2827; x_wconf 87' lang='lat' dir='ltr'><strong><em>semper</em></strong></span> <span class='ocrx_word' id='word_1_319' title='bbox 2528 2770 2543 2811; x_wconf 90' lang='lat'><strong>:</strong></span> <span class='ocrx_word' id='word_1_320' title='bbox 2572 2752 2947 2826; x_wconf 75' lang='lat' dir='ltr'><strong><em>Magniﬁcetur</em></strong></span> <span class='ocrx_word' id='word_1_321' title='bbox 2980 2752 3276 2823; x_wconf 83' lang='lat' dir='ltr'><strong><em>Dominus,</em></strong></span> <span class='ocrx_word' id='word_1_322' title='bbox 3320 2758 3413 2828; x_wconf 90' lang='lat' dir='ltr'><strong><em>qui</em></strong></span> <span class='ocrx_word' id='word_1_323' title='bbox 3460 2758 3586 2813; x_wconf 86' lang='lat' dir='ltr'><strong><em>dili-</em></strong></span> 
     </span>
    </p>
   </div>
   <div class='ocr_carea' id='block_1_60' title="bbox 1989 2846 2584 2919">
    <p class='ocr_par' dir='ltr' id='par_1_60' title="bbox 1989 2846 2584 2919">
     <span class='ocr_line' id='line_1_60' title="bbox 1989 2846 2584 2919; baseline 0.003 -17"><span class='ocrx_word' id='word_1_324' title='bbox 1989 2854 2124 2919; x_wconf 73' lang='lat' dir='ltr'><strong><em>gunt</em></strong></span> <span class='ocrx_word' id='word_1_325' title='bbox 2151 2846 2389 2903; x_wconf 85' lang='lat' dir='ltr'><strong><em>salutare</em></strong></span> <span class='ocrx_word' id='word_1_326' title='bbox 2413 2855 2584 2904; x_wconf 88' lang='lat' dir='ltr'><strong><em>tuum.</em></strong></span> 
     </span>
    </p>
   </div>
   <div class='ocr_carea' id='block_1_61' title="bbox 2064 2938 3586 3015">
    <p class='ocr_par' dir='ltr' id='par_1_61' title="bbox 2064 2938 3586 3015">
     <span class='ocr_line' id='line_1_61' title="bbox 2064 2938 3586 3015; baseline 0.005 -22"><span class='ocrx_word' id='word_1_327' title='bbox 2064 2938 2176 3010; x_wconf 83' lang='lat' dir='ltr'><strong><em>Ego</em></strong></span> <span class='ocrx_word' id='word_1_328' title='bbox 2204 2952 2335 2995; x_wconf 83' lang='lat' dir='ltr'><strong><em>vero</em></strong></span> <span class='ocrx_word' id='word_1_329' title='bbox 2369 2952 2576 3012; x_wconf 76' lang='lat' dir='ltr'><strong><em>egenus</em></strong></span> <span class='ocrx_word' id='word_1_330' title='bbox 2605 2946 2661 2997; x_wconf 88' lang='lat' dir='ltr'><strong><em>et</em></strong></span> <span class='ocrx_word' id='word_1_331' title='bbox 2698 2952 2904 3012; x_wconf 85' lang='lat' dir='ltr'><strong><em>pauper</em></strong></span> <span class='ocrx_word' id='word_1_332' title='bbox 2957 2954 3076 2998; x_wconf 89' lang='lat' dir='ltr'><strong><em>sum</em></strong></span> <span class='ocrx_word' id='word_1_333' title='bbox 3109 2956 3121 2996; x_wconf 92' lang='lat'><strong>:</strong></span> <span class='ocrx_word' id='word_1_334' title='bbox 3166 2940 3311 3000; x_wconf 86' lang='lat' dir='ltr'><strong><em>Deus</em></strong></span> <span class='ocrx_word' id='word_1_335' title='bbox 3332 2987 3347 3014; x_wconf 95' lang='lat'><strong><em>,</em></strong></span> <span class='ocrx_word' id='word_1_336' title='bbox 3391 2943 3586 3015; x_wconf 81' lang='lat' dir='ltr'><strong><em>adjuva</em></strong></span> 
     </span>
    </p>
   </div>
   <div class='ocr_carea' id='block_1_62' title="bbox 1990 3045 2100 3089">
    <p class='ocr_par' dir='ltr' id='par_1_62' title="bbox 1990 3045 2100 3089">
     <span class='ocr_line' id='line_1_62' title="bbox 1990 3045 2100 3089; baseline 0.009 -1"><span class='ocrx_word' id='word_1_337' title='bbox 1990 3045 2100 3089; x_wconf 89' lang='lat' dir='ltr'><strong><em>me.</em></strong></span> 
     </span>
    </p>
   </div>
   <div class='ocr_carea' id='block_1_63' title="bbox 352 3123 3585 3201">
    <p class='ocr_par' dir='ltr' id='par_1_63' title="bbox 352 3123 3585 3201">
     <span class='ocr_line' id='line_1_63' title="bbox 352 3123 3585 3201; baseline 0.002 -19"><span class='ocrx_word' id='word_1_338' title='bbox 352 3127 588 3199; x_wconf 78' lang='lat' dir='ltr'><strong><em>Adjutor</em></strong></span> <span class='ocrx_word' id='word_1_339' title='bbox 612 3143 780 3196; x_wconf 88' lang='lat' dir='ltr'><strong><em>meus,</em></strong></span> <span class='ocrx_word' id='word_1_340' title='bbox 806 3135 853 3183; x_wconf 89' lang='lat' dir='ltr'><strong><em>et</em></strong></span> <span class='ocrx_word' id='word_1_341' title='bbox 877 3127 1127 3184; x_wconf 81' lang='lat' dir='ltr'><strong><em>liberator</em></strong></span> <span class='ocrx_word' id='word_1_342' title='bbox 1156 3145 1299 3185; x_wconf 85' lang='lat' dir='ltr'><strong><em>meus</em></strong></span> <span class='ocrx_word' id='word_1_343' title='bbox 1323 3142 1385 3186; x_wconf 61' lang='grc' dir='ltr'><strong><em>σι-</em></strong></span> <span class='ocrx_word' id='word_1_344' title='bbox 1427 3144 1482 3183; x_wconf 90' lang='lat' dir='ltr'><strong><em>es</em></strong></span> <span class='ocrx_word' id='word_1_345' title='bbox 1513 3127 1536 3198; x_wconf 70' lang='grc' dir='ltr'>ζ</span> <span class='ocrx_word' id='word_1_346' title='bbox 1562 3136 1651 3198; x_wconf 82' lang='grc' dir='ltr'><strong><em>ιιι,</em></strong></span> <span class='ocrx_word' id='word_1_347' title='bbox 1694 3124 1884 3183; x_wconf 87' lang='lat' dir='ltr'><strong><em>Domi—</em></strong></span> <span class='ocrx_word' id='word_1_348' title='bbox 1909 3134 1957 3201; x_wconf 74' lang='grc' dir='ltr'><strong>ο</strong></span> <span class='ocrx_word' id='word_1_349' title='bbox 2061 3123 2294 3197; x_wconf 84' lang='lat' dir='ltr'><strong><em>Adjutor</em></strong></span> <span class='ocrx_word' id='word_1_350' title='bbox 2318 3139 2476 3183; x_wconf 83' lang='lat' dir='ltr'><strong><em>meus</em></strong></span> <span class='ocrx_word' id='word_1_351' title='bbox 2498 3133 2555 3183; x_wconf 80' lang='lat' dir='ltr'><strong><em>ei</em></strong></span> <span class='ocrx_word' id='word_1_352' title='bbox 2590 3124 2854 3184; x_wconf 84' lang='lat' dir='ltr'><strong><em>liberator</em></strong></span> <span class='ocrx_word' id='word_1_353' title='bbox 2894 3140 3049 3185; x_wconf 85' lang='lat' dir='ltr'><strong><em>meus</em></strong></span> <span class='ocrx_word' id='word_1_354' title='bbox 3091 3141 3152 3186; x_wconf 86' lang='lat' dir='ltr'><strong><em>es</em></strong></span> <span class='ocrx_word' id='word_1_355' title='bbox 3191 3135 3249 3185; x_wconf 84' lang='lat' dir='ltr'><strong><em>tu</em></strong></span> <span class='ocrx_word' id='word_1_356' title='bbox 3274 3170 3289 3199; x_wconf 92' lang='lat'><strong><em>,</em></strong></span> <span class='ocrx_word' id='word_1_357' title='bbox 3325 3128 3585 3201; x_wconf 85' lang='lat' dir='ltr'><strong><em>Domine,</em></strong></span> 
     </span>
    </p>
   </div>
   <div class='ocr_carea' id='block_1_64' title="bbox 1994 3219 2418 3278">
    <p class='ocr_par' dir='ltr' id='par_1_64' title="bbox 1994 3219 2418 3278">
     <span class='ocr_line' id='line_1_64' title="bbox 1994 3219 2418 3278; baseline -0.002 -2"><span class='ocrx_word' id='word_1_358' title='bbox 1994 3233 2065 3276; x_wconf 80' lang='lat' dir='ltr'><strong><em>ne</em></strong></span> <span class='ocrx_word' id='word_1_359' title='bbox 2095 3219 2418 3278; x_wconf 83' lang='lat' dir='ltr'><strong><em>tardaveris.</em></strong></span> 
     </span>
    </p>
   </div>
   <div class='ocr_carea' id='block_1_65' title="bbox 1632 3328 2243 3397">
    <p class='ocr_par' dir='ltr' id='par_1_65' title="bbox 1632 3328 2243 3397">
     <span class='ocr_line' id='line_1_65' title="bbox 1632 3328 2243 3397; baseline -0.008 0"><span class='ocrx_word' id='word_1_360' title='bbox 1632 3328 1997 3397; x_wconf 82' lang='lat' dir='ltr'><strong><em>PSALMUS</em></strong></span> <span class='ocrx_word' id='word_1_361' title='bbox 2038 3329 2243 3393; x_wconf 79' lang='lat' dir='ltr'><strong><em>LXX.</em></strong></span> 
     </span>
    </p>
   </div>
   <div class='ocr_carea' id='block_1_66' title="bbox 315 3448 1853 3507">
    <p class='ocr_par' dir='ltr' id='par_1_66' title="bbox 315 3448 1853 3507">
     <span class='ocr_line' id='line_1_66' title="bbox 315 3448 1853 3507; baseline -0.002 -13"><span class='ocrx_word' id='word_1_362' title='bbox 315 3451 369 3494; x_wconf 68' lang='grc' dir='ltr'><strong><em>ἰ-</em></strong></span> <span class='ocrx_word' id='word_1_363' title='bbox 392 3449 631 3495; x_wconf 67' lang='grc' dir='ltr'><strong><em>Ρειιιωε</em></strong></span> <span class='ocrx_word' id='word_1_364' title='bbox 667 3450 865 3504; x_wconf 68' lang='grc' dir='ltr'><strong><em>υλνιυ,</em></strong></span> <span class='ocrx_word' id='word_1_365' title='bbox 904 3450 1158 3496; x_wconf 65' lang='grc' dir='ltr'><strong><em>πιιιοιιωι</em></strong></span> <span class='ocrx_word' id='word_1_366' title='bbox 1196 3450 1459 3507; x_wconf 65' lang='grc' dir='ltr'><strong><em>ιοαλιδλιι,</em></strong></span> <span class='ocrx_word' id='word_1_367' title='bbox 1510 3448 1581 3494; x_wconf 73' lang='lat' dir='ltr'><strong><em>ET</em></strong></span> <span class='ocrx_word' id='word_1_368' title='bbox 1620 3449 1853 3492; x_wconf 71' lang='lat' dir='ltr'><strong><em>PRiORUI</em></strong></span> 
     </span>
    </p>
   </div>
   <div class='ocr_carea' id='block_1_67' title="bbox 891 3524 1251 3567">
    <p class='ocr_par' dir='ltr' id='par_1_67' title="bbox 891 3524 1251 3567">
     <span class='ocr_line' id='line_1_67' title="bbox 891 3524 1251 3567; baseline 0.003 -1"><span class='ocrx_word' id='word_1_369' title='bbox 891 3524 1251 3567; x_wconf 70' lang='lat' dir='ltr'><strong><em>CAPTIVOBUI.</em></strong></span> 
     </span>
    </p>
   </div>
   <div class='ocr_carea' id='block_1_68' title="bbox 352 3599 1883 3677">
    <p class='ocr_par' dir='ltr' id='par_1_68' title="bbox 352 3599 1883 3677">
     <span class='ocr_line' id='line_1_68' title="bbox 352 3599 1883 3677; baseline -0.001 -20"><span class='ocrx_word' id='word_1_370' title='bbox 352 3599 419 3657; x_wconf 85' lang='lat' dir='ltr'><strong><em>In</em></strong></span> <span class='ocrx_word' id='word_1_371' title='bbox 449 3610 521 3669; x_wconf 90' lang='lat' dir='ltr'><strong><em>te,</em></strong></span> <span class='ocrx_word' id='word_1_372' title='bbox 546 3600 786 3669; x_wconf 85' lang='lat' dir='ltr'><strong><em>Domine,</em></strong></span> <span class='ocrx_word' id='word_1_373' title='bbox 807 3602 1035 3677; x_wconf 84' lang='lat' dir='ltr'><strong><em>speravi,</em></strong></span> <span class='ocrx_word' id='word_1_374' title='bbox 1056 3619 1161 3659; x_wconf 89' lang='lat' dir='ltr'><strong><em>non</em></strong></span> <span class='ocrx_word' id='word_1_375' title='bbox 1192 3600 1490 3673; x_wconf 78' lang='lat' dir='ltr'><strong><em>confundor</em></strong></span> <span class='ocrx_word' id='word_1_376' title='bbox 1512 3601 1564 3657; x_wconf 88' lang='lat' dir='ltr'><strong><em>in</em></strong></span> <span class='ocrx_word' id='word_1_377' title='bbox 1592 3607 1841 3659; x_wconf 85' lang='lat' dir='ltr'><strong><em>atternum</em></strong></span> <span class='ocrx_word' id='word_1_378' title='bbox 1862 3614 1883 3656; x_wconf 88' lang='lat'><strong><em>:</em></strong></span> 
     </span>
    </p>
   </div>
   <div class='ocr_carea' id='block_1_69' title="bbox 276 3694 1375 3770">
    <p class='ocr_par' dir='ltr' id='par_1_69' title="bbox 276 3694 1375 3770">
     <span class='ocr_line' id='line_1_69' title="bbox 276 3694 1375 3770; baseline 0.002 -21"><span class='ocrx_word' id='word_1_379' title='bbox 276 3694 333 3749; x_wconf 84' lang='lat' dir='ltr'><strong><em>in</em></strong></span> <span class='ocrx_word' id='word_1_380' title='bbox 352 3695 569 3769; x_wconf 84' lang='lat' dir='ltr'><strong><em>justitia</em></strong></span> <span class='ocrx_word' id='word_1_381' title='bbox 591 3703 681 3751; x_wconf 86' lang='lat' dir='ltr'><strong><em>tua</em></strong></span> <span class='ocrx_word' id='word_1_382' title='bbox 711 3694 875 3751; x_wconf 86' lang='lat' dir='ltr'><strong><em>libera</em></strong></span> <span class='ocrx_word' id='word_1_383' title='bbox 902 3710 1003 3764; x_wconf 88' lang='lat' dir='ltr'><strong><em>me,</em></strong></span> <span class='ocrx_word' id='word_1_384' title='bbox 1034 3705 1083 3751; x_wconf 87' lang='lat' dir='ltr'><strong><em>et</em></strong></span> <span class='ocrx_word' id='word_1_385' title='bbox 1108 3696 1249 3770; x_wconf 82' lang='lat' dir='ltr'><strong><em>eripe</em></strong></span> <span class='ocrx_word' id='word_1_386' title='bbox 1277 3711 1375 3752; x_wconf 88' lang='lat' dir='ltr'><strong><em>me.</em></strong></span> 
     </span>
    </p>
   </div>
   <div class='ocr_carea' id='block_1_70' title="bbox 350 3786 1513 3858">
    <p class='ocr_par' dir='ltr' id='par_1_70' title="bbox 350 3786 1513 3858">
     <span class='ocr_line' id='line_1_70' title="bbox 350 3786 1513 3858; baseline 0.003 -15"><span class='ocrx_word' id='word_1_387' title='bbox 350 3786 565 3845; x_wconf 75' lang='lat' dir='ltr'><strong><em>Iustina</em></strong></span> <span class='ocrx_word' id='word_1_388' title='bbox 585 3788 656 3844; x_wconf 86' lang='lat' dir='ltr'><strong><em>ad</em></strong></span> <span class='ocrx_word' id='word_1_389' title='bbox 681 3804 761 3844; x_wconf 85' lang='lat' dir='ltr'><strong><em>me</em></strong></span> <span class='ocrx_word' id='word_1_390' title='bbox 786 3804 963 3844; x_wconf 85' lang='lat' dir='ltr'><strong><em>aurem</em></strong></span> <span class='ocrx_word' id='word_1_391' title='bbox 984 3797 1145 3858; x_wconf 87' lang='lat' dir='ltr'><strong><em>tuam,</em></strong></span> <span class='ocrx_word' id='word_1_392' title='bbox 1170 3798 1219 3845; x_wconf 88' lang='lat' dir='ltr'><strong><em>et</em></strong></span> <span class='ocrx_word' id='word_1_393' title='bbox 1240 3789 1385 3847; x_wconf 84' lang='lat' dir='ltr'><strong><em>salva</em></strong></span> <span class='ocrx_word' id='word_1_394' title='bbox 1413 3805 1513 3847; x_wconf 86' lang='lat' dir='ltr'><strong><em>me.</em></strong></span> 
     </span>
    </p>
   </div>
   <div class='ocr_carea' id='block_1_71' title="bbox 351 3879 1879 3956">
    <p class='ocr_par' dir='ltr' id='par_1_71' title="bbox 351 3879 1879 3956">
     <span class='ocr_line' id='line_1_71' title="bbox 351 3879 1879 3956; baseline 0 -19"><span class='ocrx_word' id='word_1_395' title='bbox 351 3880 479 3937; x_wconf 85' lang='lat' dir='ltr'><strong><em>Esto</em></strong></span> <span class='ocrx_word' id='word_1_396' title='bbox 510 3881 640 3937; x_wconf 85' lang='lat' dir='ltr'><strong><em>mihi</em></strong></span> <span class='ocrx_word' id='word_1_397' title='bbox 667 3882 721 3937; x_wconf 86' lang='lat' dir='ltr'><strong><em>in</em></strong></span> <span class='ocrx_word' id='word_1_398' title='bbox 750 3879 919 3938; x_wconf 88' lang='lat' dir='ltr'><strong><em>Deum</em></strong></span> <span class='ocrx_word' id='word_1_399' title='bbox 942 3890 1303 3956; x_wconf 85' lang='lat' dir='ltr'><strong><em>protectorem,</em></strong></span> <span class='ocrx_word' id='word_1_400' title='bbox 1336 3891 1383 3938; x_wconf 90' lang='lat' dir='ltr'><strong><em>et</em></strong></span> <span class='ocrx_word' id='word_1_401' title='bbox 1415 3882 1470 3940; x_wconf 85' lang='lat' dir='ltr'><strong><em>in</em></strong></span> <span class='ocrx_word' id='word_1_402' title='bbox 1498 3882 1669 3939; x_wconf 88' lang='lat' dir='ltr'><strong><em>locum</em></strong></span> <span class='ocrx_word' id='word_1_403' title='bbox 1707 3879 1879 3937; x_wconf 81' lang='lat' dir='ltr'><strong><em>muni-</em></strong></span> 
     </span>
    </p>
   </div>
   <div class='ocr_carea' id='block_1_72' title="bbox 273 3960 1537 4046">
    <p class='ocr_par' dir='ltr' id='par_1_72' title="bbox 273 3960 1537 4046">
     <span class='ocr_line' id='line_1_72' title="bbox 273 3960 1537 4046; baseline 0.004 -19"><span class='ocrx_word' id='word_1_404' title='bbox 273 3982 385 4028; x_wconf 83' lang='lat' dir='ltr'><strong><em>tum</em></strong></span> <span class='ocrx_word' id='word_1_405' title='bbox 416 3990 435 4031; x_wconf 87' lang='lat'><strong><em>:</em></strong></span> <span class='ocrx_word' id='word_1_406' title='bbox 460 3983 515 4029; x_wconf 87' lang='lat' dir='ltr'><strong><em>ut</em></strong></span> <span class='ocrx_word' id='word_1_407' title='bbox 538 3972 741 4029; x_wconf 81' lang='lat' dir='ltr'><strong><em>salvum</em></strong></span> <span class='ocrx_word' id='word_1_408' title='bbox 769 3990 847 4029; x_wconf 89' lang='lat' dir='ltr'><strong><em>me</em></strong></span> <span class='ocrx_word' id='word_1_409' title='bbox 876 3975 1061 4046; x_wconf 84' lang='lat' dir='ltr'><strong><em>facias.</em></strong></span> <span class='ocrx_word' id='word_1_410' title='bbox 1532 3960 1537 3963; x_wconf 36' lang='grc'><strong>⁷</strong></span> 
     </span>
    </p>
   </div>
   <div class='ocr_carea' id='block_1_73' title="bbox 351 4065 1875 4140">
    <p class='ocr_par' dir='ltr' id='par_1_73' title="bbox 351 4065 1875 4140">
     <span class='ocr_line' id='line_1_73' title="bbox 351 4065 1875 4140; baseline 0.003 -21"><span class='ocrx_word' id='word_1_411' title='bbox 351 4066 612 4132; x_wconf 80' lang='lat' dir='ltr'><strong><em>Quoniam</em></strong></span> <span class='ocrx_word' id='word_1_412' title='bbox 625 4065 1003 4135; x_wconf 78' lang='lat' dir='ltr'><strong><em>ﬁrmamentum</em></strong></span> <span class='ocrx_word' id='word_1_413' title='bbox 1024 4083 1209 4134; x_wconf 89' lang='lat' dir='ltr'><strong><em>meum,</em></strong></span> <span class='ocrx_word' id='word_1_414' title='bbox 1225 4074 1274 4123; x_wconf 89' lang='lat' dir='ltr'><strong><em>et</em></strong></span> <span class='ocrx_word' id='word_1_415' title='bbox 1285 4066 1783 4140; x_wconf 78' lang='lat' dir='ltr'><strong><em>refugium&#39;meumes</em></strong></span> <span class='ocrx_word' id='word_1_416' title='bbox 1800 4076 1875 4124; x_wconf 90' lang='lat' dir='ltr'><strong><em>tu.</em></strong></span> 
     </span>
    </p>
   </div>
   <div class='ocr_carea' id='block_1_74' title="bbox 351 4160 1880 4233">
    <p class='ocr_par' dir='ltr' id='par_1_74' title="bbox 351 4160 1880 4233">
     <span class='ocr_line' id='line_1_74' title="bbox 351 4160 1880 4233; baseline 0.003 -21"><span class='ocrx_word' id='word_1_417' title='bbox 351 4160 486 4216; x_wconf 81' lang='lat' dir='ltr'><strong><em>Deus</em></strong></span> <span class='ocrx_word' id='word_1_418' title='bbox 508 4176 674 4230; x_wconf 86' lang='lat' dir='ltr'><strong><em>meus,</em></strong></span> <span class='ocrx_word' id='word_1_419' title='bbox 711 4162 851 4233; x_wconf 90' lang='lat' dir='ltr'><strong><em>eripe</em></strong></span> <span class='ocrx_word' id='word_1_420' title='bbox 881 4177 959 4217; x_wconf 90' lang='lat' dir='ltr'><strong><em>me</em></strong></span> <span class='ocrx_word' id='word_1_421' title='bbox 977 4162 1041 4218; x_wconf 90' lang='lat' dir='ltr'><strong><em>de</em></strong></span> <span class='ocrx_word' id='word_1_422' title='bbox 1082 4177 1241 4217; x_wconf 90' lang='lat' dir='ltr'><strong><em>manu</em></strong></span> <span class='ocrx_word' id='word_1_423' title='bbox 1264 4162 1568 4233; x_wconf 88' lang='lat' dir='ltr'><strong><em>peccatoris,</em></strong></span> <span class='ocrx_word' id='word_1_424' title='bbox 1613 4173 1634 4202; x_wconf 80' lang='grc' dir='ltr'><strong><em>ο</em></strong></span> <span class='ocrx_word' id='word_1_425' title='bbox 1712 4170 1760 4218; x_wconf 90' lang='lat' dir='ltr'><strong><em>et</em></strong></span> <span class='ocrx_word' id='word_1_426' title='bbox 1815 4162 1880 4217; x_wconf 88' lang='lat' dir='ltr'><strong><em>de</em></strong></span> 
     </span>
    </p>
   </div>
   <div class='ocr_carea' id='block_1_75' title="bbox 271 4253 1345 4329">
    <p class='ocr_par' dir='ltr' id='par_1_75' title="bbox 271 4253 1345 4329">
     <span class='ocr_line' id='line_1_75' title="bbox 271 4253 1345 4329; baseline 0.003 -22"><span class='ocrx_word' id='word_1_427' title='bbox 271 4271 433 4308; x_wconf 87' lang='lat' dir='ltr'><strong><em>manu</em></strong></span> <span class='ocrx_word' id='word_1_428' title='bbox 454 4266 641 4310; x_wconf 89' lang='lat' dir='ltr'><strong><em>contra</em></strong></span> <span class='ocrx_word' id='word_1_429' title='bbox 671 4253 834 4326; x_wconf 86' lang='lat' dir='ltr'><strong><em>legem</em></strong></span> <span class='ocrx_word' id='word_1_430' title='bbox 865 4256 1059 4327; x_wconf 84' lang='lat' dir='ltr'><strong><em>agentis</em></strong></span> <span class='ocrx_word' id='word_1_431' title='bbox 1091 4263 1137 4311; x_wconf 90' lang='lat' dir='ltr'><strong><em>et</em></strong></span> <span class='ocrx_word' id='word_1_432' title='bbox 1160 4254 1345 4329; x_wconf 82' lang='lat' dir='ltr'><strong><em>iniqui.</em></strong></span> 
     </span>
    </p>
   </div>
   <div class='ocr_carea' id='block_1_76' title="bbox 348 4344 1875 4420">
    <p class='ocr_par' dir='ltr' id='par_1_76' title="bbox 348 4344 1875 4420">
     <span class='ocr_line' id='line_1_76' title="bbox 348 4344 1875 4420; baseline 0.001 -19"><span class='ocrx_word' id='word_1_433' title='bbox 348 4347 609 4412; x_wconf 84' lang='lat' dir='ltr'><strong><em>Quoniam</em></strong></span> <span class='ocrx_word' id='word_1_434' title='bbox 664 4356 723 4401; x_wconf 87' lang='lat' dir='ltr'><strong><em>tu</em></strong></span> <span class='ocrx_word' id='word_1_435' title='bbox 773 4362 825 4403; x_wconf 87' lang='lat' dir='ltr'><strong><em>es</em></strong></span> <span class='ocrx_word' id='word_1_436' title='bbox 871 4346 1120 4420; x_wconf 88' lang='lat' dir='ltr'><strong><em>patientia</em></strong></span> <span class='ocrx_word' id='word_1_437' title='bbox 1149 4362 1281 4416; x_wconf 87' lang='lat' dir='ltr'><strong><em>mea,</em></strong></span> <span class='ocrx_word' id='word_1_438' title='bbox 1338 4344 1555 4403; x_wconf 89' lang='lat' dir='ltr'><strong><em>Domine</em></strong></span> <span class='ocrx_word' id='word_1_439' title='bbox 1587 4362 1605 4403; x_wconf 89' lang='lat'><strong><em>:</em></strong></span> <span class='ocrx_word' id='word_1_440' title='bbox 1635 4345 1875 4415; x_wconf 86' lang='lat' dir='ltr'><strong><em>Domine,</em></strong></span> 
     </span>
    </p>
   </div>
   <div class='ocr_carea' id='block_1_77' title="bbox 265 4442 1056 4513">
    <p class='ocr_par' dir='ltr' id='par_1_77' title="bbox 265 4442 1056 4513">
     <span class='ocr_line' id='line_1_77' title="bbox 265 4442 1056 4513; baseline -0.003 -17"><span class='ocrx_word' id='word_1_441' title='bbox 265 4457 388 4509; x_wconf 77' lang='lat' dir='ltr'><strong><em>spes</em></strong></span> <span class='ocrx_word' id='word_1_442' title='bbox 416 4456 529 4494; x_wconf 86' lang='lat' dir='ltr'><strong><em>mea</em></strong></span> <span class='ocrx_word' id='word_1_443' title='bbox 559 4457 594 4494; x_wconf 88' lang='lat' dir='ltr'><strong><em>a</em></strong></span> <span class='ocrx_word' id='word_1_444' title='bbox 612 4442 885 4513; x_wconf 81' lang='lat' dir='ltr'><strong><em>juventute</em></strong></span> <span class='ocrx_word' id='word_1_445' title='bbox 922 4455 1056 4495; x_wconf 88' lang='lat' dir='ltr'><strong><em>mea.</em></strong></span> 
     </span>
    </p>
   </div>
   <div class='ocr_carea' id='block_1_78' title="bbox 346 4531 1876 4605">
    <p class='ocr_par' dir='ltr' id='par_1_78' title="bbox 346 4531 1876 4605">
     <span class='ocr_line' id='line_1_78' title="bbox 346 4531 1876 4605; baseline 0.003 -19"><span class='ocrx_word' id='word_1_446' title='bbox 346 4531 414 4586; x_wconf 87' lang='lat' dir='ltr'><strong><em>In</em></strong></span> <span class='ocrx_word' id='word_1_447' title='bbox 455 4542 503 4587; x_wconf 91' lang='lat' dir='ltr'><strong><em>te</em></strong></span> <span class='ocrx_word' id='word_1_448' title='bbox 549 4531 892 4604; x_wconf 83' lang='lat' dir='ltr'><strong><em>conﬁrmatus</em></strong></span> <span class='ocrx_word' id='word_1_449' title='bbox 925 4549 1038 4588; x_wconf 86' lang='lat' dir='ltr'><strong><em>sunt</em></strong></span> <span class='ocrx_word' id='word_1_450' title='bbox 1066 4549 1129 4590; x_wconf 79' lang='lat' dir='ltr'><strong><em>ea:</em></strong></span> <span class='ocrx_word' id='word_1_451' title='bbox 1170 4539 1337 4605; x_wconf 88' lang='lat' dir='ltr'><strong><em>utero,</em></strong></span> <span class='ocrx_word' id='word_1_452' title='bbox 1373 4535 1436 4590; x_wconf 87' lang='lat' dir='ltr'><strong><em>de</em></strong></span> <span class='ocrx_word' id='word_1_453' title='bbox 1480 4540 1656 4590; x_wconf 81' lang='lat' dir='ltr'><strong><em>ventre</em></strong></span> <span class='ocrx_word' id='word_1_454' title='bbox 1693 4534 1876 4590; x_wconf 88' lang='lat' dir='ltr'><strong><em>matris</em></strong></span> 
     </span>
    </p>
   </div>
   <div class='ocr_carea' id='block_1_79' title="bbox 267 4632 1041 4697">
    <p class='ocr_par' dir='ltr' id='par_1_79' title="bbox 267 4632 1041 4697">
     <span class='ocr_line' id='line_1_79' title="bbox 267 4632 1041 4697; baseline 0.004 -20"><span class='ocrx_word' id='word_1_455' title='bbox 267 4639 399 4678; x_wconf 76' lang='lat' dir='ltr'><strong><em>inea:</em></strong></span> <span class='ocrx_word' id='word_1_456' title='bbox 428 4633 485 4678; x_wconf 84' lang='lat' dir='ltr'><strong><em>tu</em></strong></span> <span class='ocrx_word' id='word_1_457' title='bbox 520 4641 572 4679; x_wconf 70' lang='grc'><strong><em>88</em></strong></span> <span class='ocrx_word' id='word_1_458' title='bbox 595 4632 854 4697; x_wconf 86' lang='lat' dir='ltr'><strong><em>protector</em></strong></span> <span class='ocrx_word' id='word_1_459' title='bbox 878 4640 1041 4681; x_wconf 88' lang='lat' dir='ltr'><strong><em>meus.</em></strong></span> 
     </span>
    </p>
   </div>
   <div class='ocr_carea' id='block_1_80' title="bbox 342 4716 1876 4791">
    <p class='ocr_par' dir='ltr' id='par_1_80' title="bbox 342 4716 1876 4791">
     <span class='ocr_line' id='line_1_80' title="bbox 342 4716 1876 4791; baseline 0.002 -21"><span class='ocrx_word' id='word_1_460' title='bbox 342 4716 413 4770; x_wconf 86' lang='lat' dir='ltr'><strong><em>In</em></strong></span> <span class='ocrx_word' id='word_1_461' title='bbox 460 4726 509 4773; x_wconf 89' lang='lat' dir='ltr'><strong><em>te</em></strong></span> <span class='ocrx_word' id='word_1_462' title='bbox 562 4717 793 4771; x_wconf 91' lang='lat' dir='ltr'><strong><em>cantatio</em></strong></span> <span class='ocrx_word' id='word_1_463' title='bbox 838 4734 949 4773; x_wconf 86' lang='lat' dir='ltr'><strong><em>mea</em></strong></span> <span class='ocrx_word' id='word_1_464' title='bbox 992 4733 1193 4791; x_wconf 89' lang='lat' dir='ltr'><strong><em>semper</em></strong></span> <span class='ocrx_word' id='word_1_465' title='bbox 1229 4724 1536 4788; x_wconf 89' lang='lat' dir='ltr'><strong><em>:tamquam</em></strong></span> <span class='ocrx_word' id='word_1_466' title='bbox 1582 4717 1876 4791; x_wconf 86' lang='lat' dir='ltr'><strong><em>prodigium</em></strong></span> 
     </span>
    </p>
   </div>
   <div class='ocr_carea' id='block_1_81' title="bbox 266 4810 1420 4887">
    <p class='ocr_par' dir='ltr' id='par_1_81' title="bbox 266 4810 1420 4887">
     <span class='ocr_line' id='line_1_81' title="bbox 266 4810 1420 4887; baseline -0.003 -19"><span class='ocrx_word' id='word_1_467' title='bbox 266 4816 443 4884; x_wconf 49' lang='lat' dir='ltr'><strong><em>[artus</em></strong></span> <span class='ocrx_word' id='word_1_468' title='bbox 468 4826 583 4865; x_wconf 76' lang='lat' dir='ltr'><strong><em>sum</em></strong></span> <span class='ocrx_word' id='word_1_469' title='bbox 614 4810 811 4877; x_wconf 77' lang='lat' dir='ltr'><strong><em>multis,</em></strong></span> <span class='ocrx_word' id='word_1_470' title='bbox 846 4820 894 4865; x_wconf 87' lang='lat' dir='ltr'><strong><em>et</em></strong></span> <span class='ocrx_word' id='word_1_471' title='bbox 925 4821 979 4866; x_wconf 89' lang='lat' dir='ltr'><strong><em>tu</em></strong></span> <span class='ocrx_word' id='word_1_472' title='bbox 1011 4813 1223 4887; x_wconf 86' lang='lat' dir='ltr'><strong><em>adjutor</em></strong></span> <span class='ocrx_word' id='word_1_473' title='bbox 1250 4812 1420 4884; x_wconf 79' lang='lat' dir='ltr'><strong><em>fortis.</em></strong></span> 
     </span>
    </p>
   </div>
   <div class='ocr_carea' id='block_1_82' title="bbox 342 4973 1864 5045">
    <p class='ocr_par' dir='ltr' id='par_1_82' title="bbox 342 4973 1864 5045">
     <span class='ocr_line' id='line_1_82' title="bbox 342 4973 1864 5045; baseline -0.001 -15"><span class='ocrx_word' id='word_1_474' title='bbox 342 4988 369 5014; x_wconf 74' lang='grc' dir='ltr'><strong><em>η</em></strong></span> <span class='ocrx_word' id='word_1_475' title='bbox 406 4976 665 5030; x_wconf 83' lang='lat' dir='ltr'><strong><em>Voculam</em></strong></span> <span class='ocrx_word' id='word_1_476' title='bbox 698 4990 757 5028; x_wconf 91' lang='lat' dir='ltr'><strong><em>eo</em></strong></span> <span class='ocrx_word' id='word_1_477' title='bbox 785 4973 953 5029; x_wconf 81' lang='lat' dir='ltr'><strong><em>Palat.</em></strong></span> <span class='ocrx_word' id='word_1_478' title='bbox 986 4988 1088 5029; x_wconf 86' lang='lat' dir='ltr'><strong><em>ms.</em></strong></span> <span class='ocrx_word' id='word_1_479' title='bbox 1120 4982 1175 5028; x_wconf 83' lang='lat' dir='ltr'><strong><em>et</em></strong></span> <span class='ocrx_word' id='word_1_480' title='bbox 1199 4974 1369 5029; x_wconf 86' lang='lat' dir='ltr'><strong><em>Carus</em></strong></span> <span class='ocrx_word' id='word_1_481' title='bbox 1391 4973 1676 5028; x_wconf 89' lang='lat' dir='ltr'><strong><em>omittunt:</em></strong></span> <span class='ocrx_word' id='word_1_482' title='bbox 1703 4981 1864 5045; x_wconf 87' lang='lat' dir='ltr'><strong><em>atque</em></strong></span> 
     </span>
    </p>
   </div>
   <div class='ocr_carea' id='block_1_83' title="bbox 260 5045 1866 5112">
    <p class='ocr_par' dir='ltr' id='par_1_83' title="bbox 260 5045 1866 5112">
     <span class='ocr_line' id='line_1_83' title="bbox 260 5045 1866 5112; baseline -0.005 -6"><span class='ocrx_word' id='word_1_483' title='bbox 260 5052 321 5106; x_wconf 90' lang='lat' dir='ltr'><strong><em>in</em></strong></span> <span class='ocrx_word' id='word_1_484' title='bbox 376 5057 525 5103; x_wconf 71' lang='lat' dir='ltr'><strong><em>textu</em></strong></span> <span class='ocrx_word' id='word_1_485' title='bbox 554 5060 756 5102; x_wconf 88' lang='lat' dir='ltr'><strong><em>nomen</em></strong></span> <span class='ocrx_word' id='word_1_486' title='bbox 782 5045 1065 5101; x_wconf 78' lang='lat' dir='ltr'><strong><em>dumtaxat</em></strong></span> <span class='ocrx_word' id='word_1_487' title='bbox 1122 5046 1379 5112; x_wconf 86' lang='lat' dir='ltr'><strong><em>Domine,</em></strong></span> <span class='ocrx_word' id='word_1_488' title='bbox 1423 5046 1688 5100; x_wconf 84' lang='lat' dir='ltr'><strong><em>asterisco</em></strong></span> <span class='ocrx_word' id='word_1_489' title='bbox 1743 5046 1866 5100; x_wconf 90' lang='lat' dir='ltr'><strong><em>illu-</em></strong></span> 
     </span>
    </p>
   </div>
   <div class='ocr_carea' id='block_1_84' title="bbox 260 5130 466 5177">
    <p class='ocr_par' dir='ltr' id='par_1_84' title="bbox 260 5130 466 5177">
     <span class='ocr_line' id='line_1_84' title="bbox 260 5130 466 5177; baseline -0.019 0"><span class='ocrx_word' id='word_1_490' title='bbox 260 5130 466 5177; x_wconf 83' lang='lat' dir='ltr'><strong><em>strant.</em></strong></span> 
     </span>
    </p>
   </div>
   <div class='ocr_carea' id='block_1_85' title="bbox 340 5187 1865 5259">
    <p class='ocr_par' dir='ltr' id='par_1_85' title="bbox 340 5187 1865 5259">
     <span class='ocr_line' id='line_1_85' title="bbox 340 5187 1865 5259; baseline -0.003 -12"><span class='ocrx_word' id='word_1_491' title='bbox 340 5193 368 5233; x_wconf 67' lang='grc' dir='ltr'><strong><em>ιι</em></strong></span> <span class='ocrx_word' id='word_1_492' title='bbox 398 5192 637 5247; x_wconf 80' lang='lat' dir='ltr'><strong><em>Rursum</em></strong></span> <span class='ocrx_word' id='word_1_493' title='bbox 664 5188 805 5244; x_wconf 87' lang='lat' dir='ltr'><strong><em>male</em></strong></span> <span class='ocrx_word' id='word_1_494' title='bbox 833 5188 973 5259; x_wconf 90' lang='lat' dir='ltr'><strong><em>idem</em></strong></span> <span class='ocrx_word' id='word_1_495' title='bbox 1006 5204 1111 5244; x_wconf 88' lang='lat' dir='ltr'><strong><em>ms.</em></strong></span> <span class='ocrx_word' id='word_1_496' title='bbox 1153 5188 1369 5244; x_wconf 86' lang='lat' dir='ltr'><strong><em>obelum</em></strong></span> <span class='ocrx_word' id='word_1_497' title='bbox 1411 5187 1586 5254; x_wconf 87' lang='lat' dir='ltr'><strong><em>hunc,</em></strong></span> <span class='ocrx_word' id='word_1_498' title='bbox 1620 5187 1865 5259; x_wconf 79' lang='lat' dir='ltr'><strong><em>duosque</em></strong></span> 
     </span>
    </p>
   </div>
   <div class='ocr_carea' id='block_1_86' title="bbox 256 5258 1861 5330">
    <p class='ocr_par' dir='ltr' id='par_1_86' title="bbox 256 5258 1861 5330">
     <span class='ocr_line' id='line_1_86' title="bbox 256 5258 1861 5330; baseline -0.006 -9"><span class='ocrx_word' id='word_1_499' title='bbox 256 5264 594 5328; x_wconf 80' lang='lat' dir='ltr'><strong><em>aiiosinira,</em></strong></span> <span class='ocrx_word' id='word_1_500' title='bbox 625 5262 822 5330; x_wconf 89' lang='lat' dir='ltr'><strong><em>quibus</em></strong></span> <span class='ocrx_word' id='word_1_501' title='bbox 861 5258 1089 5315; x_wconf 86' lang='lat' dir='ltr'><strong><em>verbum</em></strong></span> <span class='ocrx_word' id='word_1_502' title='bbox 1136 5259 1534 5313; x_wconf 62' lang='lat' dir='ltr'><strong><em>substantivum</em></strong></span> <span class='ocrx_word' id='word_1_503' title='bbox 1588 5258 1861 5328; x_wconf 64' lang='grc' dir='ltr'><strong><em>ιιιηςιξιιοῐτι-</em></strong></span> 
     </span>
    </p>
   </div>
   <div class='ocr_carea' id='block_1_87' title="bbox 259 5331 1862 5402">
    <p class='ocr_par' dir='ltr' id='par_1_87' title="bbox 259 5331 1862 5402">
     <span class='ocr_line' id='line_1_87' title="bbox 259 5331 1862 5402; baseline -0.004 -11"><span class='ocrx_word' id='word_1_504' title='bbox 259 5347 378 5402; x_wconf 80' lang='lat' dir='ltr'><strong><em>tur,</em></strong></span> <span class='ocrx_word' id='word_1_505' title='bbox 411 5335 600 5389; x_wconf 84' lang='lat' dir='ltr'><strong><em>obeios</em></strong></span> <span class='ocrx_word' id='word_1_506' title='bbox 624 5332 994 5399; x_wconf 67' lang='lat' dir='ltr'><strong><em>prmtermittit</em></strong></span> <span class='ocrx_word' id='word_1_507' title='bbox 1023 5351 1035 5386; x_wconf 90' lang='lat'><strong>:</strong></span> <span class='ocrx_word' id='word_1_508' title='bbox 1064 5331 1417 5402; x_wconf 82' lang='lat' dir='ltr'><strong><em>subsequenti</em></strong></span> <span class='ocrx_word' id='word_1_509' title='bbox 1460 5339 1642 5386; x_wconf 90' lang='lat' dir='ltr'><strong><em>autem</em></strong></span> <span class='ocrx_word' id='word_1_510' title='bbox 1690 5332 1862 5386; x_wconf 82' lang='lat' dir='ltr'><strong><em>versi-</em></strong></span> 
     </span>
    </p>
   </div>
   <div class='ocr_carea' id='block_1_88' title="bbox 254 5403 918 5473">
    <p class='ocr_par' dir='ltr' id='par_1_88' title="bbox 254 5403 918 5473">
     <span class='ocr_line' id='line_1_88' title="bbox 254 5403 918 5473; baseline -0.012 -9"><span class='ocrx_word' id='word_1_511' title='bbox 254 5412 391 5464; x_wconf 66' lang='lat' dir='ltr'><strong><em>cuia</em></strong></span> <span class='ocrx_word' id='word_1_512' title='bbox 418 5405 569 5460; x_wconf 84' lang='lat' dir='ltr'><strong><em>addit</em></strong></span> <span class='ocrx_word' id='word_1_513' title='bbox 593 5403 918 5473; x_wconf 87' lang='lat' dir='ltr'><strong><em>Diapsalma.</em></strong></span> 
     </span>
    </p>
   </div>
   <div class='ocr_carea' id='block_1_89' title="bbox 340 5474 1862 5547">
    <p class='ocr_par' dir='ltr' id='par_1_89' title="bbox 340 5474 1862 5547">
     <span class='ocr_line' id='line_1_89' title="bbox 340 5474 1862 5547; baseline -0.001 -16"><span class='ocrx_word' id='word_1_514' title='bbox 340 5492 363 5519; x_wconf 74' lang='grc' dir='ltr'><em>ε</em></span> <span class='ocrx_word' id='word_1_515' title='bbox 401 5478 502 5531; x_wconf 89' lang='lat' dir='ltr'><strong><em>ilic</em></strong></span> <span class='ocrx_word' id='word_1_516' title='bbox 532 5478 703 5531; x_wconf 88' lang='lat' dir='ltr'><strong><em>ferme</em></strong></span> <span class='ocrx_word' id='word_1_517' title='bbox 735 5477 937 5530; x_wconf 89' lang='lat' dir='ltr'><strong><em>rectius</em></strong></span> <span class='ocrx_word' id='word_1_518' title='bbox 970 5488 1092 5531; x_wconf 90' lang='lat' dir='ltr'><strong><em>cum</em></strong></span> <span class='ocrx_word' id='word_1_519' title='bbox 1134 5474 1295 5530; x_wconf 89' lang='lat' dir='ltr'><strong><em>obelo</em></strong></span> <span class='ocrx_word' id='word_1_520' title='bbox 1329 5475 1498 5544; x_wconf 87' lang='lat' dir='ltr'><strong><em>ipsam</em></strong></span> <span class='ocrx_word' id='word_1_521' title='bbox 1532 5483 1579 5529; x_wconf 90' lang='lat' dir='ltr'><strong><em>et</em></strong></span> <span class='ocrx_word' id='word_1_522' title='bbox 1616 5475 1862 5547; x_wconf 82' lang='lat' dir='ltr'><strong><em>copulam</em></strong></span> 
     </span>
    </p>
   </div>
   <div class='ocr_carea' id='block_1_90' title="bbox 256 5552 875 5606">
    <p class='ocr_par' dir='ltr' id='par_1_90' title="bbox 256 5552 875 5606">
     <span class='ocr_line' id='line_1_90' title="bbox 256 5552 875 5606; baseline -0.01 0"><span class='ocrx_word' id='word_1_523' title='bbox 256 5552 548 5606; x_wconf 74' lang='lat' dir='ltr'><strong><em>Palatinus</em></strong></span> <span class='ocrx_word' id='word_1_524' title='bbox 580 5562 681 5601; x_wconf 87' lang='lat' dir='ltr'><strong><em>ms.</em></strong></span> <span class='ocrx_word' id='word_1_525' title='bbox 713 5556 875 5601; x_wconf 91' lang='lat' dir='ltr'><strong><em>tacet.</em></strong></span> 
     </span>
    </p>
   </div>
   <div class='ocr_carea' id='block_1_91' title="bbox 335 5618 1862 5691">
    <p class='ocr_par' dir='ltr' id='par_1_91' title="bbox 335 5618 1862 5691">
     <span class='ocr_line' id='line_1_91' title="bbox 335 5618 1862 5691; baseline -0.001 -18"><span class='ocrx_word' id='word_1_526' title='bbox 335 5621 363 5659; x_wconf 77' lang='lat' dir='ltr'><strong><em>d</em></strong></span> <span class='ocrx_word' id='word_1_527' title='bbox 403 5621 847 5691; x_wconf 43' lang='lat' dir='ltr'><strong><em>Veronensqns;</em></strong></span> <span class='ocrx_word' id='word_1_528' title='bbox 866 5632 981 5689; x_wconf 73' lang='lat' dir='ltr'><strong><em>qua:</em></strong></span> <span class='ocrx_word' id='word_1_529' title='bbox 1011 5625 1257 5691; x_wconf 84' lang='lat' dir='ltr'><strong><em>repetunt</em></strong></span> <span class='ocrx_word' id='word_1_530' title='bbox 1278 5618 1398 5689; x_wconf 89' lang='lat' dir='ltr'><strong><em>(pro</em></strong></span> <span class='ocrx_word' id='word_1_531' title='bbox 1428 5620 1634 5691; x_wconf 84' lang='lat' dir='ltr'><strong><em>repunt)</em></strong></span> <span class='ocrx_word' id='word_1_532' title='bbox 1660 5620 1713 5673; x_wconf 89' lang='lat' dir='ltr'><strong><em>in</em></strong></span> <span class='ocrx_word' id='word_1_533' title='bbox 1745 5620 1814 5673; x_wconf 86' lang='lat' dir='ltr'><strong><em>eis</em></strong></span> <span class='ocrx_word' id='word_1_534' title='bbox 1846 5634 1862 5672; x_wconf 91' lang='lat'><strong><em>:</em></strong></span> 
     </span>
    </p>
   </div>
   <div class='ocr_carea' id='block_1_92' title="bbox 254 5688 1869 5761">
    <p class='ocr_par' dir='ltr' id='par_1_92' title="bbox 254 5688 1869 5761">
     <span class='ocr_line' id='line_1_92' title="bbox 254 5688 1869 5761; baseline -0.001 -16"><span class='ocrx_word' id='word_1_535' title='bbox 254 5694 500 5759; x_wconf 66' lang='lat' dir='ltr'><strong><em>August.</em></strong></span> <span class='ocrx_word' id='word_1_536' title='bbox 529 5689 782 5761; x_wconf 88' lang='lat' dir='ltr'><strong><em>repentia.</em></strong></span> <span class='ocrx_word' id='word_1_537' title='bbox 807 5688 967 5755; x_wconf 89' lang='lat' dir='ltr'><strong><em>Tum,</em></strong></span> <span class='ocrx_word' id='word_1_538' title='bbox 994 5699 1041 5761; x_wconf 83' lang='lat' dir='ltr'><strong><em>et</em></strong></span> <span class='ocrx_word' id='word_1_539' title='bbox 1070 5688 1445 5761; x_wconf 74' lang='lat' dir='ltr'><strong><em>litereditabttnt</em></strong></span> <span class='ocrx_word' id='word_1_540' title='bbox 1474 5688 1683 5752; x_wconf 84' lang='lat' dir='ltr'><strong><em>terram,</em></strong></span> <span class='ocrx_word' id='word_1_541' title='bbox 1719 5701 1767 5743; x_wconf 91' lang='lat' dir='ltr'><strong><em>et</em></strong></span> <span class='ocrx_word' id='word_1_542' title='bbox 1790 5708 1869 5744; x_wconf 85' lang='lat' dir='ltr'><strong><em>se-</em></strong></span> 
     </span>
    </p>
   </div>
   <div class='ocr_carea' id='block_1_93' title="bbox 256 5760 1868 5841">
    <p class='ocr_par' dir='ltr' id='par_1_93' title="bbox 256 5760 1868 5841">
     <span class='ocr_line' id='line_1_93' title="bbox 256 5760 1868 5841; baseline -0.002 -22"><span class='ocrx_word' id='word_1_543' title='bbox 256 5784 381 5819; x_wconf 68' lang='lat' dir='ltr'><strong><em>men</em></strong></span> <span class='ocrx_word' id='word_1_544' title='bbox 406 5777 671 5817; x_wconf 85' lang='lat' dir='ltr'><strong><em>servorum</em></strong></span> <span class='ocrx_word' id='word_1_545' title='bbox 694 5760 805 5841; x_wconf 61' lang='lat' dir='ltr'><strong><em>ejus</em></strong></span> <span class='ocrx_word' id='word_1_546' title='bbox 843 5760 1179 5841; x_wconf 75' lang='lat' dir='ltr'><strong><em>possidebunt</em></strong></span> <span class='ocrx_word' id='word_1_547' title='bbox 1214 5760 1484 5833; x_wconf 82' lang='lat' dir='ltr'><strong><em>(August.</em></strong></span> <span class='ocrx_word' id='word_1_548' title='bbox 1548 5761 1868 5830; x_wconf 86' lang='lat' dir='ltr'><strong><em>obtinebunt)</em></strong></span> 
     </span>
    </p>
   </div>
   <div class='ocr_carea' id='block_1_94' title="bbox 252 5829 1230 5904">
    <p class='ocr_par' dir='ltr' id='par_1_94' title="bbox 252 5829 1230 5904">
     <span class='ocr_line' id='line_1_94' title="bbox 252 5829 1230 5904; baseline -0.006 -11"><span class='ocrx_word' id='word_1_549' title='bbox 252 5852 409 5904; x_wconf 74' lang='lat' dir='ltr'><strong><em>eam,</em></strong></span> <span class='ocrx_word' id='word_1_550' title='bbox 435 5842 569 5901; x_wconf 91' lang='lat' dir='ltr'><strong><em>etc.,</em></strong></span> <span class='ocrx_word' id='word_1_551' title='bbox 600 5841 673 5898; x_wconf 90' lang='lat' dir='ltr'><strong><em>et,</em></strong></span> <span class='ocrx_word' id='word_1_552' title='bbox 708 5829 1066 5887; x_wconf 75' lang='lat' dir='ltr'><strong><em>inhabitabant</em></strong></span> <span class='ocrx_word' id='word_1_553' title='bbox 1098 5829 1230 5887; x_wconf 78' lang='lat' dir='ltr'><strong><em>eam.</em></strong></span> 
     </span>
    </p>
   </div>
   <div class='ocr_carea' id='block_1_95' title="bbox 2056 3447 3584 3515">
    <p class='ocr_par' dir='ltr' id='par_1_95' title="bbox 2056 3447 3584 3515">
     <span class='ocr_line' id='line_1_95' title="bbox 2056 3447 3584 3515; baseline 0.01 -24"><span class='ocrx_word' id='word_1_554' title='bbox 2056 3447 2289 3491; x_wconf 70' lang='grc' dir='ltr'><strong><em>ΡεΑιιωε</em></strong></span> <span class='ocrx_word' id='word_1_555' title='bbox 2327 3449 2488 3493; x_wconf 68' lang='grc' dir='ltr'><strong>υλνω</strong></span> <span class='ocrx_word' id='word_1_556' title='bbox 2512 3476 2527 3505; x_wconf 86' lang='lat'><strong><em>,</em></strong></span> <span class='ocrx_word' id='word_1_557' title='bbox 2580 3448 2837 3493; x_wconf 72' lang='grc' dir='ltr'><strong><em>ινιιῐοιιωι</em></strong></span> <span class='ocrx_word' id='word_1_558' title='bbox 2890 3451 3163 3515; x_wconf 33' lang='grc' dir='ltr'><strong><em>ΙΟΝΑΑΒΛΒ,</em></strong></span> <span class='ocrx_word' id='word_1_559' title='bbox 3229 3456 3299 3501; x_wconf 67' lang='grc' dir='ltr'><strong><em>ιτ</em></strong></span> <span class='ocrx_word' id='word_1_560' title='bbox 3352 3458 3584 3515; x_wconf 66' lang='grc' dir='ltr'><strong><em>Ριιοβωι</em></strong></span> 
     </span>
    </p>
   </div>
   <div class='ocr_carea' id='block_1_96' title="bbox 2594 3510 3027 3567">
    <p class='ocr_par' dir='ltr' id='par_1_96' title="bbox 2594 3510 3027 3567">
     <span class='ocr_line' id='line_1_96' title="bbox 2594 3510 3027 3567; baseline 0.012 -4"><span class='ocrx_word' id='word_1_561' title='bbox 2594 3521 2959 3567; x_wconf 69' lang='grc' dir='ltr'><strong><em>εΑρτινοιιωι.</em></strong></span> <span class='ocrx_word' id='word_1_562' title='bbox 3006 3510 3027 3551; x_wconf 72' lang='grc' dir='ltr'>ί</span> 
     </span>
    </p>
   </div>
   <div class='ocr_carea' id='block_1_97' title="bbox 2056 3599 3580 3673">
    <p class='ocr_par' dir='ltr' id='par_1_97' title="bbox 2056 3599 3580 3673">
     <span class='ocr_line' id='line_1_97' title="bbox 2056 3599 3580 3673; baseline 0.009 -16"><span class='ocrx_word' id='word_1_563' title='bbox 2056 3600 2222 3670; x_wconf 89' lang='lat' dir='ltr'><strong><em>Deus,</em></strong></span> <span class='ocrx_word' id='word_1_564' title='bbox 2257 3599 2312 3656; x_wconf 89' lang='lat' dir='ltr'><strong><em>in</em></strong></span> <span class='ocrx_word' id='word_1_565' title='bbox 2336 3608 2387 3658; x_wconf 92' lang='lat' dir='ltr'><strong><em>te</em></strong></span> <span class='ocrx_word' id='word_1_566' title='bbox 2415 3602 2664 3673; x_wconf 83' lang='lat' dir='ltr'><strong><em>speravi,</em></strong></span> <span class='ocrx_word' id='word_1_567' title='bbox 2695 3601 2922 3661; x_wconf 86' lang='lat' dir='ltr'><strong><em>Domine</em></strong></span> <span class='ocrx_word' id='word_1_568' title='bbox 2951 3646 2965 3670; x_wconf 90' lang='lat'><strong><em>,</em></strong></span> <span class='ocrx_word' id='word_1_569' title='bbox 3022 3619 3130 3663; x_wconf 92' lang='lat' dir='ltr'><strong><em>non</em></strong></span> <span class='ocrx_word' id='word_1_570' title='bbox 3181 3608 3487 3668; x_wconf 88' lang='lat' dir='ltr'><strong><em>confundar</em></strong></span> <span class='ocrx_word' id='word_1_571' title='bbox 3527 3613 3580 3671; x_wconf 90' lang='lat' dir='ltr'><strong><em>in</em></strong></span> 
     </span>
    </p>
   </div>
   <div class='ocr_carea' id='block_1_98' title="bbox 1983 3690 3421 3771">
    <p class='ocr_par' dir='ltr' id='par_1_98' title="bbox 1983 3690 3421 3771">
     <span class='ocr_line' id='line_1_98' title="bbox 1983 3690 3421 3771; baseline 0.008 -22"><span class='ocrx_word' id='word_1_572' title='bbox 1983 3698 2246 3749; x_wconf 70' lang='lat' dir='ltr'><strong><em>internum</em></strong></span> <span class='ocrx_word' id='word_1_573' title='bbox 2278 3709 2291 3747; x_wconf 90' lang='lat'><strong>:</strong></span> <span class='ocrx_word' id='word_1_574' title='bbox 2326 3690 2380 3749; x_wconf 87' lang='lat' dir='ltr'><strong><em>la</em></strong></span> <span class='ocrx_word' id='word_1_575' title='bbox 2404 3700 2494 3748; x_wconf 91' lang='lat' dir='ltr'><strong><em>tua</em></strong></span> <span class='ocrx_word' id='word_1_576' title='bbox 2514 3692 2729 3764; x_wconf 66' lang='lat' dir='ltr'><strong><em>iustitia</em></strong></span> <span class='ocrx_word' id='word_1_577' title='bbox 2750 3692 2922 3750; x_wconf 87' lang='lat' dir='ltr'><strong><em>libera</em></strong></span> <span class='ocrx_word' id='word_1_578' title='bbox 2953 3710 3039 3753; x_wconf 88' lang='lat' dir='ltr'><strong><em>me</em></strong></span> <span class='ocrx_word' id='word_1_579' title='bbox 3060 3709 3113 3755; x_wconf 91' lang='lat' dir='ltr'><strong><em>et</em></strong></span> <span class='ocrx_word' id='word_1_580' title='bbox 3135 3698 3284 3771; x_wconf 87' lang='lat' dir='ltr'><strong><em>eripe</em></strong></span> <span class='ocrx_word' id='word_1_581' title='bbox 3314 3716 3421 3759; x_wconf 90' lang='lat' dir='ltr'><strong><em>me.</em></strong></span> 
     </span>
    </p>
   </div>
   <div class='ocr_carea' id='block_1_99' title="bbox 2054 3783 3289 3855">
    <p class='ocr_par' dir='ltr' id='par_1_99' title="bbox 2054 3783 3289 3855">
     <span class='ocr_line' id='line_1_99' title="bbox 2054 3783 3289 3855; baseline 0.006 -14"><span class='ocrx_word' id='word_1_582' title='bbox 2054 3783 2258 3841; x_wconf 86' lang='lat' dir='ltr'><strong><em>lnciina</em></strong></span> <span class='ocrx_word' id='word_1_583' title='bbox 2281 3783 2349 3841; x_wconf 84' lang='lat' dir='ltr'><strong><em>ad</em></strong></span> <span class='ocrx_word' id='word_1_584' title='bbox 2379 3800 2466 3841; x_wconf 89' lang='lat' dir='ltr'><strong><em>me</em></strong></span> <span class='ocrx_word' id='word_1_585' title='bbox 2487 3798 2674 3841; x_wconf 83' lang='lat' dir='ltr'><strong><em>aurem</em></strong></span> <span class='ocrx_word' id='word_1_586' title='bbox 2699 3794 2867 3855; x_wconf 88' lang='lat' dir='ltr'><strong><em>tuam,</em></strong></span> <span class='ocrx_word' id='word_1_587' title='bbox 2900 3796 2955 3844; x_wconf 91' lang='lat' dir='ltr'><strong><em>et</em></strong></span> <span class='ocrx_word' id='word_1_588' title='bbox 2980 3787 3149 3846; x_wconf 87' lang='lat' dir='ltr'><strong><em>libera</em></strong></span> <span class='ocrx_word' id='word_1_589' title='bbox 3181 3807 3289 3850; x_wconf 90' lang='lat' dir='ltr'><strong><em>me.</em></strong></span> 
     </span>
    </p>
   </div>
   <div class='ocr_carea' id='block_1_100' title="bbox 2056 3876 3577 3953">
    <p class='ocr_par' dir='ltr' id='par_1_100' title="bbox 2056 3876 3577 3953">
     <span class='ocr_line' id='line_1_100' title="bbox 2056 3876 3577 3953; baseline 0.009 -20"><span class='ocrx_word' id='word_1_590' title='bbox 2056 3876 2188 3933; x_wconf 83' lang='lat' dir='ltr'><strong><em>Esto</em></strong></span> <span class='ocrx_word' id='word_1_591' title='bbox 2234 3878 2366 3933; x_wconf 87' lang='lat' dir='ltr'><strong><em>mihi</em></strong></span> <span class='ocrx_word' id='word_1_592' title='bbox 2420 3877 2474 3933; x_wconf 91' lang='lat' dir='ltr'><strong><em>in</em></strong></span> <span class='ocrx_word' id='word_1_593' title='bbox 2529 3876 2698 3934; x_wconf 91' lang='lat' dir='ltr'><strong><em>Deum</em></strong></span> <span class='ocrx_word' id='word_1_594' title='bbox 2749 3887 3144 3953; x_wconf 86' lang='lat' dir='ltr'><strong><em>protectorem,</em></strong></span> <span class='ocrx_word' id='word_1_595' title='bbox 3188 3893 3242 3941; x_wconf 90' lang='lat' dir='ltr'><strong><em>et</em></strong></span> <span class='ocrx_word' id='word_1_596' title='bbox 3291 3884 3345 3943; x_wconf 92' lang='lat' dir='ltr'><strong><em>in</em></strong></span> <span class='ocrx_word' id='word_1_597' title='bbox 3400 3886 3577 3947; x_wconf 83' lang='lat' dir='ltr'><strong><em>locum</em></strong></span> 
     </span>
    </p>
   </div>
   <div class='ocr_carea' id='block_1_101' title="bbox 1982 3968 2921 4038">
    <p class='ocr_par' dir='ltr' id='par_1_101' title="bbox 1982 3968 2921 4038">
     <span class='ocr_line' id='line_1_101' title="bbox 1982 3968 2921 4038; baseline 0.001 -11"><span class='ocrx_word' id='word_1_598' title='bbox 1982 3970 2267 4038; x_wconf 89' lang='lat' dir='ltr'><strong><em>munitum,</em></strong></span> <span class='ocrx_word' id='word_1_599' title='bbox 2296 3978 2351 4026; x_wconf 92' lang='lat' dir='ltr'><strong><em>ut</em></strong></span> <span class='ocrx_word' id='word_1_600' title='bbox 2383 3969 2594 4025; x_wconf 88' lang='lat' dir='ltr'><strong><em>salvum</em></strong></span> <span class='ocrx_word' id='word_1_601' title='bbox 2623 3985 2711 4026; x_wconf 91' lang='lat' dir='ltr'><strong><em>me</em></strong></span> <span class='ocrx_word' id='word_1_602' title='bbox 2734 3968 2921 4029; x_wconf 85' lang='lat' dir='ltr'><strong><em>facias.</em></strong></span> 
     </span>
    </p>
   </div>
   <div class='ocr_carea' id='block_1_102' title="bbox 2054 4063 3573 4143">
    <p class='ocr_par' dir='ltr' id='par_1_102' title="bbox 2054 4063 3573 4143">
     <span class='ocr_line' id='line_1_102' title="bbox 2054 4063 3573 4143; baseline 0.011 -27"><span class='ocrx_word' id='word_1_603' title='bbox 2054 4063 2321 4134; x_wconf 86' lang='lat' dir='ltr'><strong><em>Quoniam</em></strong></span> <span class='ocrx_word' id='word_1_604' title='bbox 2344 4063 2745 4121; x_wconf 78' lang='lat' dir='ltr'><strong><em>firmamentum</em></strong></span> <span class='ocrx_word' id='word_1_605' title='bbox 2776 4080 2983 4135; x_wconf 91' lang='lat' dir='ltr'><strong><em>meum,</em></strong></span> <span class='ocrx_word' id='word_1_606' title='bbox 3016 4076 3071 4125; x_wconf 90' lang='lat' dir='ltr'><strong><em>et</em></strong></span> <span class='ocrx_word' id='word_1_607' title='bbox 3100 4068 3368 4143; x_wconf 81' lang='lat' dir='ltr'><strong><em>refugium</em></strong></span> <span class='ocrx_word' id='word_1_608' title='bbox 3393 4088 3573 4132; x_wconf 90' lang='lat' dir='ltr'><strong><em>meum</em></strong></span> 
     </span>
    </p>
   </div>
   <div class='ocr_carea' id='block_1_103' title="bbox 1982 4156 3575 4236">
    <p class='ocr_par' dir='ltr' id='par_1_103' title="bbox 1982 4156 3575 4236">
     <span class='ocr_line' id='line_1_103' title="bbox 1982 4156 3575 4236; baseline 0.005 -21"><span class='ocrx_word' id='word_1_609' title='bbox 1982 4171 2042 4215; x_wconf 86' lang='lat' dir='ltr'><strong><em>es</em></strong></span> <span class='ocrx_word' id='word_1_610' title='bbox 2074 4166 2129 4212; x_wconf 89' lang='lat' dir='ltr'><strong><em>tu</em></strong></span> <span class='ocrx_word' id='word_1_611' title='bbox 2156 4174 2169 4212; x_wconf 88' lang='lat'><strong>:</strong></span> <span class='ocrx_word' id='word_1_612' title='bbox 2194 4156 2339 4212; x_wconf 87' lang='lat' dir='ltr'><strong><em>Deus</em></strong></span> <span class='ocrx_word' id='word_1_613' title='bbox 2370 4172 2548 4221; x_wconf 86' lang='lat' dir='ltr'><strong><em>meus,</em></strong></span> <span class='ocrx_word' id='word_1_614' title='bbox 2582 4157 2733 4229; x_wconf 88' lang='lat' dir='ltr'><strong><em>eripe</em></strong></span> <span class='ocrx_word' id='word_1_615' title='bbox 2756 4173 2844 4215; x_wconf 92' lang='lat' dir='ltr'><strong><em>me</em></strong></span> <span class='ocrx_word' id='word_1_616' title='bbox 2873 4158 2941 4215; x_wconf 92' lang='lat' dir='ltr'><strong><em>de</em></strong></span> <span class='ocrx_word' id='word_1_617' title='bbox 2972 4175 3132 4216; x_wconf 90' lang='lat' dir='ltr'><strong><em>manu</em></strong></span> <span class='ocrx_word' id='word_1_618' title='bbox 3162 4166 3490 4236; x_wconf 83' lang='lat' dir='ltr'><strong><em>peccatoris,</em></strong></span> <span class='ocrx_word' id='word_1_619' title='bbox 3518 4176 3575 4224; x_wconf 89' lang='lat' dir='ltr'><strong><em>et.</em></strong></span> 
     </span>
    </p>
   </div>
   <div class='ocr_carea' id='block_1_104' title="bbox 1982 4248 3195 4323">
    <p class='ocr_par' dir='ltr' id='par_1_104' title="bbox 1982 4248 3195 4323">
     <span class='ocr_line' id='line_1_104' title="bbox 1982 4248 3195 4323; baseline 0.002 -18"><span class='ocrx_word' id='word_1_620' title='bbox 1982 4248 2051 4306; x_wconf 86' lang='lat' dir='ltr'><strong><em>de</em></strong></span> <span class='ocrx_word' id='word_1_621' title='bbox 2079 4264 2242 4305; x_wconf 89' lang='lat' dir='ltr'><strong><em>manu</em></strong></span> <span class='ocrx_word' id='word_1_622' title='bbox 2264 4256 2453 4305; x_wconf 87' lang='lat' dir='ltr'><strong><em>contra</em></strong></span> <span class='ocrx_word' id='word_1_623' title='bbox 2480 4248 2655 4320; x_wconf 79' lang='lat' dir='ltr'><strong><em>legem</em></strong></span> <span class='ocrx_word' id='word_1_624' title='bbox 2679 4250 2887 4322; x_wconf 78' lang='lat' dir='ltr'><strong><em>agentis</em></strong></span> <span class='ocrx_word' id='word_1_625' title='bbox 2918 4260 2970 4307; x_wconf 89' lang='lat' dir='ltr'><strong><em>et</em></strong></span> <span class='ocrx_word' id='word_1_626' title='bbox 3001 4252 3195 4323; x_wconf 89' lang='lat' dir='ltr'><strong><em>iniqui.</em></strong></span> 
     </span>
    </p>
   </div>
   <div class='ocr_carea' id='block_1_105' title="bbox 2049 4342 3566 4423">
    <p class='ocr_par' dir='ltr' id='par_1_105' title="bbox 2049 4342 3566 4423">
     <span class='ocr_line' id='line_1_105' title="bbox 2049 4342 3566 4423; baseline 0.009 -28"><span class='ocrx_word' id='word_1_627' title='bbox 2049 4342 2316 4412; x_wconf 86' lang='lat' dir='ltr'><strong><em>Quoniam</em></strong></span> <span class='ocrx_word' id='word_1_628' title='bbox 2347 4350 2402 4399; x_wconf 92' lang='lat' dir='ltr'><strong><em>tu</em></strong></span> <span class='ocrx_word' id='word_1_629' title='bbox 2433 4356 2491 4399; x_wconf 89' lang='lat' dir='ltr'><strong><em>es</em></strong></span> <span class='ocrx_word' id='word_1_630' title='bbox 2520 4343 2778 4413; x_wconf 86' lang='lat' dir='ltr'><strong><em>patientia</em></strong></span> <span class='ocrx_word' id='word_1_631' title='bbox 2816 4358 2965 4414; x_wconf 89' lang='lat' dir='ltr'><strong><em>mea,</em></strong></span> <span class='ocrx_word' id='word_1_632' title='bbox 3005 4345 3232 4404; x_wconf 88' lang='lat' dir='ltr'><strong><em>Domine</em></strong></span> <span class='ocrx_word' id='word_1_633' title='bbox 3262 4348 3404 4423; x_wconf 73' lang='lat' dir='ltr'><strong><em>His.</em></strong></span> <span class='ocrx_word' id='word_1_634' title='bbox 3439 4353 3566 4408; x_wconf 88' lang='lat' dir='ltr'><strong><em>add.</em></strong></span> 
     </span>
    </p>
   </div>
   <div class='ocr_carea' id='block_1_106' title="bbox 1980 4435 3124 4510">
    <p class='ocr_par' dir='ltr' id='par_1_106' title="bbox 1980 4435 3124 4510">
     <span class='ocr_line' id='line_1_106' title="bbox 1980 4435 3124 4510; baseline 0.003 -17"><span class='ocrx_word' id='word_1_635' title='bbox 1980 4435 2263 4510; x_wconf 89' lang='lat' dir='ltr'><strong><em>Domine]:</em></strong></span> <span class='ocrx_word' id='word_1_636' title='bbox 2300 4451 2427 4507; x_wconf 88' lang='lat' dir='ltr'><strong><em>spes</em></strong></span> <span class='ocrx_word' id='word_1_637' title='bbox 2466 4452 2585 4494; x_wconf 86' lang='lat' dir='ltr'><strong><em>mea</em></strong></span> <span class='ocrx_word' id='word_1_638' title='bbox 2612 4452 2642 4493; x_wconf 85' lang='lat' dir='ltr'><strong><em>a</em></strong></span> <span class='ocrx_word' id='word_1_639' title='bbox 2668 4437 2957 4507; x_wconf 72' lang='lat' dir='ltr'><strong><em>iuventute</em></strong></span> <span class='ocrx_word' id='word_1_640' title='bbox 2982 4454 3124 4499; x_wconf 85' lang='lat' dir='ltr'><strong><em>mea.</em></strong></span> 
     </span>
    </p>
   </div>
   <div class='ocr_carea' id='block_1_107' title="bbox 2039 4527 3571 4597">
    <p class='ocr_par' dir='ltr' id='par_1_107' title="bbox 2039 4527 3571 4597">
     <span class='ocr_line' id='line_1_107' title="bbox 2039 4527 3571 4597; baseline 0.007 -13"><span class='ocrx_word' id='word_1_641' title='bbox 2039 4528 2097 4584; x_wconf 91' lang='lat' dir='ltr'><strong><em>in</em></strong></span> <span class='ocrx_word' id='word_1_642' title='bbox 2115 4537 2166 4585; x_wconf 86' lang='lat' dir='ltr'><strong><em>te</em></strong></span> <span class='ocrx_word' id='word_1_643' title='bbox 2181 4527 2534 4585; x_wconf 85' lang='lat' dir='ltr'><strong><em>canfirmatus</em></strong></span> <span class='ocrx_word' id='word_1_644' title='bbox 2547 4544 2665 4586; x_wconf 90' lang='lat' dir='ltr'><strong><em>sum</em></strong></span> <span class='ocrx_word' id='word_1_645' title='bbox 2680 4544 2743 4585; x_wconf 81' lang='lat' dir='ltr'><strong><em>ex</em></strong></span> <span class='ocrx_word' id='word_1_646' title='bbox 2761 4531 3011 4597; x_wconf 90' lang='lat' dir='ltr'><strong><em>utero,de</em></strong></span> <span class='ocrx_word' id='word_1_647' title='bbox 3028 4542 3219 4591; x_wconf 80' lang='lat' dir='ltr'><strong><em>ventre</em></strong></span> <span class='ocrx_word' id='word_1_648' title='bbox 3234 4537 3421 4593; x_wconf 88' lang='lat' dir='ltr'><strong><em>matris</em></strong></span> <span class='ocrx_word' id='word_1_649' title='bbox 3437 4554 3571 4595; x_wconf 71' lang='lat' dir='ltr'><strong><em>mea:</em></strong></span> 
     </span>
    </p>
   </div>
   <div class='ocr_carea' id='block_1_108' title="bbox 1981 4621 3567 4699">
    <p class='ocr_par' dir='ltr' id='par_1_108' title="bbox 1981 4621 3567 4699">
     <span class='ocr_line' id='line_1_108' title="bbox 1981 4621 3567 4699; baseline 0.004 -20"><span class='ocrx_word' id='word_1_650' title='bbox 1981 4630 2037 4679; x_wconf 91' lang='lat' dir='ltr'><strong><em>tu</em></strong></span> <span class='ocrx_word' id='word_1_651' title='bbox 2068 4637 2125 4678; x_wconf 89' lang='lat' dir='ltr'><strong><em>es</em></strong></span> <span class='ocrx_word' id='word_1_652' title='bbox 2157 4636 2312 4678; x_wconf 86' lang='lat' dir='ltr'><strong><em>meus</em></strong></span> <span class='ocrx_word' id='word_1_653' title='bbox 2347 4629 2656 4692; x_wconf 89' lang='lat' dir='ltr'><strong><em>protector:</em></strong></span> <span class='ocrx_word' id='word_1_654' title='bbox 2693 4621 2745 4677; x_wconf 88' lang='lat' dir='ltr'><strong><em>in</em></strong></span> <span class='ocrx_word' id='word_1_655' title='bbox 2770 4630 2821 4679; x_wconf 90' lang='lat' dir='ltr'><strong><em>te</em></strong></span> <span class='ocrx_word' id='word_1_656' title='bbox 2844 4622 3155 4684; x_wconf 84' lang='lat' dir='ltr'><strong><em>decantatio</em></strong></span> <span class='ocrx_word' id='word_1_657' title='bbox 3181 4643 3297 4683; x_wconf 85' lang='lat' dir='ltr'><strong><em>mea</em></strong></span> <span class='ocrx_word' id='word_1_658' title='bbox 3329 4644 3567 4699; x_wconf 81' lang='lat' dir='ltr'><strong><em>semper.</em></strong></span> 
     </span>
    </p>
   </div>
   <div class='ocr_carea' id='block_1_109' title="bbox 2058 4713 3577 4786">
    <p class='ocr_par' dir='ltr' id='par_1_109' title="bbox 2058 4713 3577 4786">
     <span class='ocr_line' id='line_1_109' title="bbox 2058 4713 3577 4786; baseline 0.006 -16"><span class='ocrx_word' id='word_1_659' title='bbox 2058 4715 2355 4786; x_wconf 87' lang='lat' dir='ltr'><strong><em>Tamquam</em></strong></span> <span class='ocrx_word' id='word_1_660' title='bbox 2406 4713 2710 4786; x_wconf 83' lang='lat' dir='ltr'><strong><em>prodigium</em></strong></span> <span class='ocrx_word' id='word_1_661' title='bbox 2768 4715 2949 4771; x_wconf 86' lang='lat' dir='ltr'><strong><em>factus</em></strong></span> <span class='ocrx_word' id='word_1_662' title='bbox 2977 4731 3094 4775; x_wconf 90' lang='lat' dir='ltr'><strong><em>sum</em></strong></span> <span class='ocrx_word' id='word_1_663' title='bbox 3128 4720 3342 4786; x_wconf 87' lang='lat' dir='ltr'><strong><em>multis,</em></strong></span> <span class='ocrx_word' id='word_1_664' title='bbox 3375 4732 3430 4777; x_wconf 89' lang='lat' dir='ltr'><strong><em>et</em></strong></span> <span class='ocrx_word' id='word_1_665' title='bbox 3468 4732 3493 4770; x_wconf 78' lang='grc' dir='ltr'><strong><em>ε</em></strong></span> <span class='ocrx_word' id='word_1_666' title='bbox 3522 4732 3577 4779; x_wconf 82' lang='grc' dir='ltr'>ιιι</span> 
     </span>
    </p>
   </div>
   <div class='ocr_carea' id='block_1_110' title="bbox 1908 4805 2406 4883">
    <p class='ocr_par' dir='ltr' id='par_1_110' title="bbox 1908 4805 2406 4883">
     <span class='ocr_line' id='line_1_110' title="bbox 1908 4805 2406 4883; baseline 0 -17"><span class='ocrx_word' id='word_1_667' title='bbox 1908 4805 1959 4866; x_wconf 91' lang='lat' dir='ltr'><strong><em>D</em></strong></span> <span class='ocrx_word' id='word_1_668' title='bbox 1984 4810 2200 4883; x_wconf 84' lang='lat' dir='ltr'><strong><em>adjutor</em></strong></span> <span class='ocrx_word' id='word_1_669' title='bbox 2231 4811 2406 4866; x_wconf 84' lang='lat' dir='ltr'><strong><em>fortis.</em></strong></span> 
     </span>
    </p>
   </div>
   <div class='ocr_carea' id='block_1_111' title="bbox 2044 4973 3567 5048">
    <p class='ocr_par' dir='ltr' id='par_1_111' title="bbox 2044 4973 3567 5048">
     <span class='ocr_line' id='line_1_111' title="bbox 2044 4973 3567 5048; baseline 0.006 -21"><span class='ocrx_word' id='word_1_670' title='bbox 2044 4986 2067 5015; x_wconf 74' lang='grc' dir='ltr'><strong><em>ο</em></strong></span> <span class='ocrx_word' id='word_1_671' title='bbox 2094 4974 2147 5027; x_wconf 93' lang='lat' dir='ltr'><strong><em>In</em></strong></span> <span class='ocrx_word' id='word_1_672' title='bbox 2180 4974 2337 5048; x_wconf 50' lang='lat' dir='ltr'><strong><em>titulo</em></strong></span> <span class='ocrx_word' id='word_1_673' title='bbox 2366 4974 2506 5048; x_wconf 82' lang='lat' dir='ltr'><strong><em>idem</em></strong></span> <span class='ocrx_word' id='word_1_674' title='bbox 2533 4988 2660 5040; x_wconf 90' lang='lat' dir='ltr'><strong><em>ms.,</em></strong></span> <span class='ocrx_word' id='word_1_675' title='bbox 2704 4973 2771 5029; x_wconf 89' lang='lat' dir='ltr'><strong><em>In</em></strong></span> <span class='ocrx_word' id='word_1_676' title='bbox 2799 4976 3155 5030; x_wconf 86' lang='lat' dir='ltr'><strong><em>recordatione</em></strong></span> <span class='ocrx_word' id='word_1_677' title='bbox 3195 4977 3245 5029; x_wconf 89' lang='lat' dir='ltr'><strong><em>in</em></strong></span> <span class='ocrx_word' id='word_1_678' title='bbox 3287 4994 3388 5048; x_wconf 85' lang='lat' dir='ltr'><strong><em>quo</em></strong></span> <span class='ocrx_word' id='word_1_679' title='bbox 3410 5023 3423 5044; x_wconf 86' lang='lat'><strong><em>,</em></strong></span> <span class='ocrx_word' id='word_1_680' title='bbox 3460 4988 3567 5037; x_wconf 75' lang='lat' dir='ltr'><strong><em>etc.</em></strong></span> 
     </span>
    </p>
   </div>
   <div class='ocr_carea' id='block_1_112' title="bbox 1971 5044 3563 5117">
    <p class='ocr_par' dir='ltr' id='par_1_112' title="bbox 1971 5044 3563 5117">
     <span class='ocr_line' id='line_1_112' title="bbox 1971 5044 3563 5117; baseline 0.001 -14"><span class='ocrx_word' id='word_1_681' title='bbox 1971 5047 2025 5103; x_wconf 91' lang='lat' dir='ltr'><strong><em>In</em></strong></span> <span class='ocrx_word' id='word_1_682' title='bbox 2054 5058 2197 5101; x_wconf 73' lang='lat' dir='ltr'><strong><em>textu</em></strong></span> <span class='ocrx_word' id='word_1_683' title='bbox 2220 5044 2459 5111; x_wconf 88' lang='lat' dir='ltr'><strong><em>Domine,</em></strong></span> <span class='ocrx_word' id='word_1_684' title='bbox 2486 5048 2626 5117; x_wconf 71' lang='lat' dir='ltr'><strong><em>quod</em></strong></span> <span class='ocrx_word' id='word_1_685' title='bbox 2660 5048 2891 5116; x_wconf 84' lang='lat' dir='ltr'><strong><em>primum</em></strong></span> <span class='ocrx_word' id='word_1_686' title='bbox 2926 5056 3009 5100; x_wconf 76' lang='lat' dir='ltr'><strong><em>est</em></strong></span> <span class='ocrx_word' id='word_1_687' title='bbox 3059 5044 3329 5111; x_wconf 56' lang='lat' dir='ltr'><strong><em>verbum,</em></strong></span> <span class='ocrx_word' id='word_1_688' title='bbox 3376 5058 3515 5105; x_wconf 81' lang='lat' dir='ltr'><strong><em>tacet</em></strong></span> <span class='ocrx_word' id='word_1_689' title='bbox 3551 5073 3563 5105; x_wconf 89' lang='lat'><strong>:</strong></span> 
     </span>
    </p>
   </div>
   <div class='ocr_carea' id='block_1_113' title="bbox 1968 5117 3562 5188">
    <p class='ocr_par' dir='ltr' id='par_1_113' title="bbox 1968 5117 3562 5188">
     <span class='ocr_line' id='line_1_113' title="bbox 1968 5117 3562 5188; baseline 0.005 -17"><span class='ocrx_word' id='word_1_690' title='bbox 1968 5117 2319 5188; x_wconf 63' lang='lat' dir='ltr'><strong><em>sub~equeuti</em></strong></span> <span class='ocrx_word' id='word_1_691' title='bbox 2351 5134 2507 5172; x_wconf 84' lang='lat' dir='ltr'><strong><em>versu</em></strong></span> <span class='ocrx_word' id='word_1_692' title='bbox 2538 5122 2691 5171; x_wconf 77' lang='lat' dir='ltr'><strong><em>simul</em></strong></span> <span class='ocrx_word' id='word_1_693' title='bbox 2722 5119 2883 5171; x_wconf 80' lang='lat' dir='ltr'><strong><em>habet</em></strong></span> <span class='ocrx_word' id='word_1_694' title='bbox 2916 5133 3011 5185; x_wconf 84' lang='lat' dir='ltr'><strong><em>pro</em></strong></span> <span class='ocrx_word' id='word_1_695' title='bbox 3043 5118 3239 5171; x_wconf 78' lang='lat' dir='ltr'><strong><em>inimici</em></strong></span> <span class='ocrx_word' id='word_1_696' title='bbox 3273 5121 3391 5173; x_wconf 87' lang='lat' dir='ltr'><strong><em>mei.</em></strong></span> <span class='ocrx_word' id='word_1_697' title='bbox 3426 5122 3562 5179; x_wconf 87' lang='lat' dir='ltr'><strong><em>Tum</em></strong></span> 
     </span>
    </p>
   </div>
   <div class='ocr_carea' id='block_1_114' title="bbox 1964 5189 3563 5257">
    <p class='ocr_par' dir='ltr' id='par_1_114' title="bbox 1964 5189 3563 5257">
     <span class='ocr_line' id='line_1_114' title="bbox 1964 5189 3563 5257; baseline 0.001 -12"><span class='ocrx_word' id='word_1_698' title='bbox 1964 5191 2275 5245; x_wconf 73' lang='lat' dir='ltr'><strong><em>Auertuntnr</em></strong></span> <span class='ocrx_word' id='word_1_699' title='bbox 2295 5200 2450 5255; x_wconf 88' lang='lat' dir='ltr'><strong><em>retro,</em></strong></span> <span class='ocrx_word' id='word_1_700' title='bbox 2478 5201 2522 5243; x_wconf 90' lang='lat' dir='ltr'><strong><em>et</em></strong></span> <span class='ocrx_word' id='word_1_701' title='bbox 2546 5189 2952 5253; x_wconf 78' lang='lat' dir='ltr'><strong><em>confundantm&#39;,</em></strong></span> <span class='ocrx_word' id='word_1_702' title='bbox 2984 5190 3221 5257; x_wconf 79' lang='lat' dir='ltr'><strong><em>qiti,’etc.</em></strong></span> <span class='ocrx_word' id='word_1_703' title='bbox 3248 5191 3331 5254; x_wconf 81' lang='lat' dir='ltr'><strong><em>Et,</em></strong></span> <span class='ocrx_word' id='word_1_704' title='bbox 3363 5191 3563 5248; x_wconf 74' lang='lat' dir='ltr'><strong><em>Exsul-</em></strong></span> 
     </span>
    </p>
   </div>
   <div class='ocr_carea' id='block_1_115' title="bbox 1967 5258 3567 5336">
    <p class='ocr_par' dir='ltr' id='par_1_115' title="bbox 1967 5258 3567 5336">
     <span class='ocr_line' id='line_1_115' title="bbox 1967 5258 3567 5336; baseline 0.003 -21"><span class='ocrx_word' id='word_1_705' title='bbox 1967 5271 2097 5327; x_wconf 84' lang='lat' dir='ltr'><strong><em>tent,</em></strong></span> <span class='ocrx_word' id='word_1_706' title='bbox 2132 5270 2176 5313; x_wconf 88' lang='lat' dir='ltr'><strong><em>et</em></strong></span> <span class='ocrx_word' id='word_1_707' title='bbox 2213 5261 2447 5316; x_wconf 69' lang='lat' dir='ltr'><strong><em>livlentur</em></strong></span> <span class='ocrx_word' id='word_1_708' title='bbox 2473 5260 2634 5329; x_wconf 80' lang='lat' dir='ltr'><strong><em>(Aug.</em></strong></span> <span class='ocrx_word' id='word_1_709' title='bbox 2666 5258 3047 5329; x_wconf 79' lang='lat' dir='ltr'><strong><em>jucuudcntur)</em></strong></span> <span class='ocrx_word' id='word_1_710' title='bbox 3090 5260 3141 5313; x_wconf 86' lang='lat' dir='ltr'><strong><em>in</em></strong></span> <span class='ocrx_word' id='word_1_711' title='bbox 3188 5273 3233 5315; x_wconf 89' lang='lat' dir='ltr'><strong><em>le</em></strong></span> <span class='ocrx_word' id='word_1_712' title='bbox 3274 5280 3446 5318; x_wconf 81' lang='lat' dir='ltr'><strong><em>omnes</em></strong></span> <span class='ocrx_word' id='word_1_713' title='bbox 3478 5269 3567 5336; x_wconf 85' lang='lat' dir='ltr'><strong><em>qui</em></strong></span> 
     </span>
    </p>
   </div>
   <div class='ocr_carea' id='block_1_116' title="bbox 1966 5342 2287 5406">
    <p class='ocr_par' dir='ltr' id='par_1_116' title="bbox 1966 5342 2287 5406">
     <span class='ocr_line' id='line_1_116' title="bbox 1966 5342 2287 5406; baseline -0.012 -18"><span class='ocrx_word' id='word_1_714' title='bbox 1966 5343 2203 5406; x_wconf 70' lang='lat' dir='ltr'><strong><em>quarrth</em></strong></span> <span class='ocrx_word' id='word_1_715' title='bbox 2217 5342 2287 5406; x_wconf 71' lang='lat' dir='ltr'><strong><em>te.</em></strong></span> 
     </span>
    </p>
   </div>
   <div class='ocr_carea' id='block_1_117' title="bbox 2047 5399 3567 5474">
    <p class='ocr_par' dir='ltr' id='par_1_117' title="bbox 2047 5399 3567 5474">
     <span class='ocr_line' id='line_1_117' title="bbox 2047 5399 3567 5474; baseline 0.003 -16"><span class='ocrx_word' id='word_1_716' title='bbox 2047 5404 2066 5442; x_wconf 68' lang='grc' dir='ltr'><em>τ</em></span> <span class='ocrx_word' id='word_1_717' title='bbox 2100 5401 2383 5473; x_wconf 81' lang='lat' dir='ltr'><strong><em>Subjungit</em></strong></span> <span class='ocrx_word' id='word_1_718' title='bbox 2419 5402 2720 5455; x_wconf 87' lang='lat' dir='ltr'><strong><em>Veronens.</em></strong></span> <span class='ocrx_word' id='word_1_719' title='bbox 2757 5399 2927 5454; x_wconf 82' lang='lat' dir='ltr'><strong><em>codex</em></strong></span> <span class='ocrx_word' id='word_1_720' title='bbox 2969 5417 2983 5455; x_wconf 87' lang='lat'>:</span> <span class='ocrx_word' id='word_1_721' title='bbox 3028 5400 3151 5456; x_wconf 86' lang='lat' dir='ltr'><strong><em>Non</em></strong></span> <span class='ocrx_word' id='word_1_722' title='bbox 3183 5407 3567 5474; x_wconf 82' lang='lat' dir='ltr'><strong><em>suprascriptus</em></strong></span> 
     </span>
    </p>
   </div>
   <div class='ocr_carea' id='block_1_118' title="bbox 1970 5474 3566 5546">
    <p class='ocr_par' dir='ltr' id='par_1_118' title="bbox 1970 5474 3566 5546">
     <span class='ocr_line' id='line_1_118' title="bbox 1970 5474 3566 5546; baseline -0.001 -15"><span class='ocrx_word' id='word_1_723' title='bbox 1970 5486 2108 5546; x_wconf 80' lang='lat' dir='ltr'><strong><em>apud</em></strong></span> <span class='ocrx_word' id='word_1_724' title='bbox 2136 5474 2400 5527; x_wconf 76' lang='lat' dir='ltr'><strong><em>Ilebrreos.</em></strong></span> <span class='ocrx_word' id='word_1_725' title='bbox 2426 5475 2560 5526; x_wconf 84' lang='lat' dir='ltr'><strong><em>Tum</em></strong></span> <span class='ocrx_word' id='word_1_726' title='bbox 2594 5475 2825 5546; x_wconf 83' lang='lat' dir='ltr'><strong><em>primum</em></strong></span> <span class='ocrx_word' id='word_1_727' title='bbox 2852 5482 3025 5546; x_wconf 73' lang='lat' dir='ltr'><strong><em>textus</em></strong></span> <span class='ocrx_word' id='word_1_728' title='bbox 3052 5475 3273 5529; x_wconf 81' lang='lat' dir='ltr'><strong><em>verbum</em></strong></span> <span class='ocrx_word' id='word_1_729' title='bbox 3322 5476 3461 5529; x_wconf 59' lang='lat' dir='ltr'><strong><em>Deus</em></strong></span> <span class='ocrx_word' id='word_1_730' title='bbox 3485 5489 3566 5530; x_wconf 84' lang='lat' dir='ltr'><strong><em>ta-</em></strong></span> 
     </span>
    </p>
   </div>
   <div class='ocr_carea' id='block_1_119' title="bbox 1972 5542 3572 5614">
    <p class='ocr_par' dir='ltr' id='par_1_119' title="bbox 1972 5542 3572 5614">
     <span class='ocr_line' id='line_1_119' title="bbox 1972 5542 3572 5614; baseline 0.002 -14"><span class='ocrx_word' id='word_1_731' title='bbox 1972 5542 2080 5611; x_wconf 81' lang='lat' dir='ltr'><strong><em>cet,</em></strong></span> <span class='ocrx_word' id='word_1_732' title='bbox 2126 5561 2246 5599; x_wconf 86' lang='lat' dir='ltr'><strong><em>cum</em></strong></span> <span class='ocrx_word' id='word_1_733' title='bbox 2304 5547 2641 5614; x_wconf 48' lang='lat' dir='ltr'><strong><em>Augustino,</em></strong></span> <span class='ocrx_word' id='word_1_734' title='bbox 2680 5554 2735 5597; x_wconf 92' lang='lat' dir='ltr'><strong><em>ut</em></strong></span> <span class='ocrx_word' id='word_1_735' title='bbox 2782 5542 3043 5603; x_wconf 80' lang='lat' dir='ltr'><strong><em>videtur;</em></strong></span> <span class='ocrx_word' id='word_1_736' title='bbox 3095 5562 3327 5614; x_wconf 88' lang='lat' dir='ltr'><strong><em>quocum</em></strong></span> <span class='ocrx_word' id='word_1_737' title='bbox 3361 5559 3406 5600; x_wconf 93' lang='lat' dir='ltr'><strong><em>et</em></strong></span> <span class='ocrx_word' id='word_1_738' title='bbox 3450 5566 3572 5603; x_wconf 85' lang='lat' dir='ltr'><strong><em>erue</em></strong></span> 
     </span>
    </p>
   </div>
   <div class='ocr_carea' id='block_1_120' title="bbox 1974 5616 3568 5691">
    <p class='ocr_par' dir='ltr' id='par_1_120' title="bbox 1974 5616 3568 5691">
     <span class='ocr_line' id='line_1_120' title="bbox 1974 5616 3568 5691; baseline 0.001 -20"><span class='ocrx_word' id='word_1_739' title='bbox 1974 5636 2074 5685; x_wconf 89' lang='lat' dir='ltr'><strong><em>me,</em></strong></span> <span class='ocrx_word' id='word_1_740' title='bbox 2106 5626 2151 5671; x_wconf 89' lang='lat' dir='ltr'><strong><em>ct</em></strong></span> <span class='ocrx_word' id='word_1_741' title='bbox 2178 5616 2341 5691; x_wconf 56' lang='lat' dir='ltr'><strong><em>crime</em></strong></span> <span class='ocrx_word' id='word_1_742' title='bbox 2372 5633 2448 5669; x_wconf 89' lang='lat' dir='ltr'><strong><em>me</em></strong></span> <span class='ocrx_word' id='word_1_743' title='bbox 2481 5616 2630 5685; x_wconf 80' lang='lat' dir='ltr'><strong><em>legit,</em></strong></span> <span class='ocrx_word' id='word_1_744' title='bbox 2664 5626 2718 5670; x_wconf 90' lang='lat' dir='ltr'><strong><em>et</em></strong></span> <span class='ocrx_word' id='word_1_745' title='bbox 2748 5630 2872 5669; x_wconf 78' lang='lat' dir='ltr'><strong><em>mox</em></strong></span> <span class='ocrx_word' id='word_1_746' title='bbox 2892 5618 3057 5683; x_wconf 76' lang='lat' dir='ltr'><strong><em>salva,</em></strong></span> <span class='ocrx_word' id='word_1_747' title='bbox 3087 5616 3226 5687; x_wconf 79' lang='lat' dir='ltr'><strong><em>Aug.</em></strong></span> <span class='ocrx_word' id='word_1_748' title='bbox 3261 5621 3457 5673; x_wconf 80' lang='lat' dir='ltr'><strong><em>salvum</em></strong></span> <span class='ocrx_word' id='word_1_749' title='bbox 3483 5625 3568 5691; x_wconf 78' lang='lat' dir='ltr'><strong><em>[ac</em></strong></span> 
     </span>
    </p>
   </div>
   <div class='ocr_carea' id='block_1_121' title="bbox 1974 5687 2542 5753">
    <p class='ocr_par' dir='ltr' id='par_1_121' title="bbox 1974 5687 2542 5753">
     <span class='ocr_line' id='line_1_121' title="bbox 1974 5687 2542 5753; baseline -0.012 -9"><span class='ocrx_word' id='word_1_750' title='bbox 1974 5706 2074 5751; x_wconf 87' lang='lat' dir='ltr'><strong><em>me,</em></strong></span> <span class='ocrx_word' id='word_1_751' title='bbox 2107 5704 2201 5751; x_wconf 84' lang='lat' dir='ltr'><strong><em>pro</em></strong></span> <span class='ocrx_word' id='word_1_752' title='bbox 2224 5687 2405 5753; x_wconf 85' lang='lat' dir='ltr'><strong><em>libera,</em></strong></span> <span class='ocrx_word' id='word_1_753' title='bbox 2437 5694 2542 5741; x_wconf 88' lang='lat' dir='ltr'><strong><em>etc.</em></strong></span> 
     </span>
    </p>
   </div>
   <div class='ocr_carea' id='block_1_122' title="bbox 2049 5755 3569 5830">
    <p class='ocr_par' dir='ltr' id='par_1_122' title="bbox 2049 5755 3569 5830">
     <span class='ocr_line' id='line_1_122' title="bbox 2049 5755 3569 5830; baseline 0.003 -19"><span class='ocrx_word' id='word_1_754' title='bbox 2049 5770 2073 5803; x_wconf 67' lang='grc' dir='ltr'><em>ε</em></span> <span class='ocrx_word' id='word_1_755' title='bbox 2107 5758 2403 5811; x_wconf 81' lang='lat' dir='ltr'><strong><em>Veroncus.</em></strong></span> <span class='ocrx_word' id='word_1_756' title='bbox 2460 5774 2586 5823; x_wconf 87' lang='lat' dir='ltr'><strong><em>ms.,</em></strong></span> <span class='ocrx_word' id='word_1_757' title='bbox 2634 5755 2699 5810; x_wconf 85' lang='lat' dir='ltr'><strong><em>Et</em></strong></span> <span class='ocrx_word' id='word_1_758' title='bbox 2732 5767 2805 5825; x_wconf 87' lang='lat' dir='ltr'><strong><em>tu,</em></strong></span> <span class='ocrx_word' id='word_1_759' title='bbox 2842 5757 3077 5827; x_wconf 73' lang='lat' dir='ltr'><strong><em>Domine,</em></strong></span> <span class='ocrx_word' id='word_1_760' title='bbox 3132 5759 3343 5830; x_wconf 86' lang='lat' dir='ltr'><strong><em>adjutor</em></strong></span> <span class='ocrx_word' id='word_1_761' title='bbox 3396 5762 3569 5830; x_wconf 76' lang='lat' dir='ltr'><strong><em>fortis.</em></strong></span> 
     </span>
    </p>
   </div>
   <div class='ocr_carea' id='block_1_123' title="bbox 1979 5830 3573 5901">
    <p class='ocr_par' dir='ltr' id='par_1_123' title="bbox 1979 5830 3573 5901">
     <span class='ocr_line' id='line_1_123' title="bbox 1979 5830 3573 5901; baseline -0.001 -14"><span class='ocrx_word' id='word_1_762' title='bbox 1979 5830 2258 5900; x_wconf 79' lang='lat' dir='ltr'><strong><em>Rep/eatur</em></strong></span> <span class='ocrx_word' id='word_1_763' title='bbox 2291 5844 2345 5883; x_wconf 86' lang='lat' dir='ltr'><strong><em>os</em></strong></span> <span class='ocrx_word' id='word_1_764' title='bbox 2374 5846 2543 5884; x_wconf 89' lang='lat' dir='ltr'><strong><em>meum</em></strong></span> <span class='ocrx_word' id='word_1_765' title='bbox 2568 5830 2743 5897; x_wconf 71' lang='lat' dir='ltr'><strong><em>laude,</em></strong></span> <span class='ocrx_word' id='word_1_766' title='bbox 2770 5840 2822 5885; x_wconf 89' lang='lat' dir='ltr'><strong><em>ut</em></strong></span> <span class='ocrx_word' id='word_1_767' title='bbox 2846 5830 3092 5901; x_wconf 79' lang='lat' dir='ltr'><strong><em>hymnum</em></strong></span> <span class='ocrx_word' id='word_1_768' title='bbox 3132 5832 3393 5885; x_wconf 79' lang='lat' dir='ltr'><strong><em>decentem</em></strong></span> <span class='ocrx_word' id='word_1_769' title='bbox 3422 5832 3573 5898; x_wconf 85' lang='lat' dir='ltr'><strong><em>(Au-</em></strong></span> 
     </span>
    </p>
   </div>
  </div>
