4090 6338
252 383 370 444 255

338 501 713 574 Μηιιὶριῑεαειῑ
754 501 1198 576 magnificentiam
1243 508 1390 557 tuam
1433 515 1451 558 :

258 600 566 655 consolatus
598 616 650 655 es
683 617 780 654 me.

339 693 482 748 Nam
510 703 556 748 et
591 709 684 765 ego
706 692 990 758 conﬁtebor
1022 690 1112 744 tibi
1144 690 1198 744 in
1218 690 1356 744 ras-is
1385 689 1573 759 psalmi
1599 689 1869 743 veritatem

261 798 412 841 tuam
445 801 464 838 :
493 784 653 851 Deus,
687 783 911 855 psallam
938 783 1029 838 tibi
1051 783 1105 837 in
1137 781 1336 836 cithara
1363 789 1573 836 sanctus
1601 779 1794 838 Israel.

337 878 692 935 Exsultabunt
717 878 857 934 labia
885 894 995 932 mea
1019 893 1133 931 cum
1161 885 1432 931 cantavera
1453 874 1543 929 tibi
1573 889 1592 930 :
1623 883 1672 930 et
1694 874 1868 929 anima

259 991 400 1040 utea,
435 990 590 1045 quam
618 972 906 1030 redemisti.

337 1070 446 1124 Sed
495 1077 543 1123 et
585 1069 766 1140 lingua
796 1084 908 1120 utea
951 1074 1058 1121 tota
1104 1065 1187 1121 die
1234 1064 1570 1120 meditabitur
1603 1061 1867 1135 justitiam

259 1174 452 1217 luant:
481 1177 604 1216 cum
645 1159 851 1234 confusi
890 1167 936 1216 et
987 1157 1192 1214 reveriti
1236 1157 1455 1231 fuerint,
1498 1155 1588 1228 qui
1625 1162 1867 1228 quierunt

262 1254 408 1309 ntala
431 1253 558 1309 mihi
567 1293 581 1310 .

1555 381 1761 440 LIBER
1803 363 2248 441 PSALMORUM.

1494 509 1540 557 εί
1592 518 1868 557 conversus
1895 511 1950 572 Α

3463 379 3571 437 246

2046 480 2424 573 Multiplicasti
2449 499 2720 572 justitiam
2746 498 2876 574 [Ms.
2902 497 3386 571 magniﬁcentiam]
3401 504 3572 567 tuam,

1975 603 2028 649 et
2059 607 2364 650 Conversus
2409 594 2729 648 exhortatus
2756 591 2885 665 [Ms
2917 590 3255 663 consolatus]
3280 606 3338 646 es
3379 606 3466 647 me
3487 591 3516 628 ά
3550 609 3565 645 :

1973 695 2028 742 et
2054 701 2155 758 ego
2181 685 2486 742 coniitebor
2522 687 2616 740 tibi
2657 687 2712 741 in
2745 686 2894 741 vasis
2928 686 3256 756 psalmorum
3286 685 3570 740 veritatem

1974 790 2143 848 tuam,
2170 781 2395 852 psallam
2427 781 2528 836 tibi
2559 781 2611 836 in
2634 780 2868 847 cithara,
2901 781 3044 836 Deus
3074 790 3298 835 sanctus
3320 779 3510 835 Israel.

1974 944 1976 946 ν
2043 873 2368 930 Gaudebunt
2419 873 2561 929 labia
2612 887 2754 940 mea,
2806 871 2935 928 dum
2984 880 3280 927 cantavero
3327 869 3423 925 tibi
3461 887 3474 924 :
3509 878 3565 926 et

1974 967 2152 1022 anima
2183 981 2324 1034 mea,
2360 980 2521 1035 quam
2550 964 2850 1021 redemisti.

2046 1058 2153 1114 Sed
2186 1068 2240 1113 et
2281 1057 2463 1130 lingua
2507 1071 2628 1113 mea
2680 1055 3032 1113 meditabitur
3079 1054 3340 1125 justitiam
3373 1061 3516 1110 tuam
3549 1069 3566 1107 :

1977 1151 2104 1206 dum
2155 1151 2365 1208 confusi
2403 1160 2458 1207 ct
2507 1149 2728 1206 reveriti
2773 1149 2997 1218 iuerint,
3025 1147 3114 1220 qui
3147 1154 3398 1221 quaerunt
3425 1144 3570 1203 mala

1977 1245 2128 1300 mihi.

1592 1383 1953 1450 PSALMUS
1995 1381 2208 1447 LXXI
2217 1426 2231 1444 .
2308 1415 2311 1419 -

856 1508 910 1550 IN
947 1504 1288 1550 βλιοηοκεκ.

341 1607 507 1675 Deus,
531 1605 798 1681 judicium
831 1614 858 1646 ἰ
888 1613 1032 1662 tuum
1060 1605 1170 1678 regi
1211 1604 1281 1660 da
1309 1617 1328 1660 :
1354 1607 1400 1658 et
1416 1600 1685 1676 justitiam
1731 1609 1869 1656 tuam

266 1702 384 1774 ﬁlio
413 1701 573 1774 regis.

335 1795 594 1851 Judicare
633 1793 884 1868 populum
930 1803 1078 1849 tuum
1127 1790 1182 1846 in
1224 1790 1435 1865 justitia
1467 1805 1484 1844 :
1517 1797 1566 1844 et
1621 1802 1874 1862 pauperes

265 1898 385 1945 tuos
413 1889 467 1944 in
490 1886 698 1962 judicio
711 1929 725 1945 .

339 1982 645 2056 Suscipiunt
663 1987 865 2037 montes
884 1993 1064 2053 pacem
1085 1976 1280 2052 papula
1300 1992 1317 2032 :
1339 1983 1389 2032 et
1410 1974 1567 2032 colles
1580 1974 1867 2051 justitiam.

331 2161 611 2216 Judicabit
654 2175 912 2233 pauperes
943 2157 1149 2231 populi,
1175 2173 1245 2215 ,σξ-
1280 2165 1326 2213 et
1365 2158 1386 2228 ζ
1420 2156 1592 2211 salvos
1627 2155 1778 2227 faciet
1807 2155 1873 2226 ﬁ-

260 2255 362 2308 lias
397 2269 728 2326 pauperum:
759 2263 808 2308 et
838 2252 1135 2308 humiliabit
1162 2251 1617 2306 calumniatorem.

337 2347 409 2403 Et
438 2347 758 2422 permanebit
787 2363 902 2402 cum
928 2347 1068 2414 sole;
1090 2353 1140 2400 et
1165 2355 1283 2400 ante
1307 2344 1557 2400 lunamin
1579 2341 1868 2416 generatio-

259 2459 380 2497 nem
408 2442 434 2480 δ
462 2452 511 2496 et
541 2444 946 2514 generationem.

333 2535 624 2590 Descendet
650 2536 784 2589 sicut
812 2533 986 2606 pluvia
1022 2533 1073 2587 in
1103 2530 1312 2599 vellus:
1335 2545 1397 2586 -:—
1423 2537 1469 2584 et
1495 2529 1519 2599 ζ
1545 2529 1682 2584 sicut
1714 2527 1873 2583 stilli-

264 2629 410 2683 cidia
438 2627 698 2682 stillantia
727 2643 884 2696 super
909 2635 1122 2680 terram.

343 2701 558 2775 Orietur
581 2721 633 2776 in
664 2719 844 2774 diebus
874 2721 985 2792 ejus
1009 2716 1220 2791 jus-tilia
1248 2726 1294 2771 et
1325 2714 1652 2770 abundantia
1682 2711 1868 2785 pacis:

265 2816 434 2870 donec.
457 2816 731 2885 auferatur
758 2813 904 2868 luna.

340 2909 409 2964 Et
439 2909 792 2964 dominabitur
817 2925 850 2962 a
881 2909 1015 2962 mari
1040 2923 1202 2979 usque
1227 2905 1295 2960 ad
1325 2920 1487 2972 mare,
1517 2911 1566 2958 et
1595 2921 1626 2958 a
1654 2903 1870 2974 flumine

267 3022 432 3076 usque
461 3005 529 3058 ad
563 3004 811 3058 terminos
843 3017 904 3058 ἐκ
936 3003 1077 3056 orbis
1109 3004 1133 3071 ζ
1166 3010 1446 3056 terrarum.

335 3099 527 3153 Caram
557 3096 654 3151 illo
685 3096 956 3168 procident
984 3093 1264 3166 /Etlti0pes
1286 3109 1304 3148 .'
1329 3102 1376 3148 et
1407 3091 1608 3146 inimici
1633 3094 1742 3164 ejus
1766 3099 1868 3146 ter-

258 3209 377 3245 ram
408 3190 630 3262 lingent.

2407 1498 2461 1540 IN
2499 1496 2839 1554 SALOIIONEK,
2879 1494 3134 1540 PSALIUS.

2047 1597 2498 1670 Deus,judicium
2550 1607 2702 1655 tuum
2743 1598 2859 1672 regi
2885 1597 2952 1655 da
2984 1605 3080 1655 :et
3103 1594 3368 1670 justitiam
3410 1600 3556 1652 tuam

1975 1694 2089 1750 lilio
2119 1695 2288 1765 regis.

2048 1785 2302 1842 Judicare
2329 1787 2588 1858 pepulitm
2627 1794 2783 1844 tuum
2819 1785 2876 1843 in
2909 1794 2932 1825 °
2958 1792 3052 1843 tua
3077 1782 3286 1858 justitia
3313 1800 3326 1840 :
3358 1789 3414 1842 et
3444 1795 3574 1856 pau-

1902 1902 1951 1963 Β
1979 1883 2139 1950 p‘eres
2173 1888 2297 1935 tuos
2329 1879 2383 1934 in
2411 1878 2637 1951 judicio.

2049 1973 2363 2046 Suscipiant
2419 1982 2638 2032 montes
2681 1987 2870 2047 pacem
2909 1970 3110 2046 populo
3156 1979 3248 2029 tuo
3283 1976 3385 2028 :et
3410 1969 3580 2028 colles

1968 2065 2262 2136 justitiam.
3123 2105 3132 2114 .

2048 2153 2070 2193 ί
2097 2155 2154 2212 ιιι
2185 2173 2284 2213 sua
2312 2156 2522 2228 justitia
2549 2157 2823 2229 iudicabit
2849 2170 3115 2229 pauperes
3141 2154 3304 2228 hujus
3331 2153 3521 2228 populi
3553 2171 3568 2209 :

1975 2259 2029 2306 et
2058 2249 2238 2305 salvos
2271 2250 2437 2307 faciet
2461 2251 2604 2307 lilios
2632 2265 2961 2322 pauperum.

2051 2346 2113 2400 Et
2146 2345 2455 2401 humiliabit
2487 2346 2972 2413 calumniatorem;
2997 2351 3052 2400 et
3075 2341 3420 2416 permanebit
3445 2355 3571 2398 cum

1977 2438 2093 2494 sole
2115 2448 2165 2494 et
2189 2449 2317 2495 ante
2349 2439 2532 2495 lunam
2562 2449 2586 2488 ε
2617 2439 2672 2495 in
2701 2439 2964 2495 saeculum
2995 2437 3202 2494 saeculi.

2045 2530 2115 2586 Et
2141 2531 2436 2588 descendet
2461 2533 2602 2588 sicut
2638 2532 2822 2603 pluvia
2854 2533 2907 2588 in
2937 2531 3113 2588 vellus
3143 2547 3158 2586 :
3188 2537 3244 2587 et
3272 2529 3415 2587 sicut
3443 2529 3566 2587 stil—

1975 2621 2157 2678 licidia
2190 2623 2454 2680 Stillantis
2485 2639 2651 2696 super
2681 2633 2909 2681 terram.
3301 2635 3305 2637 ’

2043 2719 2262 2776 Orietur
2284 2722 2336 2775 in
2359 2720 2551 2778 diebus
2571 2721 2691 2792 ejus
2707 2719 2924 2794 justitia
2944 2731 3000 2778 et
3019 2719 3349 2777 abundantia
3373 2719 3525 2794 pacis
3548 2737 3565 2778 :

1975 2810 2152 2866 donec
2183 2813 2480 2868 extollatur
2509 2813 2656 2869 luna.

2044 2906 2110 2961 Et
2138 2906 2505 2963 dmuinabitur
2536 2923 2567 2964 a
2597 2908 2732 2964 mari
2777 2921 2951 2980 usque
2989 2905 3058 2964 ad
3099 2921 3284 2976 mare,
3317 2913 3374 2963 et
3403 2920 3433 2962 a
3464 2906 3570 2965 ﬂu-

1972 3001 2116 3056 mine
2143 3016 2315 3072 usque
2337 3001 2404 3056 ad
2430 3003 2692 3058 terminos
2719 3003 2868 3058 orbis
2896 3002 3028 3077 [Με.
3054 3010 3159 3057 lac.
3184 3000 3360 3072 orbis]
3385 3009 3568 3058 terrm.

2043 3094 2237 3149 Coram
2268 3094 2360 3149 illo
2400 3095 2686 3166 procident
2719 3095 3049 3169 IEthiopes,
3093 3105 3148 3152 et
3192 3095 3402 3151 inimici
3448 3094 3568 3168 ejus

1973 3196 2171 3243 terram
2207 3187 2414 3258 litigent
2446 3186 2574 3260 [Ms.
2609 3187 2900 3262 linguent].

354 3285 522 3358 Reges
569 3283 787 3339 Tltarsis
833 3293 882 3339 et
929 3282 1116 3338 insula:
1162 3296 1378 3336 munera
1425 3278 1641 3348 offerent
1672 3294 1690 3333 :
1721 3294 1864 3352 reges
1894 3323 1940 3386 Ο
2042 3281 2220 3352 Reges
2241 3279 2470 3338 Tharsis
2499 3290 2554 3336 ct
2583 3283 2774 3338 insulae
2823 3298 3048 3340 munera
3095 3281 3329 3341 oll‘erent
3361 3299 3374 3340 :
3408 3297 3569 3356 reges

257 3379 492 3433 Aratum
515 3420 531 3444 ,
565 3387 616 3432 et
646 3378 788 3434 Saba
816 3377 954 3432 dona
982 3375 1262 3431 adducent.
1299 3385 1322 3414 ο

333 3470 404 3525 Et
427 3471 724 3526 adorabunt
747 3487 865 3525 eum
891 3487 1066 3526 omnes
1093 3486 1233 3544 reges
1269 3477 1419 3526 teme
1447 3483 1466 3524 :
1493 3484 1669 3525 omnes
1690 3478 1864 3543 gentes

258 3566 484 3620 servient
509 3567 578 3620 ei.

335 3728 363 3755 ³
392 3718 673 3772 Immerito
698 3689 933 3772 Palatin.
969 3730 1072 3770 ms.
1103 3725 1155 3771 et
1178 3713 1351 3770 Carus
1381 3722 1529 3768 tuum
1559 3727 1857 3782 pronomen

255 3790 423 3844 obclo
453 3801 762 3859 praenotata
791 3809 802 3842 :
827 3799 881 3843 et
906 3788 1079 3841 altero
1121 3788 1187 3840 ali
1233 3787 1335 3840 hoc
1367 3801 1525 3837 versu
1559 3799 1661 3837 ms.
1695 3785 1860 3859 Diap-
1897 3831 1912 3841 ,

257 3865 427 3914 satum
454 3855 733 3930 subjungit
766 3879 779 3915 :
811 3869 921 3918 tum
969 3859 1248 3931 pratliwm
1291 3867 1338 3911 et
1387 3858 1597 3932 copula:
1641 3855 1858 3912 ubelum

257 3934 486 3986 υιηίιιζῑ.

333 4008 363 4048 b
383 4004 634 4068 l’.ilatin.,
656 4003 705 4055 in
721 4001 1102 4071 generationem
1120 3999 1508 4071 generationum
1525 4015 1544 4054 :
1558 4017 1658 4071 qua
1676 4001 1740 4055 de
1755 3998 1864 4053 lec-

265 4077 419 4130 tione
452 4076 653 4128 viilesis
675 4087 798 4142 qua:
824 4075 886 4126 ad
918 4073 1225 4140 appositam
1263 4072 1575 4127 eolumnam
1606 4075 1865 4128 observa-

259 4162 403 4198 mus.
433 4146 603 4200 Porro
633 4146 825 4198 iterum
855 4146 996 4197 male
1018 4142 1234 4197 obclum
1266 4152 1310 4196 et
1336 4143 1546 4211 copula:
1574 4146 1856 4210 praeﬁxum

260 4219 534 4286 [πη-ἰωὴ,
565 4215 932 4286 eiquevemui
964 4213 1241 4286 sultjttttgil.
1269 4214 1600 4281 Diapsaluttt.

337 4299 362 4328 ο
395 4285 708 4344 Αὰόίιιιτίὶιι
740 4287 988 4340 Palatino
1025 4301 1126 4339 ms.
1163 4285 1465 4353 Diapsalma
1489 4327 1504 4349 ,
1546 4295 1658 4341 tum
1685 4285 1858 4342 altero

260 4363 332 4413 ab
365 4359 466 4414 huc
502 4374 664 4414 versu
687 4359 916 4413 liberavit
951 4357 1208 4413 secundis
1245 4359 1389 4412 curis
1430 4359 1728 4428 repositum
1770 4370 1852 4414 εει

262 4447 362 4501 pro
389 4431 646 4485 liberabit.

335 4500 364 4540 ἀ
397 4504 622 4570 Repetit
675 4501 760 4556 hic
809 4500 1107 4556 Veroneus.
1152 4514 1258 4555 ms.
1311 4498 1560 4570 proxime
1609 4503 1860 4572 superius

263 4575 755 4639 licmisticltium,et
782 4572 846 4626 de
871 4573 1069 4644 abyssis
1091 4583 1243 4627 terra:
1267 4572 1452 4644 iterum
1477 4572 1730 4628 reduxisti
1752 4589 1854 4640 me,

260 4646 407 4711 quod
451 4645 588 4700 nihil
623 4645 847 4700 dubium
895 4641 998 4709 est,
1032 4660 1154 4698 cum
1187 4645 1276 4713 qui
1317 4641 1633 4700 Veronense
1657 4645 1858 4700 Psalte-

263 4718 410 4769 rium
463 4718 756 4785 compegit,
789 4716 857 4770 ab
909 4715 1210 4785 Augustino
1243 4713 1555 4785 accepisse.
1609 4717 1858 4772 Consen-

268 4789 414 4841 tinnt
443 4798 500 4844 et
526 4784 724 4843 czetei‘a
756 4787 809 4842 iu
840 4784 1033 4841 eodem
1059 4801 1181 4840 ms:
1212 4784 1426 4840 Etenim
1456 4802 1551 4857 ego
1575 4787 1858 4854 conﬁtebor

187 4875 192 4878 ‘
262 4860 355 4912 tibi
376 4876 394 4920 ;
417 4870 484 4926 et,
521 4859 683 4928 Deus,
718 4857 938 4924 psallam
966 4857 1057 4912 tibi
1087 4859 1138 4910 in
1167 4859 1402 4920 citharis,
1428 4869 1636 4912 sanctus
1666 4857 1854 4914 Israel.

265 4929 620 4984 Exsultabttnt
666 4930 808 4984 labia
836 4946 948 4984 mea
987 4944 1105 4982 cum
1133 4929 1392 4997 psalmum
1422 4930 1601 4983 dixero
1632 4930 1740 4983 tibi.
1771 4931 1855 4994 Et,

263 5000 449 5055 Adhuc
476 5013 526 5057 et
573 5004 751 5072 lingua
805 5017 915 5055 mea
961 5009 1066 5055 tota
1118 5001 1202 5054 die
1249 5000 1581 5055 meditabitur
1594 5002 1858 5073 justitiam

266 5083 432 5137 tuam,
467 5089 585 5127 cum
609 5073 833 5143 confusi,
857 5082 966 5128 etc.

343 5157 366 5217 ὲ
403 5145 703 5200 Veronens.
726 5161 852 5210 ms.,
882 5146 1133 5216 populum
1161 5144 1502 5217 cumjustitia
1527 5163 1545 5212 ,'
1569 5145 1855 5216 Augustin.

269 5216 426 5271 unice
449 5231 746 5284 pronomen
777 5224 869 5269 tua
904 5226 1062 5271 tacet.

346 5287 364 5323 ί
400 5289 572 5360 Aliter
588 5287 920 5360 Veronensis
949 5303 1052 5342 ms.
1083 5286 1232 5357 legit,
1259 5289 1570 5360 nectitque:
1597 5297 1644 5344 et
1673 5290 1851 5344 colles.

267 5355 710 5433 Justitiajudica
755 5375 1005 5430 pauperes
1050 5355 1250 5433 populi,
1282 5370 1413 5429 etc.,
1447 5355 1588 5432 ‘qute
1633 5363 1853 5432 quidem

268 5429 432 5503 lectio
449 5429 629 5484 minus
654 5429 910 5499 probatur
934 5429 1259 5502 Augustino:
1281 5451 1298 5484 t
1335 5429 1634 5500 Quod'vero,
1654 5429 1849 5503 inquit,

267 5501 362 5554 alii
392 5503 600 5573 codices
627 5503 831 5568 habent,
863 5501 1173 5570 Suscipiunt
1197 5515 1411 5557 montes
1443 5520 1627 5571 pacein
1656 5501 1854 5573 populo

266 5582 322 5627 et
370 5571 545 5630 colles
588 5591 599 5626 :
644 5582 883 5643 utrosque
928 5574 1288 5642 prcedicatores
1345 5571 1672 5644 Evangelicai
1712 5571 1854 5644 pacis

265 5644 634 5717 intelligendos
654 5656 798 5717 puto,
816 5646 920 5717 sive
945 5644 1312 5715 praecedentes,
1335 5647 1439 5698 siue
1467 5649 1849 5717 subscqneutes.

269 5713 337 5787 In
369 5713 458 5769 his
481 5713 662 5769 autent
685 5713 954 5769 codicibus
980 5717 1110 5770 illud
1141 5716 1366 5786 sequitur
1395 5732 1414 5770 :
1441 5717 1495 5772 In
1536 5713 1739 5784 jnsiitia
1765 5719 1855 5787 ju-

270 5786 477 5858 dicabit
503 5802 767 5858 pauperes
796 5787 1001 5856 populi.
1032 5787 1140 5841 Sed
1170 5789 1245 5841 illi
1286 5789 1451 5858 magis
1502 5789 1704 5842 codices
1753 5786 1850 5857 ap.

275 5857 579 5926 probantur,
608 5858 694 5928 qui
716 5856 901 5912 habent
925 5859 1059 5926 quod
1093 5875 1256 5927 supra
1282 5856 1632 5929 exposuimus,
1663 5856 1848 5915 Susci-

275 5930 649 5997 piantmontes
664 5944 851 6000 pacem
872 5931 1635 6002 populo,etcollcsjustitiam.
1664 5950 1682 5983 ι
1714 5932 1848 5987 Puto

1971 3371 2237 3441 Arabum,
2269 3382 2323 3428 et
2353 3375 2494 3428 Saba
2524 3373 2663 3430 dona
2695 3375 2992 3432 adducent.

2045 3467 2112 3522 Et
2156 3464 2463 3521 adorabunt
2506 3482 2630 3523 eum
2679 3483 2871 3525 omnes
2915 3483 3074 3543 reges
3122 3478 3284 3528 terra:
3320 3489 3334 3528 :
3373 3485 3566 3529 omnes

1972 3570 2166 3629 gentes
2197 3559 2440 3615 servient
2468 3559 2541 3616 ei.

1965 3714 2277 3789 autemuqui
2333 3714 2651 3789 Veronense
2683 3715 3024 3789 Psalterium
3071 3718 3384 3789 descripsit,
3441 3737 3564 3780 eam

1965 3785 2201 3853 prmtnlil
2233 3786 2697 3855 lectioncm.quod
2727 3787 2919 3842 Gratco
2947 3789 3184 3851 pressius
3217 3785 3523 3848 adltrereiet
3548 3814 3561 3849 :

1963 3858 2279 3935 :A-aaiaéi-rm
2335 3859 2401 3912 τὰ
2456 3854 2549 3935 ὅρη
2576 3854 2582 3855 ί
2605 3861 2800 3935 εἰρῄνηγ
2835 3867 2909 3935 τῷ
2933 3861 3036 3932 λάῳ
3076 3864 3160 3918 καὶ
3189 3863 3235 3917 οἱ
3263 3865 3455 3934 βουνοί.
3488 3877 3565 3921 Ἐν

1965 3927 2494 4003 δνκαιοσύνρ-κρῂινεῐξ
2517 3952 2566 3982 κ.
2586 3927 2730 4003 ᾐτξ-λ.
2762 3927 2933 3987 Habiti.
2957 3927 3172 4003 quoque
3213 3927 3559 3993 commentor

1968 4001 2106 4054 idem
2144 4000 2427 4070 ins.'fai'ies
2453 4016 2547 4069 pro
2569 4001 2744 4070 faciet.

2042 4082 2066 4118 ις
2098 4073 2152 4126 In
2185 4071 2374 4148 eodem
2416 4089 2540 4136 ms.,
2576 4073 2921 4148 generationis
2950 4083 2996 4129 et
3025 4075 3371 4148 generationis
3404 4093 3424 4132 :
3455 4092 3553 4148 pe-

1965 4160 2059 4198 nes
2089 4145 2465 4215 .-\uguslinum,
2489 4145 2838 4213 generationes
2859 4146 3284 4215 generationum:
3309 4148 3361 4201 in
3387 4145 3548 4215 quem

1964 4216 2136 4269 locum
2166 4216 2225 4270 S.
2259 4215 2374 4281 ipse
2401 4213 2580 4282 Pater,
2611 4233 2628 4265 ι
2657 4215 2818 4287 Sane,
2844 4213 3039 4287 inquit,
3061 4219 3198 4286 quod
3221 4227 3296 4272 est
3323 4219 3377 4272 in
3404 4213 3552 4274 Gne-

1962 4304 2019 4340 co
2046 4291 2220 4360 σγενεὰς
2244 4294 2440 4361 γενεῶν,
2476 4286 2715 4361 nonnulli
2743 4286 3065 4361 interpretati
3089 4298 3228 4356 sunt,
3259 4307 3360 4343 non
3388 4305 3553 4361 gene-

1972 4356 2232 4436 rationes,
2251 4356 2353 4412 sed
2381 4356 2747 4436 generationis
2777 4356 3210 4429 gen'erationum,
3234 4362 3358 4436 quia
3379 4356 3553 4436 ᾆενεας

1961 4431 2246 4503 ambiguus
2279 4437 2354 4482 est
2393 4443 2542 4482 casus
2565 4429 2618 4481 in
2647 4427 2864 4503 Graeco;
2887 4441 2941 4503 _et
2964 4440 3141 4503 utrum
3163 4427 3415 4503 genitivus
3447 4437 3556 4488 sin-

1961 4501 2158 4569 gularis
2182 4501 2269 4574 sit
2311 4507 2404 4574 τῆς
2451 4500 2733 4574 γενεᾶς,ξά
2763 4500 3046 4574 εδελὴυίυε
3066 4500 3459 4574 generationis,
3485 4522 3555 4559 an

1961 4573 2285 4626 accusativus
2313 4573 2408 4633 τὰς
2435 4572 2630 4645 γενεὰς,
2658 4573 2711 4626 id
2746 4581 2839 4638 est,
2867 4572 2968 4628 has
3008 4572 3414 4643 generationes,
3451 4594 3555 4632 non

1963 4645 2215 4698 «videnter
2248 4644 2486 4713 apparet,
2513 4644 2612 4696 nisi
2635 4645 2754 4720 quia
2782 4646 2963 4720 merito
2981 4662 3166 4720 sensus
3188 4647 3282 4720 ille
3302 4646 3554 4720 praelatus

1963 4727 2056 4780 est,
2091 4725 2146 4770 ut
2174 4725 2434 4786 tamquam
2462 4717 2764 4784 exponendo
2793 4715 2918 4784 quid
2957 4716 3147 4771 dixerit
3177 4715 3376 4777 lunam.
3409 4733 3560 4772 secu-

1963 4798 2045 4842 tus
2077 4789 2406 4862 adiungeret,
2432 4788 2813 4862 generationes
2833 4789 3316 4862 generationem.)
3350 4789 3553 4862 Subse-

1962 4855 2160 4926 quenti'
2181 4855 2342 4912 versu
2391 4855 2453 4912 in,
2493 4855 2681 4912 eodem
2716 4855 2855 4924 ms,
2875 4859 2938 4912 Et
2970 4859 3241 4914 descendet
3270 4859 3547 4929 Dominus,

1961 4932 2105 5001 quod
2135 4941 2312 5001 tamen
2353 4944 2547 4984 nomen
2579 4931 2798 5000 sequior
2826 4945 3022 4985 manus
3045 4945 3282 5000 superne
3302 4931 3546 4997 descrip-

1963 4999 2033 5057 sit
2057 5019 2070 5058 :
2105 5013 2214 5056 tum
2243 4999 2414 5056 fertile
2441 5017 2560 5056 cum
2593 4999 2913 5072 Augustino,
2939 5002 3068 5055 sicut
3097 4999 3254 5073 gutta:
3278 5001 3552 5056 destillan-

1962 5084 2034 5128 tes
2063 5089 2218 5146 super
2244 5083 2455 5126 terram.
2484 5074 2548 5128 Et
2580 5088 2726 5137 mox,
2755 5074 2972 5146 tollatur
3004 5088 3100 5146 pro
3123 5073 3412 5146 extollatur
3441 5088 3458 5126 :
3492 5073 3549 5128 in

1959 5141 2326 5216 quem'locum
2355 5145 2554 5200 iterum
2577 5145 2911 5215 Augustinus
2938 5159 2960 5216 _.'
2993 5141 3062 5196 Id
3090 5147 3226 5215 quod
3246 5144 3441 5197 dictum
3469 5154 3544 5198 est

1962 5214 2201 5284 tollatur,
2233 5217 2324 5272 alii
2344 5214 2814 5286 interpretatisunt
2859 5214 3153 5277 auferatur,
3186 5217 3278 5269 alii
3306 5231 3427 5271 vero
3451 5230 3553 5271 ex-

1961 5289 2180 5345 tollatur
2213 5308 2224 5343 :
2257 5305 2417 5343 unum
2463 5284 2673 5342 uerbum
2710 5284 2970 5357 Gnaeum,
3003 5286 3136 5340 sicut
3175 5287 3449 5357 unicuique
3477 5287 3556 5341 vi-

1958 5378 2072 5415 sum
2104 5370 2196 5425 est,
2229 5363 2620 5432 transferentes,
2645 5356 2782 5432 quod
2827 5357 2897 5410 ibi
2937 5358 3164 5432 positum
3177 5367 3286 5432 est,
3313 5356 3552 5414 ἀπαναι-

1957 5435 2095 5511 ρεθῆ.
2130 5434 2235 5488 Sed
2264 5433 2350 5503 qui
2377 5429 2638 5511 dixerunt
2668 5430 2909 5511 tollatur,
2942 5429 3374 5511 etquiiliteerunt
3398 5432 3549 5511 aule-

1959 5500 2129 5569 'ratur,
2181 5500 2284 5557 non
2349 5519 2505 5573 usque
2553 5502 2684 5555 adeo
2729 5502 3000 5573 dissonant
3048 5518 3065 5554 :
3109 5500 3355 5573 Tollatur
3400 5501 3547 5556 enim

1958 5577 2126 5646 magis
2155 5575 2302 5628 habet
2334 5572 2650 5646 consuetudo
2674 5574 2744 5625 ita
2786 5572 2910 5639 dici,
2941 5582 2994 5646 ut
3043 5572 3338 5643 auferatur,
3367 5583 3414 5626 et
3443 5590 3548 5626 non

1956 5642 2226 5716 sit,'quam
2252 5647 2322 5716 ita
2346 5653 2398 5697 ut
2427 5642 2580 5696 altius
2605 5643 2823 5698 elevemr
2848 5659 2864 5698 :
2891 5642 3165 5700 auferatur
3191 5661 3306 5716 vero
3334 5660 3547 5716 prorsus

1955 5715 2102 5772 aliter
2129 5715 2344 5787 intelligi
2375 5733 2476 5789 non
2508 5723 2691 5785 potest,
2725 5716 2906 5789 nisiut
2936 5717 3207 5789 perdatur,
3238 5715 3454 5789 hoccst,
3479 5725 3546 5789 ut

1955 5807 2056 5844 non
2091 5791 2157 5844 sit
2187 5805 2205 5844 :
2234 5786 2524 5845 extollatur
2575 5798 2747 5845 autem
2779 5786 2907 5843 nihil
2925 5786 2945 5856 ,⁷
2970 5789 3070 5844 nisi
3120 5797 3175 5842 ut
3225 5787 3391 5842 altius
3443 5787 3548 5842 cle-

1955 5873 2113 5917 retur.
