4090 6338
551 286 661 343 2W

1522 286 1583 347 S.
1625 284 2012 348 HIERONYMI
2054 289 2287 350 DIVINA
2326 292 2817 355 BlBLiOTHECA.

3752 309 3853 370 248

628 400 734 470 Qui
761 399 996 457 libert'tbit
1021 415 1300 483 pauperem
1326 416 1360 458 a
1388 408 1613 475 potente,
1650 412 1700 459 et
1727 420 2036 477 pauperem,
2063 407 2150 461 cui
2174 408 2228 471 Α
2323 407 2459 476 Quia
2485 409 2739 468 liberavit
2778 424 3072 485 pauperem
3099 411 3127 454 δ
3158 428 3190 472 a
3217 424 3439 489 potente
3462 458 3481 488 ,
3515 426 3577 478 el.
3618 419 3851 494 inopem,

551 510 654 550 non
684 502 794 549 erat
822 493 1055 565 adjutor.

622 586 814 644 Parcet
842 587 1060 660 pauperi
1095 596 1145 644 et
1184 589 1329 661 inopi
1358 606 1379 648 :
1407 596 1456 645 et
1484 590 1685 647 animas
1727 606 2015 663 pauperum
2042 591 2149 648 sal-

549 699 641 738 vas
665 683 840 755 faciet.

621 774 709 832 Ea:
759 776 938 832 usuris
979 786 1031 841 et
1053 778 1323 850 iniquitate
1363 778 1581 834 redimet
1609 780 1813 836 animas
1840 796 2019 836 eorum
2051 795 2070 836 :
2098 788 2149 835 et

552 867 853 923 honorabile
876 884 1063 925 nomen
1091 886 1272 925 eorum
1301 887 1477 926 coram
1508 871 1602 927 illo
1633 878 1681 927 ⁸.

621 958 693 1014 Ει
715 960 863 1029 vivet,
899 969 948 1015 et
968 960 1177 1017 dabitur
1202 964 1251 1017 ei
1271 962 1337 1018 de
1360 979 1489 1019 auro
1518 963 1749 1033 Arabiae,
1781 972 1829 1021 et
1854 964 2148 1022 adorabunt

549 1052 616 1109 de
642 1054 757 1125 ipso
783 1069 985 1129 semper
1013 1071 1033 1112 :
1063 1064 1171 1115 tata
1196 1057 1281 1113 die
1308 1056 1606 1113 benedicent
1634 1058 1712 1114 ei.

619 1230 651 1272 ι)
671 1232 742 1289 Et
766 1234 864 1290 erit
887 1235 1274 1307 ﬁrmamentum
1298 1238 1355 1293 in
1382 1246 1520 1295 terra
1543 1240 1597 1294 in
1623 1241 1840 1296 summis
1869 1244 2144 1311 montium,

550 1329 982 1401 superextolletur
1010 1347 1165 1405 super
1188 1330 1449 1388 Libanum
1476 1337 1680 1405 [ructus
1719 1336 1834 1408 ejus
1862 1352 1883 1392 :
1913 1344 1960 1392 et
1984 1339 2147 1408 ﬂore-

549 1419 677 1475 bunt
703 1420 769 1477 de
794 1422 998 1478 civitate
1020 1424 1153 1478 sicut
1181 1426 1357 1495 fenum
1384 1434 1557 1483 terrae.

628 1510 715 1566 Sit
760 1528 945 1569 nomen
986 1517 1101 1588 ejus
1141 1530 1201 1571 -ε-
1240 1516 1564 1574 benedictum
1598 1518 1621 1587 ζ
1654 1518 1710 1575 in
1743 1519 1935 1578 swcula
1962 1535 1983 1578 :
2026 1530 2150 1579 ante

549 1602 711 1661 solem
746 1613 1011 1677 permanet
1040 1623 1227 1664 nomen
1256 1611 1393 1684 ejus.

619 1792 691 1848 Et
731 1792 1098 1849 benedicentur
1142 1793 1201 1850 in
1246 1794 1361 1866 ipso
1403 1809 1466 1851 -ε-
1512 1811 1686 1852 omnes
1730 1794 1893 1853 tribus
1936 1804 2088 1855 terra:
2120 1798 2144 1870 ζ

551 1900 728 1943 omnes
754 1892 929 1958 gentes
951 1884 1357 1957 magniﬁcabunt
1386 1900 1525 1942 eum.

622 1974 936 2033 Benedictus
956 1972 1213 2047 Dominus
1233 1976 1375 2033 Deus
1397 1976 1567 2035 Israel
1592 1994 1612 2039 :
1631 1979 1721 2053 qui
1740 1980 1867 2053 facit
1891 1980 2151 2038 mirabilia

551 2067 719 2127 solus.

552 2262 557 2269 '
628 2243 698 2301 Et
726 2245 1049 2303 benedictum
1088 2260 1274 2301 nomen
1313 2248 1608 2320 majestatis
1634 2250 1749 2321 ejus
1777 2248 1831 2303 in
1861 2256 2109 2305 wtcrnum
2132 2265 2153 2306 :

561 2349 610 2394 et
634 2338 915 2411 replebitur
940 2338 1207 2412 majestate
1235 2338 1349 2410 ejus
1374 2339 1542 2395 omnis
1572 2348 1732 2409 terra,
1762 2341 1879 2412 ﬁat,
1911 2344 2025 2414 ﬁat.

2255 502 2343 558 cui
2378 519 2484 559 non
2522 513 2643 561 erat
2669 506 2910 577 adjutor.

2325 596 2519 654 Parcet
2546 600 2775 672 pauperi
2803 609 2859 658 et
2886 600 3035 674 inepi
3063 620 3078 658 :
3104 612 3161 661 et
3188 600 3395 664 animas
3423 622 3733 681 pauperum
3760 613 3857 670 sal-

2253 704 2351 747 vas
2378 690 2561 748 faciet.

2326 781 2407 839 Ex
2433 784 2616 841 usuris
2649 792 2706 841 et
2752 783 3042 859 iniquitate
3086 787 3337 847 liberabit
3381 793 3602 850 animas
3630 808 3853 855 eorum:

2252 882 2310 932 et
2337 877 2658 947 praeclarum
2690 893 2888 936 nomen
2918 896 3108 938 eorum
3139 898 3326 942 coram
3358 886 3503 958 ipso.

2324 968 2397 1025 Et
2425 969 2551 1043 [Ms.
2587 980 2690 1028 tae.
2720 971 2797 1045 et]
2824 974 3014 1040 vivet,
3046 984 3100 1031 et
3126 975 3351 1035 dabitur
3376 979 3428 1036 ei
3457 982 3532 1037 de
3562 995 3701 1038 auro
3727 982 3860 1040 Ara-

2251 1059 2357 1118 biae
2377 1105 2394 1133 ,
2426 1071 2479 1117 et
2508 1062 2809 1121 adorabunt
2838 1065 2909 1123 de
2934 1066 3056 1138 ipso
3093 1082 3335 1142 semper,
3375 1080 3493 1128 tota
3521 1073 3615 1131 die
3644 1074 3859 1134 benedi-

2252 1162 2383 1211 cent
2411 1168 2560 1212 eum.

2326 1247 2392 1302 Et
2424 1245 2534 1319 [Ms
2559 1255 2663 1304 tac.
2700 1248 2777 1323 et]
2807 1249 2915 1308 erit
2936 1250 3342 1311 ﬁrmamentum
3367 1256 3421 1312 in
3448 1265 3605 1314 terra
3636 1258 3690 1316 in
3716 1274 3858 1320 sum-

2252 1339 2361 1397 mis
2387 1340 2677 1411 montium,
2708 1344 3180 1415 superextolletur
3205 1362 3370 1422 super
3397 1349 3676 1408 Libanum
3706 1352 3849 1413 iruco

2253 1440 2344 1489 tus
2367 1432 2489 1504 ejus
2517 1449 2535 1488 :
2561 1442 2617 1489 et
2645 1432 2921 1492 ﬂorebunt
2940 1436 3011 1494 de
3039 1438 3260 1497 civitate
3283 1442 3429 1499 sicut
3456 1441 3653 1500 fenum
3687 1454 3853 1504 terrm.

2325 1526 2398 1584 Et
2424 1528 2532 1585 erit
2557 1542 2762 1586 nomen
2788 1529 2910 1602 ejus
2948 1530 3298 1591 benedictum
3345 1537 3401 1592 in
3443 1538 3656 1594 saecula
3689 1556 3704 1595 :
3737 1553 3859 1599 ante

2196 1640 2199 1641 ν
2253 1619 2430 1678 solem
2461 1621 2805 1694 permanebit
2831 1638 3035 1682 nomen
3062 1624 3183 1699 ejus
3206 1668 3223 1695 ,
3256 1636 3281 1667 ο
3311 1638 3370 1686 et
3397 1638 3534 1687 ante
3562 1630 3746 1688 lunam
3778 1648 3861 1690 se-

2441 1728 2474 1769 u
2510 1752 2555 1769 ..

2254 1711 2819 1865 deiiflbtfnedicentur
2840 1807 2898 1865 in
2925 1823 2993 1866 eo
3018 1823 3211 1869 omnes
3242 1811 3418 1871 tribus
3444 1821 3616 1873 terra:
3640 1832 3653 1872 :
3676 1830 3860 1877 omnes

2181 1926 2232 1989 Β
2257 1904 2451 1970 gentes
2477 1900 2906 1972 magniﬁcabunt
2931 1918 3083 1960 eum.

2332 1989 2663 2049 Benedictus
2691 1994 2954 2051 Dominus
2982 1995 3127 2053 Deus
3155 1995 3369 2066 Israel,
3403 2000 3501 2072 qui
3534 1999 3669 2058 facit
3708 2003 3860 2059 mira-

2208 2128 2215 2133 .
2259 2083 2388 2141 bilia
2417 2100 2613 2157 magna
2642 2086 2796 2145 solus
2822 2104 2838 2144 :
2865 2097 2923 2146 et
2947 2088 3300 2147 benedictum
3332 2107 3541 2151 nomen
3570 2095 3858 2168 maiestatis

2260 2175 2383 2247 ejus
2417 2176 2438 2216 ί
2473 2179 2526 2234 in
2555 2186 2846 2249 teternum,
2878 2188 2938 2238 et
2967 2181 3023 2237 in
3053 2183 3315 2241 saeculum
3346 2186 3568 2244 saeculi.

2333 2268 2407 2325 Et
2432 2270 2742 2343 replebitur
2770 2273 3058 2346 majestate
3103 2274 3221 2349 ejus
3265 2276 3446 2334 omnis
3500 2287 3649 2337 terra
3682 2298 3698 2339 :
3730 2281 3855 2353 liat,

2265 2361 2383 2417 ﬁat.

1867 2435 2232 2511 PSALMUS
2272 2451 2548 2518 LXXII.

751 2523 1103 2570 θεῖεεειισκτ
1140 2524 1348 2567 ιιυυεε
1385 2525 1585 2579 DAVID,
1627 2525 1760 2568 PII.“
1795 2527 1971 2571 JBSSE.

1123 2595 1357 2639 PSALIUS
1394 2596 1586 2639 ASAPH.

626 2695 800 2766 Quam
830 2696 992 2753 bonus
1018 2692 1193 2753 Israel
1217 2692 1361 2751 Deus
1390 2694 1474 2752 Itis
1493 2697 1584 2770 qui
1610 2708 1749 2756 recto
1776 2711 1897 2760 sunt
1926 2707 2123 2767 corde!

624 2790 735 2846 Mei
759 2798 933 2848 autem
962 2806 1090 2863 pene
1112 2790 1240 2847 moti
1281 2798 1405 2847 sunt
1444 2792 1601 2864 pedes
1630 2810 1649 2848 :
1676 2812 1803 2869 pene
1834 2798 1989 2869 effusi
2032 2813 2154 2861 sunt

553 2899 762 2957 gressus
787 2883 911 2939 mei.

633 2976 773 3046 Quia
792 2974 956 3032 zelavi
974 2993 1129 3051 super
1149 2976 1354 3051 iniquos
1372 2992 1581 3052 :pacem
1598 2992 1927 3055 peccatorum
1946 2988 2152 3048 uidens.

632 3071 770 3139 Quia
813 3087 919 3126 non
948 3080 1023 3126 est
1058 3082 1321 3142 respectus
1351 3075 1505 3129 morti
1531 3090 1709 3133 eorum
1737 3093 1757 3133 :
1780 3088 1828 3133 et
1850 3079 2156 3151 ﬁrmamen-

558 3171 669 3219 tum
696 3163 752 3216 in
776 3162 933 3235 plaga
959 3177 1159 3218 eorum.

631 3253 702 3310 In
729 3252 910 3310 labore
949 3254 1220 3310 hominum
1258 3269 1363 3312 non
1394 3266 1514 3314 sunt
1555 3275 1576 3319 :
1615 3268 1666 3317 et
1704 3277 1821 3321 cum
1861 3266 2152 3328 hominibus

559 3362 664 3404 non
692 3347 1116 3421 ﬂagellabantur.

630 3439 763 3495 Ideo
792 3441 954 3496 tenuit
981 3456 1069 3497 eos
1106 3440 1352 3513 superbia
1378 3458 1400 3499 :
1430 3445 1598 3518 operti
1632 3458 1754 3506 sunt
1796 3452 2069 3529 iniquitate
2103 3468 2154 3517 et

557 3531 822 3604 isnpietate
848 3548 963 3587 sua.

632 3623 842 3680 Prodiit
875 3639 936 3680 σε»
962 3625 1113 3698 quasi
1134 3624 1157 3696 ζ
1182 3642 1247 3683 ea;
1271 3627 1427 3701 adipe
1452 3628 1703 3703 iniquitas
1722 3650 1902 3695 eorum
1929 3654 1950 3696 :
1976 3648 2151 3701 trans-

556 3716 730 3773 ierunt
757 3718 813 3773 in
841 3715 1088 3786 affectum
1117 3720 1310 3778 cordis.

633 3805 996 3881 Cogitaverunt
1017 3850 1034 3879 ,
1063 3817 1111 3865 et
1137 3810 1299 3867 locuti
1334 3821 1458 3870 sunt
1486 3816 1768 3889 nequitiam
1792 3835 1811 3876 :
1833 3821 2155 3895 iniquitatem

560 3898 618 3955 in
650 3898 853 3954 excelso
884 3900 1044 3956 locuti
1075 3910 1216 3958 sunt.
1250 3901 1548 3963 Posuerunt
1582 3908 1639 3966 in
1663 3910 1848 3969 malum
1874 3931 1931 3972 os
1956 3932 2107 3974 suum
2135 3933 2156 3974 :

560 3996 612 4044 et
641 3989 827 4062 lingua
856 4006 1035 4046 eorum
1064 3994 1302 4050 transivit
1329 3999 1383 4052 tn
1415 4006 1553 4054 terra
1587 4010 1633 4057 α.

549 4239 552 4242 .
629 4194 667 4257 -ι
693 4185 1008 4257 Diapsalma
1035 4188 1125 4247 hic
1148 4190 1298 4248 addit
1324 4193 1555 4255 Palatia.
1583 4214 1691 4257 ms.

628 4255 660 4345 ξ’
691 4255 914 4345 [tecti-us
938 4257 1288 4345 Etpopulam
1318 4266 1385 4345 ad
1416 4255 1979 4345 Qrwcutnexemplar
2009 4280 2154 4339 idem

559 4329 1275 4423 ’ἔΐβςλίξέίὶεἱεζθξίέίῇἒίῖειῖφ
1308 4336 1376 4423 ﬁ."
1400 4329 2155 4423 .ηηθ,νοτευεξθίὶιβὲαὶὶἱᾶἴξ

558 4400 1020 4488 quod‘i-terutpjn
1050 4400 1276 4488 alterius
1302 4407 1372 4463 ab
1370 4407 1503 4488 JIQC
1528 4413 1633 4488 _line
1659 4400 1908 4488 replicat.

635 4480 681 4563 c4
1031 4475 1155 4563 plus
1178 4477 1344 4563 habet
1370 4479 1645 4563 [filatinus
1670 4470 2136 4563 msiDiapsalma,
2170 4471 2224 4532 Ῐ)

558 4540 637 4631 ξύ.
657 4543 811 4631 cujus
856 4543 1017 4631 tidem
1031 4540 1314 4631 'cum_Cari
1336 4553 1574 4631 editione
1618 4566 1673 4612 et
1690 4540 2142 4631 forig—itiatrib—us'l‘i:

553 4611 785 4706 bris)?
815 4615 1456 4706 eopJulam'suobse-quenti
1485 4640 1641 4683 versu
1666 4611 2140 4706 siaé’éiiiiiiéf'u'tii

555 4682 756 4759 dicitur
778 4727 793 4753 ,
826 4693 875 4738 et
890 4682 1008 4741 dies
1035 4688 1195 4759 pleni,
1227 4682 1332 4745 etc.

629 4751 657 4845 ξι
692 4751 1151 4845 Υβὲοιιθηδίεἰξιε.
1182 4751 1371 4845 primis
1395 4768 1564 4845 curis,
1595 4789 1871 4845 pauperem
1895 4777 1959 4833 de
1980 4797 2140 4838 manu

490 4834 491 4837 ‘
549 4828 810 4896 potentis,
845 4830 1300 4908 quemadmodum
1350 4849 1401 4891 et
1450 4841 1502 4892 in
1552 4828 2139 4908 eamagema};

551 4908 735 4993 tuultna
762 4899 990 4954 ecchiros
1013 4902 1254 4993 dynastn,
1284 4911 1496 4963 tametsi
1516 4899 2138 4993 jamdiuolimutrbquic

551 4969 607 5051 in
640 4970 763 5051 Ιρευ
787 4969 1173 5051 nomenmuuu
1198 4969 1731 5051 transversa-lineola
1758 4969 2133 5051 deleti—lines:

547 5039 717 5132 Il’aulo
743 5052 868 5132 post
892 5043 1127 5110 redimet,
1162 5061 1257 5113 pro
1288 5045 1543 5132 liberabit,
1571 5039 1631 5132 et
1658 5039 1788 5112 curui

549 5112 851 5168 Itonorabile
878 5130 1062 5170 nomen
1095 5112 1274 5194 eorum
1301 5136 1477 5194 coram
1503 5112 1629 5194 ipsis
1652 5143 1671 5182 :
1695 5112 2134 5190 tumiet

549 5198 645 5277 pro
681 5200 743 5277 qo
786 5201 1011 5277 semper,
1056 5190 1709 5277 ctc.,Ldenique‘in_lcrius
1753 5202 2004 5277 ﬂorient,
2040 5223 2134 5277 pro

546 5256 826 5341 ﬂorebunt,
854 5259 922 5341 tle
951 5274 1062 5341 quo
1089 5263 1288 5341 verba,
1316 5256 1407 5317 ubi
1435 5264 1639 5341 _Psaltn.
1664 5256 1849 5341 exitu,

543 5331 728 5405 betur,
754 5330 813 5405 S.
840 5331 1171 5401 AuguStinus
1188 5334 1332 5405 libro
1354 5350 1391 5389 ll
1417 5336 1487 5393 de
1513 5342 1764 5398 Doctrina
1788 5330 2128 5405 Christiana:

543 5399 726 5489 §ttper
754 5399 947 5489 ipsum:
961 5413 1144 5489 autem
1174 5404 1354 5489 ﬂoriet
1396 5413 1756 5489 sanctitieutio
1785 5433 1902 5489 mea
1924 5399 2127 5489 iuit-ait,

542 5470 718 5547 inquit
751 5512 766 5537 ,
814 5473 1043 5547 profecto
1090 5479 1348 5531 sententia
1387 5481 1613 5538 detrahit
1646 5501 1664 5537 :
1696 5470 1910 5543 auditor
1932 5470 2131 5547 tamen

541 5543 758 5628 peritior
781 5543 961 5597 mallet
987 5544 1082 5628 hoc
1103 5550 1403 5628 corrigitur
1426 5569 1529 5628 non
1550 5556 1751 5628 iloriet,
1776 5563 1867 5614 sed
1891 5543 2128 5622 nocebit;

540 5612 824 5688 diceretur,
862 5632 955 5671 nec
992 5612 1275 5688 quidquam
1306 5612 1387 5675 'im

536 5686 859 5741 consuetudo
887 5686 1227 5744 cantantium.

616 5766 639 5794 θ
677 5756 849 5841 Verba
869 5767 1061 5845 etante
1080 5761 1261 5845 lunam
1286 5763 1428 5819 sedes
1453 5770 1589 5845 ejus,
1604 5772 1660 5845 in
1678 5772 1973 5833 Veronensi
1997 5792 2123 5845 τηε..

535 5824 840 5902 Augustino
860 5831 1091 5901 aliisque
1105 5830 1257 5889 libris
1272 5848 1378 5889 non
1393 5824 2124 5919 sui.t.tttiéio'iiil3é'iéi§i2

2262 2540 2649 2593 ευεηοειωκτ
2667 2549 2831 2594 mut
2855 2543 3038 2603 Μνίι),
3059 2553 3185 2597 ιηιιι
3212 2554 3387 2609 ιεδεις,
3416 2556 3663 2603 ιιεΑιιιυε
3686 2560 3853 2604 DLVID.

2332 2626 2507 2696 Quam
2531 2628 2707 2688 bonus
2729 2629 2874 2688 Deus
2899 2630 3071 2688 Israel
3093 2631 3179 2688 bis
3204 2633 3299 2702 qui
3322 2643 3475 2693 recto
3499 2644 3628 2693 sunt
3654 2637 3813 2695 corde
3837 2639 3850 2695 !

2262 2719 2371 2777 mei
2416 2728 2599 2777 autem
2632 2736 2775 2795 pene
2817 2722 2952 2781 moti
2980 2732 3111 2781 sunt
3139 2722 3348 2798 pedes;
3384 2742 3527 2798 pene
3556 2727 3711 2785 effusi
3736 2738 3856 2786 sunt

2261 2826 2485 2884 gressus
2515 2814 2646 2872 mei.

2334 2908 2471 2978 Quia
2510 2910 2685 2969 zelavi
2715 2913 2770 2970 in
2805 2915 3184 2986 peccatoribus
3213 2914 3342 2991 [Μι.
3382 2931 3555 2990 super
3586 2915 3852 2992 iniquos]:

2260 3017 2447 3076 pacem
2473 3015 2823 3077 peccatorum
2854 3006 3070 3066 videns.
3194 3016 3198 3021 '

2332 3097 2481 3168 Quia
2496 3114 2609 3155 non
2632 3108 2717 3157 est
2735 3100 3032 3159 declinatio
3052 3102 3219 3161 morti
3245 3117 3435 3162 eorum
3464 3121 3481 3161 :
3508 3119 3612 3164 nec
3635 3103 3759 3179 [ιιι.
3784 3103 3852 3178 et]

2265 3189 2665 3249 ﬁrmamentum
2695 3193 2752 3250 in
2782 3191 2810 3232 ιι
2841 3194 3003 3267 plaga
3030 3211 3251 3254 eorum.

2332 3284 2391 3343 In
2419 3286 2700 3344 laboribus
2714 3287 2995 3346 hominum
3014 3305 3125 3347 non
3147 3298 3276 3348 sunt
3296 3308 3310 3348 :
3329 3299 3385 3349 et
3406 3304 3535 3350 cum
3557 3289 3852 3350 hominibus

2258 3393 2370 3436 non
2401 3370 2845 3453 ﬂagellabantur.

2328 3471 2457 3531 Ideo
2490 3473 2667 3531 tenuit
2692 3488 2791 3532 eos
2818 3475 3080 3549 superbia
3106 3488 3299 3533 eorum
3335 3492 3351 3533 :
3380 3476 3564 3550 operti
3593 3482 3718 3536 sunt
3749 3472 3849 3532 ini-

2257 3564 2466 3637 quitate
2496 3574 2553 3622 et
2582 3565 2869 3637 impietate
2895 3580 3018 3624 sua.

2330 3657 2541 3716 Prodiit
2565 3660 2721 3731 quasi
2760 3675 2829 3719 ex
2869 3660 3031 3733 adipe
3067 3657 3328 3732 iniquitas
3362 3674 3556 3720 eorum
3589 3679 3603 3719 :
3635 3660 3848 3720 transie-

2266 3759 2397 3808 runt
2424 3752 2478 3807 in
2507 3751 2924 3824 dispositionem
2966 3752 3169 3811 cordis.

2328 3844 2718 3917 Cogitaverunt
2759 3857 2815 3904 et
2851 3845 3023 3904 locuti
3063 3855 3192 3906 sunt
3226 3845 3245 3889 ί
3282 3845 3557 3922 nequitias
3602 3863 3618 3906 :
3663 3842 3845 3919 iniqui-

2254 3943 2423 3995 tatem
2452 3937 2507 3993 in
2537 3937 2759 3996 excelso
2786 3938 2956 3995 locuti
2984 3947 3134 3996 sunt.

2330 4027 2639 4085 Posuerunt
2680 4029 2735 4085 in
2781 4030 2980 4088 cretum
3022 4045 3087 4088 os
3132 4045 3290 4089 suum
3324 4040 3422 4090 :et
3452 4030 3643 4105 lingua
3669 4041 3844 4087 eorum

2261 4120 2477 4176 transiit
2503 4119 2634 4194 [Με.
2668 4120 2937 4197 transivit]
2967 4137 3133 4195 super
3166 4132 3391 4182 terram.

2266 4233 2355 4312 qui
2384 4234 2505 4312 fecit
2529 4233 2794 4312 mirabilia
2825 4235 2968 4312 solus
2987 4236 3433 4312 ,_et_ben_edictum
3460 4254 3647 4312 nomen
3676 4236 3844 4312 gloria:

2266 4307 2404 4375 ejus,
2420 4305 2962 4379 deniquemeplgbitur
2972 4307 3140 4375 gloria
3155 4310 3411 4379 ejus,pari
3428 4305 3843 4377 cumAugiistino

2266 4388 2533 4449 consensu
2556 4376 2768 4449 legitur.
2787 4376 2989 4433 Recole
3000 4376 3186 4434 autem
3202 4376 3486 4449 epistolam
3501 4380 3568 4435 ad
3587 4376 3836 4437 Su’nniam

2248 4450 2307 4501 et
2329 4445 2648 4520 _Eretelam,
2682 4447 2970 4520 ipsumque
2994 4445 3350 4520 Augustinum
3392 4452 3444 4506 in
3477 4451 3623 4508 hunc
3651 4451 3837 4506 locum.

2325 4514 2344 4556 ί
2374 4514 3218 4593 lloc__superiluum'ess_e,'et}3
3260 4521 3468 4577 Graecis
3515 4522 3838 4593 appositum.

2246 4597 2433 4662 [nonet
2463 4589 2849 4662 Hieronymus,
2869 4591 3014 4661 quod
3041 4605 3142 4647 nec
3171 4590 3343 4648 Hebr.
3371 4588 3564 4661 habet,
3588 4588 3687 4651 nec
3707 4588 3839 4647 LXX

2248 4657 2603 4729 luterpretes.
2638 4657 2821 4716 MART.

2317 4740 2343 4776 κ
2377 4731 2432 4815 [ξι
2466 4730 2765 4815 \feronensi
2797 4746 2900 4815 ms.
2929 4742 2991 4815 ut
3033 4743 3091 4788 et
3117 4749 3289 4815 penes
3327 4734 3690 4815 {ingustinum
3732 4733 3839 4815 hare

2244 4816 2345 4877 pro
2382 4801 2580 4877 Rsalmi
2642 4802 2803 4877 hujus
2827 4803 2997 4877 _titulo
3026 4801 3191 4860 verba
3235 4801 3602 4877 accipiuntur,
3633 4802 3833 4877 quzein

2191 4912 2199 4921 ρ
2244 4872 2366 4949 aliis
2389 4872 2545 4949 libris
2570 4874 2876 4949 superioris
2892 4884 3186 4949 contextus
3210 4872 3416 4949 partem
3436 4872 3682 4949 explent.
3715 4875 3838 4929 Vide

2244 4942 2302 5019 _S.
2333 4943 2507 4998 Patris
2534 4945 2818 5019 epistolam
2850 4945 2923 5019 25
2951 4946 3019 5019 a_d
3061 4946 3397 5019 Marcellam.
3429 4942 3653 5019 Legitur
3678 4957 3835 5019 porro

2242 5013 2296 5092 in
2321 5029 2511 5092 coms.
2540 5014 2735 5085 Hymni
2761 5016 2934 5092 laudis
2960 5015 3151 5092 David,
3176 5028 3231 5074 et
3250 5013 3718 5092 Psalmus'Asapli,
3745 5030 3834 5084 pro

2239 5083 2432 5139 David.
2464 5084 2517 5160 in
2549 5083 2698 5141 textu
2727 5088 2911 5160 rectis.
2939 5104 3036 5157 pro
3066 5083 3149 5142 Itis
3174 5090 3259 5157 qui
3287 5092 3412 5152 recti
3440 5103 3562 5146 sunt
3588 5134 3604 5160 ,
3627 5083 3695 5145 ἐι
3720 5083 3832 5142 mox

2239 5154 2478 5240 committi
2504 5198 2519 5222 ,
2553 5172 2650 5225 pro
2670 5158 2815 5239 .moti
2836 5202 2851 5226 ,
2876 5154 3028 5240 jltitta
3059 5154 3447 5240 Augustinttm.
3591 5154 3601 5160 ’
3789 5228 3800 5240 _

2310 5223 2341 5263 ιι
2382 5223 2565 5299 liabet
2595 5227 2752 5283 unice
2795 5223 2918 5284 cum
2949 5223 3252 5299 Augustino
3303 5233 3612 5290 Vcronens.
3646 5246 3742 5288 ms.
3783 5228 3830 5281 in

2235 5296 2446 5368 ﬂagello
2477 5314 2650 5352 eorum
2680 5315 2696 5351 .'
2727 5300 2872 5373 quod
2900 5296 3085 5373 autem
3117 5301 3364 5373 sequitur
3391 5347 3405 5369 ,
3452 5322 3556 5361 non
3585 5303 3832 5360 invenien-

2237 5376 2351 5443 tur,
2383 5384 2614 5443 pronon
2641 5379 2789 5437 sunt,
2827 5370 2993 5425 habet
3017 5371 3137 5442 ipse
3160 5370 3360 5441 unice,
3395 5391 3496 5432 nec
3527 5376 3654 5441 ulli,
3681 5384 3828 5443 quem

2237 5440 2440 5505 sciam,
2472 5439 2609 5517 libro
2634 5449 2901 5517 consonat
2926 5482 2940 5506 ,
2983 5439 3307 5517 quamquam
3352 5439 3429 5501 ab
3463 5448 3583 5517 ejus
3631 5439 3830 5501 editore

2242 5510 2653 5586 notatumltaud
2694 5513 2783 5566 sit.
2811 5510 3205 5586 Porroiterum
3237 5532 3362 5571 cum
3397 5510 3694 5586 Augustino
3728 5525 3827 5567 ms.

2235 5578 2371 5635 Ideo
2410 5582 2627 5636 obtinuit
2664 5598 2747 5635 eos
2784 5583 3048 5651 superbia,
3080 5601 3181 5641 nec
3230 5587 3449 5643 additur
3477 5578 3652 5643 eorum
3676 5628 3689 5649 .
3736 5596 3826 5653 pm

1391 5627 1530 5693 pedit
1570 5633 1941 5688 correctionem
1964 5675 1981 5703 ,
2027 5636 2130 5690 nisi

2248 5627 2823 5729 iuo'sequioi-"manus
2848 5627 3217 5725 radjun’xi'twin
3467 5627 3599 5727 ἑῖ”,“
3620 5627 3825 5711 Ῥῖοἶίὶει

2231 5724 2391 5797 quasi
2410 5739 2472 5797 ea:
2496 5724 2648 5797 adipe
2671 5766 2685 5791 ,
2718 5732 2828 5797 etc.

2312 5793 2328 5829 ί
2373 5793 2519 5870 idem
2554 5793 2683 5870 m5,
2735 5795 2791 5849 in
2820 5797 3082 5865 nequitia,
3126 5799 3446 5870 iniquitatem
3493 5803 3548 5858 in
3579 5797 3822 5859 excelsum

2239 5865 2396 5921 locuti
2417 5874 2556 5925 sunt.
2589 5866 2677 5934 Et,
2710 5876 3031 5926 convertatur
3060 5865 3280 5940 populus
3306 5887 3451 5929 meus
3480 5874 3600 5930 huc.
