4090 6338
217 340 336 401 249

297 457 435 513 Ideo
474 461 796 511 convertatur
834 451 1062 527 populus
1103 465 1246 505 meus
1288 447 1369 503 hic
1409 462 1429 503 :
1467 453 1513 501 et
1540 446 1648 503 dies
1691 443 1834 518 pleni
1863 450 1913 512 Α

216 551 554 605 inrenientur
582 548 634 602 in
664 548 759 602 eis.

299 644 371 698 Et
399 644 644 698 dixerunt
673 657 692 698 :
726 638 994 707 Quomodo
1024 637 1118 692 scit
1154 635 1293 691 Deus
1319 637 1341 690 ?
1365 625 1419 691 et
1451 633 1494 689 si
1520 641 1596 690 est
1623 631 1840 687 scientia

226 737 286 792 in
321 736 569 791 excelso?

301 831 444 886 Ecce
470 831 573 900 ipsi
601 837 896 901 peccatores
922 834 972 883 et
996 825 1322 882 abundantes
1352 824 1408 879 in
1437 822 1630 879 saeculo
1655 863 1671 890 ,
1708 821 1840 876 obti-

224 931 456 978 nuerunt
484 921 716 976 divitias.

407 1017 476 1072 Et
508 1017 621 1071 dixi
655 1016 678 1085 1
711 1030 835 1088 ergo
864 1013 976 1070 sine
1003 1029 1163 1068 causa
1185 1009 1474 1084 justiﬁcavi
1502 1024 1593 1064 cor
1623 1022 1789 1062 meum
1819 1020 1839 1060 :

222 1121 276 1166 et
305 1110 415 1165 lavi
448 1111 582 1163 inter
609 1109 905 1163 innocentes
933 1122 1120 1161 manus
1151 1121 1312 1160 meas.

309 1203 374 1258 Et
405 1203 486 1273 fui
516 1200 813 1273 ﬂagellatus
846 1209 956 1254 tota
981 1200 1065 1254 die
1094 1214 1111 1252 :
1135 1208 1181 1253 ct
1210 1197 1480 1270 castigatio
1505 1211 1616 1251 mea
1646 1195 1701 1249 in
1728 1209 1838 1248 nta-

224 1298 439 1352 tutinis.

307 1388 370 1444 Si
400 1388 639 1443 dicebam
670 1403 687 1440 :
716 1384 963 1440 Narrabo
1002 1385 1076 1439 sic
1113 1399 1130 1436 :
1168 1398 1282 1439 ecce
1320 1382 1579 1437 nationem
1606 1379 1838 1452 ﬁliorum

225 1491 445 1540 tuorum
473 1481 763 1554 reprobavi.

303 1574 330 1604 ⁸
362 1572 435 1628 Et
471 1570 829 1628 existimabam
873 1578 930 1625 ut
977 1584 1339 1643 cognoscerem
1380 1567 1478 1624 hoc
1503 1610 1518 1637 ,
1571 1566 1718 1622 labor
1763 1574 1838 1620 cst

223 1680 352 1726 ante
373 1684 458 1723 me
472 1709 489 1735 ,
1388 1714 1390 1716 ,

303 1763 485 1818 Donec
515 1763 700 1816 intrent
729 1760 782 1815 in
817 1759 1174 1814 sanctuarium
1204 1757 1302 1812 Dei
1341 1771 1402 1813 σι-
1431 1753 1460 1795 ι)
1492 1764 1540 1810 et
1574 1754 1597 1824 1
1631 1751 1833 1809 intelli-

227 1873 348 1928 gam
379 1857 437 1911 in
469 1854 762 1909 novissimis
792 1869 993 1908 eorum.

309 1947 681 2001 Verumtamen
699 1953 908 2017 propter
924 1942 1073 1999 dolos
1092 1942 1314 2014 posuisti
1336 1942 1406 1997 eis
1429 1957 1449 1998 :
1466 1940 1704 2016 dejecisti
1724 1955 1832 2008 eos,

227 2043 358 2095 dum
383 2041 758 2095 alter-urentur.

305 2133 582 2200 Quomodo
622 2132 750 2204 facti
781 2139 903 2185 sunt
928 2131 982 2186 in
1017 2130 1429 2196 desolationem?
1468 2127 1638 2182 subito
1689 2126 1849 2197 defe-.

227 2236 413 2282 cerunt
441 2242 458 2279 :
482 2226 752 2296 perierunt
778 2233 990 2294 propter
1021 2223 1349 2295 iniquitatem
1378 2237 1550 2276 suam.

306 2361 752 2417 Vclutsomnium
786 2359 1153 2432 surgentium,
1198 2355 1462 2420 Domine,
1523 2354 1577 2409 in
1631 2353 1838 2409 civitate

233 2469 256 2498 ο
287 2474 350 2514 οἴν-
387 2465 478 2511 tua
510 2456 845 2526 1imaginem
876 2453 1112 2524 ipsorum
1142 2451 1209 2505 ad
1240 2449 1459 2504 nihilum
1485 2446 1706 2521 rediges.

306 2553 450 2620 Quia
473 2550 866 2622 inﬂammatum
887 2556 963 2603 est
991 2563 1081 2603 cor
1101 2562 1304 2614 meum,
1335 2554 1382 2598 et
1406 2559 1551 2598 renes
1582 2543 1680 2596 mei
1702 2556 1842 2619 com;

229 2645 425 2701 mutati
450 2654 576 2701 sunt
620 2660 640 2700 :
663 2652 710 2699 et
735 2659 829 2718 ego
863 2641 932 2696 ad
963 2640 1186 2697 nihilum
1208 2638 1451 2694 redactus
1489 2651 1626 2704 sum,
1658 2642 1705 2690 et
1747 2649 1838 2690 ne-

225 2739 382 2796 scivi.

306 2832 381 2888 Ut
418 2832 716 2906 jumentum
766 2827 938 2901 factus
975 2843 1090 2884 sum
1142 2825 1284 2901 apud
1311 2833 1402 2881 te:
1436 2833 1484 2881 et
1504 2840 1596 2899 ego
1642 2838 1844 2894 semper

237 2937 432 2981 ιεεκηι.

306 3016 550 3073 Tenuisti
576 3031 790 3071 manum
819 3014 1089 3070 dexteram
1115 3025 1307 3079 meam,
1341 3023 1403 3066 -:~
1445 3016 1491 3063 et
1519 3006 1542 3078 1
1570 3008 1625 3062 in
1658 3007 1842 3062 volun-

233 3119 340 3166 tate
370 3119 462 3165 tua
486 3109 753 3164 deduxisti
776 3124 859 3163 me
891 3123 910 3164 :
936 3116 984 3163 et
1013 3122 1128 3161 cum
1170 3103 1340 3178 gloria
1366 3103 1636 3176 suscepisti
1669 3118 1768 3157 me.

309 3203 454 3271 Quid
485 3216 543 3258 ὴ
590 3202 730 3256 enim
754 3201 778 3270 1
812 3200 938 3254 mihi
958 3208 1033 3254 est
1061 3199 1115 3252 in
1148 3197 1316 3253 caelo?
1342 3206 1390 3251 et
1419 3213 1450 3250 a
1481 3205 1528 3250 te
1547 3194 1675 3268 quid
1700 3194 1840 3249 volui

230 3312 393 3367 super
430 3292 664 3350 terram?
781 3289 783 3292 ’

306 3388 516 3462 Defecit
543 3403 669 3444 caro
698 3403 815 3443 mea
839 3395 885 3442 et
913 3401 1002 3442 cor
1030 3399 1244 3441 meum:
1282 3381 1420 3440 Deus
1451 3381 1625 3438 cordis
1649 3382 1771 3453 mei,
1796 3388 1845 3437 et

229 3501 359 3557 pars
389 3499 504 3538 mea
533 3481 673 3537 Deus
696 3482 753 3536 in
775 3489 1045 3537 teternum.

309 3579 453 3646 Quia
475 3593 610 3640 ecce,
641 3576 734 3647 qui
765 3573 1008 3647 elongant
1047 3589 1102 3628 se
1129 3589 1161 3627 a
1210 3579 1259 3628 te
1284 3568 1525 3644 peribunt
1557 3584 1576 3625 :
1605 3567 1841 3641 perdidi-

232 3671 299 3725 sti
322 3666 351 3706 ἀ
401 3685 574 3723 omnes
605 3667 693 3739 qui
723 3665 1048 3737 fornicamur
1077 3662 1169 3718 abs
1201 3672 1268 3718 te.

310 3760 449 3816 Mihi
473 3768 647 3814 autem
668 3757 936 3814 adhaerere
953 3755 1062 3812 Deo
1085 3756 1271 3813 bonum
1293 3762 1365 3810 est
1393 3769 1412 3810 :
1433 3767 1626 3827 ponere
1653 3751 1710 3808 in
1736 3751 1846 3807 Do-

235 3855 383 3910 mino
405 3851 516 3908 Deo
545 3867 692 3923 spem
718 3866 906 3906 meam.

309 4057 339 4086 ⁸
387 4045 484 4100 llic
509 4058 730 4116 quoque
772 4051 820 4099 et
859 4041 1226 4116 copulantes
1269 4037 1496 4094 Palatini
1549 4051 1676 4103 ms.,
1719 4034 1846 4116 gari

235 4119 502 4176 editionis
527 4107 583 4170 et
615 4107 875 4170 librorum
913 4107 1256 4185 originalium
1289 4125 1556 4185 consensu
1610 4107 1844 4185 praeﬁxi-

238 4207 388 4245 mus.
439 4188 661 4243 Rectius
698 4202 858 4256 porro
905 4179 1118 4240 vidétur
1142 4183 1434 4240 Caruscum
1464 4179 1713 4256 Palatino
1741 4192 1842 4256 ms.

239 4265 364 4318 lucc
419 4259 494 4314 ita
531 4249 902 4328 distinguere,
942 4265 997 4310 ut
1049 4269 1461 4329 cognoscecerem
1492 4267 1510 4307 :
1542 4253 1638 4306 hoc
1695 4249 1848 4306 labor

238 4345 342 4400 est,
373 4342 482 4386 etc.

310 4425 340 4464 ιτ
375 4417 1342 4493 ϐοιιίιιηθιὶοηθιηκειηειῳριίιιιθιῃ
1394 4414 1526 4493 dicit
1574 4415 1843 4493 Hierony-

239 4511 368 4552 mus
406 4513 420 4548 :
455 4487 623 4564 quare
660 4487 1136 4564 obelo'jugulatur
1167 4499 1272 4564 tam
1310 4491 1363 4542 in
1401 4487 1571 4564 edito
1594 4501 1752 4564 quam
1795 4490 1844 4540 in

238 4583 346 4624 ms.
397 4556 697 4622 codicibus.
754 4556 972 4629 Absque
1013 4562 1118 4615 ulla
1151 4557 1530 4626 conjunctione
1559 4558 1690 4627 legit
1733 4556 1849 4626 ipse

239 4643 292 4694 in
317 4640 485 4708 epist.
513 4639 578 4690 ad
605 4636 781 4692 Sunn.
804 4642 859 4690 et
887 4632 1115 4700 Frctel.,
1145 4631 1443 4702 luteiligam
1465 4631 1518 4684 in
1545 4629 1837 4684 novissimis

238 4727 449 4767 eorum.
480 4708 658 4764 Mur.

316 4814 342 4842 ε
379 4803 688 4856 Pronmncn
723 4809 809 4853 tua
848 4798 1008 4854 obelo
1038 4795 1467 4867 prmnotavimus
1516 4792 1584 4847 ad
1619 4792 1846 4848 Palatini

239 4874 452 4929 codicis
485 4873 679 4935 tidem,
710 4871 975 4927 llebraico
998 4866 1118 4940 ipso
1149 4877 1322 4935 textu,
1369 4866 1462 4921 ubi
1510 4873 1721 4921 tantum
1763 4872 1849 4919 est

237 4955 404 5011 Ἵππη..
435 4945 783 5014 astipulante.

315 5042 341 5078 ¹¹
373 5040 571 5095 Minori
595 5053 824 5094 numero
846 5035 988 5090 idem
1016 5049 1142 5090 ms..
1169 5047 1370 5086 omnem
1392 5031 1480 5101 qui
1509 5029 1798 5102 fornicatur
1829 5043 1849 5084 :

243 5116 491 5184 pressius
511 5111 607 5167 Gr.
640 5113 811 5184 πάντας
836 5111 920 5164 τὸν
945 5104 1283 5184 πορνεύονται.

322 5199 345 5222 ε
389 5183 703 5253 Legendum
728 5183 940 5253 videtur
963 5171 1700 5253 tt.}bis,_quemadmodumet
1723 5171 1852 5223 Cas-

246 5243 504 5312 siodorus
529 5297 544 5318 ,
571 5264 628 5309 et
667 5256 872 5310 Auctor
898 5249 1158 5304 Dreviarii
1185 5243 1240 5302 in
1274 5244 1521 5318 Psalmos
1541 5285 1556 5308 ,
1585 5243 1850 5318 Hierony-

247 5347 339 5382 Iun
373 5313 632 5395 ascripti,
689 5323 980 5387 praeferunt
1010 5360 1024 5382 ,
1055 5320 1214 5374 index
1236 5357 1252 5382 ,
1283 5331 1380 5395 pro
1409 5313 1608 5395 judeaz.‘
1631 5314 1852 5395 Scitict-t

247 5402 301 5454 in
337 5384 536 5454 Graeco.
561 5384 646 5452 est
671 5384 891 5467 ἔλεγχός
935 5414 1052 5463 μου,
1085 5405 1188 5467 non
1220 5384 1434 5467 κριτής)
1466 5393 1522 5440 et
1565 5384 1850 5467 Heln-arum

246 5487 469 5543 quoque
499 5469 725 5543 verbum
754 5455 1492 5543 ifi'tggfﬂreprehensionem
1524 5455 1740 5543 quidem
1772 5471 1855 5536 se.

249 5525 393 5605 ttat:
433 5557 541 5593 non
569 5525 1594 5606 judicent.Fatetlis-p0rr0_‘est_isatini
1647 5525 1852 5606 librarii

247 5598 435 5682 lapsus
469 5612 521 5665 in
569 5598 655 5664 bis
683 5608 907 5682 vocibus
941 5598 1356 5682 peruriscemlis.
1393 5598 1724 5680 Veronensis
1754 5613 1851 5679 au.-

251 5669 360 5741 te'm
396 5698 498 5738 ms.
537 5682 700 5736 habet
729 5669 1086 5750 argutia’(pro
1114 5669 1344 5746 argutio)
1384 5687 1496 5724 mea
1543 5670 1598 5750 in_
1639 5671 1852 5750 mat-uti:

252 5739 333 5811 nis
365 5775 378 5810 :
409 5765 522 5808 tum
552 5793 567 5818 ,
603 5767 718 5806 ecce
742 5739 1241 5818 ntitiones'ﬁlioru'm
1281 5739 1488 5818 tuorum
1516 5739 1851 5818 Clllit‘O‘l‘tllt‘ltt:

251 5828 395 5898 (lege
423 5811 692 5884 concinui.
726 5823 898 5898 ithSl
935 5811 1190 5898 congrui,
1217 5815 1359 5884 quod
1391 5829 1458 5867 ex
1500 5811 1644 5898 varia
1678 5811 1851 5866 GI‘J'Ci

252 5885 432 5954 [critus
465 5898 701 5953 lectione
728 5936 741 5962 ,
824 5885 1114 5949 συντέθεικα
1143 5929 1160 5957 ,
1192 5903 1290 5960 pro
1341 5901 1449 5942 uno
1489 5885 1656 5940 verbo
1697 5889 1854 5943 ἡσυν-

1539 325 1742 386 LIBER
1781 324 2151 386 PSALMORU
2161 327 2234 384 Μ.

2012 441 2139 497 Ideo
2171 448 2479 498 revertetur
2508 439 2615 499 buc
2653 438 2886 514 populus
2917 452 3082 500 meus
3116 455 3128 496 :
3160 446 3216 496 et
3245 437 3362 496 dies
3390 437 3540 510 pleni

1939 535 2292 592 invenientur
2321 536 2375 591 in
2403 537 2504 591 eis.

2017 629 2080 686 Et
2115 629 2374 686 dixerunt
2409 646 2424 685 :
2460 629 2747 698 Quomodo
2803 630 2967 687 scivit
3019 628 3214 687 Deus?
3257 635 3314 684 et
3362 627 3406 682 si
3457 631 3544 683 est

1939 723 2165 780 scientia
2199 723 2255 777 in
2285 721 2505 778 excelso
2537 739 2553 778 :

2013 817 2156 873 Ecce
2211 816 2311 887 ipsi
2353 825 2676 887 peccatores
2711 825 2764 874 et
2805 817 3152 876 abundantes
3197 815 3253 873 in
3291 813 3498 872 saeculo
3523 851 3542 881 ,

1939 912 2295 970 olninuerunt
2323 913 2545 969 divitias
2576 911 2705 986 [Με.
2737 912 2984 986 divites].

2012 1006 2074 1061 Et
2102 1006 2212 1061 dixi
2236 1023 2251 1065 :
2279 1005 2425 1076 Ergo
2455 1005 2579 1062 sine
2609 1020 2772 1061 causa
2799 1004 3094 1076 justiticavi
3122 1019 3220 1061 cor
3248 1017 3450 1069 meum,
3484 1009 3541 1058 et

1937 1097 2042 1154 lavi
2075 1099 2219 1154 inter
2243 1098 2568 1155 innocentes
2593 1113 2785 1154 manus
2813 1112 2964 1154 meas
2995 1113 3010 1154 :
3037 1109 3092 1153 et
3124 1098 3199 1153 iui
3231 1096 3540 1169 ﬂagellatus

1939 1200 2049 1248 tota
2083 1191 2206 1258 die,
2241 1199 2297 1248 et
2325 1199 2347 1228 ο
2371 1189 2545 1262 judex
2577 1204 2730 1246 meus
2761 1190 2814 1246 in
2846 1189 3163 1246 matutino?

2013 1352 2069 1408 Si
2117 1351 2366 1408 dicebam
2413 1367 2429 1406 :
2467 1350 2713 1408 Narrabo
2761 1350 2841 1406 sic
2872 1365 2889 1409 :
2920 1364 3050 1408 ecce
3103 1348 3250 1406 natio
3301 1346 3539 1403 ﬁliorum

1942 1455 2184 1512 tuorum,
2215 1445 2417 1518 quibus
2445 1444 2710 1517 disposui.

2013 1541 2407 1598 Existimabam
2433 1549 2495 1606 ut
2523 1555 2912 1613 cognoscerem
2939 1538 3067 1610 hoc,
3101 1538 3260 1595 labor
3290 1547 3378 1596 est
3406 1545 3539 1595 ante

1940 1649 2052 1703 me,
2083 1633 2260 1690 donec
2288 1633 2488 1690 intrem
2518 1633 2570 1688 in
2600 1632 2972 1689 sanctuarium
3002 1631 3124 1702 Dei,
3159 1640 3216 1688 et
3241 1629 3540 1702 intelligam

1941 1726 1997 1781 in
2031 1723 2330 1780 novissima
2362 1738 2577 1779 eorum.
2608 1723 2940 1780 DMPSALIA.

1863 1855 1914 1916 Β
2013 1882 2413 1938 Verumtamen
2457 1889 2685 1953 propter
2712 1878 2869 1936 dolos
2900 1877 3214 1950 disposuisti
3245 1877 3325 1935 eis
3352 1876 3492 1934 mala
3526 1894 3543 1936 :

1937 1973 2187 2046 deiecisti
2220 1989 2315 2030 eos
2337 2018 2351 2043 ,
2385 1971 2514 2028 dum
2543 1971 2935 2028 allevarentur.

2010 2067 2295 2136 Quomodo
2329 2065 2453 2122 lacti
2488 2074 2617 2122 sunt
2651 2066 2703 2120 in
2745 2063 3180 2121 desolationem?
3216 2063 3398 2120 subito
3449 2062 3546 2119 de-

1939 2163 2187 2221 fecerunt
2213 2181 2225 2217 :
2255 2160 2274 2201 τ
2306 2171 2362 2217 et
2380 2161 2662 2233 perierunt
2687 2169 2912 2232 prepter
2939 2160 3256 2232 iniquitates
3282 2174 3410 2216 suas
3430 2159 3546 2216 vel-

1941 2268 2000 2314 ut
2027 2256 2298 2314 somnium
2327 2254 2698 2327 cxsurgentis.

2014 2349 2263 2418 Domine,
2289 2349 2341 2404 in
2362 2347 2584 2404 civitate
2605 2358 2692 2403 tua
2715 2344 2978 2418 imagines
2999 2359 3190 2403 eorum
3211 2343 3279 2400 ad
3313 2342 3544 2400 nihilum

1941 2443 2178 2516 rediges.

2012 2536 2146 2604 Quia
2172 2535 2502 2593 delectatum
2516 2532 2647 2609 [Ms.
2673 2531 3101 2607 inﬂammatum]
3119 2540 3203 2589 est
3223 2545 3322 2589 cor
3338 2546 3564 2608 meum,.

1941 2641 1996 2689 et
2017 2645 2181 2688 renes
2209 2629 2312 2686 mei
2341 2627 2568 2685 resoluti
2600 2625 2728 2702 [Ms.
2760 2625 3054 2699 immutati]
3088 2635 3217 2683 sunt
3273 2641 3289 2682 :
3351 2632 3409 2681 et
3443 2639 3546 2697 ego

1941 2725 2008 2782 ad
2039 2723 2269 2782 nihilum
2301 2722 2556 2780 redactus
2583 2737 2731 2791 sum,
2753 2729 2811 2777 et
2847 2719 3078 2778 nescivi.

2019 2817 2089 2875 Ut
2114 2817 2421 2890 iumentum
2451 2815 2633 2872 tactus
2663 2829 2783 2870 sum
2815 2811 2959 2886 apud
2989 2819 3066 2884 te,
3097 2817 3156 2868 et
3189 2823 3293 2882 ego
3327 2822 3548 2880 semper

1944 2921 2151 2970 tecum.

2013 3003 2257 3062 Tenuisti
2277 3017 2495 3060 manum
2530 3000 2850 3058 sdexteram
2880 3013 3081 3066 meam,
3108 3006 3163 3055 et
3191 2997 3246 3055 in
3273 2995 3550 3054 voluntate

1947 3107 2036 3154 tua
2059 3097 2332 3154 deduxisti
2362 3111 2448 3152 me
2484 3113 2498 3151 :
2532 3105 2586 3152 et
2613 3109 2735 3151 cum
2764 3092 2939 3166 gloria
2982 3089 3330 3166 assumpsisti
3362 3104 3470 3145 mc.

2017 3188 2158 3259 Quid
2188 3188 2334 3244 enim
2365 3187 2497 3244 mibi
2529 3195 2703 3244 restat
2734 3185 2788 3242 iu
2811 3183 2992 3243 εωιοῖ
3030 3193 3084 3240 ct
3117 3198 3146 3238 a
3174 3192 3229 3240 te
3251 3181 3381 3256 quid
3405 3180 3552 3237 volui

1866 3269 1913 3334 Ο
1946 3299 2113 3357 super
2145 3283 2398 3342 terram?

2018 3376 2378 3435 Defecithcor
2401 3393 2584 3435 meum
2617 3385 2672 3435 et
2693 3391 2824 3434 caro
2856 3390 2975 3434 mea
2998 3393 3010 3433 :
3030 3375 3179 3433 Deus
3212 3373 3396 3433 cordis
3417 3372 3548 3444 mei,

1945 3480 2004 3530 et
2032 3485 2162 3543 pars
2191 3485 2310 3528 mea
2339 3470 2485 3528 Deus
2514 3469 2568 3526 in
2590 3469 2812 3526 szecula.

2026 3563 2158 3633 Quia
2189 3579 2339 3630 ecce,
2373 3564 2464 3636 qui
2489 3563 2829 3634 eloagantse
2860 3576 2892 3618 a
2921 3568 2976 3618 te
3009 3558 3261 3633 peribunt
3290 3577 3302 3616 :
3353 3557 3552 3633 perdes

1951 3670 2142 3714 omnes
2167 3657 2258 3728 qui
2297 3655 2639 3711 l'ornicantur
2665 3653 2763 3711 abs
2786 3664 2860 3709 te.

2025 3749 2152 3805 Mihi
2173 3755 2356 3806 autem
2385 3747 2670 3804 adbzerere
2696 3747 2809 3803 Deo
2842 3745 3042 3802 bonum
3067 3753 3150 3802 est
3191 3760 3206 3802 :
3257 3758 3459 3818 ponere
3489 3742 3544 3800 in

1955 3841 2188 3901 Domino
2221 3842 2333 3900 Deo
2359 3855 2512 3914 spem
2542 3854 2742 3898 meam.
2829 3887 2831 3889 .

1953 4036 2132 4097 θέτηγα
2157 4032 2457 4090 derivatum
2487 4027 2598 4101 est),
2618 4037 2666 4085 et
2689 4025 2974 4101 reprobabo
3001 4068 3016 4093 ,
3068 4030 3270 4101 quaeet
3301 4020 3554 4101 secundis

1954 4092 2102 4161 curis
2157 4107 2210 4161 in
2259 4120 2325 4160 eo
2373 4117 2475 4156 ms.
2523 4092 2903 4171 subiungitur,
2948 4092 3010 4153 et
3043 4092 3110 4150 ab
3157 4095 3260 4171 alia
3304 4092 3550 4171 ejusdem

1953 4177 2131 4235 (ἕτεροί
2165 4176 2312 4232 verbi
2347 4174 2582 4230 lectione
2608 4163 2820 4244 gemina
2851 4163 3230 4244 interpretatio
3258 4163 3552 4244 est_in_La-

1957 4251 2072 4304 tino
2097 4291 2112 4313 ,
2164 4263 2260 4318 pro
2307 4235 2637 4318 repp-abavi;
2669 4241 2815 4318 quin!
2862 4235 3062 4318 rectius
3091 4237 3218 4291 olim
3249 4235 3552 4318 obtinebat.

1957 4305 2218 4388 Sequitur
2246 4305 2726 4389 cum'Augustino',
2753 4311 2821 4366 Et
2853 4310 3052 4379 suscepi
3081 4323 3388 4389 cognoscere
3415 4305 3556 4361 :Itoc

1957 4376 2126 4460 labor,
2158 4402 2300 4455 ctc.;
2336 4399 2444 4442 tum
2476 4376 2839 4460 Diapsalmate
2886 4376 3285 4460 praetermisso,
3335 4376 3552 4460 verum:

1877 4455 1924 4514 D
1952 4449 2126 4547 tamen.
2153 4449 2364 4533 propter
2395 4449 2722 4547 dolosit‘atem
2751 4449 2970 4526 posuisti
2999 4453 3053 4506 in
3077 4451 3152 4506 eis
3183 4451 3340 4516 mala,
3367 4449 3559 4547 deieci-

1951 4535 2016 4589 sti
2042 4527 2162 4601 eos,
2176 4527 2293 4587 cuin
2318 4532 2708 4586 extollerentur.
3429 4527 3448 4590 Ι

2028 4623 2049 4664 τ
2077 4623 2145 4678 Et
2175 4622 2370 4694 copula
2414 4619 2819 4694 praetermissa,
2868 4611 3202 4694 Veronensis
3245 4612 3398 4683 juxta
3419 4611 3560 4694 ‘Atl¢

1953 4704 2095 4763 gust.
2122 4679 2224 4750 ms.
2247 4679 2456 4748 'miuoi'i
2487 4705 2715 4746 numero
2744 4679 3077 4763 iniquitatem
3103 4679 3260 4763 suam
3300 4679 3553 4763 praefert,

1951 4754 2006 4824 ὅι
2048 4783 2172 4821 mox
2223 4765 2504 4835 imaginem
2545 4754 2845 4835 eorum,_et
2887 4754 3242 4827 subsequenti
3292 4768 3472 4822 versu,
3505 4762 3556 4806 et

1953 4855 2059 4893 non
2085 4831 2450 4908 cognovifpro
2501 4842 2548 4888 et
2586 4831 2798 4887 nescivi.

2025 4939 2051 4978 8
2084 4928 2248 4984 Iidem
2281 4927 2404 4982 libri
2438 4941 2648 4980 manum
2671 4924 2896 4978 dexterae
2931 4935 3075 4977 mete.
3121 4917 3223 4980 Et,
3257 4914 3396 4980 Quid
3421 4915 3557 4968 enim

1953 5000 2080 5055 mihi
2107 5011 2177 5055 est
2208 5002 2259 5053 in
2287 5000 2431 5054 caelo.
2471 4999 2546 5052 De
2574 4993 2929 5063 subsequcnti
2958 5006 3116 5047 versu
3140 5031 3155 5055 ,
3204 4987 3302 5063 ubi
3327 4985 3556 5063 dicitur

1955 5073 2173 5127 inverso
2204 5073 2417 5135 ordine,
2448 5087 2536 5122 cor
2561 5056 2819 5134 meumjet
2851 5080 2973 5117 caro
3008 5056 3369 5135 meakvidesis
3391 5060 3552 5124 epist.

1952 5145 2020 5198 ad
2052 5144 2312 5197 Sunniaut
2342 5129 2415 5197 et,
2447 5129 2748 5196 lt‘retclami
2805 5137 3059 5202 Sequitur
3087 5151 3099 5186 ε
3137 5129 3395 5202 Quoniam
3443 5145 3556 5183 ecce

1952 5217 2041 5288 qui
2070 5216 2308 5285 elongant
2338 5231 2390 5266 se
2427 5231 2459 5267 a
2489 5222 2536 5266 te
2568 5209 2814 5283 (August.
2870 5199 3020 5327 longe
3052 5220 3115 5283 _se
3147 5199 3370 5274 faciunt)
3414 5203 3558 5282 peri-

1957 5290 2079 5327 lmnt
2115 5302 2126 5313 -
2151 5285 2425 5327 nni-dirlisti
2447 5299 2621 5327 nrnnas
2647 5280 2758 5327 nui-
2792 5286 2899 5327 etc.
2926 5275 2954 5327 Α
2988 5274 3060 5327 illi
3111 5282 3288 5327 autem
3333 5272 3552 5327 admnai

1956 5272 2079 5340 bunt
2109 5302 2126 5338 :
2151 5272 2759 5358 p‘bt'ditlistiomnes-qui,
2792 5272 3060 5358 etc.1l1ilti
3111 5272 3552 5358 autemnadiungi

1955 5345 2454 5428 (.tug.,'adhtererc)
2490 5353 2596 5407 Deo
2619 5345 2807 5404 bimum
2837 5356 2912 5402 est
2935 5363 2952 5401 :
2974 5362 3165 5418 ponere
3189 5345 3241 5398 in
3274 5345 3384 5398 Deo
3416 5359 3560 5413 spem

1959 5446 2005 5483 nt
2011 5446 2069 5482 ea
2075 5446 2121 5482 ιη
2130 5468 2142 5482 .

2029 5520 2057 5559 ιι
2086 5523 2404 5578 l’crversum
2439 5519 2580 5572 hunc
2611 5513 2859 5572 ordinem
2888 5508 3154 5582 qtlwsdam
3189 5511 3427 5564 tenuisse
3457 5525 3556 5563 suo

1957 5601 2203 5662 tempore
2233 5601 2465 5645 testatur
2496 5591 2634 5662 idem
2668 5587 3032 5662 Hieronymus
3062 5599 3076 5635 :
3109 5597 3232 5636 cum
3267 5583 3552 5648 legendum

1957 5667 2027 5719 sit
2062 5655 2118 5718 ut
2155 5665 2207 5717 in
2248 5663 2474 5717 adversa
2516 5660 2766 5714 columna
2798 5697 2811 5716 ,
2856 5655 3051 5723 ltefccit
3079 5669 3202 5706 caro
3252 5669 3364 5705 utea
3395 5664 3442 5705 et
3470 5668 3557 5703 6-1·

1959 5751 2147 5790 meum.
2200 5735 2461 5789 Similiter
2505 5745 2662 5785 versu
2715 5729 2888 5794 primo
2931 5726 3320 5793 subsequentis
3360 5723 3551 5794 [lSalltii

1960 5808 2100 5862 male
2154 5806 2292 5874 apud
2326 5805 2546 5874 Guarinus
2605 5793 2795 5869 legitur
2841 5798 3034 5854 ordine
3063 5805 3399 5851 commutato
3423 5812 3466 5860 ,-··
3486 5793 3552 5848 1.ἰ

1961 5879 2083 5948 quid
2111 5873 2378 5948 repulisti,
2413 5873 2571 5930 Deus.
2616 5874 2795 5929 MART.
