4090 6338
524 351 627 411 251

1487 353 1574 419 ⁷8.
1618 355 2003 416 IIIERONYMI
2044 357 2277 421 DIVINA
2319 358 2797 427 BIBLIOTIIECA.

3723 377 3838 437 252

602 466 670 524 Ut
729 468 1032 526 annuntiem
1077 486 1251 528 omnes
1299 473 1695 546 prmdicationes
1738 481 1888 544 tuas,
1920 488 1981 530 σε»
2018 482 2045 513 α
2074 475 2127 530 in
2154 483 2211 547 Α
2308 478 2374 537 Ut
2401 468 2719 542 annimtiem
2760 500 2951 545 omnes
2983 485 3169 547 laudes
3192 496 3345 562 tuas,
3375 490 3431 550 in
3488 493 3657 569 portis
3710 494 3840 555 ﬁlias

524 562 690 634 portis
725 563 851 635 ﬁlice
881 562 1013 621 Sion
1054 564 1077 636 ζ

2234 569 2388 628 Sion.

1808 684 2175 753 PSALMUS
2216 686 2516 754 LXXIII.

1024 800 1391 847 INTELLICTUS
1425 802 1616 847 ASAPB.

597 900 794 974 Ulquid
820 945 835 970 ,
873 899 1041 971 Deus,
1086 904 1323 976 repulisti
1355 906 1412 962 in
1448 904 1643 976 ﬁuem.’
1671 903 1835 960 iratus
1856 910 1932 959 est
1974 904 2127 975 furor

526 1005 645 1052 tuus
673 1011 831 1064 super
850 1010 966 1051 om
992 1010 1202 1069 pascuae
1227 999 1373 1055 tua?

600 1089 806 1146 Memor
846 1098 956 1146 esto
998 1092 1412 1167 congregationis
1457 1099 1563 1147 tua:
1594 1106 1614 1146 :
1648 1092 1807 1162 quam
1847 1088 2126 1163 possedisti

527 1182 590 1238 ab
622 1183 795 1239 initio.

598 1275 883 1332 Redemisti
924 1277 1124 1349 virgam
1166 1276 1486 1334 hwreditatis
1528 1287 1671 1334 tute:
1700 1293 1851 1336 mons
1890 1277 2025 1335 Sion
2070 1276 2128 1332 in

526 1384 627 1440 quo
649 1364 899 1423 habitasti
925 1368 979 1424 in
1007 1384 1087 1425 eo.

599 1460 736 1517 Lera
793 1478 982 1517 manus
1030 1470 1147 1517 tuas
1192 1462 1246 1518 in
1298 1461 1570 1536 superbius
1614 1478 1797 1520 eorum
1832 1462 1889 1519 in
1935 1460 2131 1535 ﬁnem;

525 1565 721 1628 quanta
747 1552 1062 1628 malignatus
1092 1565 1168 1612 est
1188 1552 1436 1612 inimicus
1469 1552 1525 1612 in
1551 1554 1773 1613 sancto!

603 1663 666 1704 σξ-
703 1647 766 1703 Et
797 1646 820 1718 ζ
853 1647 1064 1720 gloriati
1090 1658 1206 1706 sunt
1233 1652 1324 1724 qui
1351 1650 1573 1708 oderunt
1602 1661 1674 1721 te,
1726 1651 1785 1708 in
1814 1648 1985 1708 medio
2040 1666 2132 1707 so-

526 1740 810 1799 lemnitatis
840 1752 963 1799 tute.

2483 809 2856 859 lNTBLLEC't'l'S
2884 812 3050 858 ΑεΑνιι
3076 799 3206 875 [Πσ.
3239 816 3341 861 ιιιθι
3372 802 3586 878 λειω.

2306 906 2376 963 Ut
2396 910 2525 980 quid
2555 912 2804 982 repulisti
2837 929 2969 985 nos,
3004 915 3168 983 Deus,
3202 916 3257 973 in
3288 918 3498 979 tinem?
3539 920 3715 978 iratus
3752 930 3839 980 est

2232 998 2261 1038 ει
2294 999 2446 1058 mror
2474 1010 2600 1061 tuus
2627 1018 2797 1076 super
2814 1020 2947 1065 oves
2971 1008 3151 1080 gregis
3179 1011 3302 1069 tui?

2306 1095 2580 1154 Memento
2626 1099 3068 1173 congregationis
3118 1112 3225 1159 tua:
3258 1118 3463 1177 :quam
3522 1108 3724 1163 creasti
3759 1109 3832 1166 ab

2235 1186 2413 1245 initio.

2303 1281 2569 1340 Liberasti
2595 1284 2800 1357 virgam
2833 1286 3171 1345 haereditatis
3207 1298 3314 1347 tua:
3349 1307 3364 1346 :
3397 1305 3556 1348 mons
3603 1293 3739 1351 Sion
3771 1293 3833 1352 iu

2234 1389 2346 1447 quo
2376 1376 2591 1435 habitas
2621 1379 2675 1435 in
2719 1380 2980 1453 idipsum.
3274 1446 3278 1450 _

2308 1468 2474 1526 Eleva
2498 1484 2718 1528 manum
2751 1481 2896 1528 tuam
2927 1472 2983 1530 in
3014 1475 3326 1547 superbiam
3350 1490 3541 1535 eorum
3562 1479 3616 1536 in
3648 1479 3841 1550 tinem,

2236 1570 2437 1635 quanta
2468 1564 2797 1636 malignatus
2833 1574 2919 1623 est
2968 1568 3218 1626 inimicus
3268 1569 3323 1626 in
3357 1573 3562 1629 sanctis
3610 1575 3749 1630 tuis!
3787 1583 3848 1630 et

2237 1656 2455 1729 gloriati
2479 1667 2611 1715 sunt
2635 1659 2729 1733 qui
2757 1670 2811 1718 te
2836 1660 3094 1734 oderunt,
3129 1664 3185 1721 in
3215 1664 3398 1722 medio
3423 1665 3563 1724 atrio
3596 1669 3728 1725 tuo!

610 1833 905 1895 Posuerunt
925 1837 1076 1913 signa
1097 1854 1194 1894 sua
1212 1838 1385 1913 signa,
1422 1854 1481 1897 σι-
1508 1849 1557 1899 et
1578 1855 1680 1899 non
1706 1838 1730 1910 ζ
1758 1846 2130 1915 cognoverunt,
2163 1822 2212 1886 Β
2308 1839 2618 1897 Posuerunt
2642 1840 2795 1914 signa
2823 1857 2920 1901 sua
2944 1845 3120 1917 signa,
3150 1853 3208 1903 et
3252 1858 3360 1903 non
3414 1853 3825 1919 cognoverunt,

533 1927 669 1983 sicut
701 1929 755 1982 in
778 1928 917 1984 exitu
939 1946 1095 2003 super
1114 1946 1396 1991 summum.

607 2036 670 2078 +
707 2024 874 2093 Quasi
914 2023 936 2094 ζ
970 2025 1025 2083 in
1058 2025 1189 2083 silva
1232 2026 1494 2100 lignorum
1525 2025 1786 2086 securibus
1827 2024 2135 2082 exciderunt

532 2118 724 2185 ianuas
751 2119 866 2191 ejus
887 2116 941 2178 in
962 2116 1194 2193 idipsum
1218 2133 1238 2176 :
1266 2120 1438 2175 securi
1472 2129 1521 2177 et
1576 2119 1722 2176 ascia
1748 2117 2043 2193 dejecerunt
2068 2130 2134 2174 -ιη

533 2222 648 2261 eam
682 2206 705 2277 ζ

601 2299 953 2359 Incenderunt
976 2304 1088 2376 igni
1110 2306 1474 2364 sanctuarium
1500 2312 1647 2363 tuum
1672 2304 1727 2360 in
1746 2313 1904 2375 terra,
1937 2300 2138 2376 pollue-.-

530 2404 650 2450 rnnt
676 2394 1062 2451 tabernaculum
1089 2399 1312 2453 nominis
1345 2399 1444 2453 tui.

602 2489 859 2548 Dixerunt
919 2491 974 2549 in
1035 2493 1191 2549 corde
1252 2509 1349 2550 suo
1403 2492 1643 2567 cognatio
1699 2506 1881 2549 eorum
1927 2485 2136 2545 simul:

534 2579 561 2621 ι)
574 2582 832 2656 quiescere
854 2583 1108 2654 faciamus
1121 2601 1295 2643 omnes
1320 2585 1431 2643 dies
1453 2589 1612 2657 festos
1633 2582 1734 2641 Dei
1757 2602 1792 2639 a
1813 2594 1972 2639 terra.

605 2679 775 2752 Signa
796 2687 974 2733 nostra
1002 2694 1107 2735 non
1131 2679 1378 2747 uidimus,
1410 2682 1529 2755 jam
1548 2696 1655 2737 non
1704 2688 1780 2737 est
1818 2677 2076 2753 propheta
2114 2690 2133 2731 :

532 2783 579 2828 ct
607 2789 698 2828 nos
722 2789 826 2828 non
858 2782 1130 2843 cognoscet
1152 2771 1401 2845 amplius.

607 2862 908 2935 Usquequo,
936 2861 1105 2934 Deus,
1132 2863 1505 2937 improperabit
1530 2864 1773 2920 inimicus
1792 2865 1818 2921 2
1840 2867 2013 2926 irritat
2041 2869 2136 2927 ad-

531 2955 791 3010 uersarius
820 2970 1007 3011 nomen
1034 2964 1179 3011 tuum
1211 2956 1265 3011 in
1295 2956 1500 3027 ﬁnem?

610 3046 677 3103 Ut
698 3048 823 3121 quid
842 3049 1031 3109 anatis
1054 3065 1268 3105 manum
1302 3050 1480 3111 tuam?
1508 3059 1559 3106 et
1581 3049 1849 3109 dexteram
1880 3062 2026 3111 tuam
2070 3056 2135 3112 de

536 3142 702 3197 medio
728 3144 848 3199 sinu
872 3148 962 3201 tuo
987 3142 1038 3197 in
1064 3143 1219 3214 ﬁnem
1237 3145 1264 3201 ?

2240 1935 2381 1991 sicut
2410 1934 2465 1991 in
2492 1935 2575 1992 via
2599 1950 2762 2010 supra
2792 1952 3062 1997 summum
3091 1941 3247 2013 quasi
3295 1943 3349 1999 in
3375 1941 3508 1999 silva
3541 1941 3842 2013 lignorum.
3920 1928 3924 1932 Δ

2313 2027 2610 2087 Securibus
2631 2029 2954 2088 exciderunt
2978 2032 3176 2105 januas
3196 2033 3316 2106 ejus
3346 2032 3400 2089 in
3431 2032 3669 2106 itlipsum
3700 2051 3715 2089 :
3756 2034 3846 2091 hi-

2240 2121 2405 2192 penni
2431 2130 2489 2179 et
2510 2122 2657 2179 ascia
2679 2122 2999 2195 dejecerunt
3035 2136 3151 2182 eas.

2310 2215 2676 2272 Iocenderunt
2703 2216 2815 2288 igni
2842 2216 3219 2274 sanctuarium
3248 2225 3397 2274 tuum
3431 2217 3485 2275 in
3518 2226 3690 2288 terra,
3721 2218 3844 2292 pol-

2239 2306 2462 2365 luerunt
2483 2307 2898 2365 tabernaculum
2922 2307 3160 2366 nominis
3192 2311 3291 2365 tui.

2310 2401 2577 2461 Dixerunt
2606 2401 2658 2457 in
2681 2401 2850 2459 corde
2871 2416 2972 2459 suo
2999 2412 3023 2441 ο
3048 2402 3300 2475 cognatio
3329 2416 3519 2460 eorum
3549 2404 3693 2461 inter
3722 2419 3787 2463 se
3822 2422 3840 2462 :

2238 2495 2445 2562 venite,
2475 2495 2898 2569 comprimamus
2925 2510 3119 2553 omnes
3163 2493 3281 2553 dies
3331 2496 3501 2554 festos
3547 2497 3763 2555 Domini
3807 2513 3842 2555 a

2239 2595 2407 2647 terra.
2470 2660 2475 2667 ί

2307 2678 2471 2751 Signa
2502 2688 2688 2735 nostra
2711 2695 2817 2736 non
2834 2679 3106 2749 vidimus,
3135 2681 3247 2752 jam
3270 2699 3381 2739 non
3409 2692 3493 2739 est
3524 2682 3837 2755 propheta:

2236 2782 2288 2831 ct
2313 2786 2411 2828 nos
2439 2788 2545 2828 non
2574 2780 2868 2845 cognoscet
2914 2773 3170 2849 amplius.

2311 2865 2623 2935 Usquequo,
2655 2863 2823 2934 Deus,
2856 2865 3255 2937 improperabit
3294 2863 3589 2922 inimicus?
3642 2865 3825 2929 irritat

2234 2957 2582 3013 adversarius
2610 2972 2810 3013 nomen
2838 2965 2988 3013 tuum
3016 2954 3071 3012 in
3100 2956 3266 3013 tinem
3291 2956 3315 3011 ?

2308 3049 2377 3107 Ut
2403 3048 2530 3121 quid
2552 3050 2757 3106 avertis
2786 3049 2977 3107 faciem
3011 3045 3212 3108 tuam’?
3252 3058 3308 3106 et
3353 3048 3636 3108 dexteram
3688 3058 3840 3107 tuam

2235 3140 2302 3198 de
2329 3140 2509 3197 medio
2535 3140 2655 3197 sinu
2679 3150 2771 3197 tuo
2798 3141 2852 3196 in
2882 3139 3087 3198 tinem?

609 3230 747 3286 Deus
795 3242 969 3289 autem
1014 3249 1108 3290 rea:
1148 3242 1323 3290 noster
1364 3241 1491 3290 ante
1541 3233 1756 3303 sazcula,
1789 3246 2029 3310 operatus
2061 3253 2117 3297 σίν
2155 3220 2201 3283 C
2304 3234 2448 3290 Dens
2494 3242 2675 3289 autem
2729 3248 2825 3289 rex
2886 3241 3072 3290 noster
3102 3244 3232 3290 ante
3277 3231 3477 3291 smcula
3514 3250 3529 3290 :
3576 3240 3844 3307 operatus

539 3335 562 3364 ε
595 3335 668 3381 est
700 3327 723 3403 ζ
752 3327 978 3382 salutem
1008 3328 1064 3385 in
1088 3329 1261 3384 medio
1293 3336 1470 3388 terra.

609 3415 688 3473 Tu
709 3420 1030 3489 conﬁrmasti
1055 3421 1109 3476 in
1146 3423 1334 3479 virtute
1382 3434 1472 3479 tua
1517 3440 1715 3483 mare:
1768 3425 2125 3484 contribulasti

537 3509 711 3579 capita
737 3511 1027 3571 draconum
1050 3514 1106 3569 in
1129 3514 1303 3586 aquis.

610 3603 688 3658 Tu
713 3608 1013 3680 confregisti
1042 3609 1216 3677 capita
1247 3610 1493 3669 draconis
1519 3626 1540 3668 :
1564 3611 1758 3669 dedisti
1782 3629 1919 3693 eum
1957 3630 2130 3671 escarn

536 3700 745 3770 populis
766 3699 1103 3775 {Ethiopunh

612 3846 639 3874 ιι
670 3837 832 3913 llaud
855 3840 990 3895 bene
1018 3839 1249 3896 Palatio.
1286 3856 1388 3897 IIIS.
1418 3841 1472 3896 in
1507 3842 1943 3913 pricpositioncm
1972 3844 2131 3901 dum-

543 3917 681 3962 laxat
715 3910 873 3963 tlbcin
906 3927 996 3977 pra
1019 3922 1188 3968 tltttnt.

612 3978 639 4017 δ
668 3980 937 4051 Insignior
965 3996 1043 4065 est
1076 3984 1178 4038 isto
1205 3985 1385 4066 lotus,
1415 3999 1573 4054 quam
1603 3996 1672 4071 ut.
1706 4000 1736 4039 a
1781 3986 1938 4070 nobis
1966 3986 2130 4071 quid:

540 4066 699 4127 quam
734 4053 1182 4127 praltcrtniuatur
1208 4073 1274 4111 ex
1304 4056 1403 4121 iis,
1438 4053 1569 4127 φρει)
1614 4057 1765 4111 llier.
1806 4053 2026 4127 sciipsit
2064 4056 2132 4111 ad

540 4126 710 4197 Sinin.
743 4133 797 4176 rt
821 4123 967 4197 Fr_el.
1005 4141 1018 4176 :
1054 4124 1118 4179 In
1148 4132 1342 4190 cadent,
1375 4123 1568 4197 inquit,
1604 4123 1934 4182 incendamus
1955 4146 2130 4184 attines

540 4193 647 4247 dies
679 4198 833 4272 festos
866 4193 963 4250 Dei
988 4214 1019 4249 a
1051 4206 1215 4265 terra;
1245 4215 1341 4270 pro
1369 4193 1473 4268 quo
1502 4198 1553 4272 in
1575 4197 2025 4272 Gra’coscriptum
2055 4209 2132 4255 est

540 4267 1055 4342 xaranadowpsv,_et
1086 4285 1177 4323 nos
1208 4266 1279 4322 ita
1306 4266 1666 4342 transtulimus
1694 4266 2017 4342 :_Qaiescere
2049 4271 2131 4342 fa-

541 4335 735 4414 ciamus
762 4334 935 4414 omnes
962 4338 1071 4393 dies
1118 4343 1273 4414 festos
1313 4334 1411 4394 Dei
1445 4357 1477 4394 a
1506 4352 1664 4395 terra.
1706 4334 1787 4394 Εἴ
1807 4343 1961 4396 miror
2003 4334 2132 4414 quo-

544 4406 696 4483 rnodo
717 4425 744 4461 e
770 4406 932 4483 latere
958 4406 1341 4483 annotationem
1380 4422 1611 4466 nostram
1634 4414 1802 4467 nescio
1830 4414 1943 4483 quis
1975 4406 2131 4469 teme-

542 4479 1061 4557 rarius‘scribendam
1098 4482 1151 4537 in
1176 4499 1389 4557 corpore
1414 4484 1700 4557 putaverit,
1730 4479 1885 4557 quam
1916 4501 2008 4540 nos
2038 4502 2130 4557 pro

543 4550 829 4628 eruditione
860 4551 1073 4624 legentis
1104 4550 1533 4628 scripsimus/ioc
1569 4550 1719 4609 modo
1743 4550 1778 4610 ἐ
1815 4554 1942 4610 Non
1982 4550 2132 4611 habet

543 4621 991 4702 ζᾳταπαύρ-ωμὶνη
1027 4634 1083 4679 ut
1109 4621 1319 4702 quidam
1346 4633 1573 4702 putant,
1591 4629 1689 4702 sed
1703 4629 2129 4702 ξιᾳτᾳκαύσωμεν,

543 4692 611 4771 id
624 4701 698 4747 est
722 4734 736 4757 ,
776 4687 1131 4771 incendamus:
1166 4695 1233 4749 Et
1252 4687 1391 4771 quia
1419 4687 1595 4752 retulit
1625 4699 1749 4771 mihi
1779 4700 1839 4753 S.
1879 4687 2138 4771 presbyter
2168 4687 2218 4750 D

544 4760 801 4839 Firmus,
820 4765 907 4832 qui
931 4765 1091 4837 hujus
1119 4760 1291 4837 operis
1324 4779 1535 4823 exactor
1566 4770 1664 4839 fuit
1682 4811 1697 4834 ,
1727 4771 1860 4824 inter
1879 4760 2135 4835 plurimos

540 4831 662 4912 hinc
680 4831 1284 4912 habitantqudstionent.
1314 4840 1524 4912 planius
1553 4831 1617 4894 de
1646 4831 1742 4894 hoc
1762 4831 2134 4910 disputandum

540 4906 758 4962 videtur.
786 4906 851 4963 In
875 4906 1034 4964 ne».
1058 4906 1407 4982 seriptam'est
1431 4926 1775 4969 sanenucuou
1798 4906 1906 4970 nos
1931 4929 2036 4970 om
2067 4930 2135 4969 Et.

542 5040 743 5081 ωλιιεε
766 5023 967 5110 (vas:
990 5033 1063 5085 7t:
1085 5031 1274 5089 uva:
1299 5008 1556 5097 5:13:12?)
1592 5044 1605 5078 :
1638 5025 1780 5097 quod
1821 5026 2047 5099 Aquila,
2088 5036 2135 5083 et

544 5115 886 5196 Symmachus
915 5126 1219 5196 verterunt,
1246 5119 1552 5196 ἐνεπρρισαν
1579 5120 1754 5181 πάσας
1779 5123 1876 5196 τὰς
1901 5142 2139 5196 συναγωο

541 5191 638 5259 νὰς
658 5195 750 5245 τοῦ
781 5196 936 5252 Θεοῦ,
977 5189 1032 5243 id
1062 5198 1138 5244 est
1158 5231 1170 5255 ,
1204 5189 1539 5244 incenderunt
1566 5206 1742 5246 omnes
1786 5189 2137 5250 solemnitates

544 5259 641 5313 Dei
657 5260 709 5312 in
729 5270 884 5315 terra.
925 5260 1142 5325 Quinta,
1162 5262 1487 5319 κατέκαυσαν
1503 5304 1516 5323 ,
1540 5262 1593 5316 id
1614 5270 1711 5328 est,
1726 5261 2131 5321 combussernnt.

542 5331 737 5394 Sea'ta,
775 5334 1179 5404 κατακαύσωμςν
1200 5373 1217 5400 ,
1246 5333 1302 5386 id
1333 5343 1437 5395 est,
1479 5333 1839 5387 comburamus
1869 5348 1888 5389 :
1915 5336 2051 5404 quod
2083 5348 2133 5393 et

545 5403 894 5484 Septuaginta
919 5402 1468 5486 juxta_'ﬂeatttplorum
1492 5402 2132 5486 veritatemtranstulisse,

541 5472 872 5552 perspicuum
902 5472 993 5552 est.
1020 5472 1335 5552 Tlteodgtion
1362 5491 1561 5546 quoque
1586 5478 1949 5552 iunupiawptja
1962 5480 2130 5552 vCrlii.

542 5544 597 5619 id
627 5552 731 5619 est.
763 5544 1150 5600 succendamus.
1183 5544 1269 5599 E1:
1296 5562 1401 5619 quo
1431 5544 1757 5619 perspicuum
1790 5544 1870 5603 cst'
1890 5550 1965 5605 sic
1994 5544 2130 5616 psal-

544 5616 773 5686 lendum,
805 5628 860 5669 ut
889 5633 980 5670 nos
1006 5617 1332 5686 interpretati
1364 5616 1572 5684 sumus;
1599 5628 1646 5672 et
1673 5628 1840 5673 tamen
1872 5620 2136 5674 sciendum

542 5687 666 5759 quid
690 5685 951 5741 chraica
977 5690 1166 5742 veritas
1194 5687 1399 5742 habeat.
1432 5686 1551 5742 Hoc
1577 5690 1717 5744 enim
1745 5690 1883 5760 quod
1906 5690 2133 5760 Septua-

544 5761 687 5831 ginta
714 5759 1129 5831 transtulerunt,
1145 5768 1351 5831 propter
1374 5768 1674 5831 vetustatem
1701 5761 1753 5814 in
1786 5760 2018 5816 Ecclesia
2045 5762 2137 5816 de-

547 5827 860 5903 cantandurn
896 5836 970 5903 est
990 5870 1003 5892 ,
1039 5838 1086 5882 et
1117 5827 1250 5883 illud
1266 5829 1351 5903 _t_tb
1373 5829 1592 5903 eruditis
1622 5830 1894 5903 sciendum
1927 5841 2137 5903 propter

548 5902 785 5955 notitiam
816 5899 1231 5969 Scripturarum.
1262 5899 1412 5957 Unde
1438 5902 1481 5956 si
1508 5901 1630 5972 quid
1656 5919 1749 5974 pro
1791 5899 1965 5959 studio
2001 5899 2032 5959 θ’
2058 5902 2137 5960 ια-

2234 3334 2319 3384 est
2344 3325 2575 3382 salutem
2608 3326 2660 3380 in
2690 3324 2874 3382 medio
2898 3336 3082 3382 terrae.

2300 3416 2383 3477 'I‘u
2403 3418 2739 3475 conﬁrmasti
2773 3418 2831 3475 in
2874 3416 3077 3475 virtute
3106 3428 3192 3475 tua
3226 3435 3377 3477 mare
3411 3438 3425 3476 :
3454 3428 3509 3476 tu
3540 3417 3827 3477 contribu-

2231 3514 2353 3571 lasti
2392 3514 2569 3586 capita
2600 3512 2896 3569 draconqu
2941 3528 3108 3585 super
3128 3529 3319 3591 aquas.

2302 3607 2384 3664 Tu
2410 3604 2727 3679 confregisti
2763 3616 2932 3680 caput.
2971 3608 3238 3666 draconis
3289 3605 3310 3647 ί
3361 3608 3544 3680 magni
3578 3625 3593 3663 :
3639 3606 3843 3665 dedisti

2232 3717 2358 3761 eum
2378 3701 2431 3758 in
2458 3715 2642 3758 escam
2670 3702 2874 3772 populo
2910 3698 3257 3773 Ethiopum.

2235 3849 2343 3895 tere
2366 3836 2605 3891 additum
2630 3845 2706 3891 cst
2727 3878 2741 3901 ,
2770 3853 2875 3891 non
2901 3835 3048 3890 debet
3084 3838 3208 3908 poni
3238 3835 3294 3889 in
3322 3849 3565 3906 corpore,
3607 3849 3670 3888 ne
3696 3835 3843 3906 prio.

2234 3928 2343 3966 rem
2369 3908 2757 3965 translationem
2784 3924 2878 3978 pro
2900 3908 3228 3961 scribentium
3257 3908 3517 3961 uoluntate
3547 3910 3838 3961 conturbet.

2241 3983 2422 4045 Vides,
2450 3983 2647 4044 lector,
2674 3996 2833 4049 quam
2864 3980 3023 4049 longe
3049 3978 3240 4032 abeant
3276 3995 3305 4031 a
3342 3990 3525 4032 mente
3555 3979 3608 4033 S.
3636 3979 3840 4032 Docto-

2237 4054 2334 4121 ris,
2366 4053 2457 4124 qui
2485 4066 2682 4124 inagna
2707 4051 3022 4124 stomacho,
3052 4065 3114 4104 ac
3142 4057 3259 4124 toto
3297 4050 3604 4124 animm-nni
3632 4050 3841 4124 impetu

2240 4119 2473 4194 prohare
2513 4122 2758 4177 nituntur
2788 4120 3086 4194 Ecclesia":
3131 4120 3331 4194 Cltristi
3374 4119 3641 4194 abiecisse
3672 4120 3837 4194 Ilclir.

2239 4191 2609 4263 chronologizn
2640 4193 2758 4247 IIIII‘I
2786 4191 3065 4263 Genescos
3091 4191 3408 4255 veritatem;
3437 4191 3561 4260 quia
3588 4195 3753 4246 semel
3784 4193 3838 4248 in

2239 4283 2382 4321 anno
2425 4267 2478 4320 in
2512 4261 2782 4319 iEcclesiis
2837 4261 3159 4317 decantauit
3195 4269 3417 4332 propter
3454 4263 3839 4333 antiquitatem

2239 4336 2586 4403 chronologia
2614 4335 2755 4390 LXX
2783 4335 3165 4403 lnterpretum,
3185 4350 3303 4403 quae
3330 4349 3395 4387 ex
3421 4332 3695 4389 Chronico
3728 4336 3839 4389 Eu-

2240 4410 2463 4466 sebiano
2500 4406 3043 4479 initartyrotoginm
3093 4407 3395 4479 Romanum
3444 4403 3839 4479 derivata_est.

2241 4482 2419 4538 Mam.
2458 4509 2532 4522 —
2576 4477 2808 4533 Verbum
2849 4478 3109 4544 quiescere
3147 4477 3306 4532 obelo
3347 4485 3653 4546 prii-notant
3686 4477 3842 4534 Pala-

2241 4555 2383 4608 tinus
2416 4566 2519 4607 ms.
2549 4559 2603 4601 et
2635 4549 2826 4604 Carus.

2316 4634 2339 4662 ο
2370 4624 2500 4677 Sine
2528 4621 2689 4675 obelo
2716 4622 2766 4676 in
2796 4619 3044 4675 Palatino
3071 4634 3173 4675 ms.
3201 4629 3276 4675 est
3305 4618 3524 4687 legitur.

2312 4692 2339 4731 d
2370 4693 2699 4748 Veronensis
2730 4706 2859 4756 ms.,
2888 4693 3055 4747 iratus
3072 4700 3148 4747 est
3168 4692 3374 4745 animus
3392 4705 3511 4745 tuus
3537 4707 3695 4756 super
3722 4706 3842 4745 oves

2244 4780 2448 4837 pascuae
2474 4772 2595 4837 tute.
2620 4764 2708 4830 Et,
2738 4780 2892 4833 quam
2930 4764 3204 4837 possedisti
3242 4761 3309 4837 ab
3362 4762 3531 4837 initio.
3572 4761 3842 4837 Liberaui

2240 4833 2998 4912 uirgamvirtutis‘tute.mons
3032 4833 3184 4912 Sion.
3234 4833 3289 4912 in
3339 4850 3441 4912 qup
3495 4834 3739 4912 Ιιαρὶιᾳδιὶ
3786 4835 3841 4888 in

2240 4904 2538 4965 eo.'Elet'as
2551 4922 2732 4960 manus
2752 4914 2891 4973 tuas,
2922 4917 3054 4971 etc.,
3076 4907 3128 4958 in
3156 4906 3324 4958 medio
3345 4904 3687 4959 sulentnitatis
3711 4913 3838 4961 tute.

2244 4982 2311 5038 Et
2331 4978 2685 5048 subsequenti
2716 4993 2899 5042 versu,
2926 4977 3059 5031 sicut
3107 4977 3369 5048 ingressus
3396 4975 3648 5047 desuper,
3698 4983 3839 5029 tant-

2241 5069 2396 5123 quam
2412 5046 2563 5114 silva,
2582 5058 2713 5115 etc.,
2737 5050 2879 5123 ascia
2909 5048 3191 5123 et_bipenni
3213 5046 3673 5123 dejecerttntcam.
3705 5048 3840 5123 Qum

2243 5116 2592 5191 subsequitur
2638 5122 2926 5191 perienpc,
2955 5116 3305 5191 Incendcrunt
3339 5118 3446 5187 igni
3476 5118 3839 5191 sanctuarium

2243 5188 2488 5260 tuum,in
2516 5209 2580 5248 eo
2606 5188 2704 5246 ms.
2740 5191 3123 5255 desideratur;
3157 5190 3209 5243 in
3265 5190 3451 5243 Grmca
3484 5200 3665 5243 autem
3718 5188 3839 5259 ejus

2237 5265 2431 5336 pagina
2463 5263 2913 5336 pauloseqniorc
2958 5277 3118 5317 manu
3173 5262 3477 5331 suppletur,
3520 5261 3838 5332 enepyrisan

2234 5334 2295 5393 en
2316 5334 2440 5407 pyri
2470 5350 2522 5390 to
2554 5334 2858 5407 agiastirion
2891 5349 2974 5388 su.

2327 5355 2375 5406 pi
2396 5354 2439 5391 rt
2470 5354 2522 5390 I0
2554 5354 2858 5407 (lgillSlll'lOll
2891 5354 2974 5388 su.

2312 5354 2701 5465 eieroncnsis
2747 5420 2875 5470 ms.,
2924 5401 3254 5473 cognationes
3306 5418 3484 5456 eorum
3532 5403 3586 5456 in
3626 5418 3790 5457 unum
3820 5419 3840 5458 :

2236 5481 2369 5537 venit
2401 5480 2523 5551 (pro
2570 5475 2778 5551 venite),
2822 5478 3226 5547 comprimantus
3272 5489 3449 5551 omnes
3485 5475 3838 5530 solemnitatrs

2242 5550 2337 5605 Dei
2367 5547 2593 5618 a'terra,
2623 5547 2789 5618 Signa
2812 5556 2984 5618 nostra
3010 5563 3111 5599 non
3142 5547 3499 5618 cegnovimns,
3529 5554 3576 5599 et
3608 5560 3710 5618 non
3759 5556 3838 5600 est

2240 5624 2394 5675 etiam
2441 5615 2719 5694 proiilteta,
2749 5627 2854 5672 etc.
2888 5617 3081 5694 Altero
3126 5615 3219 5669 ab‘
3252 5616 3355 5669 hoc
3384 5631 3584 5694 versu,
3619 5615 3686 5671 Ut
3713 5618 3843 5694 quid

2237 5687 2465 5746 avertist’i
2518 5706 2729 5744 manum
2768 5696 2911 5745 tuam
2955 5698 3003 5742 et
3050 5692 3315 5742 dexteram
3358 5695 3502 5742 tuam
3548 5687 3614 5741 de
3666 5689 3842 5744 medio

2240 5765 2387 5818 sinus
2411 5763 2505 5831 tui,
2533 5773 2663 5827 ctc.;
2698 5771 2808 5814 tum
2842 5759 3149 5831 contrivisti,
3183 5758 3689 5831 promontribnlasti.

2317 5833 2336 5871 τ
2364 5828 2502 5890 Illud
2525 5833 2720 5906 magni,
2746 5832 2797 5886 in
2828 5830 3123 5906 Veroncusi
3149 5837 3606 5906 nts_.,transvcrs:1
3634 5828 3839 5887 lineola

2244 5919 2307 5962 ac
2337 5906 2549 5980 punctis
2588 5899 2914 5973 subnotatis,
2936 5899 3143 5973 jamdiu
3171 5901 3302 5957 olim
3347 5912 3680 5974 expunctum
3714 5911 3834 5959 cst:
