4090 6338
194 277 291 337 957

1504 280 1709 339 LIBER
1751 280 1872 341 PSA
1882 280 2195 341 LMORUM.

3375 283 3484 343 2.58

260 393 496 466 Cogitavi
516 394 627 450 dies
649 395 909 468 antiquos.
939 408 998 452 οξ-
1025 405 1076 452 et
1106 396 1129 467 ζ
1158 412 1325 479 unitos
1345 404 1567 454 ccternos
1593 414 1643 454 ἡ
1682 406 1709 436 ει
1730 399 1784 454 in
1814 400 1861 461 Α
1961 400 2202 472 Cogitavi
2234 397 2351 456 dies
2378 399 2655 473 antiquos:
2689 408 2744 458 et
2770 414 2943 457 annos
2969 406 3204 456 teternos
3226 398 3279 455 in
3305 406 3486 455 mente

201 490 221 558 ζ
249 500 414 543 mente
442 489 623 544 habui.

263 595 322 635 -θ
355 580 423 635 Et
460 580 481 648 ζ
515 582 799 637 meditatus
826 600 940 638 sum
970 594 1120 640 nocte
1148 602 1265 640 cum
1312 585 1471 640 corde
1522 602 1633 642 meo
1662 584 1690 625 δ
1724 601 1786 643 σξ-

193 683 236 731 et
262 675 283 741 ζ
316 676 641 730 exercitabar
670 684 717 731 et
738 678 1009 748 scapebam
1037 678 1274 751 spiritum
1297 696 1483 734 meum.

261 767 533 839 Numquid
560 769 616 822 in
644 778 893 825 internum
922 771 1161 843 projiciet
1193 771 1375 828 Deus?
1402 784 1423 813 ε
1452 782 1542 828 aut
1564 790 1668 828 non
1698 791 1790 845 ap-

195 871 339 932 ponet
362 871 417 915 ut
445 862 805 936 complacitior
832 865 897 919 sit
918 864 1133 919 adhuc?

260 957 365 1012 Aut
391 958 446 1011 in
472 959 628 1027 ﬁnem
656 959 1061 1015 misericordiam
1113 977 1261 1016 suam
1301 960 1550 1031 ubscidet,
1585 977 1617 1015 a
1643 977 1796 1034 gene-

195 1051 391 1107 ratione
418 1052 470 1105 in
494 1053 927 1125 generationem?

260 1144 365 1198 Aut
387 1144 720 1200 obliviscetur
764 1146 992 1201 misereri
1036 1145 1219 1202 Deus?
1268 1155 1361 1201 aut
1414 1145 1689 1202 continebit
1740 1144 1796 1200 in

196 1242 269 1296 ira
294 1254 355 1293 σθ
390 1255 486 1294 sua
511 1239 534 1309 ζ
566 1240 949 1295 misericordias
978 1241 1138 1296 suas?
1164 1241 1491 1297 DMPSALIIA.

264 1330 330 1385 Et
357 1331 496 1399 dixi,
526 1347 585 1388 -z—
628 1332 786 1388 Nunc
815 1334 836 1402 ζ
864 1333 1030 1406 coepi:
1059 1331 1169 1388 lucc
1201 1335 1415 1389 mutatio
1445 1332 1672 1389 dextera:
1711 1346 1800 1386 ea:-

201 1424 338 1478 celsi.

266 1516 472 1572 llemor
499 1516 580 1588 [ui
604 1532 815 1589 aperum
842 1514 1094 1575 Domini:
1118 1519 1242 1591 quia
1268 1535 1462 1575 memor
1489 1534 1575 1575 ero
1608 1517 1672 1573 ab
1698 1518 1802 1573 ini-

202 1612 267 1666 tio
291 1611 611 1666 mirabilium
640 1621 866 1667 tuorum.

266 1701 331 1757 Et
353 1702 645 1758 meditabor
662 1705 714 1759 in
737 1704 970 1761 omnibus
992 1705 1228 1779 operibus
1254 1706 1353 1762 tuis
1378 1721 1395 1761 :
1415 1715 1463 1761 et
1482 1706 1533 1761 in
1556 1705 1803 1761 adiuven-

204 1795 423 1850 tionibus
449 1796 552 1851 tuis
576 1796 873 1853 exercebar.

272 1887 437 1955 Deus,
478 1891 534 1945 in
581 1902 760 1947 sancto
800 1893 884 1946 ria
924 1902 1034 1960 tua,
1066 1893 1181 1965 quis
1226 1891 1365 1948 Deus
1395 1910 1611 1965 magnus
1667 1894 1799 1948 sicut

208 1985 338 2042 Deus
376 2002 441 2042 οξ
472 1989 685 2043 noster?
719 1989 741 2059 ζ
776 1998 829 2042 tu
861 2005 912 2044 es
943 1986 1105 2057 Deus,
1129 1991 1215 2061 qui
1245 1990 1373 2062 facis
1394 1988 1675 2045 mirabilia.

272 2078 467 2134 Notam
494 2080 662 2153 fecisti
692 2082 744 2136 in
771 2082 973 2154 populis
1017 2082 1257 2138 virtutem
1300 2093 1441 2137 tuam
1484 2100 1501 2137 :
1544 2082 1804 2138 redemisti

206 2170 252 2227 in
278 2173 496 2228 brachio
533 2189 591 2229 έ-
621 2183 709 2228 tuo
743 2174 764 2245 ζ
799 2173 1051 2246 populum
1080 2184 1223 2229 tuum
1262 2175 1402 2246 ﬁlios
1448 2173 1612 2230 Jacob
1642 2184 1687 2231 et
1708 2174 1806 2231 Jo-

208 2270 344 2340 sspli.
384 2269 723 2326 Drusum.

284 2358 538 2418 Viderunt
561 2372 609 2418 te
629 2379 799 2435 aqum,
832 2362 987 2431 Dens,
1006 2363 1242 2421 viderunt
1264 2372 1311 2420 te
1332 2380 1479 2437 aqua:
1500 2381 1520 2421 :
1544 2374 1591 2422 et
1614 2365 1803 2420 timue-

208 2466 343 2525 runt,
377 2466 427 2511 et
456 2458 678 2511 turbatce
702 2465 820 2511 sunt
848 2458 1040 2528 abyssi.

276 2548 566 2607 Multitudo
597 2552 796 2607 sonitus
817 2569 1069 2623 aquarum
1096 2568 1303 2608 :t'ocem
1332 2551 1590 2607 dederunt
1618 2551 1800 2606 nubes.

277 2640 490 2699 Etenim
530 2646 733 2719 sagitta:
758 2653 861 2701 tua:
906 2652 1217 2700 transeunt:
1248 2660 1345 2700 eoa;
1376 2644 1589 2699 touitrui
1631 2645 1709 2699 tui
1754 2645 1810 2698 in

211 2747 340 2793 νοια.

295 2828 599 2887 “luxerunt
622 2831 1002 2887 coruscationss
1030 2840 1134 2887 tute
1164 2828 1272 2887 orbi
1301 2830 1326 2868 α
1360 2845 1421 2886 -εα
1457 2838 1605 2886 teme
1630 2830 1651 2900 ζ
1674 2845 1814 2885 com-

215 2934 349 2980 mota
371 2934 445 2979 cst
478 2935 526 2980 et
555 2926 861 2980 contremuit
885 2935 1041 2981 terra.

282 3018 347 3073 In
378 3021 516 3075 mari
543 3020 627 3075 uia
655 3029 765 3090 tua,
793 3028 837 3075 et
864 3020 1057 3075 semita:
1087 3028 1189 3076 tute
1236 3020 1289 3076 in
1316 3019 1462 3092 aquis
1504 3018 1681 3075 multis
1708 3036 1727 3075 :
1765 3028 1813 3074 et

216 3114 426 3185 vestigia
458 3124 547 3167 tua
570 3129 673 3167 non
705 3123 1096 3186 cognoscentur.

1894 494 2079 552 habuL

1966 589 2034 644 Et
2067 587 2364 643 meditatus
2392 603 2510 644 sum
2540 596 2697 644 nocte
2728 603 2850 643 cum
2883 586 3049 643 corde
3079 601 3240 642 meo:
3280 584 3299 624 ί
3328 599 3490 642 exer-

1893 681 2122 750 citabar,
2151 690 2204 736 et
2230 680 2558 736 ventilabam
2585 681 2638 735 in
2672 696 2759 735 me
2786 678 3036 751 spiritum
3066 694 3269 735 meum.

1969 776 2034 831 Et
2061 774 2196 841 dixi,
2224 773 2493 843 Numquid
2518 775 2570 830 in
2599 782 2866 831 ueternum
2901 773 3153 844 projiciet
3182 772 3370 829 Deus?
3396 782 3491 829 aut

1896 885 2005 924 non
2038 876 2295 939 apponet,
2326 877 2383 923 ut
2406 868 2808 939 beueplacitum
2839 868 2911 924 sit
2943 869 2991 923 ei
3026 867 3238 922 adhuc?
3286 874 3381 922 attt
3436 868 3489 923 in

1898 968 2059 1023 linem
2083 966 2509 1025 misericordiam
2541 982 2696 1023 suam
2729 965 2977 1022 abscidet
3004 980 3035 1021 a
3074 963 3279 1021 sarculo
3310 972 3366 1020 et
3397 978 3491 1035 ge-

1899 1061 2226 1118 neratione?

1969 1152 2238 1225 Numquid
2264 1153 2620 1209 obliviscetur
2651 1152 2897 1209 misereri
2922 1152 3096 1209 Deus?
3127 1158 3220 1209 aut
3244 1150 3491 1208 contine-

1900 1245 1977 1303 bit
2002 1246 2054 1300 in
2084 1245 2161 1299 ira
2188 1245 2620 1301 misericordiam
2645 1245 2835 1301 suam?
2859 1245 3186 1301 DIAPSALIA.

1976 1339 2041 1394 Et
2060 1337 2167 1394 dixi
2196 1356 2208 1390 :
2232 1338 2383 1394 Nunc
2410 1338 2572 1410 cmpi,
2606 1336 2721 1393 lucc
2752 1346 2835 1393 est
2875 1339 3103 1394 mutatio
3132 1339 3376 1394 dexterae
3402 1351 3498 1393 ex-

1901 1434 2061 1503 celsi;
2095 1448 2308 1491 memor
2341 1435 2414 1489 iui
2443 1449 2668 1505 operum
2710 1432 2946 1505 Domini,
2996 1433 3123 1505 quia
3172 1448 3381 1490 memor
3401 1447 3498 1489 ero

1902 1529 1971 1587 ab
2002 1528 2156 1584 initio
2179 1525 2511 1583 mirabilium
2544 1535 2781 1581 tuorum.

1977 1705 2044 1762 Et
2073 1701 2362 1761 meditatus
2390 1717 2512 1760 sum
2537 1702 2589 1759 iu
2623 1702 2875 1759 omnibus
2910 1704 3169 1776 operibus
3192 1704 3295 1760 tuis
3322 1721 3332 1758 :
3360 1704 3491 1761 etin

1828 1802 1875 1865 B
1904 1800 2371 1860 observationibus
2400 1798 2505 1856 tuis
2532 1815 2620 1855 me
2647 1799 2942 1856 exercebo.

1977 1895 2120 1953 Deus
2142 1895 2195 1949 in
2238 1902 2429 1950 saneto
2450 1895 2538 1951 via
2572 1902 2684 1961 tua,
2714 1894 2836 1963 quis
2890 1894 3028 1947 Deus
3083 1908 3308 1963 magnus
3359 1892 3498 1947 sicut

1908 1988 2054 2046 Deus
2086 1986 2310 2043 uoster?
2340 1995 2392 2041 tu
2412 1976 2484 2042 es
2511 1986 2673 2049 Deus,
2698 1985 2790 2056 qui
2816 1984 2950 2040 iacis
2979 1985 3245 2041 mirabilia
3270 1986 3436 2041 solus.

1978 2082 2169 2136 Notam
2200 2078 2374 2136 fecisti
2406 2079 2458 2135 in
2494 2078 2705 2149 populis
2745 2078 2998 2133 virtutem
3025 2087 3168 2133 tuam
3204 2096 3215 2131 :
3266 2078 3507 2133 liberasti

1909 2177 1961 2232 in
1991 2175 2213 2231 brachio
2244 2181 2336 2227 tuo
2378 2157 2634 2244 p0pulum
2669 2180 2819 2228 tuum
2845 2171 2983 2228 filios
3008 2171 3175 2228 Israel
3197 2179 3253 2226 et
3275 2171 3501 2241 Ioseph.

1909 2268 2220 2323 DIAP.~ALIIA
2253 2264 2383 2339 [Με.
2410 2277 2509 2321 (ac.
2545 2264 2894 2336 DIAPSALuA].

1986 2360 2250 2416 Viderunt
2276 2367 2327 2414 te
2352 2373 2528 2429 aqum,
2562 2357 2727 2423 Deus,
2754 2358 3005 2413 viderunt
3035 2365 3086 2412 te
3115 2371 3269 2428 aqum
3296 2373 3310 2412 :
3341 2366 3394 2412 et
3442 2356 3507 2411 ti-

1912 2460 2188 2518 muerunt,
2226 2451 2454 2506 turbata:
2482 2460 2609 2505 sunt
2651 2450 2859 2522 abyssi,
2913 2449 3205 2505 multitudo
3236 2458 3262 2497 Β
3294 2449 3506 2506 sonitus

1913 2560 2198 2618 aquarum,
2225 2558 2415 2599 voc-em
2441 2543 2711 2599 dederunt
2741 2542 2938 2600 nubes.

1986 2639 2195 2695 Etenim
2224 2640 2438 2709 sagitta:
2463 2646 2568 2692 tua:
2599 2637 3036 2707 pertransicrunt
3068 2651 3081 2689 :
3114 2650 3222 2691 vox
3275 2634 3499 2691 tonitrui

1916 2734 1990 2791 tui
2016 2734 2068 2789 in
2100 2742 2240 2789 rota.
2840 2746 2841 2749 η

1988 2826 2287 2883 illuxerunt
2324 2823 2738 2882 coruscationes
2770 2834 2872 2882 tua:
2903 2823 3019 2881 orbi
3062 2832 3261 2882 terrae:
3288 2824 3423 2883 vidit
3455 2836 3509 2883 et

1915 2929 2185 2979 commota
2205 2927 2291 2977 εει
2322 2927 2490 2975 terra.

1991 3017 2049 3071 in
2075 3012 2212 3070 mari
2240 3014 2323 3067 via
2350 3021 2466 3080 tua,
2494 3020 2550 3069 et
2578 3012 2789 3068 semitae
2813 3019 2919 3068 tute
2942 3012 2995 3068 in
3019 3012 3175 3085 aquis
3201 3012 3386 3069 multis
3415 3032 3425 3067 :
3462 3024 3514 3071 ct

1919 3107 2149 3179 vestigia
2175 3115 2265 3162 tua
2288 3120 2394 3162 non
2421 3114 2841 3177 cognoscentur.

282 3206 569 3263 Deduxisti
598 3206 731 3262 sicut
760 3222 875 3263 oves
894 3206 1149 3279 populum
1174 3217 1339 3279 tuum,
1372 3207 1424 3264 in
1456 3223 1618 3264 manu
1636 3205 1809 3280 Moysi
1837 3201 1884 3268 C
1991 3198 2267 3257 Deduxisti
2315 3199 2455 3254 sicut
2496 3212 2632 3254 oves
2713 3188 2971 3270 populum
3016 3205 3203 3269 tuum,
3258 3199 3311 3255 in
3353 3216 3511 3256 manu

214 3306 257 3355 et
286 3300 486 3356 Aaron.

1920 3295 2089 3369 Moysi
2125 3302 2179 3352 et
2205 3288 2407 3350 Aaron.

1520 3453 1660 3516 PSA
1671 3452 1879 3517 LMUS
1923 3449 2217 3515 LXXVII
2230 3495 2244 3509 .

717 3568 1082 3611 iNTELLBCTUS
1120 3568 1307 3610 ussru.
1342 3614 1348 3620 ,

283 3646 570 3713 Attendite,
596 3647 786 3719 popule
812 3647 933 3720 [Ms.
960 3646 1205 3717 papulus]
1234 3656 1397 3713 meus,
1422 3646 1583 3719 legem
1605 3662 1770 3701 meam
1794 3661 1814 3701 :

216 3741 462 3796 inclinate
482 3756 665 3795 aurem
685 3754 904 3795 vestram
925 3740 977 3793 in
1005 3740 1152 3794 verba
1174 3739 1276 3793 oris
1300 3740 1414 3794 mei.

283 3834 536 3907 Aperiunt
575 3833 630 3888 in
660 3831 923 3905 parabolis
954 3848 1009 3888 os
1038 3848 1209 3888 meum
1237 3848 1255 3887 :
1282 3832 1465 3904 loquar
1506 3832 1817 3905 propositio-

216 3946 301 3984 nes
319 3930 388 3983 ab
410 3930 583 3985 initio.

286 4021 504 4087 Quanta
546 4019 839 4075 audivimus
885 4028 931 4075 et
974 4020 1306 4092 cognovimus
1352 4028 1376 4057 θ
1430 4035 1511 4088 ea,
1559 4029 1606 4075 et
1644 4027 1817 4091 patres

218 4117 383 4171 nostri
414 4123 761 4171 narraverunt
788 4114 952 4170 nobis.

288 4210 418 4265 Non
443 4220 569 4265 sunt
593 4210 853 4265 occultata
874 4225 905 4263 a
933 4207 1059 4279 ﬁliis
1086 4224 1289 4275 eorum,
1316 4208 1367 4262 in
1388 4208 1718 4280 generatione
1740 4206 1820 4261 al-

216 4310 324 4357 tera
334 4345 347 4357 .

289 4393 590 4449 Narrantes
617 4394 796 4449 laudes
828 4392 1032 4450 Domini
1075 4400 1122 4449 et
1163 4394 1373 4450 virtutes
1414 4395 1550 4468 ejus,
1581 4401 1629 4449 et
1657 4393 1819 4448 mira-

218 4482 339 4541 bilia
370 4488 483 4558 ejus
514 4502 631 4558 qua:
652 4486 792 4557 fecit.

2414 3565 2781 3607 INTELLECTUS
2844 3565 3032 3608 ASAPII.

1996 3644 2294 3713 Attendite,
2321 3641 2345 3681 ¹¹
2376 3644 2571 3715 p0pule
2598 3658 2772 3713 meus,
2807 3644 2979 3715 legem
3011 3660 3184 3702 meam
3217 3665 3229 3703 :
3261 3649 3520 3709 inclinate

1924 3753 2113 3795 aurem
2143 3748 2381 3794 vestram
2409 3740 2463 3792 in
2493 3737 2657 3792 verba
2689 3738 2802 3793 oris
2832 3739 2960 3793 mei.

1998 3833 2250 3903 Aperiam
2284 3831 2337 3886 in
2375 3830 2647 3900 parabolis
2668 3845 2731 3886 os
2762 3846 2941 3886 meum
2971 3846 2984 3884 :
3024 3831 3217 3905 loquar
3266 3836 3509 3907 proposi-

1928 3928 2105 3985 tiones
2132 3928 2200 3982 ab
2230 3925 2386 3983 initio
2416 3924 2625 3996 sreculi,

1997 4022 2208 4089 Quanta
2262 4020 2565 4097 audivimus
2605 4027 2661 4075 et
2711 4022 3069 4093 cognovimus
3097 4039 3160 4081 ea
3192 4044 3204 4079 :
3257 4035 3309 4083 et
3343 4034 3523 4097 patres

1926 4117 2096 4175 nostri
2139 4125 2498 4173 narraverunt
2519 4115 2694 4170 nobis.
2862 4114 2865 4119 ’

1996 4210 2111 4266 Non
2135 4219 2263 4266 sunt
2292 4210 2611 4266 occultata'a
2643 4208 2767 4265 filiis
2797 4225 3009 4281 eorum,
3061 4213 3112 4268 iu
3166 4216 3524 4285 generatione

1926 4304 2098 4360 altera
2122 4303 2248 4377 [Ms.
2283 4304 2696 4375 generationem
2726 4304 2998 4377 alteram].

1997 4399 2298 4455 Narrautes
2326 4398 2514 4454 laudes
2542 4400 2751 4456 Domini
2783 4409 2836 4457 et
2859 4405 3088 4457 virtutes
3117 4400 3258 4472 ejus,
3282 4409 3336 4457 et
3362 4401 3528 4457 mirar-

1928 4492 2061 4550 bilia
2090 4492 2211 4564 ejus
2236 4507 2357 4565 qua:
2384 4491 2535 4549 fecit.

290 4690 433 4769 {All
474 4689 707 4747 Palatini
752 4702 857 4745 ms.
900 4688 1061 4769 fidem
1101 4690 1260 4769 unice
1310 4690 1366 4745 in
1390 4690 1649 4769 _voculam
1684 4708 1833 4769 ‘veru‘
1860 4695 1913 4756 D
1940 4691 2353 4769 it_tise1icordiaiit
2384 4710 2530 4769 suam
2551 4693 2779 4769 abscide!
2805 4712 2835 4748 a
2857 4694 3099 4769 progenie
3120 4695 3171 4749 in
3197 4698 3534 4769 progeniem?

218 4763 587 4827 conlodimus,
613 4777 736 4816 cum
762 4772 924 4815 antea
950 4762 1065 4830 ipsa
1091 4764 1254 4817 etiam
1288 4763 1454 4818 verba
1483 4775 1648 4818 mente
1674 4765 1833 4818 habui

214 4834 618 4903 jugularentur.
662 4833 727 4888 Et
748 4843 835 4889 est
871 4842 1052 4890 tamen
1095 4835 1150 4889 iu
1190 4834 1421 4891 Hebraeo
1450 4846 1653 4902 nam,
1686 4845 1740 4892 et
1780 4840 1831 4892 in

218 4906 414 4978 (ira-cit
440 4907 714 4978 ἐμνήσθην.

289 4976 320 5016 ι)
362 4975 476 5032 Hoc
510 4975 873 5047 Symmachus
911 4976 1053 5047 apud
1100 4977 1488 5049 Hieronymum
1520 4977 1682 5034 vertit
1714 4982 1835 5040 ἀνη·

218 5049 657 5127 ρεύνῳνηὶά-εδι,
688 5050 1070 5117 perscrutabor,
1096 5049 1211 5104 sive
1227 5050 1550 5127 ‘quterebu‘m.
1578 5050 1755 5105 Mam.

297 5132 320 5157 ε
359 5121 596 5174 Palatio.
634 5134 716 5173 ms
738 5130 784 5173 et
814 5135 912 5189 pro
962 5130 1075 5184 aut,
1127 5122 1354 5177 verius:
1410 5120 1588 5174 minus
1644 5133 1829 5177 autem

218 5202 377 5317 Eecte
402 5191 550 5315 (ιμοᾴ
584 5194 809 5247 verbum
838 5204 1062 5262 opponet
1102 5191 1260 5247 obelo
1288 5201 1581 5263 praenotat,
1608 5192 1751 5263 quod
1774 5204 1829 5248 et

264 5279 404 5317 arus
451 5274 581 5317 cett.
822 5316 825 5317 ν

264 5279 404 5318 artis
433 5274 581 5318 lt‘Cll.

294 5334 322 5370 «³
346 5316 630 5401 Diximus,
655 5348 790 5405 voice
816 5316 932 5394 5:11
960 5349 1079 5405 quae
1110 5333 1163 5389 iu
1199 5333 1430 5390 Hebraeo
1457 5342 1562 5400 est,
1610 5352 1716 5391 non
1744 5352 1832 5390 or—

222 5406 337 5458 bem
386 5406 588 5468 ὰπλῶς,
636 5404 732 5460 Sed
761 5406 939 5459 orbem
984 5404 1139 5459 terra:
1166 5406 1443 5472 deuolari,
1490 5417 1653 5476 atque
1699 5407 1837 5463 adeo

224 5492 395 5547 posse
417 5479 635 5531 obclum
660 5477 788 5531 huic
820 5477 935 5530 νοιοὶ
967 5476 1248 5547 praeﬁxum
1274 5479 1560 5533 commode
1592 5478 1793 5532 oudcti.

303 5560 327 5583 υ
364 5548 679 5603 Ρτςιιιοιηειι
708 5564 769 5603 ea
801 5548 1037 5603 Palatm.
1066 5563 1167 5602 ms.
1193 5551 1435 5606 etCarus
1463 5551 1619 5605 obelo
1650 5552 1842 5606 imme-

224 5620 334 5675 rito
370 5620 635 5687 iugulant.

305 5691 325 5728 ί
356 5690 416 5744 In
444 5690 742 5745 Veronensi
770 5706 899 5761 ms.,
929 5690 1202 5745 exercebar
1244 5705 1291 5747 et
1322 5693 1632 5748 rentilabam
1683 5694 1841 5761 spiri-

227 5774 338 5817 tum
374 5761 638 5815 meum.Et
655 5762 787 5828 dixi,
811 5760 1079 5830 Numquid
1106 5763 1156 5815 in
1174 5774 1420 5818 a‘ternum
1445 5766 1655 5834 repellet
1674 5760 1841 5819 Deus?

229 5845 321 5891 aut
358 5850 463 5889 non
485 5845 731 5908 opponet,
780 5844 835 5889 ut
886 5834 1170 5891 delectetur
1215 5837 1541 5894 atlliuc?aut
1584 5838 1639 5893 in
1682 5838 1839 5909 ﬁnem

1941 4767 2042 4819 Aut
2074 4766 2402 4820 obliviscetur
2427 4767 2657 4820 misereri
2706 4764 2890 4820 Deus?
2918 4764 3008 4820 aut
3059 4764 3332 4822 continebit
3363 4772 3414 4823 in
3457 4772 3536 4823 ira

1941 4854 2034 4891 sua
2059 4838 2443 4891 miserationem
2468 4840 2655 4892 suam?
2674 4837 2831 4901 Tum,
2856 4838 2966 4891 haec
2990 4839 3283 4893 immutatio
3308 4841 3533 4895 dixti-ro:

1942 4908 2151 4977 excelsi,
2178 4917 2493 4962 memoratus
2536 4926 2651 4961 sum
2682 4925 2895 4977 operum
2924 4908 3043 4974 Dei,
3075 4920 3179 4963 etc.
3219 4910 3281 4963 Et
3316 4912 3535 4963 meditu-

1942 4980 2034 5033 bor
2058 4981 2107 5033 in
2129 4980 2366 5033 onmibus
2408 4981 2652 5048 aper-ibus
2695 4982 2821 5043 tuis,
2848 4988 2898 5034 et
2938 4981 2989 5032 in
3025 4979 3384 5045 ulleclionibus
3430 4988 3533 5039 tuis

1940 5051 2192 5122 garriam.
2228 5051 2425 5106 Omnia
2459 5052 2629 5106 ferme
2657 5066 2720 5105 ex
2749 5050 3071 5122 Augustino.

2014 5132 2039 5169 ε
2064 5123 2207 5177 Idem
2235 5137 2367 5189 ms.,
2386 5131 2432 5176 et
2460 5122 2777 5177 conturbata:
2798 5132 2915 5175 sunt
2942 5120 3134 5188 abyssi,
3159 5122 3437 5179 multitudo
3459 5142 3546 5179 so-

1944 5210 2043 5247 nus
2068 5210 2343 5263 aquarum.
2371 5194 2744 5269 Tunrsagitta:
2771 5203 2876 5246 nia:
2906 5192 3308 5269 pertransibunt.
3338 5197 3546 5269 Μώρ-

1942 5274 2230 5335 paruerunt
2273 5265 2655 5319 coruscationes
2710 5275 2813 5317 tua:
2861 5265 2972 5335 orbi
3020 5273 3186 5329 terrae,
3212 5265 3547 5323 commota'et

1944 5331 2381 5409 contremebunda
2404 5338 2545 5406 facta
2573 5344 2646 5389 est
2668 5345 2826 5409 terra.
2851 5331 2916 5387 In
2935 5335 3065 5387 mari
3089 5343 3162 5409 est
3182 5337 3263 5390 via
3278 5349 3390 5405 tua,
3410 5351 3543 5409 etc.,

1945 5418 2107 5476 atque
2140 5406 2258 5461 lure
2286 5405 2545 5477 pleraque
2575 5405 2753 5459 omnia
2780 5421 2899 5477 eum
2936 5408 3253 5472 Augustino.

2020 5475 2049 5516 λι
2082 5482 2272 5533 Denuo
2287 5475 2421 5533 eum
2451 5477 2751 5550 Augustino
2791 5475 2931 5531 idem
2957 5493 3084 5550 gms.
3111 5548 3115 5550 _
3141 5480 3389 5550 papulus,
3437 5488 3548 5535 tum

1950 5550 2163 5621 eloquar
2186 5565 2286 5621 pro
2317 5551 2526 5620 loquar,
2555 5550 2606 5601 in
2637 5547 2791 5617 cujus
2824 5549 3076 5621 versiculi
3102 5547 3424 5605 line'uomcn
3455 5569 3552 5607 stc-

1952 5618 2057 5674 culi
2090 5618 2471 5675 reticeturQEt
2498 5620 2658 5686 paulo
2691 5629 2844 5687 past:
2881 5618 3002 5673 Non
3022 5630 3141 5674 sunt
3164 5622 3469 5677 abscondita
3520 5642 3551 5677 α

1948 5693 2238 5774 ᾐιὶῑδηρῐρ.
2271 5692 2359 5774 Et,
2394 5691 2772 5748 Annunliantes
2819 5690 2999 5748 laudes
3039 5690 3247 5749 Domini
3293 5707 3339 5750 et
3367 5703 3550 5765 poten-

1949 5774 2049 5821 ιδαδ
2072 5772 2183 5836 ejus
2200 5804 2213 5831 ,
2238 5772 2345 5823 etc.
