4090 6338
622 283 732 343 239

1628 283 1689 341 S.
1733 282 2120 345 lllERONYMl
2160 285 2392 347 DIVINA
2435 287 2917 348 BlBLlOTIlECA.

3805 296 3921 366 360

694 399 768 457 Et
814 398 1086 479 suscitavit
1131 397 1488 457 testimonium
1517 401 1571 457 in
1599 399 1764 457 Jacob
1804 418 1822 461 :
1869 408 1917 459 et
1944 399 2108 476 legem
2137 418 2231 477 po-
2257 407 2307 468 A
2409 405 2476 462 Et
2501 406 2789 464 suscitavit
2820 405 3187 467 testimonium
3211 408 3264 468 in
3281 407 3447 470 Iacob
3482 428 3497 467 :
3529 420 3586 471 et
3626 409 3799 487 legem
3824 428 3927 486 po-

622 494 725 551 suit
748 493 805 550 in
834 490 1024 551 Israel.

695 590 903 656 Quanta
931 587 1193 643 mandavit
1223 587 1453 656 patribus
1484 587 1675 645 nostris
1715 598 1840 644 nota
1871 588 2038 663 facere
2066 604 2127 646 ea
2158 587 2223 661 ﬂ-

620 678 705 737 liis
733 680 839 736 suis
867 696 886 735 :
919 689 973 735 ut
1000 690 1276 754 cognoscat
1306 683 1569 754 generatio
1600 683 1786 737 altera.

690 772 819 828 Filii
842 773 932 845 qui
957 784 1254 845 nascentur,
1283 784 1308 813 ει
1344 790 1403 831 σξ-
1438 784 1485 831 et
1532 776 1555 847 ζ
1595 787 1891 849 rxsurgent,
1941 785 1988 834 et
2034 792 2221 832 narra-

620 866 747 921 bunt
768 864 897 935 ﬁliis
927 866 1059 922 suis.

696 956 766 1014 Ut
792 967 991 1029 ponant
1033 959 1088 1014 in
1135 958 1243 1015 Deo
1270 974 1412 1030 spem
1444 972 1611 1029 suam,
1636 968 1683 1015 et
1714 972 1819 1016 non
1847 959 2223 1018 obliviscantur

621 1052 838 1123 cperunt
864 1047 961 1106 Dei
990 1058 1077 1105 :et
1107 1053 1359 1108 mandata
1387 1054 1502 1127 ejus
1530 1052 1825 1124 exquirant.
1856 1116 1859 1117 ν

698 1143 784 1200 Ne
833 1145 962 1215 ﬁant
1018 1146 1151 1201 sicut
1204 1158 1374 1220 patres
1423 1163 1599 1204 eorum
1643 1147 1909 1221 generatio
1956 1163 2118 1222 prava
2175 1157 2223 1205 et

621 1254 956 1309 exasperant.

691 1331 967 1389 Generatio
992 1347 1108 1403 quia
1129 1346 1233 1387 non
1262 1331 1452 1387 direxit
1475 1349 1565 1389 cor
1592 1351 1745 1391 suum
1771 1351 1792 1392 :
1830 1332 1860 1376 δ
1910 1344 1959 1392 et
2000 1353 2101 1392 non
2154 1348 2215 1392 -t-

620 1436 695 1485 est
721 1430 743 1500 ζ
770 1428 993 1483 creditus
1025 1444 1141 1483 cum
1163 1426 1272 1483 Deo
1298 1429 1513 1499 spiritus
1552 1431 1689 1502 eius.

696 1521 826 1577 Filii
856 1520 1084 1593 Ephrem
1108 1520 1438 1578 itttendettfes
1465 1530 1512 1577 et
1553 1520 1812 1581 mittentes
1838 1523 2019 1583 arcum
2048 1536 2067 1582 :
2094 1538 2221 1580 con-

622 1615 754 1669 versi
778 1602 895 1668 sunt
921 1614 976 1667 in
1000 1614 1083 1668 die
1109 1612 1254 1668 belli.

695 1705 820 1761 Non
847 1704 1204 1760 custodierunt
1230 1714 1593 1762 testamentum
1623 1705 1719 1763 Dei
1748 1723 1769 1764 :
1793 1715 1841 1762 ct
1862 1707 1918 1762 in
1949 1707 2060 1782 lege
2111 1709 2223 1782 ejus

620 1798 899 1854 uoluerunt
930 1794 1226 1853 ambulare.

695 1890 764 1944 Et
795 1890 941 1950 olliti
957 1900 1077 1946 sunt
1110 1891 1497 1963 benefactorum
1518 1895 1652 1968 ejus,
1679 1899 1731 1948 et
1746 1890 2060 1949 mirabilium
2081 1892 2218 1967 ejus,

623 1997 742 2054 qtae
771 1985 989 2038 ostendit
1016 1983 1109 2038 eis.

717 2075 906 2133 Coram
963 2078 1196 2149 patribus
1265 2097 1438 2134 eorum
1490 2079 1613 2151 fecit
1660 2078 1921 2138 mirabilia
1976 2082 2031 2138 in
2085 2089 2221 2137 terra

626 2169 868 2243 fgyplt',
902 2171 954 2225 in
981 2186 1167 2242 campo
1196 2170 1416 2227 Taneos.
1447 2180 1469 2211 ο

698 2262 983 2336 Interrupit
1030 2280 1193 2333 mare,
1248 2272 1296 2321 et
1327 2263 1570 2337 perduxit
1606 2279 1694 2321 eos
1721 2282 1742 2323 :
1763 2272 1811 2322 et
1842 2265 2019 2323 statuit
2060 2260 2221 2339 aquas

619 2356 769 2429 quasi
790 2358 843 2411 in
870 2365 1005 2412 utre.

700 2446 767 2502 Et
793 2449 1006 2505 deduxit
1031 2466 1116 2505 eos
1137 2450 1192 2506 in
1222 2449 1355 2507 nube
1380 2450 1484 2508 diei
1508 2467 1528 2508 :
1553 2459 1603 2509 et
1630 2458 1739 2508 tota
1760 2454 1910 2509 nocte
1945 2447 1999 2509 in
2021 2452 2221 2508 illumi-

624 2545 836 2602 natione
857 2547 1013 2620 ignis.

697 2635 985 2712 Interrupit
1005 2649 1202 2711 petrant
1224 2639 1279 2696 in
1299 2654 1511 2699 eremo:
1550 2650 1597 2698 et
1623 2642 1901 2716 adaquavit
1949 2661 2034 2702 eos
2084 2645 2222 2701 velut

623 2730 677 2789 in
699 2732 884 2805 abysso
912 2735 1099 2793 multa.

698 2823 766 2879 Et
795 2824 821 2864 ά
854 2828 1073 2884 deduxit
1102 2845 1290 2901 aquam
1318 2833 1380 2887 de
1404 2841 1551 2905 petra

623 2918 843 2992 [lumina
863 2937 1044 2993 aquas.

695 3014 765 3069 Et
786 3025 1139 3089 opposuerunt
1168 3015 1341 3072 adhuc
1367 3034 1577 3092 peccare
1603 3020 1653 3075 ei
1679 3035 1698 3075 :
1727 3020 1783 3075 in
1808 3020 1938 3077 iram
1961 3018 2085 3096 [iis
2111 3022 2217 3077 sic-

622 3104 702 3177 ut]
731 3109 1075 3164 excitaverunt
1095 3109 1355 3165 excelsum
1383 3111 1435 3166 in
1466 3113 1736 3182 inaquoso.

695 3199 765 3255 Et
786 3210 1106 3257 tentaverunt
1130 3202 1299 3257 Deum
1329 3203 1379 3258 in
1401 3203 1643 3260 cordibus
1665 3206 1775 3262 suis
1820 3223 1841 3263 .'

620 3309 762 3349 escas
782 3293 1052 3349 animabus
1077 3294 1204 3350 suis.

699 3385 766 3441 Et
800 3398 824 3425 υ
852 3402 907 3442 σξ-
941 3389 1077 3443 male
1106 3388 1129 3458 ζ
1156 3387 1317 3443 locuti
1337 3399 1455 3444 sunt
1482 3390 1546 3446 de
1574 3389 1683 3446 Deo
1707 3402 1726 3446 :
1748 3387 2012 3460 dixerunt,
2044 3391 2217 3448 Num-

623 3480 748 3553 quid
769 3482 956 3550 poterit
988 3477 1131 3534 Deus
1154 3496 1339 3551 parare
1370 3499 1600 3538 mensam
1630 3486 1683 3539 in
1704 3484 1944 3542 deserto?

699 3572 957 3640 Quoniam
979 3573 1229 3644 percussit
1256 3584 1476 3648 petram,
1509 3584 1559 3630 et
1576 3578 1845 3648 ﬂuxerunt
1869 3594 2023 3651 aqua:
2044 3596 2063 3635 :
2097 3577 2118 3618 τ
2168 3588 2215 3636 et

628 3673 875 3722 torrentes
902 3665 1308 3721 inundaverant.

653 3810 655 3813 .
698 3759 971 3834 Numquid
991 3771 1041 3819 et
1069 3780 1254 3833 partem
1277 3762 1465 3838 poterit
1489 3762 1655 3820 dare?
1671 3773 1763 3822 aut
1780 3782 1966 3838 parare
1989 3784 2219 3823 mensam

618 3854 811 3932 populo
831 3871 921 3910 suo
934 3855 961 3910 ?

693 3946 1043 4005 Ideoaudiuit
1072 3943 1362 4021 Dominus,
1384 3952 1433 4009 ei
1454 3953 1701 4010 distulit:
1731 3962 1778 4011 et
1806 3954 1940 4028 ignis
1970 3973 2215 4015 accensus

619 4053 692 4102 est
718 4042 904 4119 Iacob,
935 4055 980 4102 et
1006 4045 1087 4101 ira
1114 4046 1345 4103 ascendit
1386 4047 1441 4103 in
1468 4045 1658 4104 Israel.

1595 2848 1615 2889 :
1655 2843 1701 2889 et
1742 2833 1920 2891 eduxit
1958 2842 2221 2907 tamquam

621 4410 671 4468 1,
697 4339 921 4468 “Illinus
944 4352 1091 4402 recte
1113 4341 1394 4402 Palatinus
1421 4358 1525 4400 ms.
1557 4350 1610 4399 et
1658 4338 1832 4398 Carus
1887 4340 2008 4397 sine
2054 4338 2215 4398 obelo

643 4428 709 4467 ne
758 4423 942 4468 ραιηιι.

643 4414 709 4467 tie
740 4416 942 4472 legunt.

695 4432 1043 4559 “Dimidium
1068 4486 1412 4544 Martiauteus
1442 4484 1589 4559 ipsas
1616 4481 2214 4559 etnonvoculasobelo

625 4554 963 4630 confuderat,
994 4576 1117 4630 quae
1142 4568 1267 4615 sunt
1289 4554 1550 4614 tamen-in
1585 4557 1812 4611 llehrazo
1853 4554 2110 4630 m'l._an
2139 4569 2208 4630 ex

622 4626 851 4683 Palatini
883 4626 986 4685 ms.
1014 4626 1127 4686 lide
1152 4632 1217 4685 ad
1274 4631 1353 4686 sul
1376 4643 1612 4699 sequens
1642 4629 1865 4683 \‘erlnum
1914 4627 2208 4681 substanti-

622 4713 748 4753 vuut
773 4716 902 4755 veru
928 4701 1325 4766 transtulimus,
1350 4703 1520 4756 Carus
1554 4713 1751 4755 neutro
1778 4701 1897 4756 loco
1923 4699 2134 4754 habuit.

698 4781 720 4841 οξ
755 4772 909 4826 Addit
938 4773 1009 4828 de
1032 4787 1130 4829 suo
1155 4774 1382 4829 Palatia.
1419 4787 1521 4827 uis.
1556 4769 1886 4841 Diapsalma.

690 4838 718 4878 ἀ
747 4842 972 4899 Rectius
1001 4844 1169 4899 ferme
1199 4845 1250 4899 in
1281 4842 1470 4898 eodem
1495 4857 1596 4897 ms.
1632 4838 1689 4897 ut
1714 4851 1768 4898 et
1792 4843 2033 4896 Romana
2086 4840 2205 4896 edi-

621 4912 1052 4983 tioneopposita,
1080 4913 1157 4987 LEt
1187 4915 1366 4987 eduxit
1395 4930 1577 4981 aquam
1606 4914 1672 4968 de
1696 4925 1862 4987 petra,
1911 4922 1957 4987 et
1991 4914 2208 4987 deduxit

621 4992 902 5064 tamquam,
925 4995 1033 5042 etc.
1064 4985 1253 5064 Grteee
1279 5004 1291 5040 :
1321 4985 1422 5042 Καὶ
1450 4984 1705 5061 eamme
1729 4984 1868 5064 ὕδωρ
1914 4985 1967 5039 ἐκ
2009 4985 2208 5064 πέτρας

617 5059 702 5111 καὶ
727 5061 1099 5137 {utrm/avsum.
1131 5058 1250 5137 1-1;
1454 5130 1467 5137 _
1524 5058 1548 5137 _V
1837 5058 1848 5064 -
1925 5127 1964 5137 ..
2006 5127 2017 5137 .
2064 5127 2095 5137 ..

695 5136 717 5165 ι·
744 5127 943 5184 Verius
966 5132 1162 5184 iterum
1193 5130 1396 5197 absque
1417 5130 1575 5185 obolo
1600 5128 1795 5193 Carus,
1825 5137 1880 5184 et
1925 5127 2205 5183 Palatinus

617 5212 722 5252 ms.
753 5199 956 5267 legunt,
987 5199 1439 5272 quemadmodum
1457 5212 1511 5255 et
1535 5203 1586 5253 in
1611 5200 1802 5256 Graeco
1830 5199 2202 5272 seruemus;

618 5281 831 5342 consult
863 5270 1056 5341 nempe
1088 5288 1150 5327 ex
1180 5273 1443 5327 orationis
1474 5273 1618 5327 sci-ie
1653 5273 1765 5342 ipSa
1798 5286 1861 5325 ac
1890 5286 2051 5342 srttstt
2097 5270 2204 5342 lle-

620 5337 1072 5416 bra-muserhum
1097 5352 1206 5405 ἘΠ
1235 5344 1305 5398 ibi
1341 5343 1562 5412 perinde
1592 5337 1736 5416 esse,
1765 5353 1927 5414 atque
1953 5340 2201 5412 obloqui,

615 5424 712 5487 seu
743 5414 891 5487 rivale,
913 5414 981 5487 de
1011 5417 1191 5487 aliquo
1219 5416 1385 5484 loqui.
1432 5486 1437 5487 γ
1596 5414 1601 5416 ⁷

692 5480 711 5519 ί
745 5482 894 5540 llaud
946 5485 1086 5543 bene
1105 5480 1116 5487 ’
1135 5487 1224 5543 hic
1271 5480 1552 5543 Palatinus
1579 5499 1661 5541 ms
1690 5492 1737 5540 et
1766 5484 2015 5554 copulam
2044 5481 2205 5539 ohelo

607 5550 822 5629 jugulat
855 5574 869 5613 :
900 5565 958 5613 et
984 5559 1334 5629 subsequeuti
1365 5562 1543 5613 versui
1575 5556 1725 5613 addit
1758 5550 2091 5629 Diapsnlma.

684 5634 710 5673 8
741 5624 973 5684 Lihrarii
1006 5624 1284 5694 tuendum,
1315 5640 1371 5684 ut
1393 5632 1594 5701 passim
1637 5628 1767 5684 alibi
1810 5624 2199 5701 iu'Veronensi

611 5706 695 5750 est
726 5711 1039 5774 nis._uotam
1067 5708 1238 5774 facere
1264 5719 1293 5753 a
1322 5699 1418 5771 pro
1446 5715 1718 5774 eam,nou
1738 5717 1821 5767 ea,
1851 5706 1912 5774 ut
1939 5699 2058 5767 ejus
2085 5699 2201 5752 edi-

610 5774 699 5843 tot:
726 5768 851 5827 libri
878 5780 1029 5843 putat
1051 5768 1078 5827 ε’
1094 5782 1183 5827 aut
1212 5768 1362 5829 certe
1381 5773 1553 5829 noluit
1572 5772 1666 5829 ille
1685 5769 1970 5839 scripsisse
1998 5777 2196 5835 uotum,

605 5837 702 5894 sed
725 5837 1047 5916 nota,'quod
1076 5845 1262 5902 verius
1287 5851 1417 5915 puto
1453 5863 1468 5903 :
1500 5844 1747 5916 sequitur
1768 5837 1911 5901 enim
1938 5850 1987 5896 et
2018 5854 2200 5896 exsur-

2326 499 2437 556 suit
2478 501 2532 557 in
2564 501 2749 559 Israel.

2398 593 2570 663 Quam
2599 597 2871 653 uruulavit
2898 598 3142 671 patribus
3171 599 3396 666 nosuis.
3446 608 3471 650 8
3504 611 3564 659 ut
3614 609 3796 658 notam
3844 604 3926 657 la-

2325 694 2513 741 cerent
2534 702 2652 743 eam
2685 688 2808 744 ﬁliis
2839 692 2954 747 suis
2974 731 2990 758 ,
3014 700 3074 747 ut
3100 702 3394 765 cognoscat
3414 696 3696 765 generatio
3726 697 3923 752 altera.

2401 780 2521 836 Filii
2546 780 2636 853 qui
2667 796 2976 857 nascentur,
3008 796 3301 858 exsurgent
3333 803 3352 843 :
3393 798 3447 845 et
3478 790 3777 845 narrabant
3799 805 3924 846 eam

2329 865 2455 929 liliis
2484 875 2617 931 suis.

2400 967 2467 1023 lit
2488 979 2692 1040 ponant
2724 968 2828 1043 [ΑΙ.
2861 970 3084 1045 ponam]
3104 973 3156 1028 in
3182 973 3291 1028 Deo
3319 988 3470 1046 spem
3500 989 3652 1035 suam
3689 992 3702 1031 :
3732 982 3922 1031 etnon

2324 1057 2723 1118 obliviscantur
2751 1076 2983 1135 cperunt
3004 1062 3100 1121 Dei
3143 1064 3227 1121 sui
3254 1082 3268 1120 :
3293 1074 3350 1123 et
3375 1067 3627 1123 mandata
3666 1066 3788 1138 ejus
3828 1080 3923 1122 ex-

2323 1153 2561 1231 quirant.
2998 1180 3002 1184 -

2403 1246 2483 1304 Ne
2508 1241 2640 1303 tiarit
2668 1248 2806 1304 sicut
2830 1258 3012 1320 patres
3041 1265 3255 1320 eorum,
3276 1266 3448 1323 genus
3471 1267 3696 1322 pravum
3721 1260 3780 1308 et
3799 1267 3924 1324 per-

2326 1352 2596 1408 amarum,‘
2638 1357 2809 1413 genus
2839 1341 2982 1411 quod
3010 1358 3117 1398 non
3155 1343 3359 1400 direxit
3387 1359 3483 1405 cor
3510 1360 3693 1412 suum,
3724 1355 3784 1402 et
3816 1360 3922 1402 nou

2325 1440 2412 1490 est
2432 1431 2678 1488 creditus
2700 1447 2823 1488 cum
2859 1432 2968 1490 Deo
2998 1433 3243 1505 Spiritus.

2397 1526 2520 1584 Filii
2552 1527 2785 1600 Ephrem
2819 1526 3165 1584 iulendentes
3190 1544 3399 1597 arcum,
3432 1538 3488 1586 et
3517 1528 3813 1588 mittentes
3834 1545 3923 1587 sa-

2324 1620 2490 1693 gittas
2519 1618 2547 1658 h
2577 1637 2703 1677 suas
2728 1639 2740 1675 :
2769 1620 3024 1678 eonrersi
3051 1631 3180 1677 sunt
3204 1621 3255 1677 in
3278 1621 3365 1678 die
3393 1621 3545 1678 belli.

2397 1713 2513 1771 N'ttt
2537 1713 2911 1771 custodierunt
2940 1722 3325 1772 testamentum
3357 1715 3450 1773 Dei
3479 1717 3603 1774 sui:
3634 1724 3690 1775 et
3717 1716 3775 1773 in
3802 1716 3922 1790 lege

2250 1807 2299 1870 B
2327 1805 2448 1880 ejus
2479 1807 2764 1863 noluerunt
2789 1805 3089 1863 ambulare.

2398 1900 2464 1957 Et
2493 1888 2643 1954 obliti
2673 1910 2801 1955 sunt
2849 1900 3253 1957 benefactorum
3300 1900 3440 1973 ejus,
3480 1910 3537 1958 et
3583 1900 3920 1959 mirabilium

2324 1993 2463 2064 ejus.
2488 2007 2607 2062 qua:
2631 1989 2869 2049 ostendit
2901 1991 2979 2049 eis
3005 2007 3188 2048 coram
3214 1992 3459 2064 patribus
3479 2009 3691 2050 eorum.

2397 2083 2546 2141 Fecit
2567 2083 2832 2141 mirabilia
2858 2085 2909 2140 in
2943 2094 3082 2142 terra
3106 2083 3349 2158 Egypti,
3377 2085 3431 2142 in
3461 2101 3653 2157 campo
3679 2085 3918 2142 'l‘aneos.

2398 2172 2692 2249 Interrupit
2721 2194 2894 2245 mare,
2924 2188 2977 2233 et
3007 2178 3259 2248 perduxit
3293 2194 3425 2235 eos:
3455 2187 3510 2235 et
3540 2179 3725 2235 statuit
3750 2193 3921 2251 aquas

2323 2271 2479 2344 quasi
2507 2271 2561 2326 in
2585 2283 2782 2326 utrem.

2398 2365 2462 2419 Et
2491 2364 2794 2420 eduxiteos
2820 2363 2872 2419 iu
2904 2363 3048 2421 nube
3069 2363 3174 2421 diei
3201 2379 3215 2419 :
3243 2373 3300 2421 et
3332 2372 3445 2420 tota
3488 2375 3649 2422 nocte
3689 2365 3741 2421 in
3797 2364 3920 2420 illu-

2322 2456 2625 2514 ntittalione
2656 2454 2817 2529 ignis.

2400 2549 2695 2620 Interrupit
2722 2548 2778 2604 in
2808 2564 2995 2609 eremo
3023 2561 3267 2622 petram:
3295 2557 3353 2606 et
3376 2550 3667 2625 adaquavit
3684 2566 3784 2609 eos
3809 2550 3920 2607 vel-

2322 2646 2376 2699 ut
2408 2641 2638 2715 athySsus
2663 2641 2851 2698 multa.

2395 2735 2461 2791 Et
2483 2734 2669 2791 eduxit
2688 2749 2878 2806 aquam
2901 2734 2970 2792 de
2993 2744 3143 2808 petra
3174 2753 3190 2793 :
3212 2744 3266 2793 et
3285 2728 3474 2794 eduxit
3491 2740 3760 2810 tamquam
3787 2733 3915 2810 [Μι.

2321 2827 2483 2902 sient]
2507 2828 2728 2884 ﬂumina
2753 2844 2942 2900 aquas.
3308 2835 3313 2840 ‘

2395 2923 2457 2978 Et
2480 2932 2857 2994 apposuerunt
2884 2922 3062 2979 adhuc
3095 2921 3107 2962 ¹
3145 2940 3371 2996 peccare
3401 2922 3451 2981 ei
3487 2942 3500 2980 :
3545 2925 3596 2979 in
3620 2919 3755 2980 iram
3785 2938 3921 2981 cou-

2321 3017 2635 3073 citaverunt
2664 3016 2941 3072 excelsum
2969 3016 3021 3071 in
3049 3017 3318 3074 siccitate.

2397 3110 2463 3166 Et
2484 3108 3010 3165 tentavermitDeum
3043 3111 3097 3164 in
3130 3110 3387 3165 cordibus
3428 3110 3562 3175 suis,
3589 3120 3640 3164 ut
3668 3118 3921 3181 peterent

1881 3214 1939 3262 ut
1988 3216 2217 3281 peterent
2244 3207 2292 3272 C
2322 3221 2477 3262 escas
2503 3204 2791 3261 animabus
2817 3205 2968 3259 suis:
2998 3214 3047 3261 et
3079 3204 3219 3260 male
3246 3205 3407 3262 locuti
3438 3216 3563 3262 sunt
3583 3205 3654 3262 de
3697 3202 3835 3272 Deo,
3866 3215 3920 3261 et

2318 3300 2596 3371 dixerunt,
2630 3298 2895 3371 Numquid
2931 3299 3129 3371 poterit
3169 3299 3312 3357 Deus
3344 3315 3538 3372 parare
3575 3314 3829 3355 mensam
3862 3298 3915 3355 in

2321 3394 2578 3452 deserto?
2624 3464 2635 3471 ἰ
2726 3408 2731 3411 “

2393 3488 2665 3558 Quoniam
2693 3489 2959 3559 percussit
2993 3494 3200 3558 petram
3221 3529 3236 3556 ,
3262 3496 3317 3544 et
3337 3488 3613 3544 ﬂuxerunt
3640 3500 3798 3559 aqua:
3826 3503 3840 3540 :
3865 3492 3918 3542 et

2324 3590 2602 3640 torrentes
2631 3580 3054 3638 inundaverant.

2395 3674 2666 3746 Numquid
2696 3684 2750 3730 et
2779 3688 2973 3746 panem
3007 3672 3212 3746 poterit
3238 3672 3401 3730 dare?
3430 3679 3524 3730 aut
3548 3686 3742 3744 parare
3767 3687 3923 3729 meti-

2323 3784 2439 3827 sant
2467 3767 2672 3841 populo
2698 3768 2842 3824 suo?

2392 3861 2519 3918 ldco
2549 3861 2753 3916 audivit
2787 3860 3067 3926 Dominus,
3099 3870 3154 3918 et
3184 3860 3508 3917 distulit:et
3535 3859 3915 3931 superposuit,

2317 3965 2374 4012 et
2416 3955 2553 4027 ignis
2605 3970 2867 4013 accensus
2920 3968 3003 4012 est
3048 3956 3101 4010 iu
3145 3954 3332 4022 Jacoli,
3351 3962 3406 4011 et
3452 3954 3532 4010 ira
3568 3951 3817 4010 ascendit
3869 3952 3920 4008 iu

2317 4048 2503 4107 Israel.

2326 4347 2465 4413 gent,
2497 4347 2545 4395 et
2567 4338 2854 4413 narrabant
2883 4357 2963 4413 ea.
2995 4347 3101 4397 etc.
3126 4337 3322 4413 Porro,
3357 4337 3429 4413 Ut
3457 4344 3655 4413 ponant
3694 4336 3746 4389 in
3777 4331 3913 4402 Deo,

2322 4411 2377 4467 et
2406 4427 2528 4466 mox
2565 4411 2778 4467 Domini
2804 4429 2901 4485 pro
2927 4412 2973 4467 D
3007 4414 3023 4466 i
3052 4413 3151 4466 sui.
3182 4412 3342 4479 Tum,
3380 4411 3462 4465 Ne
3480 4411 3608 4485 ﬁant
3649 4418 3912 4485 tamquam

2323 4491 2495 4555 patres
2528 4499 2726 4545 eorum.
2772 4479 3030 4554 glauci-alio
3079 4498 3259 4551 praua,
3293 4479 3607 4537 caacerbuns
3652 4481 3909 4551 (August.

2321 4556 2640 4625 antaricans)
2668 4571 2682 4618 ;
2708 4557 2971 4627 generatio
2996 4571 3112 4626 qua:
3150 4571 3255 4608 non
3297 4555 3518 4608 correxit
3547 4568 3634 4605 cor
3659 4567 3837 4618 suum,
3865 4557 3912 4603 et

2320 4643 2423 4680 non
2453 4627 2678 4680 creditus
2703 4644 2815 4679 cum
2841 4626 2945 4680 Deo
2973 4627 3184 4697 spiritus
3205 4641 3403 4680 eorum.

2392 4696 2417 4735 ¹¹
2447 4698 2611 4753 'l‘ucet
2639 4699 2778 4752 idem
2814 4713 2894 4752 ms
2943 4692 3087 4763 suus,
3119 4706 3230 4751 tum
3288 4697 3414 4767 legit
3459 4697 3512 4749 in
3543 4694 3722 4767 dielfus
3761 4692 3907 4767 belli.

2236 4758 2291 4822 Ῐ)
2317 4769 2492 4840 Atque
2522 4770 2715 4824 iterum
2746 4769 2819 4840 tui
2849 4778 2989 4823 taci-t
3019 4758 3139 4838 pdst
3178 4758 3375 4823 nonnon
3404 4766 3523 4840 Dei,
3554 4765 3791 4840 legitque
3823 4765 3909 4819 al-

2315 4836 2433 4896 tero
2488 4857 2645 4895 versu
2681 4883 2694 4904 ,
2768 4839 2991 4909 leue/icit
3018 4836 3129 4894 rum
3176 4843 3287 4910 ejus
3331 4846 3379 4895 et
3431 4836 3747 4892 mirabilium
3793 4850 3912 4910 qua:

2312 4914 2534 4968 ostendit
2562 4913 2634 4967 eis
2655 4926 2833 4967 coram
2875 4908 3105 4990 patribus
3129 4908 3325 4964 eorum.
3371 4909 3501 4990 Quae
3539 4909 3660 4980 [cett
3692 4908 3908 4990 mirabi-

2312 4985 2402 5043 lia,
2428 4998 2534 5037 etc.
2568 4985 2633 5036 Et
2667 5001 2813 5049 mox,
2839 4980 3067 5038 traduxi;
3105 5000 3212 5048 cos,
3237 4984 3420 5036 statuit
3465 4996 3629 5051 aquas
3657 4980 3812 5049 quasi
3849 4980 3907 5051 in

2310 5069 2439 5110 utre.
2476 5054 2757 5124 Denique;
2795 5055 2998 5123 Dirupit
3034 5066 3231 5119 petram
3274 5057 3326 5105 in
3367 5050 3590 5115 deserto,
3632 5062 3677 5104 et
3707 5050 3906 5122 potauit

2310 5143 2396 5181 eos
2418 5127 2551 5179 sicut
2574 5125 2788 5198 ubyssus
2822 5125 3003 5180 multa.
3040 5124 3138 5181 libi
3180 5126 3343 5198 etiam
3379 5136 3474 5198 pro
3516 5123 3751 5195 Dirupit,
3776 5137 3897 5192 ejus

2310 5200 2491 5253 editor
2523 5192 2751 5253 lilu-i’ait
2776 5214 2835 5255 se
2866 5203 3184 5252 emeudas~e
3215 5192 3470 5269 Disrupit.

2467 5330 2678 5382 Pulchre
2697 5329 2948 5382 mehercle
2975 5328 3180 5388 factum,
3209 5334 3258 5378 et
3287 5327 3563 5393 sapienter.

2386 5477 2399 5516 ί
2434 5477 2582 5533 Idem
2605 5491 2708 5532 ms.
2737 5478 2802 5530 εἰ
2823 5473 3110 5545 antiquaiii
3145 5484 3327 5530 tamen
3348 5486 3560 5540 errore,
3585 5478 3897 5544 peccatores,

2306 5562 2352 5605 rt
2376 5552 2424 5605 in
2450 5550 2622 5604 iram?
2647 5563 2743 5614 pro
2774 5563 2984 5615 peccare
3020 5547 3086 5607 ei.
3119 5557 3225 5600 etc.
3265 5545 3517 5608 Iuli-rius,
3567 5545 3900 5615 detraxerunt

2306 5624 2438 5683 Deo,
2474 5636 2571 5688 pro
2600 5612 2736 5673 male
2759 5612 2917 5672 locuti
2940 5627 3058 5671 sunt
3082 5619 3146 5671 de
3176 5615 3305 5678 Deo.
3331 5632 3394 5672 ac
3423 5613 3645 5675 deinde.
3680 5612 3901 5666 induxe-

2305 5702 2425 5747 runt
2453 5706 2549 5758 pro
2578 5691 2975 5744 inundaverant.
3000 5689 3135 5743 Tum
3167 5690 3341 5744 altero
3376 5688 3445 5758 ah
3480 5688 3581 5758 hoc
3613 5700 3769 5758 versu
3800 5693 3900 5758 _ta-

2307 5773 2395 5819 cet
2419 5752 2472 5818 et
2494 5762 2819 5835 stipsrposutt
2839 5777 2857 5814 :
2885 5759 3120 5835 denique
3143 5761 3295 5835 legit,
3317 5756 3649 5814 crrdiderunt
3686 5755 3741 5811 in
3786 5752 3902 5808 Do—

2306 5836 2470 5906 mino,
2493 5830 2587 5890 nec
2611 5830 2943 5906 speraverant
2971 5833 3024 5888 in
3035 5830 3259 5890 salutari
3284 5845 3402 5887 suo.
