3994 6324
170 277 264 336 act
323 231 331 244 ’

1489 282 1694 340 LIBER
1737 285 2183 346 PS.\l..\l0RUM.

3371 294 3480 354 262

243 395 377 462 Quia
406 411 512 451 non
534 394 867 452 crediderunt
900 404 926 434 ε
959 396 1011 454 in
1044 395 1193 454 Dea:
1230 411 1321 453 nec
1349 410 1687 471 speraverant
1723 401 1776 456 in
1804 405 1856 464 Α
1953 402 2090 471 Quia
2126 419 2232 459 non
2269 402 2622 464 crediderunt
2651 405 2702 465 in
2735 407 2904 470 Deum
2934 425 3092 470 suum
3119 425 3133 468 :
3167 425 3268 469 nec
3294 425 3483 485 spera-

171 489 394 545 salutari
434 494 575 564 ejus.

242 582 312 638 Et
362 585 639 640 mandauit
691 585 914 641 nubibus
965 584 1187 658 desuper

177 679 410 747 aperuit.

241 767 310 824 Et
341 771 478 843 pluit
511 771 621 827 illis
658 789 854 835 manna,
876 773 948 828 ad
990 774 1460 830 manducandum:
1510 785 1554 830 et
1597 791 1782 846 panem

171 863 288 919 cali
315 866 458 919 dedit
491 866 588 920 eis.

247 958 447 1012 Panem
477 960 786 1031 angelorum
830 961 1160 1016 manducavit
1198 961 1350 1017 homo
1375 977 1391 1015 :
1420 960 1616 1018 cibaria
1644 962 1782 1017 misit

166 1050 242 1106 eis
272 1052 322 1104 in
349 1051 700 1104 abundantia.

240 1145 539 1200 Transtulit
585 1157 825 1202 austrum
856 1146 920 1202 de
968 1145 1096 1202 cwlo
1123 1162 1141 1202 :
1170 1156 1218 1201 et
1263 1146 1469 1203 induxit
1515 1149 1568 1203 in
1599 1150 1784 1204 virtute

166 1255 268 1294 sua
285 1238 325 1292 Α
335 1239 551 1308 fricum.
797 1293 799 1295 ,

243 1329 313 1384 Et
343 1332 478 1399 pluit
510 1349 668 1406 super
696 1347 782 1387 eos
827 1332 960 1387 sicut
991 1331 1252 1406 puluerem
1294 1350 1475 1390 carnes
1511 1350 1530 1390 :
1563 1344 1613 1391 et
1650 1337 1785 1392 sicut

165 1424 196 1465 δ
225 1444 442 1482 arenam
473 1427 636 1482 maris
662 1427 897 1482 t'olatilia
921 1439 1163 1498 pennata.

245 1518 310 1573 Et
351 1520 650 1574 ceciderunt
677 1520 732 1574 in
751 1519 921 1574 medio
951 1531 1242 1576 castrorum
1273 1539 1472 1590 eorum,
1520 1523 1659 1578 circa
1705 1534 1785 1578 ta-

168 1611 455 1669 bernacula
482 1631 684 1669 eorum.

242 1705 310 1761 Et
355 1708 825 1775 manducaverunt,
875 1717 924 1763 et
953 1709 1176 1764 saturati
1202 1719 1322 1763 sunt
1363 1708 1540 1779 nimis,
1574 1720 1621 1764 et
1649 1710 1786 1765 desi-

1240 603 1259 644 .°
1308 596 1354 642 et
1406 588 1603 658 januas
1667 587 1782 644 (teli

1890 506 2085 553 verunt
2115 496 2168 553 in
2199 497 2436 555 salutare
2472 498 2612 570 ejus.

1957 589 2026 645 Et
2056 590 2336 647 mandavit
2366 592 2599 649 nubibus
2628 593 2865 667 desuper
2889 635 2905 662 ,
2955 606 3010 654 et
3045 593 3071 636 ὶι
3113 596 3308 669 januas
3355 598 3480 656 caeli

1883 684 2139 754 aperuit:
2174 685 2310 754 pluit
2356 686 2462 740 illis
2489 703 2687 744 manna
2729 690 3085 748 manducare.

1958 777 2158 833 Panem
2188 779 2314 835 caeli
2344 778 2493 834 dedit
2531 781 2611 837 eis
2634 823 2648 848 ,
2679 797 2873 852 panem
2903 784 3224 855 angelorum
3256 784 3474 842 mandu-

1884 871 2028 927 cavit
2068 871 2229 928 homo
2273 889 2288 929 :
2352 873 2830 934 frumentationem
2876 879 3026 936 misit
3073 879 3153 937 eis
3211 881 3265 937 in
3311 881 3484 937 abun-

1885 965 2109 1023 (lautia:

1961 1059 2027 1114 Et
2056 1059 2311 1116 excitavit
2341 1067 2584 1118 austrum
2619 1062 2686 1120 de
2732 1063 2913 1124 caelo:
2946 1073 3002 1123 et
3050 1066 3263 1125 induxit
3288 1069 3341 1126 in
3374 1070 3478 1127 vir-

1888 1160 2004 1210 tute
2024 1168 2119 1210 sua
2147 1153 2410 1211 Africum.

1962 1331 2026 1386 Et
2055 1330 2192 1401 pluit
2218 1345 2380 1402 super
2404 1346 2500 1388 ens
2530 1332 2678 1388 sicut
2707 1331 2988 1403 pulverem
3017 1348 3214 1392 carnes
3243 1352 3257 1390 :
3288 1345 3343 1392 et
3374 1334 3480 1393 sic-

1885 1431 1947 1481 ut
1977 1438 2196 1479 arenam
2225 1427 2391 1480 maris
2415 1425 2661 1480 volatilia
2693 1438 2950 1497 pennata.

1962 1516 2028 1571 Et
2056 1517 2371 1573 ceciderunt
2419 1518 2472 1572 in
2508 1518 2687 1575 medio
2719 1531 3024 1577 castrorum
3056 1536 3283 1591 eorum,
3339 1521 3482 1578 circa

1887 1608 2240 1664 tabernacula
2267 1625 2477 1665 eorum.

1963 1701 2030 1755 Et
2057 1700 2541 1766 manducaverunt,
2573 1709 2626 1756 et
2655 1705 2881 1758 saturati
2915 1713 3041 1760 sunt
3081 1705 3265 1772 nimis,
3293 1712 3348 1760 et
3385 1703 3482 1761 dc-

168 1798 374 1855 derinm
398 1817 580 1855 corum
605 1800 876 1857 attuliteis
909 1819 921 1854 :
952 1818 1054 1856 ηοη
1080 1811 1199 1856 sum
1227 1802 1508 1874 fraudatia
1531 1801 1786 1860 desiderio
1816 1805 1864 1865 Β
1891 1791 2147 1848 sitiet-ium
2172 1809 2360 1849 eorum
2395 1795 2575 1850 attulit
2617 1795 2698 1852 eis
2730 1815 2744 1851 :
2776 1808 2830 1852 et
2858 1814 2966 1852 non
3003 1807 3130 1853 sunt
3163 1797 3399 1854 fraudati
3450 1814 3480 1852 a

167 1911 284 1950 suo.

239 1984 427 2041 Adhuc
450 2003 586 2043 escte
624 1999 646 2027 ο
697 2004 874 2043 eorum
911 1998 1056 2044 erant
1088 1989 1140 2044 in
1183 2005 1270 2044 ore
1300 1989 1531 2061 ipsorum
1565 2005 1583 2046 :
1614 2002 1660 2047 et
1705 1991 1785 2046 ira

172 2074 274 2135 Dei
299 2080 538 2135 ascendit
565 2098 721 2152 super
746 2097 853 2136 eos.

240 2168 308 2226 Et
340 2172 529 2230 occidit
583 2173 803 2244 pingues
833 2188 1055 2244 eorum,
1095 2183 1143 2229 ct
1186 2173 1374 2230 electos
1417 2171 1584 2231 Israel
1623 2176 1784 2248 impe-

171 2261 322 2319 dicit.

238 2356 306 2411 In
336 2356 576 2412 munibus
601 2355 685 2413 his
727 2370 1066 2424 peccauerunt
1098 2362 1271 2418 adhuc
1299 2378 1316 2416 :
1343 2372 1388 2418 et
1416 2380 1517 2418 non
1547 2362 1783 2418 credide-

170 2459 287 2503 runt
322 2465 386 2504 -:——
418 2445 442 2485 ι¹
474 2451 527 2503 in
559 2449 581 2518 1
614 2450 938 2506 mirabilibus
970 2455 1108 2527 ejus.

249 2541 311 2596 Et
342 2544 646 2615 defecerunt
677 2544 730 2598 in
754 2547 981 2601 vanitate
1007 2548 1119 2602 dies
1149 2565 1323 2605 eorum
1345 2564 1362 2603 :
1384 2557 1431 2603 et
1455 2544 1582 2604 anni
1605 2564 1785 2605 eorum

176 2652 290 2690 cum
317 2638 673 2708 festinatione.

238 2728 370 2783 Cum
418 2729 673 2784 occideret
728 2746 844 2796 eos,
896 2732 1189 2804 quwt'ebant
1231 2750 1349 2788 eum

172 2822 380 2888 bantur,
411 2831 456 2878 et
484 2823 719 2879 diluculo
742 2825 1004 2880 veniebam
1039 2826 1108 2880 ad
1144 2838 1167 2865 ε
1203 2827 1391 2885 Deum.

241 2916 308 2972 Et
352 2919 623 2973 memorati
654 2930 805 2987 sunt,
858 2919 980 2992 quia
1021 2917 1162 2976 Deus
1208 2922 1423 2995 adjutor
1456 2936 1504 2976 αξ
1541 2926 1615 2976 est
1646 2921 1668 2992 1
1703 2938 1785 2978 co-

167 3028 281 3065 rum
311 3027 328 3065 :
364 3021 413 3065 et
445 3009 585 3067 Deus
613 3013 847 3068 excelsus
882 3014 1178 3085 redemptor
1204 3031 1388 3080 eorum
1421 3030 1469 3071 -:—
1511 3025 1584 3071 est
1614 3016 1635 3086 1

243 3103 313 3157 Et
344 3103 648 3160 dilexerunt
669 3122 783 3160 eum
804 3107 858 3161 in
889 3124 978 3163 ore
1002 3124 1096 3163 suo
1126 3123 1142 3162 :
1172 3116 1220 3164 et
1243 3107 1421 3181 lingua
1454 3126 1550 3164 sua
1593 3111 1786 3166 mentiti

171 3205 295 3252 sunt
323 3198 394 3253 ei.

240 3291 347 3346 Cor
372 3299 550 3347 autent
587 3308 768 3347 eorum
796 3309 896 3348 non
929 3301 1039 3348 erat
1062 3303 1258 3350 rrctum
1290 3311 1404 3348 cum
1426 3310 1518 3351 eo:
1541 3312 1634 3351 nec
1655 3295 1786 3368 [idr-

165 3381 240 3440 les
271 3384 445 3439 ltabiti
473 3394 592 3439 sunt
617 3385 670 3440 in
710 3395 1012 3441 testamento
1040 3387 1172 3459 ejus.

239 3476 369 3548 Ipse
431 3487 604 3532 autem
655 3493 714 3534 -ε-
772 3489 848 3533 est
881 3477 902 3548 1
936 3479 1262 3548 misericors,
1301 3494 1342 3535 σε
1394 3489 1441 3536 et
1476 3479 1497 3549 1
1531 3481 1786 3554 prapititts

163 3568 260 3638 ﬁet
279 3569 510 3642 peccatis
538 3566 558 3606 ί
605 3583 662 3625 —:—
697 3585 876 3624 eorum
909 3569 930 3639 1
974 3579 1019 3625 et
1058 3587 1161 3625 non
1203 3571 1461 3643 disperdet
1486 3585 1544 3626 +
1571 3588 1654 3625 eos
1689 3571 1711 3640 1

238 3660 310 3715 Et
339 3661 634 3715 abundavit
667 3671 723 3715 ut
750 3671 998 3718 at'etteret
1028 3663 1159 3718 irant
1186 3681 1331 3718 suam
1364 3681 1382 3719 :
1412 3673 1460 3719 et
1483 3681 1585 3720 non
1607 3681 1788 3721 accen-

162 3754 241 3806 dit
271 3770 486 3807 attinent
514 3755 648 3807 iram
673 3770 842 3808 suam.

235 3843 307 3900 Et
335 3845 648 3900 recordatus
675 3855 769 3913 est,
806 3845 926 3918 quia
955 3862 1079 3902 caro
1106 3856 1224 3904 sunt
1249 3863 1267 3902 :
1288 3848 1505 3922 spiritus
1552 3848 1743 3905 radens
1768 3893 1783 3919 ,

162 3948 190 3987 ε
226 3948 276 3994 et
309 3955 422 3993 non
445 3937 672 3994 rediens.

243 4031 476 4100 Quoties
518 4032 956 4086 exacerbarerunt
1007 4048 1123 4087 eum
1161 4032 1213 4086 in
1258 4033 1500 4089 deserto!
1544 4034 1598 4090 in
1651 4034 1785 4090 iram

166 4126 303 4200 uls.
338 4124 447 4200 ira]
473 4128 860 4184 concitaverunt
885 4143 998 4184 eum
1020 4127 1074 4185 in
1095 4127 1387 4202 inaquoso!

1402 2749 1422 2789 ἔ
1467 2744 1516 2790 ει
1561 2743 1783 2789 νευρνιε-

231 4390 258 4418 ³
293 4379 361 4436 In
413 4376 643 4434 llcbrtno
686 4394 811 4435 cum
854 4380 1247 4450 prarpnsitione
1296 4390 1380 4436 est
1415 4363 1674 4448 utn‘vua,
1733 4384 1787 4438 in

153 4451 275 4507 Deo
297 4469 318 4507 :
351 4463 520 4521 atque
548 4453 688 4506 adeo
718 4466 1008 4520 perperam
1036 4452 1388 4508 Martiameus
1414 4469 1536 4508 eam
1571 4469 1785 4525 prtcpn-
1830 4461 1840 4471 °

154 4526 438 4579 sitiancm
471 4538 598 4596 veru
633 4534 1063 4596 pra-amaverat,
1099 4525 1245 4593 quod
1283 4539 1382 4579 nos
1415 4526 1481 4578 ad
1516 4541 1620 4580 ms.
1653 4541 1789 4596 quo-

153 4612 264 4668 qua
299 4594 540 4668 Palatini
573 4594 736 4649 ﬁdem
770 4595 1120 4668 sustulimus.

227 4669 255 4705 ιι
295 4667 616 4733 Rescripsit
653 4668 878 4736 sequior
923 4665 1131 4722 codicis
1179 4665 1412 4722 Palatini
1467 4667 1790 4722 emendator

152 4755 326 4793 στεηα
378 4753 436 4791 ΙΙΙ
468 4748 644 4793 τροιο.

230 4821 256 4850 ε
294 4806 510 4878 lujuria
545 4823 850 4874 pronomen
879 4824 1082 4873 eorum,
1123 4807 1264 4878 quad
1289 4818 1374 4862 est
1397 4818 1446 4862 et
1479 4809 1531 4863 in
1562 4809 1791 4864 llebraro
1822 4797 1874 4860 Ι)

147 4866 340 4945 τῖ’-πθ,
365 4866 665 4934 Ῥειιειιῖιιιιδ
695 4895 797 4933 tus.
832 4890 882 4934 et
916 4866 1093 4933 Carus
1120 4866 1283 4934 o'belo
1315 4891 1641 4950 prmuolaut.

223 4955 252 4990 ά
288 4952 480 5008 Immo
531 4965 666 5005 vero
712 4952 978 5006 asterisco
1011 4952 1393 5018 ςπευιιυιςιηιια,
1431 4969 1538 5007 nun
1589 4952 1786 5015 obelo.

146 5033 238 5081 est
270 5025 333 5079 in
370 5022 696 5093 praepositio
720 5063 736 5086 ,
765 5038 887 5094 qua:
917 5031 974 5076 et
1011 5022 1062 5076 iu
1096 5023 1362 5078 llebraico
1393 5026 1661 5079 Vocabula
1703 5041 1791 5080 te-

148 5125 322 5172 sonat
355 5098 638 5174 Vmbri:
681 5130 696 5179 ;
725 5115 879 5168 abest
909 5122 1090 5168 autem
1115 5129 1143 5167 τι
1174 5115 1364 5170 Grzcco
1389 5123 1562 5170 textu.

228 5199 254 5224 ε
295 5183 912 5253 RcscripsunusDeum,
946 5201 1042 5252 pro
1091 5201 1204 5238 eum
1238 5187 1305 5240 ad
1329 5186 1536 5241 codicis
1559 5186 1787 5241 Palatini

151 5261 358 5334 ﬁdem,
408 5255 596 5334 (ὗε-ηερο
628 5258 745 5326 ipso
767 5263 925 5334 textu
950 5265 1199 5334 erigente,
1223 5261 1356 5334 πρὸς
1385 5261 1478 5334 sint
1507 5259 1650 5315 Θεὸν.
1684 5260 1786 5334 Qui

151 5329 538 5394 ειὼείξιιιιριιιὶ
564 5342 724 5382 versu
747 5327 853 5381 duo
877 5326 1016 5400 ol_teli
1033 5326 1553 5400 verbosubsmntivo
1581 5333 1784 5400 pra-tisi

151 5411 310 5463 sunt,
362 5401 426 5454 in
458 5403 648 5453 eodem
682 5414 785 5452 tus.
819 5407 871 5450 et
908 5395 1028 5450 Cari
1063 5397 1304 5454 ctlitiOne
1344 5395 1739 5457 desiderantur
1772 5419 1784 5454 :

151 5469 470 5543 subjungit
499 5478 688 5543 autem
711 5484 813 5522 IIIS.
831 5539 840 5543 _
857 5467 948 5543 ille
985 5466 1309 5543 _Diapsalnta.

228 5539 492 5608 f'Atque
531 5541 618 5595 hic
645 5540 765 5594 sine
793 5539 956 5594 obelo
986 5540 1262 5595 Palatinus
1293 5557 1394 5596 ius.
1428 5541 1582 5610 legit,
1608 5542 1790 5597 minus

160 5630 351 5672 recte.
397 5612 649 5666 Alterum
683 5611 826 5679 quod
860 5610 1214 5680 subsequitur
1239 5631 1322 5666 eos
1354 5631 1676 5681 prutmuu-u,
1715 5626 1795 5668 ta-

155 5688 329 5744 tnetsi
373 5698 558 5752 neque
592 5688 644 5737 in
669 5684 856 5737 Gl‘il'CO
884 5684 977 5748 sit,
1002 5684 1242 5738 additum
1274 5700 1302 5738 a
1338 5700 1397 5739 se
1428 5687 1628 5740 fatetur
1661 5686 1794 5741 Ilie-

155 5770 472 5833 rOuymus,
496 5770 559 5807 ne
588 5755 839 5833 sententia
865 5753 1106 5833 pendeat,
1132 5766 1186 5810 et
1217 5765 1274 5811 ut
1298 5755 1549 5814 Latinum
1579 5772 1793 5815 sermo-

158 5827 286 5889 nem
318 5842 439 5886 sua
472 5828 802 5897 proprietate
822 5827 1147 5896 compleret.

1887 1885 2166 1942 desiderio
2195 1901 2316 1940 suo.

1959 1975 2150 2031 Adhuc
2193 1991 2317 2034 esca
2349 1992 2538 2034 eorum
2573 1990 2690 2034 erat
2749 1979 2801 2035 in
2847 1994 2942 2037 ore
2973 1980 3216 2053 ipsorum
3249 1999 3262 2038 ε
3297 1991 3352 2039 et
3403 1983 3481 2040 ira

1887 2065 1984 2125 Dei
2016 2071 2263 2126 ascendit
2294 2087 2458 2142 super
2487 2085 2604 2127 eos.

1961 2164 2024 2220 Et
2054 2163 2256 2220 occidit
2284 2165 2546 2236 plurimos
2577 2179 2766 2228 eorum
2796 2181 2812 2227 ;
2845 2176 2898 2223 et
2923 2165 3128 2225 electos
3158 2167 3326 2227 Israel
3371 2169 3472 2225 itn-

1885 2257 2110 2331 pedivit.

1959 2347 2016 2403 In
2051 2347 2304 2405 omnibus
2348 2347 2434 2403 his
2464 2359 2828 2420 peccaverunt
2874 2351 3053 2408 adhuc
3086 2369 3100 2407 :
3132 2364 3189 2409 et
3220 2369 3328 2410 non
3362 2369 3484 2411 erc-

1887 2440 2148 2497 diderunt
2177 2441 2229 2494 in
2255 2439 2382 2514 [Με.
2425 2451 2528 2496 tac.
2564 2442 2638 2514 in]
2671 2444 3009 2500 mirabilibus
3049 2445 3192 2515 ejus.

1959 2536 2026 2588 Et
2053 2533 2374 2590 defecerunt
2422 2535 2474 2590 in
2525 2536 2760 2591 vanitate
2797 2535 2914 2591 dies
2964 2552 3203 2595 eorum:
3259 2549 3316 2598 et
3357 2541 3483 2597 anni

1887 2643 2077 2685 eorum
2113 2643 2236 2682 cum
2278 2627 2590 2684 festinantia
2623 2627 2749 2700 [Με.
2798 2627 3194 2702 festinantum].

1959 2721 2091 2776 Cum
2131 2718 2146 2757 ί
2181 2719 2461 2776 occideret
2509 2737 2635 2786 eos,
2689 2729 2816 2778 tunc
2866 2724 3212 2794 inquirebant
3258 2742 3380 2780 cum
3433 2735 3490 2781 et

1888 2817 2374 2886 convertebautur,
2408 2828 2461 2874 et
2489 2825 2615 2874 ante
2669 2816 2844 2873 lucem
2873 2819 3167 2876 veniebant
3195 2821 3261 2876 ad
3294 2823 3484 2877 Deum.

1963 2905 2030 2967 Et
2063 2912 2345 2966 memorati
2376 2920 2526 2978 sunt,
2559 2915 2684 2983 quia
2714 2912 2854 2968 Deus
2883 2912 3103 2985 adjutor
3131 2929 3319 2971 eorum
3354 2925 3440 2971 est
3469 2935 3482 2970 :

1890 3012 1944 3061 et
1981 3003 2120 3060 Deus
2149 3003 2402 3059 excelsus
2434 3003 2700 3059 liberator
2730 3020 2918 3060 eorum
2949 3017 3054 3062 est.

1962 3096 2030 3154 Et
2048 3097 2360 3152 dilexerunt
2387 3113 2512 3154 eum
2539 3097 2591 3153 in
2621 3113 2716 3154 orc
2743 3112 2890 3156 sua:
2921 3109 2977 3156 et
3008 3100 3186 3173 lingua
3214 3115 3309 3157 sua
3331 3115 3486 3158 men-

1813 3203 1861 3272 ί)
1895 3189 1973 3245 titi
2004 3200 2128 3244 sunt
2150 3189 2224 3246 ei.

1965 3281 2073 3338 Cor
2100 3290 2284 3339 autem
2312 3297 2500 3338 eorum
2545 3298 2653 3338 non
2688 3292 2807 3339 erat
2845 3293 3056 3342 rectum
3091 3300 3214 3342 cum
3244 3301 3312 3343 eo
3341 3303 3355 3344 :
3386 3301 3486 3344 nec

1895 3374 2029 3433 fides
2058 3375 2233 3432 habita
2259 3383 2344 3431 est
2369 3376 2479 3431 illis
2513 3375 2563 3430 in
2599 3384 2923 3434 testamento
2952 3377 3090 3450 ejus.

1967 3468 2087 3540 Ipse
2112 3477 2294 3524 autem
2317 3478 2402 3524 est
2428 3467 2761 3536 misericors,
2791 3479 2847 3525 et
2873 3471 3144 3540 protritius
3176 3469 3270 3526 fiet
3298 3487 3490 3543 pecca-

1897 3562 1964 3617 tis
1994 3577 2206 3630 eorum,
2239 3569 2294 3617 et
2323 3575 2428 3616 non
2461 3561 2739 3634 disperdet
2769 3577 2883 3618 eos.

1970 3655 2036 3710 Et
2066 3654 2448 3724 multiplicavit
2491 3665 2549 3711 ut
2579 3665 2850 3712 averteret
2888 3659 3020 3712 iram
3053 3673 3206 3714 suam
3249 3657 3316 3715 ab
3361 3659 3484 3718 eis:

1897 3760 1952 3808 et
1985 3765 2093 3806 non
2127 3748 2378 3804 accendit
2410 3764 2629 3806 omnem
2663 3750 2796 3806 iram
2829 3765 3007 3807 suam.

1973 3847 2039 3900 lit
2066 3853 2407 3901 memoratus
2433 3853 2536 3912 est,
2567 3845 2692 3916 quia
2723 3845 2850 3918 [‘bls.
2876 3843 3158 3917 quoniam]
3188 3860 3315 3901 caro
3342 3857 3491 3904 sunt:

1897 3938 2128 4010 spiritus
2149 3936 2375 4004 vadens,
2405 3948 2452 3992 et
2485 3951 2592 3994 n0u
2619 3937 2837 3994 rediens
2865 3937 2995 4011 [11s.
3018 3937 3344 4010 revertens].

1966 4029 2192 4100 Quoties
2219 4026 2680 4086 exacerbavcrunt
2719 4045 2842 4087 eum
2877 4032 2928 4085 in
2958 4030 3218 4106 deserto}
3266 4032 3317 4089 in
3347 4033 3484 4090 iram

1893 4126 2305 4184 concitaverunt
2331 4140 2452 4182 eum
2487 4124 2539 4181 in
2574 4135 2716 4182 terra
2738 4124 2856 4183 sine
2885 4139 3022 4198 aqua
3049 4123 3067 4182 Ι

1970 4389 1996 4430 ε
2028 4379 2227 4436 lterum
2253 4380 2395 4436 male
2426 4379 2550 4435 eod.
2579 4378 2807 4434 Palatia.
2839 4377 2908 4434 Et
2933 4380 3183 4438 voettlam
3233 4383 3446 4451 aeruca
3475 4403 3487 4439 :

1893 4453 2159 4524 additque
2190 4453 2242 4508 in
2271 4453 2376 4506 fine
2406 4465 2605 4506 versus
2637 4451 2965 4522 D.apsalma.

1966 4524 1995 4562 ιι
2021 4526 2080 4579 lu
2115 4524 2409 4580 Vcrotteusi
2439 4539 2522 4578 Ius
2555 4565 2569 4581 .
2612 4533 2787 4588 portas
2832 4525 2944 4577 caeli
2974 4525 3196 4591 aperuit,
3230 4535 3278 4581 et
3305 4545 3493 4581 manna

1895 4598 1962 4650 ad
1992 4595 2406 4650 manducandum
2436 4596 2584 4660 pluit.
2620 4595 2686 4648 Et
2710 4613 2888 4661 panem
2913 4597 3048 4658 (teli,
3075 4608 3205 4662 etc.;
3245 4610 3353 4651 lum
3377 4601 3490 4664 [rn-

1893 4669 2208 4722 mentatione
2230 4667 2368 4720 misit
2394 4667 2465 4720 eis
2498 4666 2887 4720 abundantiam.
2927 4666 3185 4722 Excitavit
3216 4683 3447 4723 ausu-nm
3474 4710 3488 4733 ,

1899 4750 2002 4794 etc.
2039 4740 2216 4805 Atque
2243 4740 2401 4801 infra,
2427 4741 2475 4790 in
2508 4738 2673 4790 medio
2697 4748 2988 4792 castrorum
3017 4741 3268 4808 ipsorum,
3304 4741 3356 4793 in
3388 4743 3490 4792 cir-

1898 4816 2038 4864 cuitu
2070 4811 2515 4862 tabernaculorum
2541 4824 2753 4862 suorum
2785 4825 2804 4863 :
2825 4820 2874 4863 et
2907 4811 3256 4878 subsequenti
3287 4826 3445 4863 \'(‘l‘.~ll
3472 4853 3486 4874 ,

1897 4899 2002 4936 non
2045 4889 2116 4934 rst
2165 4885 2472 4951 denegatum
2523 4881 2594 4933 eis
2647 4881 2967 4935 desiderium
3014 4883 3263 4951 ipsorum.
3306 4882 3492 4933 ΑιιΙιησ

1898 4970 2014 5007 cum
2067 4968 2182 5006 esca
2231 4961 2361 5007 esset
2411 4955 2462 5006 in
2503 4967 2589 5004 ore
2644 4968 2852 5019 eorum,
2908 4961 2957 5005 et
3008 4953 3087 5006 ita
3120 4951 3215 5006 Dei
3259 4952 3490 5007 ascendit

1895 5043 1949 5078 m
1977 5041 2082 5078 008.

1975 5114 1988 5153 ί
2027 5114 2210 5171 Codex
2248 5114 2597 5180 Veronensis,
2631 5113 2760 5170 Cum
2783 5114 3070 5169 occiderent
3102 5130 3187 5168 eos
3213 5156 3226 5178 ,
3260 5116 3488 5179 require-

1896 5187 2017 5242 bant
2038 5205 2179 5249 etun,
2206 5196 2250 5241 et
2282 5189 2723 5251 convertebantur,
2756 5197 2804 5240 et
2832 5185 3114 5254 vigilabant
3142 5186 3372 5240 diluculo
3417 5191 3485 5242 ad

1898 5259 2061 5313 Deum
2090 5259 2216 5331 (ms.
2267 5258 2611 5331 diluculo_ad
2642 5257 2799 5331 eum).
2859 5255 2927 5310 Et
2981 5261 3304 5331 t'l‘lllclllm'all
3336 5271 3487 5325 sunt,

1897 5327 2143 5400 quoniam
2179 5330 2337 5398 Deus,
2375 5341 2478 5384 etc.
2513 5327 2647 5382 Tum
2676 5327 3347 5401 subsequentis_\'crsiculi
3394 5347 3487 5401 pu—

1897 5399 2097 5456 SIretttzt
2123 5404 2190 5454 'ei
2241 5401 2428 5455 vocula
2485 5403 2848 5465 pru‘terutissa
2872 5441 2884 5460 .
2938 5399 3111 5468 pergit
3141 5417 3152 5452 :
3184 5399 3285 5456 Cor
3321 5399 3488 5455 auem

1898 5489 2071 5526 eorum
2101 5490 2203 5525 non
2231 5481 2305 5524 est
2349 5483 2544 5525 rectum
2588 5486 2703 5523 cum
2749 5487 2808 5524 eo
2835 5513 2850 5536 ,
2895 5487 2983 5524 nec
3031 5472 3280 5527 cretlflttm
3313 5484 3384 5526 e.,t
3416 5491 3488 5525 (ηδ

1901 5541 2254 5598 testamcnttuli
2278 5543 2409 5610 ejus.
2448 5542 2571 5611 Ipse
2608 5553 2679 5594 est
2708 5542 2845 5595 enim
2872 5544 3198 5610 misericors,
3232 5554 3276 5597 et
3309 5547 3487 5612 propi-

1903 5619 2004 5669 tius
2031 5615 2124 5667 erit
2146 5616 2364 5686 peccatis
2397 5629 2605 5686 eorum,
2657 5625 2703 5666 et
2736 5629 2837 5666 non
2872 5615 3132 5683 dispudet
3163 5632 3264 5668 cos.
3302 5615 3363 5668 Et
3396 5634 3487 5686 ap-

1900 5699 2052 5757 ponet
2084 5683 2304 5757 augt-rere
2334 5683 2739 5757 indignationem
2787 5701 2973 5753 suam,
3018 5695 3063 5757 et
3091 5702 3191 5740 non
3241 5683 3485 5740 accendit

1900 5755 2122 5830 orn-netu
2152 5756 2283 5807 iram
2332 5769 2500 5807 suam.
2536 5755 2576 5811 E
2626 5756 2822 5830 quibus
2875 5755 3122 5829 qmedam
3157 5759 3314 5814 uuit'c
3363 5773 3484 5812 cum

1899 5826 2197 5901 Augustino
2213 5835 2538 5884 consonant.
