4090 6338
211 350 322 412 203

1519 347 1724 408 LIBER
1761 345 2206 410 PSALMORUM.

3402 352 3510 415 266

213 469 492 526 admodum
537 468 721 542 patres
751 467 929 526 eorum
968 466 1201 524 conversi
1232 474 1352 524 sunt
1399 467 1453 524 in
1488 484 1667 524 arcum
1694 485 1815 541 pra-
1841 469 1895 530 Α
1919 462 2373 537 quemadmodum
2399 471 2582 535 patres
2603 478 2792 522 eorum
2815 465 3062 523 conversi
3085 474 3212 523 sunt
3242 466 3294 523 in
3325 483 3509 526 arcum

213 578 355 618 tum.

280 652 349 707 In
380 661 407 690 η
437 652 573 706 iram
602 652 982 708 concitaverunt
1023 669 1138 708 eum
1171 653 1226 708 in
1261 651 1478 708 collibus
1505 653 1610 707 suis
1643 669 1664 707 :
1687 661 1734 707 et
1759 654 1814 708 in

208 745 533 817 sculptilibus
580 745 689 799 suis
734 745 802 799 ad
839 744 1218 800 cumulationem
1247 763 1359 800 eum
1392 755 1810 818 provocaverunt.

276 840 494 894 Audiuit
525 839 684 909 Deus,
707 850 753 894 et
779 841 989 912 sprevit,
1023 850 1069 895 et
1099 841 1168 895 ad
1198 841 1416 896 nihilum
1445 842 1640 913 redegit
1668 841 1814 896 valde

209 929 403 986 Israel.

275 1023 347 1078 Et
395 1025 586 1096 repulit
641 1024 1022 1080 tabernaculum
1075 1025 1229 1094 Silo,
1291 1027 1677 1082 tabernaculum
1745 1044 1808 1085 -μ

206 1134 356 1170 suum
392 1117 414 1188 ζ
445 1115 474 1155 δ
505 1117 592 1170 ubi
619 1117 862 1171 habitavit
901 1117 955 1170 in
983 1116 1294 1171 hominibus.

273 1207 347 1263 Et
379 1209 598 1263 tradidit
625 1212 677 1263 in
703 1210 1045 1277 captivitate»:
1071 1210 1311 1263 virtutem
1354 1225 1533 1264 eorum
1562 1217 1652 1264 :et
1696 1207 1816 1281 pul-

205 1301 559 1357 claritudinem
588 1317 765 1356 eorum
793 1302 846 1356 iu
870 1317 1053 1356 manus
1095 1301 1310 1356 inimici.

275 1393 343 1448 Et
371 1394 623 1448 conclusit
650 1395 704 1448 in
732 1394 907 1466 gladio
945 1393 1199 1466 populum
1239 1410 1391 1449 suum
1421 1409 1440 1450 :
1467 1401 1516 1449 et
1543 1393 1816 1449 lueredita-

209 1496 307 1539 tem
350 1501 505 1540 suam
530 1487 746 1558 sprevit.

271 1578 501 1635 Juvenes
531 1596 710 1635 eorum
733 1581 951 1637 comedit
979 1581 1115 1653 ignis
1145 1595 1162 1634 :
1187 1591 1234 1636 et
1260 1581 1481 1653 virgines
1501 1595 1683 1636 eorum
1712 1595 1815 1636 non

206 1683 321 1728 sunt
362 1673 681 1729 lamentatus.

274 1767 586 1822 Sacerdotes
616 1783 795 1822 eorum
834 1768 886 1821 in
946 1765 1126 1839 gladio
1176 1766 1473 1823 ceciderunt
1505 1781 1526 1822 :
1555 1773 1600 1822 et
1646 1765 1817 1822 vidua:

207 1874 387 1914 eorum
417 1875 522 1914 non
547 1859 912 1930 plorabantur.

275 1949 344 2006 Et
375 1952 624 2006 excitatus
655 1960 728 2006 est
765 1963 1025 2024 tamquam
1058 1953 1318 2008 dormiens
1353 1951 1610 2007 Dominus
1636 1970 1656 2020 ,°
1684 1961 1818 2006 tani-

209 2061 360 2114 quam
389 2055 572 2115 potens
605 2045 907 2118 crapulatus
935 2063 967 2099 a
997 2047 1137 2102 vino.

281 2136 347 2190 Et
373 2139 627 2208 percussit
648 2138 882 2193 inimicos
903 2155 1023 2195 suos
1045 2139 1098 2195 in
1125 2141 1411 2211 posteriora
1441 2157 1458 2196 :
1485 2139 1819 2213 opprobrium

211 2231 584 2302 sempiternum
611 2231 756 2287 dedit
789 2230 921 2288 illis.

277 2325 349 2380 Et
378 2328 568 2398 repulit
598 2327 987 2383 tabernaculum
1007 2327 1204 2400 Ioseph
1231 2343 1251 2384 :
1272 2336 1319 2384 et
1348 2327 1537 2382 tribum
1566 2325 1821 2398 Ephraim

214 2422 333 2496 [315.
372 2420 598 2495 Eﬁ'rem]
631 2440 733 2478 non
763 2423 938 2493 elegit.

277 2517 388 2573 Sed
416 2517 573 2588 elegit
604 2515 793 2570 tribum
819 2514 982 2582 Juda,
1011 2525 1234 2570 montem
1262 2513 1392 2569 Sion
1429 2529 1578 2584 quem
1614 2512 1817 2566 dilexit.

277 2609 344 2664 Et
377 2609 653 2679 wdi/icavit
676 2610 806 2664 sicut
837 2608 1166 2663 unicorniunt
1199 2606 1543 2676 sanctiﬁciunt
1587 2620 1735 2660 suunt
1766 2603 1820 2658 in

212 2713 376 2772 terra,
407 2721 564 2776 quam
591 2705 829 2774 {undavit
859 2705 911 2757 in
937 2701 1152 2758 stecula.

279 2798 346 2853 Et
374 2799 526 2870 elegit
558 2796 728 2851 David
755 2813 958 2850 servum
989 2809 1169 2862 suum,
1200 2803 1248 2849 ct
1281 2808 1342 2848 +
1381 2809 1466 2847 sus
1501 2791 1523 2860 ζ
1559 2790 1676 2846 tulit
1701 2805 1820 2846 eum

213 2889 271 2946 de
296 2890 538 2964 gregibus
561 2891 729 2944 ovium
754 2905 772 2945 :
806 2887 870 2943 de
900 2897 1013 2960 post
1047 2891 1264 2959 fetantes
1289 2885 1484 2956 accepit
1512 2900 1648 2939 eum.

280 3074 505 3133 Pascere
522 3075 690 3132 Jacob
725 3090 924 3132 servum
947 3088 1099 3130 suum
1119 3113 1135 3143 ,
1165 3080 1213 3128 et
1239 3069 1438 3139 Israel,
1473 3067 1822 3125 hwreditatcm

216 3191 379 3228 suam.

1919 572 2260 630 perversum.

1987 652 2046 708 In
2076 650 2202 724 [Με.
2234 649 2303 705 Et
2333 647 2411 719 in]
2443 649 2578 704 iram
2601 649 3013 704 concitaverunt
3047 664 3170 706 eum
3205 651 3256 706 in
3282 651 3514 709 collibus

1917 746 2030 803 suis
2059 762 2072 798 :
2097 755 2148 799 et
2171 743 2225 798 in
2256 741 2598 811 sculptilibus
2635 743 2746 797 suis
2781 752 2805 779 ί·
2837 742 3072 798 aemulati
3103 750 3231 797 sunt
3255 759 3426 800 cum.«

1988 837 2208 895 Audivit
2233 836 2520 902 Dominus,
2553 844 2608 892 et
2637 837 2871 906 Sprevit,
2903 845 2958 894 et
2985 835 3052 892 ad
3081 837 3310 894 nihilum
3350 839 3512 898 rede-

1917 932 1994 1004 git
2013 930 2176 987 nimis
2197 928 2384 985 Israel.
3447 931 3450 934 '

1989 1025 2054 1079 Et
2077 1020 2270 1092 repulit
2299 1019 2709 1076 tabernaculum
2731 1018 2848 1075 Silo
2876 1017 3017 1089 [Ms.
3051 1018 3232 1076 Selom
3255 1022 3270 1092 1|
3291 1065 3305 1088 ,
3337 1023 3516 1081 taber-

1917 1115 2168 1172 naculum
2200 1127 2390 1179 suum,
2421 1111 2474 1166 in
2507 1125 2614 1182 quo
2641 1110 3074 1177 habitavitinter
3101 1111 3366 1169 homines.

1991 1209 2059 1264 Et
2081 1205 2298 1263 tradidit
2324 1205 2378 1260 in
2407 1204 2773 1275 captivitatem
2802 1204 3030 1260 virtutes
3051 1219 3240 1261 eorum
3271 1222 3285 1262 :
3312 1215 3365 1262 et
3393 1208 3518 1278 pul-

1918 1302 2260 1362 chritudines
2282 1317 2470 1358 eorum
2503 1302 2556 1357 in
2583 1316 2777 1358 manus
2806 1301 3032 1359 inimici.

1992 1399 2061 1454 Et
2086 1396 2354 1454 conclusit
2376 1396 2431 1451 in
2459 1395 2642 1466 gladio
2672 1395 2929 1466 populum
2967 1411 3124 1453 suum
3161 1416 3174 1454 :
3201 1408 3258 1455 et
3287 1399 3518 1456 haeredi-

1920 1502 2084 1550 tatem
2113 1506 2265 1547 suam
2294 1490 2521 1560 sprevit.

1989 1585 2226 1642 Juvenes
2267 1599 2455 1639 eorum
2484 1583 2724 1640 comedit
2754 1583 2896 1655 ignis
2926 1601 2938 1640 :
2964 1593 3018 1641 et
3045 1585 3285 1658 virgines
3325 1602 3520 1645 eorum

1920 1693 2028 1736 non
2053 1686 2181 1734 sunt
2210 1676 2539 1733 lamentatze.

1991 1769 2318 1828 Sacerdotes
2341 1785 2528 1826 eorum
2557 1770 2735 1842 gladio
2759 1771 3104 1831 ceciderunt:
3122 1775 3296 1832 viduae
3325 1790 3518 1832 eorum

1845 1875 1894 1936 Β
1921 1881 2030 1920 non
2059 1865 2415 1934 ploraverunt
2446 1862 2573 1934 |Ms.
2609 1861 3011 1935 plorabuntur].

1997 1959 2064 2012 Et
2109 1956 2380 2012 excitatus
2429 1964 2515 2010 est
2557 1965 2830 2027 tamquam
2895 1957 3172 2013 dormiens
3218 1959 3519 2020 Dominus:

1923 2052 2076 2124 quasi
2105 2049 2230 2123 [Ms.
2265 2048 2558 2121 tamquam]
2592 2058 2787 2120 potens
2815 2052 3127 2121 crapulatus
3154 2068 3184 2107 a
3213 2053 3360 2108 vino.

1996 2145 2062 2200 Et
2094 2144 2360 2214 percussit
2391 2143 2640 2198 inimicos
2687 2159 2816 2200 suos
2857 2145 2911 2200 in
2944 2146 3252 2217 posteriora
3287 2164 3299 2199 :
3327 2161 3524 2220 oppro-

1922 2235 2101 2292 brium
2129 2236 2526 2304 scmpiternum
2557 2233 2705 2288 dedit
2746 2233 2828 2291 eis
2859 2252 2872 2287 :

1995 2332 2061 2386 Et
2088 2330 2293 2401 repulit
2325 2329 2732 2385 tabernaculum
2777 2329 2978 2401 Joscpb
3005 2372 3021 2398 ,
3075 2333 3274 2390 tribum
3309 2335 3435 2407 [ltls.
3469 2345 3525 2392 ct

1925 2423 2149 2493 tribum]
2180 2421 2422 2492 Ephrem
2457 2437 2562 2476 non
2592 2421 2755 2492 elegit
2785 2439 2797 2474 :
2831 2422 2925 2478 sed
2958 2423 3096 2494 [Με.
3125 2424 3209 2495 et]
3241 2427 3404 2498 elegit
3432 2429 3526 2482 tri-

1923 2515 2051 2571 bum
2075 2515 2236 2581 Juda,
2270 2522 2511 2569 montem
2543 2514 2673 2569 Sion
2705 2528 2864 2583 quem
2896 2513 3106 2572 dilexit.

1998 2608 2067 2663 Et
2119 2605 2410 2664 aediﬁcavit
2446 2607 2586 2662 sicut
2630 2608 3052 2664 unicornuorum
3089 2606 3108 2648 ί
3137 2611 3522 2669 sanctiﬁcatio-

1924 2717 2049 2758 nem
2072 2715 2226 2756 suam
2263 2718 2277 2755 :
2310 2701 2536 2767 interra
2556 2699 2807 2756 fundavit
2836 2716 2955 2756 eam
2988 2702 3042 2758 in
3067 2705 3288 2761 saecula.

1999 2794 2066 2850 Et
2086 2793 2252 2864 elegit
2279 2803 2302 2841 ε
2332 2792 2496 2848 David
2520 2807 2739 2849 servum
2769 2809 2925 2848 suum
2955 2835 2970 2862 ,
3016 2805 3072 2850 et
3123 2797 3344 2852 sustulit
3395 2814 3524 2856 eum

1925 2884 1993 2942 de
2020 2885 2276 2956 gregibus
2311 2884 2491 2940 ovium
2534 2900 2548 2938 :
2586 2894 2639 2941 et
2662 2883 2789 2957 [Με.
2821 2893 2921 2941 tac.
2951 2885 3026 2957 et]
3052 2885 3120 2944 de
3143 2897 3265 2959 post
3290 2887 3522 2950 fetantes

1925 2975 2137 3048 accepit
2157 2992 2302 3033 eum.

1998 3069 2230 3124 Poscere
2259 3067 2429 3125 Jacob
2449 3067 2709 3140 populum
2739 3083 2919 3141 suum,
2945 3078 3002 3128 ct
3030 3070 3197 3129 Israel
3229 3114 3246 3144 ,
3291 3074 3521 3132 incredi-

1928 3170 2092 3219 tatem
2123 3177 2275 3218 suam
2290 3201 2302 3217 .

280 3265 351 3321 Et
379 3267 520 3336 pavit
548 3281 634 3321 eos
653 3265 708 3321 in
737 3265 1027 3321 innocentia
1047 3264 1222 3320 cordis
1250 3261 1332 3316 sui
1361 3275 1378 3315 :
1406 3268 1451 3315 et
1477 3260 1532 3315 in
1559 3259 1684 3331 ulls.
1715 3265 1820 3322 tac,
1849 3268 1896 3331 ο
2002 3257 2068 3312 Et
2097 3257 2244 3328 pavit
2272 3270 2368 3312 eos
2399 3255 2517 3312 sine
2546 3256 2756 3313 malitia
2785 3257 2968 3317 cordis
2989 3261 3072 3317 sui
3112 3279 3127 3320 :
3162 3273 3217 3320 et
3256 3263 3311 3321 in
3357 3279 3522 3324 sensu

214 3360 284 3430 in]
310 3359 656 3416 intellectibus
685 3375 934 3414 manuum
975 3373 1190 3413 suarum
1219 3353 1456 3410 deduxit.

1930 3364 2191 3405 manuum
2225 3363 2448 3406 suarum
2477 3348 2704 3406 deduxit
2725 3365 2842 3409 eos.

1481 3466 1844 3532 PSALMUS
1888 3465 2244 3530 LXXVIII.

759 3589 783 3619 °
815 3591 1048 3636 PSALIUS
1076 3591 1243 3633 ASAPII
1254 3615 1266 3630 .

228 3651 255 3671 r
280 3655 444 3739 Deus.
467 3653 723 3728 venerunt
752 3680 924 3743 gentes
950 3672 1004 3725 in
1025 3669 1376 3725 haereditatem
1403 3673 1544 3721 tuam
1574 3679 1593 3718 :
1620 3661 1820 3735 pollue-

212 3779 328 3822 runt
360 3767 612 3838 templum
645 3775 878 3820 sanctum
915 3772 1094 3832 tuum,
1130 3767 1411 3833 posuerunt
1439 3757 1728 3812 Jerusalem
1764 3755 1818 3808 in

213 3877 476 3932 pontorum
508 3859 823 3914 custodiam.

279 3954 578 4010 Posuerunt
605 3951 897 4008 morticinia
920 3964 1179 4006 servorum
1210 3957 1416 4002 tuorum
1457 3959 1600 3999 escas
1628 3940 1816 3996 volati-

213 4046 340 4103 libus
362 4045 477 4100 carli
504 4064 523 4100 :
546 4061 730 4100 carnes
758 4053 1059 4099 sanctorum
1097 4052 1301 4098 tuorum
1337 4038 1507 4094 bestiis
1535 4045 1702 4090 teme.

279 4229 596 4297 Elfuderunt
639 4225 940 4298 sanguinem
987 4239 1165 4279 earum
1217 4230 1474 4290 tamquam
1525 4231 1713 4288 aquam
1756 4214 1813 4269 in

212 4322 420 4377 circuitu
439 4319 774 4378 Jerusalem:
803 4327 851 4374 et
876 4334 979 4374 non
1020 4323 1130 4371 erat
1151 4314 1239 4386 qui
1269 4310 1524 4384 sepeliret.

277 4505 429 4562 Facti
449 4521 631 4562 sumus
660 4502 992 4576 opprobrium
1021 4499 1200 4555 vicinis
1226 4497 1414 4552 nostris
1437 4511 1454 4548 :
1477 4491 1808 4550 subsannatio

215 4611 256 4655 et
281 4600 460 4657 illusio
489 4600 571 4656 his
597 4599 684 4670 qui
714 4599 766 4652 in
797 4596 1013 4652 circuitu
1039 4604 1213 4650 nostro
1243 4599 1381 4646 sunt.
1416 4587 1444 4626 ἀ

2499 3584 2732 3628 ΡεΑωίυε
2756 3588 2944 3632 ΔεΔΡΠ.

2001 3659 2142 3716 Deus
2172 3702 2186 3728 ,
2234 3671 2501 3717 venerunt
2538 3673 2728 3732 gentes
2781 3666 2834 3722 in
2893 3668 3268 3730 hmreditatem
3323 3684 3517 3740 tuam:

1925 3752 2420 3823 coinquinaverunt
2453 3755 2714 3825 templum
2742 3768 2989 3815 sanctum
3021 3771 3190 3820 tuum.

1997 3844 2310 3900 Posuerunt
2368 3846 2668 3902 Jerusalem
2717 3848 2866 3904 velut
2913 3865 3194 3920 pomorum
3243 3863 3516 3919 custodia-

1927 3937 2066 3994 rium
2097 3937 2225 4009 [διε.
2249 3936 2575 4007 custodiam]
2594 3955 2606 3991 :
2624 3950 2925 4009 posuerunt
2949 3947 3202 4002 mortalia
3223 3963 3510 4010 servorum

1926 4042 2139 4086 tuorum
2167 4045 2324 4086 escas
2357 4029 2669 4087 volatilibus
2701 4032 2840 4104 [Με.
2873 4036 3084 4107 escam]
3129 4043 3250 4097 coeli
3277 4061 3290 4099 :
3313 4058 3512 4104 carnes

1921 4133 2233 4179 sanctorum
2261 4132 2472 4178 tuorum
2502 4123 2690 4179 bestiis
2722 4135 2902 4182 terrae.

1995 4214 2318 4269 Ell‘uderunt
2371 4214 2689 4286 sanguinem
2739 4232 2926 4274 eorum
2983 4221 3124 4280 sicut
3150 4225 3316 4298 ~[_.lls.
3343 4229 3513 4304 velut]

1919 4324 2114 4380 aquam
2148 4309 2200 4364 in
2230 4307 2458 4366 circuitu
2479 4311 2782 4368 Jerusalem
2812 4356 2826 4380 ,
2859 4322 2917 4370 et
2953 4330 3060 4372 non
3092 4328 3208 4376 erat
3234 4323 3323 4391 qui
3355 4339 3514 4396 sepe-

1920 4401 2063 4457 liret.
3508 4443 3511 4468 ί

1991 4493 2140 4548 Facti
2181 4507 2368 4549 sumus
2401 4495 2453 4549 in
2483 4498 2834 4566 opprobrium
2865 4501 3058 4560 vicinis
3087 4509 3288 4564 n05tris
3323 4527 3335 4565 ε
3365 4509 3390 4547 ιι
3415 4512 3510 4570 de-

1919 4586 2090 4643 risum
2144 4595 2199 4643 et
2249 4596 2622 4660 contemptum
2673 4591 2759 4646 his
2809 4595 2900 4664 qui
2951 4594 3006 4651 in
3050 4599 3279 4656 circuitu
3321 4615 3510 4662 nostro

1921 4689 2068 4736 sunt.

283 4843 309 4872 ι
346 4831 631 4889 palatinas
655 4845 759 4886 ms.
788 4827 856 4883 In
883 4827 982 4896 ira,
1016 4825 1107 4896 qui
1137 4831 1191 4882 ct
1219 4820 1368 4879 addit
1395 4820 1449 4876 in
1495 4817 1601 4874 line
1631 4831 1815 4873 versus
1842 4817 1897 4879 D
1922 4816 2036 4896 ipse
2056 4817 2213 4872 Pater
2229 4815 2457 4896 epistola
2479 4817 2545 4896 ad
2567 4817 2825 4896 Snnniam
2857 4837 2922 4896 ex
2952 4827 3268 4896 recensione
3290 4842 3509 4889 nostra:

221 4901 546 5048 D'ipigiiliii
560 4975 646 5029 ubi
673 4971 993 5028 adverbium
1020 4965 1209 5024 eodem
1239 4964 1451 5020 videtur
1473 4934 1629 5018 obclo
1653 4959 1812 5048 jugu-

215 5036 430 5126 landuin
463 5066 767 5138 :siquidem
813 5064 869 5119 in
917 5062 1145 5119 Ilebrmo
1183 5066 1388 5113 tantum
1437 5065 1522 5111 est
1558 5063 1664 5141 pit!
1699 5036 1811 5112 Hm:

216 5181 600 5237 tabernaculum
632 5178 898 5233 habitavit.
934 5176 1109 5230 Minus
1136 5181 1315 5227 autem
1347 5169 1488 5225 bene
1534 5167 1809 5222 Palatinus

219 5269 316 5308 ms.
344 5266 398 5308 et
427 5253 603 5308 Carus
624 5251 849 5320 primam
892 5245 1272 5317 subsequentis
1292 5240 1549 5297 versiculi
1579 5249 1623 5292 et
1644 5255 1812 5311 copu-

219 5323 320 5379 lam
351 5340 482 5380 veru
511 5330 840 5380 urgenotant.

288 5408 310 5435 ε
354 5396 411 5448 In
441 5385 670 5449 Paiatin.
709 5407 810 5446 ms.
846 5389 913 5445 In
937 5391 1091 5460 ﬁnem
1122 5385 1366 5442 Psalmus
1397 5385 1594 5453 Asaph.

282 5464 310 5504 δ
347 5466 635 5536 Subjungit
663 5463 807 5518 idem
839 5479 942 5536 ms.
970 5460 1296 5536 Diapsalma.
1337 5525 1342 5530 ι

289 5548 312 5574 ε
353 5533 840 5601 Με.’νρὶ-οιιρηςὶς,
870 5534 924 5588 in
971 5533 1139 5586 zelum
1187 5535 1585 5600 prouocauerunt
1626 5544 1763 5601 eum
1796 5569 1811 5594 ,

221 5616 327 5662 tum
350 5609 500 5662 valde
533 5623 630 5676 pro
654 5599 835 5676 nimis;
861 5615 1024 5674 atque
1050 5599 1308 5676 inferius.
1337 5601 1405 5676 _in
1432 5615 1532 5670 quo
1559 5599 1816 5676 inhabita-

217 5680 282 5731 rit
305 5681 356 5733 in
381 5671 694 5733 hominibus.
726 5675 792 5728 Et
827 5671 1040 5729 tradidit
1075 5675 1124 5728 in
1162 5671 1508 5744 captivitatem
1554 5671 1818 5742 fortitudi-

221 5766 330 5822 nem
359 5754 590 5822 ipsorum
623 5760 667 5802 ct
698 5747 1137 5822 pulchritudinem
1163 5761 1359 5800 eorum.

291 5820 310 5859 ί
355 5814 500 5875 Idem
534 5835 661 5886 ms.,
685 5814 813 5873 sicut
842 5822 1144 5872 unicornum
1177 5815 1531 5869 sanctuarium
1554 5831 1728 5886 suum,
1766 5814 1820 5886 in

227 5906 341 5950 ma
381 5891 622 5967 {undavit
650 5884 795 5946 eum
832 5890 884 5943 in
925 5901 1195 5943 internum.
1247 5888 1302 5943 In
1346 5901 1510 5960 quem
1551 5885 1729 5944 locum
1757 5884 1818 5945 S.

507 5985 782 6048 ΡΑτιιοι..
831 5979 1080 6043 ΧΧΙΧ.

1920 4887 1979 4970 In
2033 4899 2197 4970 terra,
2223 4888 2653 4970 quamt‘untlavit
2682 4891 2733 4945 in
2763 4894 3117 4970 sicculapl’ro
3138 4915 3237 4962 quo
3263 4887 3511 4970 scriptum

1921 4961 2172 5030 invenisse
2199 4976 2284 5012 vos
2307 4959 2500 5020 dicitis,
2532 4959 2586 5014 In
2617 4969 2758 5017 terra
2785 4964 3028 5019 fundavit
3055 4959 3172 5020 eam
3209 4971 3258 5022 in
3288 4959 3506 5030 sreeula.

1922 5029 1989 5116 [η
2020 5031 2240 5116 Hebraeo
2280 5029 2354 5116 ita
2381 5032 2651 5116 scriptum
2689 5044 2800 5116 est‘,
2862 5046 2916 5116 ut
2952 5039 3099 5090 vertit
3137 5029 3508 5116 δῃηηηίιεΙηις

1923 5106 1992 5164 ὥς
2028 5109 2118 5176 τήν
2153 5112 2243 5176 γῆν
2282 5103 2693 5176 hiemalium-sv
2741 5107 2812 5165 εἰς·
2866 5108 2950 5161 τὸν
2994 5103 3201 5162 αἰῶναί
3224 5113 3284 5165 Si
3332 5103 3506 5171 auten;

1923 5191 2024 5228 non
2052 5175 2114 5254 de
2144 5174 2277 5254 terra
2302 5174 2515 5254 dicitur,
2548 5176 2686 5254 quod
2710 5176 2922 5244 fundata
2953 5179 3016 5232 sit
3041 5221 3055 5245 ,
3086 5181 3176 5231 sed
3204 5183 3267 5234 tle
3290 5183 3396 5239 alia
3421 5207 3508 5254 re,

1921 5261 2035 5316 qua:
2065 5245 2280 5323 fundata
2300 5245 2534 5323 videatur
2557 5247 2608 5298 in
2641 5257 2796 5323 terra,
2819 5254 3026 5323 probent
3055 5267 3119 5303 ea?
3160 5255 3416 5323 prioribus
3462 5245 3514 5316 et

1919 5316 2262 5396 sequentibus,
2285 5321 2402 5396 quis
2427 5333 2602 5396 sensus
2630 5317 2728 5396 sit!
2759 5316 3024 5396 utnescio_
3038 5316 3182 5396 quid
3224 5329 3362 5396 quod
3409 5349 3513 5387 non

1921 5389 2131 5450 dicitur,
2166 5388 2438 5458 fundatum
2460 5387 2693 5441 videatur
2713 5389 2764 5440 in
2793 5398 2948 5444 terra.
2985 5387 3083 5446 Sin
3108 5387 3276 5450 autem
3301 5398 3511 5456 Sancti-

1923 5459 2099 5530 ﬁciunt
2123 5459 2174 5512 in
2203 5468 2338 5510 terra
2361 5459 2633 5530 fundatum
2661 5467 2863 5527 putant,
2889 5464 3057 5516 debuit
3075 5467 3227 5520 scribi
3251 5484 3269 5522 :
3289 5469 3344 5524 In
3369 5480 3512 5530 terra

1923 5529 2174 5584 fundavit
2205 5529 2332 5584 illud
2361 5531 2411 5580 in
2447 5529 2668 5583 saécula.
3351 5552 3368 5578 ρ.
3487 5528 3512 5530 Ὗ
3570 5528 3586 5538 ’

1999 5611 2023 5646 e
2062 5601 2343 5687 Interserit
2372 5599 2509 5654 idem
2535 5615 2635 5687 ius.
2669 5599 2754 5687 hic
2778 5601 2895 5656 sibi.
2915 5603 3066 5685 .Tnm
3096 5607 3257 5687 liabet
3277 5654 3290 5674 ,
3322 5613 3516 5687 [tegere

1923 5673 2085 5754 Iacob
2113 5688 2309 5754 servum
2332 5679 2650 5754 suuntt'ctc.
2687 5669 2753 5723 Et
2782 5676 2943 5727 erexit
2976 5693 3060 5730 eos
3107 5680 3158 5732 in
3189 5669 3516 5754 simplicitate

1926 5744 2096 5799 cordis
2127 5745 2227 5807 sui,
2261 5750 2304 5796 et
2328 5742 2376 5795 in
2399 5740 2657 5796 intellectu
2690 5760 2954 5813 manuum,
2986 5759 3092 5806 etc.

2001 5813 2028 5851 ιι
2072 5813 2402 5870 Veronensis
2434 5814 2640 5869 librarii
2684 5815 2894 5870 tuendis
2937 5821 3143 5876 obsitus
3197 5840 3297 5878 ms.
3327 5828 3517 5881 derisio

1932 5897 1978 5945 et
2009 5887 2294 5946 substantia
2315 5886 2436 5961 (pro
2465 5885 2820 5961 subsannatio)
2858 5888 2937 5946 his
2963 5892 3054 5960 qui
3078 5936 3092 5956 ,
3136 5904 3276 5960 etc.;
3334 5901 3523 5958 δυωδε-

3049 5982 3088 6040 9
