3994 6324
516 298 624 358 267

1525 284 1583 343 S.
1623 278 2011 341 IliERONYMl
2051 274 2290 336 DIVINA
2332 270 2806 331 BlBLiOTiIECA.

3675 268 3761 327 268

596 414 903 487 Usquequo,
936 407 1155 466 Domine
1176 404 1461 478 ,irasceris
1504 402 1561 458 in
1587 401 1744 473 linem
1775 415 1794 456 :
1820 395 2131 454 accendetur
2156 394 2211 458 Α
2309 389 2628 462 Usquequo,
2654 384 2905 454 Domine,
2936 381 3194 440 irasceris
3238 380 3293 438 in
3328 377 3482 437 linem
3505 393 3518 435 :
3541 382 3766 439 accende-

521 510 661 567 velut
684 507 820 582 ignis
843 505 984 561 zelus
1009 502 1170 559 tuus?

597 600 825 669 E/funde
850 600 983 654 iram
1012 605 1155 652 tuam
1178 595 1232 650 in
1251 600 1423 666 gentes
1451 605 1567 663 qua:
1601 596 1650 645 te
1694 604 1801 645 non
1836 593 2124 643 nouerunt:

528 696 650 753 etin
679 709 839 766 regna
864 707 982 764 qua:
1007 705 1194 746 nomen
1220 697 1367 744 tuum
1395 701 1496 742 non
1524 684 1906 741 invocaverunt.

600 868 738 938 Quia
760 868 1087 925 comederunt
1114 864 1279 921 Jacob
1310 880 1329 921 :
1348 872 1398 921 et
1421 863 1587 920 locum
1607 864 1721 935 ejus
1742 858 2125 917 desolauerunt.

598 1046 685 1103 Ne
719 1046 1009 1103 memineris
1052 1044 1380 1117 iniquitatum
1407 1051 1701 1100 nostrarum
1724 1049 1751 1079 ιι
1778 1041 2129 1113 antiquarum,

527 1142 631 1196 cito
675 1142 955 1212 anticipent
994 1156 1089 1196 nos
1126 1139 1491 1197 misericordia:
1536 1146 1638 1195 tute
1664 1153 1683 1194 :
1707 1137 1834 1210 quia
1883 1151 2132 1210 pauperes

529 1233 661 1305 {acti
687 1248 863 1287 sumus
892 1232 1067 1287 nimis.

605 1408 813 1477 Adiuva
842 1424 956 1476 nos,
986 1403 1151 1475 Deus,
1184 1404 1433 1459 salutaris
1459 1412 1655 1473 noster,
1702 1410 1749 1458 et
1777 1410 1988 1474 prapter
2016 1398 2134 1472 glo-

531 1502 665 1555 riam
704 1501 926 1555 nominis
974 1500 1045 1554 tui
1081 1512 1143 1553 -ξ-
1176 1496 1397 1552 Domine
1437 1496 1460 1565 ζ
1496 1496 1656 1551 libera
1701 1512 1791 1549 nos
1823 1510 1841 1549 :
1873 1504 1920 1549 et
1957 1492 2138 1564 propi-

531 1593 636 1647 tius
657 1600 766 1645 esto
789 1590 1012 1660 peccatis
1042 1589 1233 1643 nostris
1250 1597 1459 1660 prapter
1483 1604 1666 1660 nomen
1694 1596 1862 1641 tuum.

606 1686 691 1740 Ne
718 1687 849 1753 forte
877 1686 1051 1739 dicant
1077 1684 1130 1738 in
1161 1682 1425 1755 gentibus,
1477 1680 1578 1737 Ubi
1626 1688 1701 1735 est
1742 1678 1882 1734 Deus
1923 1678 2140 1733 eorum?

535 1787 581 1833 et
607 1778 894 1834 innotescat
918 1779 972 1831 in
998 1775 1293 1831 nationibus
1323 1789 1497 1829 coram
1526 1772 1686 1829 oculis
1714 1770 1921 1827 nostris.

610 1963 753 2020 Ultio
772 1962 1043 2033 sanguinis
1063 1975 1329 2017 seruorum
1351 1966 1558 2014 tuorum
1586 1957 1675 2029 qui
1716 1954 1907 2023 e/i‘usus
1926 1962 1997 2011 est
2020 1970 2037 2009 :
2059 1954 2139 2008 in-

534 2067 700 2116 troeat
726 2059 781 2115 in
810 2065 1086 2129 conspectu
1113 2065 1200 2112 tuo
1228 2054 1444 2128 gemitus
1485 2052 1912 2125 compeditorum.

610 2235 911 2293 Secundum
936 2235 1347 2307 magnitudinem
1375 2233 1569 2289 brachii
1613 2234 1731 2289 tui:
1760 2231 1966 2302 posside
2002 2231 2140 2303 [ilics

541 2329 993 2399 mortiﬁcatorum.

610 2420 679 2475 Et
708 2421 867 2478 redde
886 2421 1065 2475 uicinis
1103 2422 1297 2475 nostris
1321 2417 1616 2490 septuptum
1654 2418 1709 2473 in
1755 2418 1872 2474 sinu
1920 2434 2094 2474 eorum
2121 2464 2135 2491 ,

535 2516 912 2586 imprOperium
939 2515 1190 2586 ipsorum,
1223 2511 1363 2585 quod
1400 2511 1835 2584 exprobrauerunt
1876 2510 1998 2580 tibi,
2032 2510 2142 2567 Do-

544 2609 703 2663 mine.

613 2701 727 2757 Nos
754 2709 927 2757 autem
947 2700 1169 2774 papulas
1190 2707 1330 2768 tuus,
1355 2706 1403 2754 et
1432 2714 1545 2754 oves
1568 2714 1776 2772 pascua:
1804 2707 1906 2754 tua:
1928 2741 1944 2770 ,
1977 2699 2142 2771 con/i-

540 2796 757 2851 tebimur
777 2794 866 2850 tibi
894 2796 948 2848 in
967 2792 1238 2848 servulum.

610 2889 678 2944 In
703 2889 1083 2960 generationem
1105 2896 1151 2943 et
1169 2889 1552 2961 generationem
1574 2888 2002 2945 anrmntiabimus
2024 2887 2135 2942 lau-

543 2982 660 3037 dem
687 2990 852 3036 tuam.

2228 492 2316 541 tur
2346 482 2497 539 velut
2527 480 2664 553 ignis
2694 478 2843 536 zelus
2870 477 3041 534 tuus?

2300 572 2530 630 Eil‘undc
2558 572 2695 627 iram
2723 580 2872 626 tuam
2902 568 2956 623 in
2984 572 3175 637 gentes
3221 578 3344 637 quae
3388 571 3439 622 te
3481 580 3581 622 non
3626 579 3767 621 nove-

2228 678 2399 735 runt,
2445 674 2499 724 et
2537 665 2593 722 in
2643 677 2811 736 regna
2860 676 2982 734 qua:
3027 676 3136 717 non
3184 658 3561 717 invocaverunt
3599 675 3765 716 nomen

2230 767 2406 816 tuum.

2236 870 2245 876 ”
2301 851 2434 921 Quia
2467 848 2598 924 [Με.
2629 844 2909 920 quoniam]
2939 845 3293 905 comederunt
3319 842 3482 902 Jacob
3510 860 3526 905 :
3553 854 3603 903 et
3625 845 3773 902 locum

2231 943 2352 1015 ejus
2384 942 2790 999 desolavcrunt.

2304 1034 2382 1091 Ne
2408 1033 2719 1089 memineris
2741 1030 2873 1105 [51s.
2903 1024 3249 1101 memoreris]
3272 1025 3570 1098 iniquitates
3597 1034 3777 1082 nostras

2236 1127 2523 1199 antiquas,
2551 1125 2659 1182 cito
2705 1139 2803 1182 nos
2831 1121 3088 1191 anticipet
3118 1118 3487 1176 misericordia
3526 1127 3609 1174 tua
3638 1135 3649 1173 :
3674 1118 3776 1188 quia

2236 1219 2382 1295 His.
2430 1213 2723 1290 quoniam]
2762 1230 3028 1288 pauperes
3069 1212 3198 1269 facti
3246 1227 3431 1268 sumus
3471 1211 3620 1266 nimis
3655 1200 3776 1282 Uis.

2235 1311 2439 1383 valde].

2307 1407 2516 1476 Adjuva
2546 1422 2648 1462 nos
2673 1446 2688 1473 ,
2731 1404 2874 1460 Deus
2897 1400 2925 1440 ἀ
2951 1399 3208 1458 salutaris
3253 1408 3459 1469 noster,
3505 1406 3557 1454 et
3598 1406 3782 1469 propter

2239 1499 2501 1556 honorem
2531 1497 2768 1554 nominis
2798 1496 2908 1563 tui,
2947 1494 3178 1550 Domine
3201 1535 3215 1560 ,
3257 1492 3423 1547 libera
3452 1504 3545 1546 nos
3569 1508 3583 1546 :
3606 1499 3653 1545 et
3678 1504 3779 1559 pro-

2200 1604 2207 1611 '
2240 1593 2401 1665 pitius
2434 1600 2551 1647 esto
2582 1588 2815 1660 peccatis
2845 1588 3047 1643 nostris
3078 1594 3299 1657 prepter
3322 1599 3515 1639 nomen
3543 1593 3698 1637 tuum.

2312 1685 2391 1743 Ne
2432 1683 2648 1757 quando
2692 1682 2877 1739 dicant
2920 1688 3109 1752 gentes
3135 1721 3148 1744 .
3194 1677 3298 1737 Ubi
3328 1686 3413 1734 est
3435 1677 3573 1732 Deus
3590 1690 3751 1731 eorum
3766 1673 3793 1733 ἲ,

2169 1798 2213 1859 Β
2241 1789 2297 1837 et
2324 1780 2667 1835 innotescunt
2693 1775 2823 1850 [_Ms.
2857 1772 3183 1844 innotescat]
3223 1772 3279 1829 in
3309 1768 3610 1828 nationibus
3634 1781 3784 1823 coram

2237 1873 2412 1931 oculis
2453 1870 2678 1927 nostris.

2310 1964 2539 2023 Vindica
2575 1962 2894 2035 sanguinem
2934 1973 3217 2017 servorum
3258 1966 3476 2014 tuorum
3508 1953 3592 2026 qui
3619 1950 3788 2008 effusus

2239 2070 2324 2120 est
2353 2078 2365 2115 :
2398 2060 2565 2116 intret
2589 2058 2642 2114 in
2668 2063 2969 2128 conspectu
2997 2065 3091 2112 tuo
3121 2051 3250 2126 Uis.
3277 2056 3617 2122 conspectum
3646 2040 3787 2112 tuum]

2238 2154 2476 2227 gemitus
2505 2150 2961 2223 compeditorum.

2313 2246 2622 2306 Secundum
2647 2243 3077 2318 magnitudinem
3100 2240 3311 2299 brachii
3333 2240 3437 2310 tui,
3460 2234 3659 2311 posside
3678 2230 3791 2287 ﬁlios

2240 2352 2416 2400 morte
2450 2340 2785 2413 punitorum.

2287 2435 2501 2500 .Redde
2529 2434 2721 2491 vicinis
2751 2433 2955 2489 neSIris
2982 2429 3287 2503 septuplum
3330 2427 3389 2483 in
3439 2424 3556 2480 sinu
3598 2434 3791 2483 eorum.

2241 2528 2631 2600 improperium
2666 2527 2905 2598 ipsorum
2933 2566 2949 2591 ,
2998 2522 3143 2595 quod
3188 2520 3644 2593 exprobraverunt
3688 2509 3792 2584 [51s.

2242 2616 2707 2692 improbaverunt]
2736 2618 2832 2672 tibi
2850 2660 2864 2681 .
2900 2618 3145 2673 Domine.

2313 2715 2424 2771 Nos
2447 2724 2627 2770 autem
2652 2711 2885 2784 p0pulus
2914 2720 3060 2777 tuus,
3084 2717 3141 2764 et
3161 2722 3292 2764 oves
3320 2705 3502 2778 gregis
3529 2701 3633 2768 tui,
3654 2693 3796 2753 conli-

2245 2808 2479 2864 tebimur
2504 2806 2627 2875 tibi,
2656 2805 2823 2872 Deus,
2851 2805 2904 2859 in
2931 2803 3162 2859 ssc-cuia:
3193 2813 3248 2858 et
3273 2800 3327 2857 in
3363 2797 3617 2856 sacculum
3643 2785 3798 2848 suculi

2247 2900 2592 2958 narrabimus
2620 2896 2835 2954 laudem
2870 2904 3038 2952 tuam.

1851 3069 2214 3137 PSALMUS
2258 3071 2557 3137 LXXIX.

543 3190 597 3232 ΙΝ
628 3189 812 3241 “NE”,
846 3187 950 3227 Ρηο
978 3187 1067 3229 uls
1097 3186 1187 3234 QUI
1233 3185 1729 3246 CQDLIIUTABHNTUR,
1780 3189 2143 3246 ΤΕξἸἹΙΟΝΙϋΜ
2171 3180 2216 3244 C
2249 3194 2302 3233 IN
2329 3193 2514 3246 FINEN,
2542 3189 2644 3232 ιιιιο
2673 3189 2757 3230 IIIS
2785 3189 2875 3239 QC!
2906 3184 2930 3212 "
2954 3188 3450 3241 COHMUTABUN'I'UR,
3480 3176 3804 3227 τεςτιιιοςωιι

791 3259 976 3312 ΑςΑιιιι,
1010 3256 1247 3299 ιιελωιυε
1275 3241 1402 3315 liis.
1438 3258 1669 3299 PSALIIUS
1698 3244 1910 3319 ΑςΑΡιι].

623 3358 727 3424 Qui
756 3358 892 3430 regis
922 3355 1115 3426 Israel,
1148 3354 1380 3424 intende,
1410 3356 1502 3427 qui
1530 3354 1557 3394 ιι
1590 3356 1806 3414 deducis
1844 3357 1978 3415 velut
2006 3378 2149 3418 ovem

549 3448 771 3523 Joseplr.

631 3542 735 3607 Qui
795 3543 941 3596 sedes
1005 3557 1160 3613 super
1225 3538 1504 3596 Cherubin:
1577 3542 1909 3613 manifestare
1972 3561 2150 3602 coram

555 3638 833 3712 Epitraim,
855 3636 1134 3709 Benjamin
1156 3648 1202 3691 et
1228 3635 1493 3693 Hanasse.

627 3727 820 3784 Excita
841 3730 1126 3801 potentiam
1156 3738 1319 3799 tuam,
1343 3739 1392 3785 et
1413 3730 1550 3797 veni,
1574 3738 1629 3786 ut
1651 3730 1824 3788 satras
1844 3732 2010 3805 facias
2035 3752 2151 3794 nos.

628 3905 797 3976 Deus,
844 3914 1083 3962 converte
1127 3921 1224 3960 nos
1255 3920 1275 3961 :
1299 3913 1349 3960 et
1393 3905 1605 3962 ostende
1647 3907 1835 3978 faciens
1883 3916 2059 3977 tuam,
2108 3916 2157 3964 et

559 4002 689 4058 salvi
719 4001 932 4056 erimus.

633 4090 857 4145 Domine
899 4087 1043 4144 Deus
1084 4090 1371 4158 uirtutum,
1414 4105 1681 4163 quousque
1723 4092 1964 4149 irasceris
2007 4112 2161 4168 super

564 4183 845 4239 orationem
870 4182 1002 4236 serui
1032 4181 1147 4235 tui?

640 4276 846 4334 Cibabis
874 4293 967 4332 nos
997 4292 1131 4348 pane
1153 4276 1504 4348 lacrgmarum
1526 4293 1544 4332 :
1568 4287 1616 4334 et
1636 4287 1816 4351 potum
1844 4281 1991 4339 dabis
2016 4285 2163 4340 nobis

565 4374 621 4428 in
644 4370 890 4441 lacrymis
919 4372 973 4424 in
998 4384 1263 4424 mensura.

640 4462 874 4518 Posuisti
902 4477 996 4516 nos
1021 4462 1075 4515 in
1100 4461 1568 4519 contradictionem
1601 4476 1623 4504 ε
1648 4466 1829 4525 uicinis
1852 4469 2043 4527 nostris
2065 4487 2086 4527 :
2114 4481 2163 4528 et

564 4559 765 4617 inimici
789 4558 952 4614 nostri
976 4556 1419 4613 subsannavernnt
1449 4575 1563 4615 nos.

2629 3262 2815 3314 ASAPH,
2846 3259 3080 3303 PSALHUS
3111 3262 3362 3301 ASSYRIOR
3373 3261 3444 3301 ωι
3454 3284 3468 3298 .

2324 3360 2425 3430 Qui
2457 3358 2602 3432 regis
2631 3357 2818 3426 lsraei,
2852 3357 3075 3416 intende
3103 3376 3117 3414 :
3145 3358 3235 3430 qni
3264 3355 3494 3414 deducis
3518 3348 3659 3411 velut
3679 3361 3807 3405 ovem

2254 3453 2478 3525 Joseph.

2325 3546 2428 3614 Qui
2474 3545 2634 3601 sedes
2678 3559 2845 3615 super
2898 3542 3230 3611 Clierubim,
3285 3540 3305 3582 τ
3352 3554 3614 3617 apparare
3655 3546 3810 3595 coram

2258 3639 2516 3712 Ephrem,
2543 3636 2826 3709 Beniamin
2858 3646 2913 3695 ct
2945 3638 3218 3694 Manassc.

2328 3732 2516 3789 Excita
2546 3730 2841 3803 potentiam
2874 3743 3042 3800 tuam,
3076 3734 3130 3787 et
3163 3728 3288 3787 veni
3328 3746 3345 3785 :
3385 3741 3448 3786 ut
3475 3727 3647 3786 saltos
3674 3719 3817 3778 iacias

2258 3841 2379 3883 nos.

2331 3915 2562 3972 Domine
2588 3915 2733 3972 Deus
2758 3914 3039 3983 virtutum,
3070 3923 3336 3972 converte
3364 3928 3469 3972 nos
3491 3931 3503 3969 :
3529 3920 3585 3969 et
3619 3904 3817 3965 utendo

2264 4008 2463 4065 iaeiem
2494 4018 2667 4075 tuam,
2699 4017 2752 4063 et
2776 4006 2908 4062 salvi
2938 4007 3163 4065 erimus.

2337 4101 2566 4158 Domine
2600 4100 2741 4157 Deus
2767 4099 3048 4168 virtutum,
3073 4114 3357 4172 quousque
3391 4098 3520 4175 [11s.
3552 4088 3824 4169 usquequo]

2264 4194 2518 4252 irasceris
2546 4195 2600 4252 in
2627 4194 2928 4251 orationem
2955 4195 3097 4251 servi
3132 4195 3248 4251 tui?

2337 4286 2562 4344 Cibabis
2609 4302 2709 4344 nos
2751 4301 2891 4358 pane
2938 4285 3069 4360 [Ηε.
3120 4286 3339 4359 panem]
3389 4282 3828 4360 iacrymarum,“

2263 4390 2449 4453 potum
2477 4380 2630 4437 dabis
2658 4381 2815 4436 nobis
2843 4381 2896 4435 in
2927 4380 3182 4453 lacrymis
3212 4381 3263 4436 in
3296 4396 3574 4439 mensura.

2336 4476 2572 4532 Posuisti
2621 4490 2722 4532 nos
2768 4466 2820 4531 in
2868 4475 3358 4535 contradictionem
3388 4476 3586 4535 vicinis
3615 4466 3829 4530 nostris:

2265 4578 2321 4628 et
2346 4569 2551 4628 inimici
2581 4570 2757 4627 nostri
2781 4570 3093 4627 deriserunt
3122 4586 3246 4629 nos.

566 4722 753 4805 quenti
769 4729 948 4805 autem
978 4735 1172 4790 versu,
1207 4721 1505 4778 exardescet
1544 4724 1679 4780 sicut
1705 4725 1871 4800 ignis,
1908 4736 2017 4786 etc.
2046 4745 2169 4788 cum
2200 4734 2246 4796 Β
2275 4732 2421 4803 quod
2453 4734 2691 4805 Assyrios
2719 4733 2773 4789 in
2801 4748 2866 4790 eo
2898 4749 3000 4789 ms.
3035 4734 3254 4805 legitur,
3286 4748 3351 4788 ex
3386 4732 3497 4787 illis
3533 4738 3616 4785 est
3643 4720 3830 4782 librarii

571 4796 891 4865 Augustino.

647 4878 674 4905 ιι
713 4869 889 4948 Atque
915 4864 1003 4920 hic
1032 4864 1897 4948 immerito_lfa‘latin._ms..voccm
1926 4874 2169 4946 antiqua-

571 4956 689 4994 rum
734 4938 894 4994 obelo
923 4945 1189 5005 pra-notat
1219 4953 1232 4988 :
1264 4936 1524 5003 additque
1574 4939 1627 4993 in
1669 4940 1775 4997 line
1824 4936 2060 5001 alterius
2099 4950 2168 5003 ab

577 5016 680 5068 boc
707 5024 896 5066 versus
922 5011 1117 5064 iterum
1143 5005 1470 5077 Diapsatma.

646 5083 675 5122 b
703 5081 1149 5150 Prmpositionem
1182 5079 1335 5135 verbi
1381 5079 1597 5135 deducis
1619 5123 1635 5148 ,
1684 5083 1916 5142 Palatiu.
1966 5103 2068 5145 ms.
2100 5090 2169 5148 dc

579 5170 730 5210 more
756 5160 1022 5221 prmuotat
1049 5166 1199 5207 veru.

656 5238 678 5263 υ
710 5224 942 5300 Palatia.
993 5237 1097 5300 ms.
1148 5222 1375 5277 inimicis
1418 5226 1633 5300 nostris,
1685 5242 1785 5300 pro
1826 5230 2026 5300 uicinis,
2060 5241 2168 5290 etc.

576 5295 935 5370 Gruicoipso,
965 5299 1201 5370 γείτοσιν,
1230 5295 1667 5370 gorttradicente.

610 5439 620 5450 .
645 5364 672 5403 ά
694 5365 751 5420 In
777 5364 1075 5450 Veronens.
1095 5379 1196 5450 me.
1220 5364 1361 5450 Deus
1382 5370 1608 5450 salvator
1625 5381 1799 5450 noster
1820 5385 2033 5447 propter
2052 5378 2166 5446 gto-

573 5440 705 5491 riam
736 5440 959 5491 nominis
988 5440 1085 5500 tui,
1110 5446 1213 5491 etc.
1250 5452 1313 5491 ac
1337 5440 1499 5493 tertio
1527 5440 1596 5496 ab
1624 5441 1727 5499 hoc
1756 5440 1929 5501 vc'rsu'
1950 5440 2167 5501 rursum

573 5524 694 5562 cum
721 5508 1038 5590 Augustinno,
1060 5508 1229 5590 recipe
1258 5510 1321 5590 in_
1340 5510 1683 5590 adaptionem_
1714 5517 1853 5584 ﬁlios
1884 5518 2173 5588 mortiﬁca-

571 5589 855 5659 torum,_et
882 5577 1274 5659 itr‘iine,.l).e_us
1304 5581 1357 5633 in
1373 5577 1631 5659 internum
1667 5577 1724 5639 in
1760 5577 2093 5659 generatione
2122 5599 2172 5644 ει

566 5651 892 5722 generatione
918 5648 1336 5722 denuntiabimus
1365 5651 1575 5709 laudem
1602 5648 1767 5711 tuam:

646 5732 669 5759 θ
702 5722 831 5793 Cum
860 5719 1163 5793 Augustino
1192 5720 1522 5793 verepensis
1564 5742 1693 5793 ms.,
1725 5729 2137 5786 immutabuntur

566 5792 919 5849 testimonium
946 5777 1060 5863 ipsi
1090 5790 1290 5863 Asaph,
1319 5777 1708 5869 Psalmusﬂprb

2276 4805 2514 4872 mendis,
2544 4806 2742 4875 quibus
2768 4814 2965 4870 scatet,
2988 4814 3044 4861 et
3071 4821 3192 4874 qum
3216 4805 3431 4861 Leetori
3462 4805 3621 4875 tertio
3645 4807 3834 4875 quoque

2272 4876 2445 4948 verbo
2470 4872 2743 4948 ingerere,
2790 4877 2923 4931 nihil
2952 4872 3127 4933 interc
3164 4888 3201 4930 ι.
3236 4877 3292 4931 lu
3328 4885 3519 4944 textu,
3564 4872 3661 4941 Qui
3687 4872 3835 4941 pascis

2276 4945 2468 5013 Israel,
2502 4945 2555 5003 ei
2579 4949 2714 5003 velut
2745 4965 2879 5013 ores,
2914 4948 3146 5017 plurium
3180 4963 3432 5005 numero.

2352 5020 2371 5058 ί
2404 5018 2568 5090 Ergo,
2614 5021 2785 5086 inquit
2831 5014 3054 5074 Hieron.
3110 5020 3165 5073 iu
3217 5019 3410 5075 Isaiam
3440 5018 3535 5072 lib.
3582 5014 3667 5090 ill,
3698 5022 3834 5068 ο-Υιο

2275 5101 2448 5147 errant
2476 5086 2563 5160 qui
2590 5092 2750 5146 solent
2779 5093 2831 5145 in
2863 5092 3095 5159 pretibus
3122 5091 3313 5154 dicere.
3360 5090 3466 5157 Qui
3514 5086 3667 5142 sedes
3685 5093 3837 5160 super

2275 5150 2570 5218 Cherubin]
2600 5172 2654 5216 et
2681 5150 2993 5232 Serapiiim,
3038 5164 3177 5234 quod
3219 5150 3497 5234 Scriptura
3525 5175 3624 5213 non
3663 5150 3835 5234 doct-tit.

2276 5235 2545 5289 Cueterum
2572 5241 2628 5288 et
2655 5250 2751 5301 pro
2780 5224 3061 5304 apparare:
3111 5236 3310 5288 rectius
3343 5224 3529 5287 'ntulto
3573 5224 3838 5304 cumnoliiﬁ

2279 5305 2452 5361 ferme
2482 5294 2732 5359 omnibus
2759 5294 2910 5360 libris
2938 5294 3067 5374 legit
3100 5305 3398 5360 Veronens.
3430 5294 3837 5375 appm'eLAiltle

2275 5378 2346 5431 ab
2374 5377 2475 5432 hoc
2496 5392 2656 5431 versu
2681 5376 2821 5431 idem
2849 5390 2949 5429 ms.
2978 5369 3135 5434 Deus.
3160 5369 3529 5438 convertenos,
3556 5380 3603 5426 et
3623 5369 3840 5438 illumiua

2277 5449 2461 5519 faciem
2490 5458 2627 5503 luant
2656 5464 2673 5502 :
2700 5462 2807 5516 quo
2835 5447 2886 5501 in
2915 5446 3041 5519 loco,
3067 5446 3222 5519 fallit,
3255 5464 3315 5503 ac
3342 5445 3714 5519 fallitursuf‘pe
3741 5437 3840 5517 Ιξιιι-

2276 5508 2437 5574 datus
2459 5519 2648 5573 Editor
2669 5508 2994 5574 Veronensis
3021 5508 3292 5584 Psalterii,
3316 5516 3407 5589 qui
3438 5513 3567 5569 illud
3596 5508 3838 5583 illumina.

2276 5606 2401 5674 cum
2449 5592 2567 5671 solo
2593 5591 2891 5674 Augustino
2936 5605 3245 5674 censonare
3276 5592 3377 5674 ait:
3404 5602 3530 5668 eum
3559 5589 3841 5674 econtrano

2275 5661 2561 5731 Augustin.
2608 5655 2764 5717 unice
2796 5661 2988 5717 habent
3029 5662 3262 5714 ostende.
3293 5659 3524 5731 inferius
3560 5655 3692 5708 idem
3711 5662 3838 5731 _mS-.

2275 5720 2476 5802 potabis
2514 5748 2631 5797 nos,
2678 5747 2772 5802 pro
2799 5742 2974 5803 potum
3000 5731 3148 5786 dabis
3176 5731 3319 5789 nobis
3343 5745 3359 5784 :
3384 5730 3620 5800 denique
3644 5720 3841 5780 subsan-

2273 5812 2523 5861 nauerunt
2549 5820 2664 5874 nos,
2689 5802 3135 5876 pro'deriserunt,
3164 5810 3271 5861 etc.
