4090 6338
240 332 352 390 209

1553 327 1756 384 LIBER
1799 326 2241 385 PSALMORUM.

3443 325 3551 380 9.70

313 443 465 501 Deus
491 445 744 500 virtutum
764 451 1000 501 conserte
1025 450 1213 500 nos:et
1240 442 1453 499 ostende
1474 443 1657 516 {aciem
1684 451 1844 510 tuam,
1876 447 1927 506 Α
2026 441 2256 497 Domine
2296 440 2439 496 Deus
2465 439 2748 506 virtutum,
2778 444 3036 494 converte
3063 453 3201 495 nos:
3229 447 3285 496 et
3312 441 3544 498 ostende

241 547 289 593 et
313 540 448 593 salsi
475 539 691 594 erimus.

322 629 544 685 Vineam
575 628 907 703 dedigypto
935 645 996 686 ἐν·
1030 639 1176 686 trans
1205 629 1228 699 ζ
1261 630 1449 698 tulisti,
1495 629 1695 704 ejecisti
1725 646 1850 702 gen-

245 734 345 788 tes,
377 733 427 778 et
461 725 715 791 plantasti
737 741 870 778 eam.

311 813 446 870 Dux
469 817 674 872 itineris
705 818 854 886 fuisti
881 818 935 872 in
966 828 1246 890 conspectu
1275 820 1391 891 ejus
1426 833 1444 873 :
1471 827 1496 856 ⁸³
1523 827 1571 873 et
1599 817 1854 889 plantasti

243 909 454 962 radices
484 909 621 978 ejus,
650 918 698 962 et
727 909 956 978 implerit
994 919 1208 965 terram.

317 999 539 1072 Opdt'ttil
571 1011 770 1058 montes
800 1001 983 1056 umbra
1011 1002 1125 1074 ejus
1149 1019 1167 1058 :
1190 1012 1240 1059 et
1275 1003 1493 1058 arbusta
1532 1003 1644 1075 ejus
1671 1001 1855 1057 cedros

249 1088 370 1144 Dei.

316 1180 572 1236 Extendit
605 1182 840 1253 palmites
869 1201 989 1239 suos
1021 1201 1177 1256 usque
1200 1185 1269 1239 ad
1298 1199 1482 1239 mare:
1507 1194 1555 1239 et
1583 1201 1747 1256 usque
1784 1184 1856 1238 ad

243 1272 443 1341 ﬂumen
473 1275 791 1344 prOpagines
814 1276 951 1345 ejus.

320 1362 393 1418 Ut
421 1365 549 1434 quid
576 1366 880 1420 destruxisti
918 1368 1193 1422 maceriam
1229 1371 1346 1435 ejus
1389 1384 1409 1424 .'
1450 1377 1499 1424 et
1541 1367 1855 1423 vindemiant

244 1472 358 1510 eam
394 1473 597 1524 omnes,
621 1459 707 1527 qui
735 1460 1240 1532 praetergrediuntur
1270 1461 1441 1515 viam?

323 1547 712 1604 Extenninavit
741 1567 859 1606 eam
884 1569 1010 1623 aper
1035 1553 1099 1607 de
1123 1554 1256 1608 silva
1283 1570 1302 1610 :
1333 1564 1380 1610 et
1405 1551 1690 1626 singularis
1717 1554 1856 1624 {erus

250 1643 505 1714 depastus
537 1654 612 1698 est
639 1660 778 1698 eam.

318 1735 466 1791 Deus
499 1737 749 1791 virtutum
777 1747 1064 1794 convertere
1101 1756 1119 1794 :
1162 1740 1356 1811 respice
1385 1741 1448 1794 de
1476 1740 1623 1807 caelo,
1663 1748 1708 1793 et
1745 1739 1859 1793 vide

249 1837 295 1880 et
325 1827 479 1881 risita
512 1829 714 1882 tineam
739 1831 912 1884 istam.

322 1919 387 1974 Et
415 1921 613 1991 perfice
637 1939 750 1976 eam
778 1941 936 1994 quam
963 1925 1216 1994 plantat-it
1245 1927 1454 1981 dextera
1477 1936 1566 1980 tua
1592 1943 1610 1982 :
1633 1934 1678 1982 et
1703 1941 1860 1996 supcr

248 2011 416 2082 ﬁlium
451 2012 477 2050 ι’
503 2014 748 2078 hominis.
779 2032 929 2085 quem
955 2019 1277 2087 conﬁrmasti
1307 2018 1419 2072 tibi.

324 2107 559 2164 Incensa
589 2109 700 2182 igni
743 2120 793 2167 et
828 2110 1078 2180 suﬂ'ossa,
1121 2112 1184 2166 ab
1211 2113 1564 2184 increpatione
1591 2112 1759 2167 vultus
1790 2110 1865 2166 tui

253 2200 519 2268 peribunt.

325 2293 453 2349 Fiat
482 2313 668 2352 manus
714 2306 805 2353 tua
834 2316 989 2372 super
1019 2300 1192 2354 virum
1223 2299 1456 2356 dextera:
1479 2310 1580 2355 tua:
1605 2315 1625 2356 :
1644 2308 1691 2356 et
1713 2317 1868 2373 super

255 2391 424 2460 [ilium
446 2390 696 2460 hominis,
726 2409 881 2463 quem
909 2393 1236 2464 conﬁrmasti
1267 2395 1376 2448 tibi.

324 2483 395 2538 Et
443 2503 547 2540 non
592 2486 902 2542 discedimus
942 2507 973 2541 a
1003 2499 1050 2543 te
1083 2505 1102 2543 :
1143 2489 1426 2559 rivi/icabis
1453 2506 1567 2558 nos,
1599 2499 1646 2546 et
1675 2507 1858 2548 nomen

258 2589 404 2634 tuum
438 2581 819 2636 inrocabimus.

323 2672 554 2727 Domine
595 2670 742 2729 Deus
783 2674 1054 2741 virtutum,
1094 2684 1332 2732 converte
1377 2691 1471 2731 nos

253 2765 440 2838 [aciem
474 2774 639 2832 luant,
671 2769 718 2821 et
746 2765 878 2822 salvi
905 2769 1118 2824 erimus.

1513 2690 1531 2730 :
1573 2685 1622 2732 et
1653 2677 1863 2733 ostende

1955 532 2151 591 faciem
2186 542 2352 600 tuam,
2379 543 2432 589 et
2457 532 2590 588 salvi
2621 531 2846 588 erimus.
2875 531 3207 589 Durssus.

2028 627 2252 682 Vineam
2293 642 2365 682 ex
2391 625 2629 698 Λεωτρῑο
2676 624 2998 682 transtulisti
3037 642 3052 682 :
3095 625 3306 698 ejecisti
3333 637 3541 699 gentes,

1955 730 2011 777 et
2041 720 2296 790 plantaSti
2326 736 2468 776 eam.

2030 812 2185 869 Viam
2216 813 2392 869 fecisti
2421 813 2472 868 in
2505 825 2800 885 conspectu
2829 814 2947 884 ejus
2980 831 2994 869 :
3035 823 3089 872 et
3113 814 3364 886 plantasti
3397 817 3544 873 radi-

1956 921 2050 964 ces
2074 906 2216 977 ejus,
2249 917 2302 962 et
2334 907 2539 978 repleta
2569 907 2696 979 [Ms.
2727 908 2970 978 impleta}
2995 919 3076 963 est
3105 919 3270 966 terra.

2029 1001 2250 1072 Operuit
2287 1011 2498 1058 Inutiles
2530 1001 2722 1057 umbra
2751 1002 2870 1073 ejus
2915 1019 2930 1058 :
2971 1013 3026 1058 et
3053 1003 3276 1060 arbusta
3306 1003 3426 1074 ejus
3453 1018 3548 1061 ce-

1955 1096 2086 1153 dros
2115 1097 2230 1152 Dei.

2031 1188 2336 1245 Extendisti
2372 1187 2623 1258 palmites
2659 1187 2778 1258 ejus
2825 1203 2994 1259 usque
3039 1191 3106 1246 ad
3139 1207 3326 1248 mare:
3352 1201 3410 1249 et
3458 1208 3550 1250 us-

1956 1297 2066 1356 que
2091 1281 2156 1335 ad
2191 1281 2389 1337 numen
2419 1280 2744 1351 propagines
2772 1283 2913 1350 ejus.

2033 1374 2053 1414 ί
2092 1374 2157 1430 Ut
2204 1373 2326 1444 quid
2375 1372 2677 1443 deposuisti
2722 1373 3012 1428 maceriam
3061 1373 3181 1443 ejus
3222 1383 3248 1435 ε,
3280 1385 3337 1432 et
3365 1375 3554 1433 vinde-

1959 1467 2129 1522 miant
2158 1481 2278 1520 eam
2312 1477 2527 1530 olllttes,
2555 1464 2644 1534 qui
2677 1471 2957 1518 transeunt
2984 1464 3162 1519 viam?

2046 1557 2446 1613 Extermiuavit
2475 1571 2594 1611 eam
2643 1572 2774 1627 aper
2814 1556 2882 1612 de
2921 1557 3053 1612 silva
3099 1576 3112 1612 :
3154 1569 3210 1614 et
3260 1559 3553 1630 singularis

1961 1651 2111 1708 ferus
2135 1649 2394 1718 depastus
2418 1657 2502 1704 est
2518 1664 2659 1704 eam.

2037 1743 2263 1798 Dan-nine
2296 1743 2435 1797 Deus
2481 1742 2760 1808 virtutum,
2791 1752 3049 1798 converte
3093 1758 3238 1800 nunc
3279 1761 3295 1799 :
3341 1747 3556 1814 resjtice

1887 1843 1935 1904 Β
1962 1837 2031 1894 de
2069 1837 2236 1903 cutio,
2277 1845 2333 1891 et
2374 1835 2499 1890 vide
2545 1845 2599 1891 et
2640 1836 2797 1890 visita
2839 1836 3050 1892 vineam
3093 1839 3274 1904 istam,
3303 1849 3356 1895 et
3385 1841 3558 1911 dirige

1965 1947 2082 1988 eam
2115 1947 2273 2002 quam
2320 1929 2584 2000 plantavit
2627 1929 2849 1984 dextera
2898 1940 2986 1986 tua

1967 2025 2228 2092 hominis,
2267 2039 2428 2095 quem
2449 2022 2780 2078 conﬁrmasti
2805 2023 2925 2080 tibi.

2039 2117 2260 2173 Incensa
2312 2115 2424 2185 igni
2478 2123 2534 2171 et
2580 2115 2779 2171 eﬂ'ossa
2830 2133 3026 2185 manu,
3079 2117 3147 2174 ab
3188 2117 3562 2191 increpatione

1967 2210 2147 2266 vultus
2175 2211 2252 2266 tui
2287 2209 2552 2280 peribunt.

2043 2303 2161 2358 Fiat
2192 2300 2320 2374 [Ms.
2349 2300 2531 2373 faciat]
2577 2317 2770 2357 manus
2802 2311 2888 2356 tua
2918 2317 3084 2372 super
3119 2303 3293 2358 virum
3323 2303 3563 2361 dextera:

1966 2405 2094 2463 tua),
2124 2405 2180 2452 et
2205 2410 2371 2466 super
2404 2394 2573 2450 lilium
2599 2395 2856 2461 hominis,
2881 2411 3043 2464 quem
3070 2395 3406 2452 conﬁrmasti
3440 2396 3558 2469 tibi,

1965 2499 2021 2546 et
2048 2504 2156 2544 non
2189 2486 2520 2544 discedimus
2550 2503 2580 2542 a
2608 2486 2738 2558 [Μδ.
2771 2485 2890 2558 abs]
2921 2498 2995 2543 te.

2038 2581 2334 2638 Viviticasti
2366 2596 2486 2646 nos,
2517 2587 2574 2636 et
2601 2595 2800 2637 nomen
2830 2591 2979 2635 tuum
3006 2580 3399 2638 invocabimus.

2037 2674 2268 2730 Domine
2295 2673 2438 2728 Deus
2465 2672 2753 2741 virtutum,
2784 2681 3044 2730 converte
3073 2687 3212 2730 nos:
3252 2681 3310 2730 et
3334 2672 3563 2731 ostende

1966 2766 2158 2823 faciem
2190 2773 2361 2836 tuam,
2391 2776 2448 2823 et
2477 2765 2610 2822 salvi
2641 2765 2869 2823 erimus.

3032 1949 3046 1984 :
3088 1943 3144 1987 et
3186 1949 3356 2005 super
3389 1935 3556 1990 lilim

1579 2925 1940 2992 PSALMUS
1981 2925 2250 2989 LXXX.

508 3085 562 3126 IN
590 3085 752 3126 ΡΙΝΕΙ
780 3083 879 3125 ι’ηο
908 3083 1334 3140 τοηουιλῐιιιςυε,
1362 3083 1550 3126 ΑΞΔΡΙΙ.
1581 3080 1603 3109 ε

1968 3085 2020 3126 IN
2058 3085 2243 3140 FINEI,
2275 3082 2375 3126 PRO
2403 3082 2830 3138 TORCULARIBUS,
2871 3085 3105 3130 PSALIUS
3141 3087 3337 3146 ASAPﬂ,
3367 3089 3562 3142 QUIN”

2637 3157 2888 3198 SABBATI‘.

327 3247 608 3304 Exsulta“
634 3248 750 3305 Deo
774 3251 1008 3319 adium"-
1039 3260 1250 3314 ,ωειτοὶ
1280 3249 1510 3324 Ῐαὺειαιε
1535 3248 1647 3306 Deo
1672 3248 1857 3305 ιαεοὺ,
1885 3221 1932 3285 C
2041 3234 2323 3291 Exsultatc
2348 3233 2458 3291 Deo
2487 3233 2718 3306 adjutori
2747 3245 2962 3290 nostro:
2986 3235 3217 3307 jubilate
3241 3237 3353 3294 Deo
3371 3239 3561 3296 laeui).

327 3346 536 3400 Sumite
587 3346 869 3417 psalmum,
915 3355 964 3400 et
991 3339 1138 3400 date'
1167 3355 1504 3417 tympanum,
1557 3345 1863 3416 psalterium

250 3437 548 3508 jucundum
574 3455 690 3491 cum
719 3436 947 3490 cithara.

328 3530 618 3585 Buccinate
639 3531 691 3584 in
725 3531 994 3586 neomenia
1023 3531 1168 3597 tuba,
1197 3531 1251 3586 in
1281 3531 1472 3604 insigni
1510 3532 1594 3586 die
1621 3529 1866 3587 solemni-

257 3627 375 3678 tatis
402 3636 608 3681 vestra.

330 3717 470 3784 Quia
518 3727 844 3789 prwceptum
878 3718 935 3773 in
983 3715 1155 3774 Israel
1200 3729 1317 3787 est,
1377 3726 1426 3774 et
1463 3718 1723 3790 judicium
1755 3717 1863 3774 Deo

258 3809 443 3865 Iacob.

328 3903 705 3957 Testimonium
735 3903 788 3957 in
820 3901 1023 3975 Joseph
1057 3903 1227 3976 posuit
1250 3902 1278 3941 ιι
1303 3903 1439 3958 illud
1467 3920 1584 3959 cunt
1611 3904 1770 3960 exiret
1800 3904 1865 3958 de

255 4006 389 4052 terra
417 3997 645 4070 ggpti
670 4015 687 4052 :
715 3999 947 4071 linguam
977 4017 1135 4072 quam
1162 4017 1266 4055 non
1297 4008 1532 4066 noverat,
1555 4000 1772 4055 audiuit.

324 4088 551 4146 Divertit
591 4092 660 4145 ab
698 4091 936 4147 oneribus
987 4093 1199 4149 dorsum
1245 4095 1359 4165 ejus
1395 4108 1415 4148 :
1454 4109 1638 4149 manus
1668 4094 1780 4166 ejus
1810 4093 1862 4147 in

257 4184 482 4256 capitiuo
510 4185 820 4242 serrierunt.

321 4360 392 4417 In
440 4362 786 4418 tribulatione
831 4362 1079 4419 inrocasti
1111 4372 1134 4401 ο
1168 4377 1226 4419 -ιι
1259 4379 1342 4418 me
1384 4362 1406 4432 ζ
1447 4371 1495 4418 et
1535 4362 1747 4418 liberavi
1775 4359 1861 4418 le:

255 4456 502 4510 eraudiri
533 4467 582 4510 te
611 4458 664 4511 in
696 4457 1000 4513 abscondito
1031 4458 1370 4530 tempestatis,
1407 4457 1618 4530 probaui
1643 4447 1696 4512 te
1719 4457 1863 4528 apud

257 4565 451 4620 aquaist
471 4551 922 4609 contradictionis.
948 4553 1276 4609 DIAPSALIIA.

322 4779 347 4809 ³
375 4770 458 4826 Ex
488 4769 720 4844 Palatio.
751 4785 854 4826 ms.
885 4772 1112 4844 aliisque
1134 4772 1488 4844 originalibus
1508 4773 1660 4829 libris
1690 4771 1855 4830 sull‘e-
1883 4773 1936 4833 D

252 4843 425 4898 cimus
452 4859 576 4911 quur
604 4843 812 4914 deerat,
845 4855 892 4896 et
917 4843 1183 4914 Copulam.

323 4914 350 4953 ὓ
380 4916 574 4988 Tacet
603 4913 656 4967 in
712 4913 956 4988 Palatino
989 4913 1106 4970 ίιης.
1166 4918 1419 4973 hominis.
1468 4916 1609 4988 quod
1657 4932 1852 4970 nomen

252 4999 429 5056 neque
481 4985 740 5056 llcbtatts
797 4986 913 5056 ipse
964 4996 1152 5042 textus
1200 4991 1285 5043 hic
1330 4985 1512 5052 habet,
1549 4999 1599 5042 at
1629 5006 1750 5043 cum
1785 4989 1856 5042 sit

255 5055 440 5136 tamen
497 5056 552 5136 i-ll
826 5055 959 5112 sit.»
1002 5061 1292 5136 ἀνθρώπου,
1337 5076 1432 5128 par
1471 5071 1550 5114 est
1603 5063 1852 5136 occurre,

255 5129 440 5202 fuisse
473 5129 572 5180 abs
623 5127 956 5198 Hieronymo
1006 5127 1166 5202 tgbélo
1221 5127 1600 5202 prarnotatum.
1649 5131 1856 5186 Subse-

257 5199 476 5272 ﬂuctuis
526 5211 722 5252 τθτδυε
777 5205 959 5272 Nigra
1007 5201 1114 5255 dtto
1159 5199 1324 5258 verba
1372 5201 1594 5256 Incensa
1638 5203 1766 5272 igni,
1799 5204 1850 5254 in

257 5271 450 5323 cadent
476 5284 581 5322 ms.
610 5279 659 5324 et
685 5271 824 5338 apud
850 5269 1049 5326 Carum
1076 5275 1339 5328 asterisco
1367 5289 1472 5328 non
1495 5269 1857 5340 illustrantur,

258 5356 365 5410 quo
391 5352 446 5394 et
476 5342 645 5422 satius
679 5340 864 5396 luisset
899 5345 1130 5399 alterum
1163 5344 1469 5412 dumtaxat,
1502 5344 1555 5400 id
1588 5354 1695 5411 est,
1724 5345 1858 5416 igni,

262 5421 576 5482 prxumum.

335 5495 356 5554 ς
393 5481 632 5554 Additur
659 5482 712 5554 in
737 5482 970 5539 Palatiu.
1004 5502 1107 5542 ms.
1143 5487 1335 5554 Quinta
1368 5487 1606 5544 Sabbati.

330 5551 357 5628 ξ¹
389 5553 585 5621 ΙιιῙυιίΑ
624 5552 969 5628 Martianaéus
1010 5551 1309 5628 pronomen
1358 5558 1492 5614 illud
1524 5558 1682 5614 obelo
1725 5572 1863 5614 con-

261 5625 496 5688 fuderat,
529 5629 671 5692 quod
713 5626 764 5678 in
797 5625 1221 5684 "clll‘tl‘i—lnlilen
1251 5630 1400 5686 verbi
1420 5639 1613 5690 Ὶεωιιι
1644 5638 1861 5696 vocant,

261 5697 425 5750 afﬁxo
472 5696 822 5762 perSpicuum
849 5710 954 5753 ρει.
987 5699 1099 5756 Nos
1138 5701 1204 5756 de
1235 5701 1326 5757 illo
1352 5701 1657 5757 atnovcndo
1685 5701 1862 5756 Pala-

264 5772 361 5825 tin.
398 5781 501 5818 ms.
533 5769 762 5824 monuit.

339 5849 366 5877 ο
398 5835 553 5893 Hunc
579 5852 713 5895 vero
744 5841 886 5897 male
908 5838 1051 5900 idem
1083 5855 1188 5901 ms.
1222 5844 1439 5904 obelum
1469 5844 1862 5916 praetermittit.

2042 3339 2067 3377 Β
2096 3328 2306 3386 Sumite
2336 3329 2630 3400 psalmum,
2653 3337 2708 3384 et
2731 3333 2854 3384 date
2883 3337 3220 3402 tympanum,
3246 3332 3564 3402 psalterium

1963 3423 2264 3495 jucundum
2291 3438 2412 3479 cum
2445 3423 2675 3478 cithara.

2041 3516 2234 3572 Canite
2268 3517 2319 3570 in
2371 3515 2524 3572 initio
2571 3514 2798 3582 mensis,
2832 3514 2981 3585 tuba,
3011 3515 3067 3572 in
3096 3515 3186 3572 die
3227 3515 3431 3588 insigni
3473 3532 3564 3575 so-

1967 3607 2266 3664 lemuitatis
2288 3617 2506 3662 vestrm.

2038 3700 2171 3769 Quia
2205 3708 2532 3771 pra‘ceptum
2580 3697 2636 3754 in
2682 3697 2851 3756 Israel
2879 3707 2962 3756 est
3002 3715 3017 3757 :
3063 3709 3120 3756 et
3152 3699 3415 3770 judicium
3448 3702 3562 3760 Deo

1965 3791 2153 3848 Iacob.

2039 3881 2432 3939 Testimonium
2483 3881 2536 3937 in
2587 3881 2791 3954 Joscplt
2856 3884 3039 3955 posuit
3083 3901 3206 3939 cum
3255 3885 3399 3958 [Ms.
3453 3899 3556 3948 tac.

1965 3977 2142 4048 eum]:
2168 3979 2295 4033 dum
2340 3977 2512 4032 exiret
2544 3975 2675 4048 [Ms.
2705 3977 2938 4048 exirent]
2969 3978 3035 4034 de
3067 3989 3209 4034 terra
3239 3978 3480 4053 Egypti.

2039 4071 2300 4141 Linguam
2326 4084 2488 4141 quam
2520 4086 2626 4124 non
2660 4079 2884 4125 noverat
2917 4069 3047 4142 [Με.
3075 4070 3380 4146 noverant],
3406 4075 3558 4132 audi-

1966 4167 2081 4223 vit:
2114 4165 2332 4222 dit'crlit
2360 4166 2428 4221 ab
2458 4164 2716 4220 oneribus
2741 4164 2961 4220 dorsum
2995 4168 3112 4236 ejus
3155 4184 3170 4222 :
3212 4182 3406 4224 manus
3437 4173 3555 4242 ejus

1919 4309 1928 4320 .
1967 4262 2019 4316 in
2049 4258 2284 4332 cepitin
2310 4259 2638 4316 servierunt.

2036 4353 2094 4411 In
2126 4354 2471 4411 tribulatione
2501 4353 2766 4410 invocasti
2799 4371 2908 4424 me,
2936 4366 2990 4412 et
3019 4357 3244 4416 liberavi
3275 4371 3364 4418 te:
3389 4381 3560 4420 exau-

1965 4453 2075 4509 diri
2124 4463 2176 4509 te
2221 4452 2274 4508 in
2323 4451 2642 4508 abscondito
2701 4453 3079 4522 tempestatis,
3127 4457 3348 4527 probavi
3393 4467 3444 4515 te
3492 4462 3557 4516 ad

1968 4563 2137 4621 aquas
2158 4547 2624 4604 contradictionis.
2649 4546 2978 4602 Dtspsttuts.

2039 4769 2276 4845 (Denuo
2301 4769 2449 4837 juxta
2474 4765 2759 4837 Augustin.
2786 4767 2927 4824 idem
2956 4786 3082 4827 ms.:
3105 4773 3173 4828 Ut
3197 4777 3320 4845 quid
3349 4779 3551 4836 destru-

1960 4844 2081 4898 τῖειὲ
2115 4845 2412 4904 maceriam,
2443 4846 2519 4914 et,
2553 4855 2724 4893 omnes
2755 4847 3082 4898 transeuntes
3121 4844 3272 4914 viain,
3306 4857 3547 4907 erattnvit

1963 4932 2076 4968 cam
2121 4929 2265 4984 aper,
2317 4920 2421 4964 etc.
2471 4911 2635 4986 Tacet
2684 4923 2943 4980 pt‘nrtt‘rca
2989 4911 3335 4986 Subseqtteuli
3389 4939 3543 4979 versu

1961 4981 2212 5062 Domine.
2250 4995 2301 5037 et
2327 4999 2439 5036 rcro
2471 4981 2599 5062 legit
2627 4998 2722 5051 pro
2749 5001 2907 5062 nunc,
2939 4981 3378 5062 ctnutox'per/ice
3406 5010 3540 5062 enni,

1961 5073 2062 5126 pro
2111 5056 2296 5126 dirige,
2347 5062 2453 5130 et_e._
2502 5056 2596 5110 Sic
2640 5053 2956 5130 potuitpost
2995 5053 3292 5130 succensa;
3319 5079 3416 5130 pro
3445 5053 3542 5118 In;

1962 5124 2136 5189 censa,
2167 5124 2232 5198 et:
2251 5125 2737 5198 ponultitnoiversu
2769 5124 3081 5195 Viviﬁcabis,
3107 5145 3204 5197 pro
3233 5124 3542 5198 νὶιῖέῥεαδιί.

2037 5209 2063 5245 ε
2094 5199 2174 5254 Ex
2203 5196 2500 5270 Augustino
2532 5197 2828 5270 Veronens.
2857 5214 2984 5270 Ius,
3012 5196 3242 5270 Accipite
3266 5196 3544 5270 psalmum,

1967 5281 2023 5326 et
2048 5264 2400 5338 subst-quanti
2431 5285 2610 5331 versu,
2645 5264 2786 5338 Tuba
2830 5269 2996 5322 canite
3026 5264 3171 5323 initio
3199 5264 3386 5330 mensis
3425 5264 3548 5332 tuba

1965 5344 2024 5396 in
2054 5336 2248 5410 insigni
2277 5339 2376 5401 die,
2403 5346 2533 5417 (κιρ⁸2
2564 5336 2756 5417 vitiose
2787 5347 2962 5390 autem
2991 5358 3098 5417 μηδ.
3133 5345 3372 5417 insignis,
3406 5355 3549 5417 quml

1970 5429 2112 5469 novo
2139 5408 2326 5484 errore
2356 5408 2736 5484 cumulandum
2777 5416 2930 5477 putat
2957 5411 3072 5481 ejus
3101 5408 3296 5481 editor,
3329 5408 3552 5484 insignes

1970 5486 2080 5538 dies
2121 5482 2461 5554 resin-lberis,
2511 5480 2754 5554 fallitque
2794 5493 2916 5554 c_um
2957 5478 3063 5537 dies
3096 5502 3194 5554 pro
3240 5478 3322 5541 die
3363 5478 3549 5546 haberi

1971 5555 2026 5610 in
2061 5565 2252 5609 uestro
2288 5552 2480 5605 codice
2523 5549 2780 5604 afﬁrmat.
2813 5548 3071 5620 Sequitur
3096 5548 3253 5612 idem
3287 5575 3406 5613 cum
3439 5562 3553 5616 Au-

1970 5629 2190 5701 gustino
2215 5637 2320 5701 rus.
2349 5639 2362 5674 :
2397 5622 2529 5685 Quin
2562 5630 2880 5701 pra'ceptunt
2915 5625 3016 5693 ipsi
3040 5623 3210 5701 lsrael
3239 5641 3308 5683 est
3331 5647 3350 5684 :
3391 5639 3553 5701 atque

1975 5692 2148 5751 altero
2179 5695 2245 5748 ab
2275 5692 2376 5769 hoc
2398 5707 2583 5769 versu,
2612 5693 2792 5769 auertit
2828 5692 2890 5746 ab
2922 5692 3186 5765 aneribus,
3235 5716 3333 5769 pro
3381 5692 3553 5755 diver-

1977 5770 2066 5842 tit,
2107 5775 2247 5830 ctc.;
2288 5761 2521 5842 denique
2564 5763 2677 5842 erui
2720 5772 2788 5829 te.
2842 5781 2940 5835 pro
2970 5761 3204 5841 liberari,
3236 5761 3304 5828 ὀι
3343 5772 3561 5842 probavi

1979 5839 2103 5898 tein
2129 5853 2289 5911 aqua,
2314 5841 2448 5907 etc.,
2477 5850 2578 5910 pro
2601 5834 2671 5892 ad
2691 5834 2873 5909 aquas.
