4090 6338
480 356 582 418 271

1490 347 1550 406 8.
1592 341 1974 404 HIERONYMI
2013 336 2251 399 DlVlNA
2293 332 2779 396 BIDLIOTIIECA.

3670 320 3778 379 272

550 474 716 544 Audi,
767 469 989 544 papulas
1032 481 1199 533 meus,
1231 474 1279 520 et
1326 463 1648 518 contestabor
1676 470 1761 515 te:
1806 457 1993 525 Israel,
2028 457 2073 512 si
2102 465 2153 525 Α
2247 452 2411 520 Audi,
2452 449 2688 523 populus
2714 459 2892 515 meus,
2918 451 2976 502 et
3013 439 3210 516 loquar
3236 438 3265 480 (ι
3294 438 3497 499 Israel:
3530 446 3590 497 et
3625 436 3777 495 testi-

483 567 719 624 audieris
742 580 843 631 me,
868 578 971 617 non
997 560 1092 615 erit
1119 560 1172 614 in
1203 566 1252 611 te
1286 553 1428 610 Deus
1456 569 1659 620 recens,
1693 567 1857 623 neque
1886 550 2083 605 adora-

489 661 567 718 bis
592 657 762 714 Deum
787 653 1037 711 alienum.

567 836 678 911 Ego
704 849 762 891 σιν
791 842 818 871 ³
843 831 980 888 enim
1000 846 1117 885 sum
1149 828 1170 899 ζ
1204 827 1457 884 Dominus
1485 823 1623 882 De'us
1653 831 1793 892 tuus,
1818 822 1907 894 qui
1926 819 2087 876 eduxi

488 940 538 986 te
567 930 633 984 de
660 939 802 982 terra
828 924 1082 996 Egypti;
1118 921 1289 976 dilata
1314 937 1372 974 os
1397 929 1564 984 tuum,
1593 927 1643 973 et
1666 914 1889 988 implebo
1927 913 2081 967 illud.

565 1019 634 1075 Et
656 1035 763 1073 non
793 1016 990 1070 audivit
1019 1013 1412 1087 populus-meus
1437 1025 1607 1066 uocem
1636 1021 1830 1080 meam:
1848 1013 1895 1061 et
1917 1003 2087 1059 Israel

486 1129 594 1168 non
615 1109 834 1166 intendit
873 1104 1024 1162 mihi.

564 1288 635 1343 Et
673 1285 849 1342 dimisi
891 1299 976 1341 eos
1015 1281 1296 1337 secundum
1336 1277 1596 1335 desideria
1645 1275 1820 1332 cordis
1866 1290 2042 1331 eorum
2065 1288 2087 1330 :

491 1382 640 1438 ibunt
669 1381 723 1435 in
742 1374 1192 1434 adinventionibus
1213 1373 1341 1429 suis.

568 1475 633 1531 Si
654 1472 880 1545 populus
908 1485 1050 1524 meus
1078 1466 1307 1522 audisset
1334 1482 1414 1521 me
1432 1480 1452 1518 :
1474 1463 1642 1521 Israel
1675 1478 1735 1520 σι-
1769 1464 1815 1519 si
1848 1462 1872 1532 ζ
1907 1462 1963 1517 in
1990 1460 2088 1516 viis

490 1569 620 1624 meis
648 1564 983 1621 ambulasset.

562 1661 672 1717 Pro
692 1659 853 1714 nihilo
887 1672 945 1713 -t~
974 1653 1233 1727 forsitan:
1258 1652 1492 1708 inimicos
1516 1667 1690 1706 eorum
1711 1650 2090 1716 humiliassem;

495 1765 545 1812 et
573 1768 730 1818 super
755 1749 1058 1805 tribulantes
1086 1759 1173 1802 eos
1204 1747 1457 1799 misissem
1485 1759 1695 1797 manum
1721 1757 1907 1797 meam.

562 1844 775 1901 Inimici
815 1840 1030 1897 Domini
1068 1839 1269 1894 mentiti
1306 1845 1427 1893 sunt
1456 1837 1502 1892 ei
1532 1852 1550 1889 :
1580 1844 1627 1890 et
1655 1836 1749 1891 erit
1778 1844 1978 1905 tempus
2007 1850 2091 1889 eo-

496 1956 616 1995 rum
639 1939 692 1993 in
722 1934 939 1993 stecula.

565 2030 634 2086 Et
664 2029 850 2084 cibavit
884 2043 970 2085 eos
1009 2041 1075 2082 ea:
1098 2024 1255 2096 adipe
1283 2020 1529 2094 frumenti
1557 2036 1577 2078 :
1605 2029 1653 2077 et
1679 2021 1745 2076 de
1770 2030 1917 2093 petra
1943 2019 2093 2076 melle

489 2123 744 2185 saturavit
762 2138 869 2178 eos.

2120 1803 2168 1865 B

2185 545 2393 602 iicabor
2421 543 2543 598 tibi.

2256 636 2448 704 Israel,
2472 636 2518 692 si
2549 650 2638 692 me
2667 632 2929 702 audieris,
2957 646 3067 688 non
3089 628 3195 687 erit
3216 628 3269 685 in
3303 636 3356 686 te
3382 627 3529 685 Deus
3559 637 3781 683 recens:

2187 744 2363 801 neque
2390 726 2646 784 adorabis
2676 726 2848 782 Deum
2878 724 3137 781 alienum.

2261 822 2377 893 Ego
2404 821 2547 878 enim
2598 818 2726 893 [Ms.
2777 816 2982 889 autem]
3012 831 3132 874 sum
3161 813 3427 871 Dominus
3458 811 3601 870 Deus
3628 821 3785 884 tuus;

2186 914 2279 987 qui
2309 912 2471 969 eduxi
2507 922 2559 969 te
2583 911 2653 969 de
2686 921 2829 968 terra
2860 908 3105 982 Egypti.

2261 1004 2435 1062 Dilata
2476 1019 2540 1062 os
2586 1013 2737 1061 tuum
2761 1046 2777 1072 ,
2828 1011 2885 1061 et
2912 1017 3018 1075 ego
3047 1000 3361 1073 adimplebo
3390 996 3550 1065 illud,
3579 1004 3637 1053 et
3679 1010 3791 1053 non

2186 1098 2397 1156 audivit
2442 1097 2678 1170 p0pulus
2724 1111 2882 1154 meus
2912 1110 3102 1177 uocem
3152 1108 3353 1160 meam,
3390 1098 3447 1149 et
3477 1088 3645 1146 Israel
3678 1078 3791 1145 non

2188 1192 2427 1250 intendit
2452 1190 2606 1249 mihi.

2258 1286 2328 1343 Et
2354 1286 2536 1342 dimisi
2567 1300 2664 1342 eos
2693 1284 2997 1342 secundum
3024 1279 3296 1339 desideria
3337 1277 3521 1337 cordis
3550 1290 3743 1335 eorum
3771 1289 3790 1331 :

2193 1390 2248 1439 et
2277 1380 2432 1438 ibunt
2459 1380 2513 1436 in
2539 1377 2917 1436 voluntatibus
2945 1375 3083 1432 suis.

2266 1473 2326 1531 Si
2368 1474 2522 1545 plebs
2573 1487 2696 1529 mea
2744 1471 2989 1528 audisset
3035 1483 3145 1535 me,
3198 1466 3367 1524 Israel
3412 1466 3457 1522 si
3488 1465 3605 1522 vias
3645 1477 3797 1521 meas

2195 1567 2532 1625 ambulasset
2574 1583 2589 1621 :
2628 1565 2697 1622 ad
2728 1564 2957 1621 nihilum
3004 1561 3255 1618 inimicos
3292 1574 3482 1617 eorum
3514 1557 3802 1614 humilius-

2196 1676 2311 1719 sem
2338 1701 2354 1728 ,
2397 1668 2455 1716 et
2502 1673 2672 1731 super
2719 1657 3046 1715 tribulantes
3102 1670 3199 1713 eos
3253 1652 3522 1710 misissem
3574 1665 3798 1707 manum

2198 1768 2399 1812 meam.
3375 1753 3393 1764 '

2265 1847 2475 1904 Inimici
2529 1845 2742 1905 Domini
2772 1844 2986 1903 mentiti
3032 1852 3160 1901 sunt
3199 1841 3249 1899 ei
3287 1849 3388 1899 :et
3429 1839 3534 1898 erit
3582 1848 3802 1912 tempus

2197 1954 2391 1999 eorum
2418 1941 2473 1997 in
2496 1950 2783 1997 (uernum.
3656 1922 3662 1928 ’

2265 2032 2482 2091 Cibavit
2508 2049 2604 2091 eos
2638 2047 2705 2091 ex
2733 2030 2894 2105 adipe
2940 2030 3219 2103 frumenti,
3260 2040 3316 2089 et
3344 2028 3411 2088 de
3439 2036 3593 2102 petra
3636 2025 3807 2084 melle

2194 2126 2461 2183 saturavit
2488 2141 2608 2185 eos.

1809 2208 2203 2300 PSALMUS_
2220 2218 2521 2283 LXXXI.

1065 2330 1300 2373 PSALIUS
1337 2327 1520 2372 ΑεΑΡιι.

569 2413 711 2472 Deus
735 2413 874 2470 stetit
902 2412 955 2467 in
985 2425 1253 2483 synagoga
1277 2410 1493 2464 deorum
1522 2425 1535 2463 :
1561 2407 1618 2462 in
1642 2406 1869 2462 medio-s
1886 2408 2090 2479 autem:

496 2512 619 2567 deos
644 2509 673 2549 δ
698 2507 982 2577 dijudicat.

573 2604 848 2675 Usquequo
861 2601 1116 2674 judicatis
1136 2599 1458 2671 iniquitatem
1478 2598 1505 2653 ?
1521 2607 1569 2653 et
1590 2598 1751 2672 [acies
1770 2609 2099 2673 peccatorum

509 2698 753 2754 sumitis?
781 2697 1106 2751 DupssLus.

566 2791 812 2847 Judicate
858 2805 1019 2861 egeno
1058 2797 1107 2844 et
1156 2788 1359 2859 pupillo
1401 2804 1422 2847 :
1465 2787 1709 2844 humilem
1748 2795 1797 2844 et
1820 2803 2101 2862 pauperem

499 2882 814 2956 justiﬁcate.

569 2973 775 3048 Eripite
801 2988 1077 3047 pauperem
1110 2981 1160 3028 et
1201 2988 1419 3047 egenum
1450 2973 1516 3029 de
1544 2987 1702 3027 manu
1727 2972 2012 3045 peccatoris
2034 2970 2102 3027 li-

505 3069 703 3125 berate.

2764 2331 2996 2375 PSALIIUS
3027 2331 3213 2375 ASAPH.

2276 2411 2424 2469 Deus
2453 2410 2609 2468 stetit
2637 2410 2693 2467 in
2720 2426 2992 2485 synagoga
3020 2411 3247 2469 deorum
3280 2426 3296 2466 :
3330 2409 3385 2467 in
3416 2409 3596 2468 medio
3623 2419 3809 2467 autem

2206 2507 2338 2566 deos
2380 2516 2403 2545 ο
2432 2504 2719 2563 discernit.

2279 2601 2573 2671 Quousque
2597 2597 2856 2669 judicatis
2885 2596 3259 2670 iniquitatem?
3286 2604 3343 2654 et
3385 2596 3552 2652 facies
3580 2610 3814 2668 peccan-

2213 2690 2351 2750 tium
2381 2690 2510 2765 [ιιι.
2542 2692 2733 2748 faciem
2764 2689 3137 2764 peccatorum]
3160 2690 3412 2746 sumitis?
3443 2688 3775 2745 DIAPSALIIA.

2276 2787 2527 2845 iudicate
2554 2786 2764 2860 pupillo
2795 2793 2854 2842 et
2888 2798 3065 2857 egeno
3096 2801 3110 2841 :
3142 2782 3406 2842 humilem
3430 2792 3487 2840 et
3512 2795 3813 2855 pauperem

2202 2879 2524 2954 justiﬁeate.

2228 2989 2243 2999 ο
2282 2972 2494 3045 Eripite
2523 2985 2842 3045 pauperem,
2869 2978 2927 3028 et
2947 2983 3180 3043 egenum
3208 2968 3282 3042 de
3310 2981 3474 3025 manu
3514 2965 3819 3040 peccatoris

2208 3067 2461 3125 liberate.

574 3162 909 3229 Nescierunt,
947 3175 1111 3234 neque
1151 3160 1559 3228 intellexerunt,
1588 3161 1641 3216 in
1670 3160 1889 3217 tenebris
1917 3159 2104 3216 ambu-
2131 3176 2178 3241 ο
2280 3158 2627 3225 Nescierunt,
2673 3169 2852 3228 neque
2892 3153 3298 3216 intelleserunt.
3332 3151 3387 3209 in
3426 3148 3670 3215 tenebris
3695 3162 3820 3205 am-

501 3258 615 3312 lant
648 3273 667 3312 :
696 3258 1030 3311 movebuntur
1056 3255 1232 3309 omnia
1273 3255 1615 3326 fundamenta
1644 3264 1814 3309 teme.

574 3348 692 3421 Ego
724 3348 834 3403 dixi
861 3363 882 3403 :
909 3345 999 3401 Dii
1026 3346 1169 3413 estis,
1201 3355 1249 3399 et
1279 3345 1377 3415 ﬁlii
1408 3344 1613 3400 Επειεί
1640 3361 1835 3401 omnes.
1864 3355 1887 3385 ο

581 3440 689 3496 Vos
720 3448 896 3494 autem
936 3439 1068 3493 sicut
1098 3438 1329 3494 homines
1358 3438 1653 3493 moriemini
1684 3452 1702 3493 :
1730 3446 1781 3493 et
1806 3438 1943 3494 sicut
1972 3454 2107 3495 unus

507 3532 575 3588 de
601 3530 926 3606 principibus
949 3530 1166 3586 cadetis.

580 3625 777 3699 Surge,
809 3622 970 3693 Deus,
985 3624 1174 3697 judica
1196 3631 1383 3679 terram
1406 3638 1427 3679 :
1446 3621 1690 3694 quoniam
1711 3631 1764 3678 tu
1781 3624 2112 3680 Inereditabis

508 3719 565 3773 in
589 3716 830 3777 omnibus
856 3715 1115 3790 gentibus.

2210 3250 2398 3309 bulant
2429 3267 2442 3303 :
2473 3248 2840 3305 movebuntur
2866 3247 3049 3303 omnia
3080 3244 3430 3301 fundamenta
3464 3252 3650 3300 terra}.

2283 3343 2401 3415 Ego
2428 3340 2543 3397 disi
2573 3358 2587 3395 :
2615 3338 2700 3396 Dii
2729 3339 2887 3407 estis,
2918 3346 2974 3395 et
3003 3336 3100 3393 lilii
3129 3336 3342 3393 Excelsi
3375 3349 3587 3391 omnes.

2284 3435 2399 3492 Vos
2436 3445 2618 3490 autem
2667 3432 2809 3489 sicut
2837 3431 3087 3489 homines
3118 3428 3139 3469 ί
3186 3428 3533 3487 moriemini:
3578 3436 3635 3485 et
3677 3428 3825 3485 sicut

2215 3544 2357 3589 unus
2381 3528 2452 3586 de
2477 3526 2818 3600 principibus
2845 3523 3079 3582 cadetis.

2292 3623 2559 3693 Exsurge,
2597 3621 2760 3688 Deus,
2788 3618 2971 3690 iudica
3001 3625 3231 3685 terram,
3269 3615 3528 3687 quoniam
3555 3623 3612 3671 tu
3647 3613 3827 3671 luere-

2220 3715 2422 3772 ditabis
2451 3716 2504 3770 in
2532 3712 2788 3770 omnibus
2816 3710 3095 3784 gentibus.

1811 3808 2174 3873 PSALMUS
2215 3808 2547 3873 LXXXII.

942 3926 1208 3970 CANTICUII
1256 3926 1446 3968 ιτςΑιυι
1491 3925 1680 3968 ASAPH.

586 4003 753 4076 Deus,
793 4006 910 4079 quis
950 4004 1139 4061 similis
1182 4006 1278 4061 erit
1315 4004 1448 4060 tibi?
1476 4020 1537 4060 ne
1565 4015 1757 4071 taceas,
1785 4019 1950 4075 neque
1978 4020 2116 4061 com-

519 4100 771 4174 pescaris,
803 4097 968 4155 Deus.

597 4236 828 4317 {Antea
868 4247 1039 4317 penes
1071 4232 1448 4317 .Martianaium
1476 4240 1641 4317 atque
1667 4231 1807 4288 alios
1836 4233 1992 4290 unice
2020 4233 2117 4289 ad-

524 4306 771 4363 verbium
801 4303 937 4359 enim
967 4304 1125 4360 obelo
1156 4303 1585 4372 prmnotabatur,
1625 4319 1747 4357 cum
1779 4314 1959 4359 tamen
1992 4321 2114 4361 ver-

526 4378 654 4433 bum
686 4389 902 4447 qnoque
931 4375 1327 4447 substantivum
1358 4374 1427 4447 ab
1454 4373 1683 4447 Hebraeo
1711 4385 1860 4447 textu
1890 4377 2053 4431 absit.

598 4448 627 4487 ι)
668 4444 985 4516 Pi'mpositio
1025 4446 1173 4501 verbi
1223 4444 1501 4516 dijudicat,
1541 4444 1597 4498 in
1642 4446 1873 4501 Palatin.
1914 4462 2018 4503 ius.
2050 4447 2120 4503 de

531 4533 687 4576 more
709 4517 1033 4571 confoditur.

608 4600 631 4629 ο
661 4589 949 4658 Subjungit
976 4586 1118 4641 idem
1147 4599 1248 4640 ms.
1281 4584 1510 4640 Palatin.
1540 4584 1868 4657 Diapsalma.

607 4659 635 4696 ἀ
662 4660 964 4715 Vcronens.
982 4658 1173 4712 iterum
1198 4672 1265 4711 ex
1285 4660 1701 4727 Augustinonts.
1725 4662 1873 4729 prius
1894 4660 1996 4715 hoc
2020 4675 2120 4716 no-

511 4764 514 4766 η
534 4747 661 4788 men
677 4730 847 4803 Israel
864 4738 1027 4803 tacet,
1042 4729 1277 4803 ettertio
1297 4729 1362 4782 ab
1383 4730 1483 4783 hoc
1505 4745 1669 4803 _vers_u
1689 4746 1985 4803 pronomen
1998 4748 2091 4803 ego
2108 4747 2127 4786 :

539 4804 668 4857 inde
697 4800 825 4874 legit
849 4800 1074 4874 implebo
1098 4798 1250 4863 illud,
1276 4809 1324 4874 et
1346 4798 1729 4874 nonpbtmdivit
1752 4802 1994 4874 p0pulus,
2019 4798 2126 4857 etc.

541 4874 704 4940 Tum,
747 4871 935 4925 Dimisi
961 4887 1067 4934 eos,
1095 4871 1377 4924 secundum
1407 4870 1704 4937 affectiones
1731 4870 1903 4928 cordis
1929 4890 2129 4938 eorum,

543 4954 593 4999 et
620 4944 767 4997 ibunt
798 4945 851 4996 in
878 4940 1234 5009 a/I‘ectionibus
1264 4942 1392 4994 suis.
1430 4942 1514 5008 Et,
1540 4942 1712 4998 Israel
1737 4947 1782 4998 si
1805 4944 1859 4997 in
1890 4945 1981 4998 viis
2002 4944 2131 4996 meis

542 5013 871 5069 ambulasset.
918 5014 1157 5083 Denique
1187 5021 1462 5082 postremo
1497 5029 1681 5082 versu,
1714 5023 1760 5069 et
1801 5014 1987 5068 cibari!
2014 5014 2133 5068 illos

544 5102 608 5140 ea:
635 5085 807 5153 adipe,
837 5093 943 5139 etc.
1298 5152 1339 5153 η
1527 5113 1543 5139 ι

621 5164 645 5193 θ
689 5152 849 5211 .luxta
895 5154 1249 5225 Augustinum
1295 5152 1626 5210 Veronensis
1669 5169 1771 5210 ms.
1826 5156 2134 5225 discernere,

549 5224 825 5297 Usquequo
852 5224 1141 5297 judicatis,
1186 5232 1324 5294 etc.,
1359 5235 1469 5297 tum
1516 5227 1687 5280 altero
1718 5226 1785 5281 ab
1824 5229 1925 5297 bac
1952 5224 2135 5296 versu,

542 5295 758 5379 Auferte
783 5295 983 5379 inopem
1015 5307 1066 5351 et
1108 5312 1323 5368 egenum
1349 5295 1512 5366 (Aug.
1544 5295 1848 5368 pauperem)
1881 5297 1944 5352 de
1979 5295 2140 5352 manu

541 5377 827 5439 peccatoris
854 5378 1036 5439 eruite.

622 5436 728 5493 fIn
769 5437 989 5493 instanti
1022 5435 1326 5510 Veronens.
1378 5432 1546 5510 habet
1591 5450 1697 5510 ms.
1743 5437 2035 5510 morimini,
2086 5448 2142 5496 et

544 5523 672 5564 mox
716 5509 922 5574 caditis,
968 5507 1192 5578 propius
1235 5507 1446 5579 Graeco.
1475 5506 1545 5579 in
1590 5507 1695 5563 ﬁne
1732 5506 2139 5579 hwreditaberis,

543 5595 646 5651 pro
674 5576 1037 5651 hmreditabis;
1066 5576 1421 5651 Augustinus,
1450 5576 1710 5651 disperdes
1744 5596 1757 5632 :
1791 5581 1844 5634 in
1873 5595 2032 5651 quem
2064 5576 2144 5636 1οέ-

544 5648 693 5714 cum,
726 5649 848 5703 Non
882 5648 1313 5720 prwtereundum,
1346 5648 1539 5715 inquit,
1567 5650 1704 5712 quod
1733 5648 1971 5705 nonnulli
2002 5653 2143 5706 codi-

546 5741 626 5776 res
657 5718 1149 5793 habent,'qun_niatn
1179 5718 1335 5793 tuba
1354 5720 1612 5793 reditabis
1640 5723 1689 5774 in
1720 5723 1972 5778 Omnibus
2005 5739 2143 5793 gen-

543 5794 691 5848 tibus
720 5809 734 5845 :
765 5793 885 5860 quia
907 5800 955 5843 et
983 5788 1079 5841 hoc
1107 5806 1211 5863 non
1238 5791 1649 5863 incerti-enienter
1672 5793 1943 5863 accipitur,
1982 5788 2144 5861 usque

539 5874 597 5922 ια
621 5864 779 5923 simul
816 5871 1087 5935 utrumque
1120 5862 1203 5934 ﬁt,
1251 5861 1529 5937 quidquam
1571 5861 1845 5939 repugnat.
1888 5861 1981 5924 Fit
2021 5881 2142 5938 ergo

2149 4551 2207 4613 D

2416 3924 2684 3968 omnemi
2708 3922 2899 3966 essm
2926 3921 3093 3964 ASAPH
3122 3904 3251 3981 His.
3279 3920 3379 3985 ml
3406 3902 3618 3976 assert]

2297 4005 2461 4071 Deus,
2512 4002 2635 4075 quis
2682 4000 2879 4057 similis
2919 3999 3025 4057 erit
3065 3997 3198 4055 tibi?
3226 4012 3297 4056 ne
3347 4007 3547 4067 taceas,
3595 4010 3771 4069 neque
3799 4005 3828 4046 8

2224 4094 2618 4168 compescaris,
2642 4093 2807 4151 Deus.
3304 4098 3326 4159 ι

2222 4232 2497 4306 hcereditas
2539 4234 2652 4306 ejus
2696 4249 2788 4306 per
2816 4231 3145 4306 gnaritatem.
3179 4229 3262 4306 Ex
3302 4230 3388 4288 his
3420 4232 3604 4306 porro
3637 4229 3834 4306 yet-bis

2226 4305 2418 4361 Etlitor
2447 4301 2777 4361 Veronensis
2811 4302 3055 4359 Psalterii
3088 4304 3285 4372 arguit,
3326 4301 3832 4363 non'lttereditabis.

2225 4375 2685 4447 quemadmodum
2712 4372 3243 4447 AuguStinianiAlibri
3282 4387 3479 4447 omnes
3509 4376 3706 4447 lerunt,
3736 4372 3834 4427 sed

2227 4444 2289 4503 ut
2317 4448 2369 4503 in
2402 4448 2707 4504 Veronensi
2751 4444 2837 4501 est
2865 4445 3073 4509 codice,
3106 4444 3391 4515 legendum
3428 4446 3480 4498 in
3513 4445 3834 4515 llipponettf

2231 4520 2304 4574 sis
2348 4534 2561 4589 quoque
2590 4516 2841 4589 episcopi
2873 4513 3183 4589 teStimonio
3224 4513 3633 4589 haereditaberisi
3673 4513 3834 4583 Quod

2227 4604 2328 4661 ego
2368 4585 2588 4661 quidem
2630 4585 2777 4644 haud
2825 4586 3264 4661 facilecredam,
3294 4587 3465 4661 nullo
3504 4585 3838 4655 snﬂ'ragaute

2227 4657 2402 4727 libro,
2434 4660 2667 4715 maxime
2694 4669 2873 4714 autem
2906 4657 3117 4728 reliquo
3148 4657 3306 4712 activi
3346 4671 3542 4712 Sensus
3575 4665 3839 4715 contextu

2230 4732 2649 4802 contradicente
2679 4748 2690 4783 :
2723 4747 2817 4802 per
2842 4728 3145 4802 charitatem
3167 4743 3335 4802 quam
3360 4729 3468 4782 suis
3493 4730 3760 4802 prceceptis
3787 4736 3839 4802 et

2231 4804 2422 4877 gratia,
2472 4798 2881 4877 _ntiser_icorditer
2925 4799 3230 4869 excolendo,
3275 4798 3550 4877 terrenam
3584 4798 3840 4877 dispertiit

2233 4870 2592 4928 Substantiom.
2628 4872 2796 4927 Immo
2826 4885 2955 4927 vero
2982 4882 3157 4941 neque
3186 4870 3321 4941 satis
3344 4870 3471 4940 quid
3496 4870 3589 4926 ille
3612 4870 3718 4925 sibi
3743 4885 3840 4924 ve-

2236 4945 2321 5009 lit,
2355 4945 2616 5014 intelligo,
2649 4953 2744 5014 aut
2777 4942 2915 5014 alius
2943 4940 3083 5014 puto
3103 4940 3401 5014 intelliget,
3426 4942 3571 5009 quod
3599 4955 3840 5009 pronun-

2240 5016 2354 5080 tiat,
2383 5011 2579 5072 lectum
2604 5014 2672 5069 ab
2696 5013 3019 5084 Augustino,
3044 5011 3430 5067 Ita'reditaberis
3459 5026 3699 5077 esssn'o,
3727 5027 3837 5069 non

2238 5086 2401 5140 modo
2429 5096 2521 5140 aut
2547 5099 2730 5149 sensu,
2761 5084 2859 5140 sed
2885 5099 3152 5140 Teneone.

2313 5166 2339 5204 ε
2369 5156 2427 5212 In
2482 5156 2782 5211 Veronensi
2834 5168 2938 5210 ms.
2993 5157 3264 5218 mitescas,
3322 5167 3423 5223 pro
3471 5155 3841 5223 compescaris.

2240 5226 2405 5294 Nam,
2444 5227 2619 5298 inquit
2663 5226 3021 5298 Augustinus,
3076 5235 3123 5280 et
3161 5225 3237 5279 sic
3271 5225 3486 5296 quidam
3516 5227 3845 5298 interpretati
3878 5228 3885 5235 ’

2239 5308 2383 5371 sunt,
2413 5299 2552 5371 quod
2571 5296 2655 5353 hic
2678 5296 2901 5371 positum
2930 5306 3030 5361 est,
3054 5310 3229 5371 neque
3256 5296 3843 5371 compescaris,'Dcus,

2242 5380 2301 5425 ut
2324 5366 2573 5432 dicerent,
2603 5366 2777 5438 neque
2801 5369 3075 5432 mitescas,
3100 5366 3262 5439 Deus.
3293 5368 3655 5439 Subsequenti
3687 5385 3846 5425 versu

2240 5450 2547 5507 sonuerunt,
2582 5455 2681 5509 pro
2707 5447 3039 5509 saltauerunt,
3078 5447 3133 5492 et
3159 5438 3471 5507 levaverunt,
3493 5438 3617 5508 ’pro
3647 5439 3848 5494 extule-

2242 5522 2384 5567 runt.
2417 5508 2781 5580 Tttm,’Super
2827 5508 3023 5581 plebem
3052 5517 3191 5581 tuam
3220 5509 3641 5564 machinaverunt
3672 5512 3848 5565 consi-

2244 5585 2370 5637 lium
2399 5597 2427 5654 εΔ
2449 5592 2506 5654 et
2533 5581 2691 5650 paulo
2721 5591 2862 5654 post,
2896 5580 3251 5654 disperdamus
3276 5598 3366 5654 eos
3393 5598 3459 5654 ea:
3496 5582 3760 5654 gentibus,
3797 5592 3848 5638 et

2245 5670 2347 5706 non
2394 5652 2453 5719 ﬁt
2490 5647 2547 5704 in
2585 5647 2832 5705 meritoria
2883 5647 3063 5704 nomen
3115 5647 3284 5721 Israel
3342 5647 3533 5707 adhuc.
3583 5647 3850 5709 Meruerat

2243 5737 2459 5794 (pioque
2488 5723 2823 5792 Augustinus
2852 5721 3075 5794 codices,
3113 5722 3199 5792 qui
3232 5722 3299 5779 de
3327 5724 3581 5794 gentibus
3616 5722 3850 5787 habent;

2244 5792 2333 5849 ubi
2357 5792 2521 5864 magis
2548 5792 3216 5871 interpretesintellectum,
3259 5792 3416 5871 quam
3446 5793 3657 5855 verbum
3679 5798 3850 5855 secuti

2246 5875 2387 5939 sum,
2418 5863 2525 5926 etc.
2554 5863 2929 5942 qutc'videsis.
