4090 6338
276 342 400 401 275

1592 336 1797 394 LlBEll
1837 336 2287 397 PSALMORUM.

3491 337 3600 395 ΞΗ

355 461 627 530 Quoniam
657 475 768 516 ecce
796 460 994 516 inimici
1022 459 1095 514 tui
1136 467 1441 525 sonuerunt,
1483 465 1532 510 et
1557 457 1646 527 qui
1672 455 1892 510 oderunt
1917 457 1974 521 Α
2067 457 2334 524 Quoniam
2361 468 2489 512 ecce
2523 452 2729 510 inimici
2765 453 2838 509 lui
2865 461 3196 510 sonaverunt
3221 470 3232 505 :
3267 458 3320 508 et
3349 451 3440 523 qui
3469 451 3601 510 ode-

278 567 352 624 te,
388 559 681 612 extulerunt
713 562 892 627 caput.

356 650 540 718 Super
569 648 820 721 pepulum
864 656 1010 702 tuum
1052 645 1465 716 malignaverunt
1493 641 1764 697 consilium
1799 655 1816 694 :
1847 648 1893 696 et

276 746 649 818 cegitaverunt
679 742 924 797 adversus
951 750 1156 796 sanctos
1184 748 1322 795 tuos.

359 839 627 892 Dixerunt
656 851 674 890 :
715 834 920 901 Venite,
951 843 998 889 et
1025 833 1388 904 disperdamus
1413 848 1498 886 eos
1529 831 1595 886 de
1625 840 1774 902 gente
1803 840 1893 886 :et

281 947 396 986 non
421 937 730 984 memoretur
754 943 939 982 nomen
968 924 1141 980 Israel
1172 925 1337 979 ultra.

347 1021 614 1090 Quoniam
640 1020 992 1090 cogitaverunt
1023 1015 1356 1080 unanimiter,
1385 1021 1412 1050 ⁸
1434 1013 1591 1068 simul
1619 1013 1892 1067 adversum

279 1121 330 1166 te
352 1120 716 1167 testamentum
736 1109 1105 1180 disposuerunt
1127 1147 1141 1174 ,
1182 1105 1516 1161 tabernacula
1540 1102 1894 1158 Idumworum

277 1214 330 1257 et
365 1201 711 1257 Ismaltelitte.

355 1295 519 1350 Moab
562 1304 610 1350 et
653 1294 912 1367 Agareni,
955 1291 1117 1349 Gebal
1158 1300 1206 1346 et
1247 1291 1490 1358 Ammon,
1533 1298 1583 1345 et
1617 1288 1886 1358 Amalech,

277 1388 595 1458 alienigena:
629 1402 747 1441 cum
786 1384 1140 1438 habitantibus
1168 1381 1388 1454 Tyrum.

357 1479 571 1535 Etenim
599 1479 763 1534 Assur
786 1478 922 1531 venit
949 1493 1064 1531 cum
1095 1476 1201 1530 illis
1235 1491 1253 1531 :
1279 1475 1402 1546 facti
1428 1483 1546 1530 sunt
1579 1489 1641 1530 ἀ-
1670 1472 1698 1512 ι)
1736 1473 1792 1529 in
1823 1487 1886 1530 σε·

278 1571 613 1645 adjutorium
635 1571 759 1640 ﬁliis
785 1568 904 1624 Lot.
937 1568 1268 1625 DIAPSALMA.

356 1662 474 1717 Fac
503 1664 612 1718 illis
636 1663 768 1718 sicut
790 1660 1010 1716 Madian
1033 1669 1082 1716 et
1110 1660 1310 1716 Sisara
1329 1674 1349 1714 :
1370 1657 1502 1714 sicut
1526 1657 1685 1714 Jabin
1710 1657 1762 1712 in
1783 1665 1890 1712 tor-

280 1767 429 1814 rente
449 1757 658 1814 Cisson.

1997 560 2125 605 runt
2158 559 2233 617 te,
2267 550 2581 605 extulerunt
2612 559 2796 618 caput.

2068 645 2125 698 In
2152 643 2364 713 plebem
2393 651 2540 697 tuam
2571 649 2746 697 astute
2777 641 3153 712 cogitaverunt
3181 638 3467 696 consilium
3492 653 3509 695 :
3539 647 3597 695 et

1994 736 2370 805 cogitaverunt
2397 733 2664 789 adversus
2695 744 2914 789 sanctos
2939 742 3080 788 tuos.

2068 828 2350 894 Dixerunt,
2396 827 2612 892 Venite,
2645 827 3022 897 disperdamus
3067 842 3164 882 eos
3195 842 3260 881 ex
3301 835 3462 898 gente
3491 841 3505 880 :
3541 833 3597 882 et

1994 937 2102 977 non
2134 921 2524 978 memorabitur
2555 935 2753 975 nomen
2787 921 2949 975 Israel
2981 921 3238 989 amplius.

2065 1013 2333 1082 Quoniam
2358 1013 2734 1085 cogitaverunt
2756 1011 2885 1082 [Με.
2917 1011 3042 1065 add.
3073 1011 3151 1082 in]
3179 1025 3510 1066 consensum
3539 1009 3596 1066 in

1995 1121 2159 1161 unum
2193 1123 2204 1160 :
2238 1105 2503 1160 adversus
2534 1113 2587 1159 te
2613 1112 2995 1160 testamentum
3035 1102 3444 1174 diSposueruut.

2064 1201 2433 1258 Tabernacula
2478 1199 2838 1259 ldummorum
2884 1211 2941 1256 et
2983 1200 3420 1255 lsmabelitarmn
3467 1199 3595 1272 llis.

1993 1291 2368 1365 Ismaelitum],
2398 1292 2556 1348 Moab
2586 1300 2641 1346 et
2671 1292 2930 1363 Agareni,
2963 1291 3140 1348 Gebal
3167 1302 3222 1346 et
3251 1293 3508 1357 Ammon,
3541 1299 3597 1346 et

1991 1390 2270 1457 Amalech,
2306 1401 2361 1446 et
2389 1390 2710 1460 alienigenae
2733 1404 2856 1447 cum
2885 1390 3258 1446 habitantibus
3279 1390 3510 1462 Tyrum.

2065 1484 2278 1540 Etenim
2328 1485 2498 1539 Assur
2541 1483 2701 1538 simul
2731 1473 2882 1538 venit
2931 1482 3058 1554 μη.
3114 1481 3235 1554 fuit]
3285 1497 3409 1537 cum
3440 1482 3547 1536 illis
3577 1521 3596 1548 ,

1990 1573 2116 1631 facti
2147 1575 2349 1631 suntin
2373 1575 2780 1644 susceptionem
2811 1574 2934 1631 ﬁliis
2964 1573 3087 1630 Lot.
3120 1574 3429 1630 Duesauta
3463 1572 3594 1646 [Ms.

1993 1668 2170 1740 tacet].

2061 1760 2173 1816 Fac
2202 1760 2311 1816 illis
2332 1759 2472 1816 sicut
2493 1760 2704 1816 Madian
2737 1760 2866 1834 [Ms.
2897 1760 3086 1834 Mazia]
3115 1769 3169 1816 et
3197 1761 3416 1826 Sisarm,
3448 1767 3502 1816 et
3521 1760 3597 1815 si-

355 1849 726 1921 Disperierunt
759 1849 813 1904 in
841 1848 1024 1903 Endor
1053 1867 1074 1905 :
1101 1848 1224 1920 facti
1260 1855 1382 1901 sunt
1409 1855 1466 1901 ut
1493 1855 1689 1902 stercus
1711 1855 1881 1902 terrm.
1913 1853 1963 1916 Β
1989 1861 2081 1908 cut
2107 1851 2265 1910 Jabin
2291 1853 2347 1907 in
2384 1861 2624 1908 torrente
2654 1852 2816 1907 Cison
2847 1871 2860 1908 :
2894 1853 3263 1923 disperierunt
3290 1853 3346 1907 in
3374 1851 3594 1919 Endor,

359 1941 506 1996 Pone
531 1942 796 2014 principes
823 1957 1005 1997 eorum
1032 1949 1164 1996 sicut
1197 1939 1356 2008 Oreb,
1385 1949 1431 1996 et
1455 1938 1560 1995 Zeb
1587 1949 1634 1994 et
1655 1938 1819 1994 Zebee
1837 1947 1886 1993 et

284 2034 570 2090 Salmana.

359 2128 548 2183 Omnes
591 2127 850 2198 principes
877 2143 1054 2181 eorum
1094 2137 1116 2167 ο
1149 2127 1240 2198 qui
1279 2126 1522 2180 dixerunt
1553 2139 1572 2179 :
1603 2137 1665 2179 οε-
1699 2121 1887 2178 Ha're-

286 2221 450 2277 ditate
479 2221 501 2290 ζ
527 2221 883 2292 possideamus
912 2219 1268 2274 sanctuarium
1303 2217 1422 2274 Dei.

354 2313 497 2369 Deus
540 2330 682 2369 meus
707 2357 722 2382 ,
758 2329 890 2383 pone
919 2311 1038 2368 illos
1069 2321 1125 2365 ut
1154 2322 1325 2366 rotam
1355 2325 1376 2366 :
1404 2317 1454 2366 et
1481 2309 1614 2364 sicut
1640 2305 1890 2379 stipulam

286 2419 407 2464 ante
437 2409 627 2480 [aciem
657 2407 794 2462 venti
817 2423 836 2462 :

354 2501 507 2556 Sicut
549 2500 688 2573 ignis
736 2514 799 2554 αι-
844 2495 873 2536 (ι
918 2497 1012 2571 qui
1040 2495 1339 2569 :comburit
1381 2495 1566 2552 silvam
1610 2509 1632 2551 :

279 2597 498 2666 ﬂamma
517 2592 822 2649 comburens
845 2601 1068 2646 montes.

352 2685 441 2740 Ita
465 2685 789 2758 persequeris
816 2684 935 2740 illos
961 2685 1014 2738 in
1042 2689 1340 2756 tempestate
1368 2689 1458 2736 tua
1487 2694 1506 2736 :
1535 2689 1584 2736 et
1611 2679 1664 2735 in
1693 2679 1774 2733 ira
1802 2687 1889 2732 tua

281 2778 516 2836 turbabis
557 2795 668 2834 eos.

352 2869 528 2942 Imple
569 2870 729 2942 {acies
761 2883 939 2925 eorum
970 2866 1259 2940 ignominia
1300 2881 1320 2922 :
1359 2873 1406 2922 et
1434 2872 1665 2937 quterent
1705 2877 1890 2918 nomen

285 2979 456 3034 tuum,
492 2967 741 3022 Domine.
1149 2957 1164 2969 ’

351 3060 677 3115 Erubescant
699 3069 745 3115 et
767 3059 1138 3115 conturbentur
1158 3059 1213 3114 in
1232 3057 1480 3115 sarculum
1504 3071 1562 3114 σίν
1590 3055 1768 3113 steculi
1795 3055 1815 3125 ζ
1841 3063 1890 3111 et

283 3153 701 3222 confundantur,
731 3161 777 3207 et
803 3160 1036 3226 pereant.

1673 2501 1721 2548 et
1757 2493 1889 2548 sicut

1990 1947 2117 2002 lacti
2141 1958 2265 2002 sunt
2294 1946 2428 2002 sicut
2455 1947 2583 2018 [:Ils.
2618 1945 2696 2015 ut]
2725 1955 2940 2001 stercus
2965 1954 3148 1999 terrm.

2062 2043 2211 2098 Pone
2235 2042 2510 2112 principes
2539 2057 2727 2096 eorum
2751 2041 2893 2096 sicut
2921 2041 3102 2095 llorcb
3125 2050 3173 2094 et
3200 2039 3314 2095 Zeb
3340 2047 3396 2094 et
3419 2039 3596 2095 Zebee

1991 2136 2118 2210 [51s.
2147 2136 2309 2207 Zcbel
2340 2144 2396 2192 et
2418 2135 2696 2200 Salmana,
2728 2149 2916 2189 omnes
2949 2133 3224 2203 principes
3257 2147 3467 2196 eorum,
3499 2131 3595 2200 qui

1989 2230 2241 2286 dixerunt
2275 2247 2288 2284 :
2322 2228 2650 2286 lltcreditate
2679 2228 3055 2299 possideamus
3089 2226 3108 2264 ί
3139 2226 3297 2282 nobis
3336 2235 3596 2281 sanctua-

1991 2323 2137 2379 rium
2161 2322 2277 2380 Dei.

2067 2414 2212 2470 Deus
2257 2428 2430 2480 meus,
2466 2427 2607 2484 pone
2651 2413 2774 2469 illos
2803 2421 2863 2468 ut
2909 2419 3106 2478 rotam,
3138 2418 3194 2466 et
3231 2408 3359 2484 [Με.
3390 2418 3490 2464 tac.
3519 2407 3595 2480 et]

1991 2504 2133 2562 sicut
2159 2505 2415 2576 stipulam
2443 2513 2569 2561 ante
2599 2503 2791 2560 faciem
2823 2504 2969 2558 venti
2997 2521 3008 2558 :
3039 2511 3097 2559 et
3123 2502 3265 2558 sicut
3291 2501 3470 2572 ignem
3501 2501 3596 2571 qui

1991 2598 2266 2654 comburit
2291 2597 2506 2666 silvam,
2541 2596 2689 2651 velut
2715 2597 2760 2650 si
2791 2595 3006 2650 ﬂamma
3037 2594 3293 2651 incendat
3323 2603 3558 2649 montes.

2062 2691 2136 2747 Ita
2162 2691 2504 2762 persequeris
2528 2703 2623 2746 eos
2645 2689 2702 2745 in
2729 2697 3052 2759 tempestate
3078 2697 3168 2743 tua
3194 2705 3207 2744 :
3236 2687 3368 2743 etin
3390 2687 3470 2742 ira
3504 2694 3594 2742 tua

1991 2782 2343 2840 conturbabis
2372 2795 2490 2838 eos.
2835 2845 2838 2848 ,

2064 2876 2231 2947 Imple
2261 2874 2432 2931 facies
2457 2889 2650 2931 eorum
2679 2873 2973 2946 ignominia
3000 2891 3012 2928 :
3040 2882 3094 2930 et
3116 2879 3365 2945 quaerent
3391 2887 3592 2929 nomen

1994 2979 2172 3038 tuum,
2206 2969 2452 3024 Domine.

2063 3058 2482 3115 Conlundantur
2513 3066 2570 3116 et
2590 3059 2988 3116 conturbentur
3011 3056 3068 3113 in
3093 3056 3353 3113 saeculum
3381 3055 3591 3122 saeculi,

1995 3163 2050 3209 et
2078 3162 2448 3221 revereantur,
2478 3160 2534 3208 et
2563 3159 2790 3223 pereant
2834 3168 2846 3206 :
2893 3159 2948 3207 et
2976 3158 3305 3221 cognoscant
3333 3148 3592 3221 quoniam

351 3243 421 3299 Et
454 3254 765 3318 cognoscant
802 3246 928 3316 quia
969 3261 1156 3300 nomen
1199 3244 1290 3300 tibi
1316 3240 1570 3299 Dominus
1604 3257 1620 3297 :
1663 3249 1718 3296 tu
1747 3241 1886 3296 solus
1913 3243 1960 3308 C
1992 3259 2191 3300 nomen
2223 3243 2315 3299 tibi
2348 3243 2632 3299 Dominus.

281 3335 563 3392 altissimus
588 3338 645 3392 in
662 3338 802 3393 omni
826 3347 986 3394 terra.

2059 3335 2142 3391 Tu
2167 3336 2314 3392 solus
2343 3334 2646 3393 altissimus
2673 3349 2838 3408 super
2864 3349 3086 3391 omnem
3113 3341 3341 3390 terram.
3407 3391 3416 3404 ,

1567 3473 1934 3537 PSALMUS
1974 3474 2325 3538 LXXXIII.

316 3609 368 3650 IN
395 3609 581 3664 FINEI,
612 3610 713 3654 PRO
738 3610 1158 3661 TOBCULARIBUS,
1191 3609 1348 3651 FlLllS
1371 3609 1510 3651 COllE
1533 3637 1547 3662 ,
1581 3609 1837 3650 PSALMUS.

353 3688 522 3756 Quam
543 3689 734 3744 dilecta
757 3689 1083 3744 tabernacula
1107 3686 1446 3754 lua,Domine
1469 3689 1712 3741 virtutum
1727 3703 1744 3742 :
1758 3703 1881 3741 con-

283 3781 494 3852 cupiscit
523 3791 569 3836 et
597 3782 771 3852 deﬁcit
797 3782 974 3836 anima
1003 3798 1114 3836 mea
1144 3783 1197 3835 in
1236 3781 1372 3836 atria
1405 3779 1634 3834 Domini.

354 3962 455 4018 Cor
478 3980 646 4019 meum
671 3972 722 4018 et
752 3979 874 4017 caro
917 3979 1029 4016 mea
1062 3971 1085 3999 ε
1115 3960 1384 4016 exsultavit
1415 3961 1468 4014 in
1496 3957 1660 4013 Deum
1688 3959 1880 4014 virum.

353 4055 558 4110 Etenim
585 4072 763 4127 passer
783 4056 975 4110 invenit
1001 4069 1060 4111 -s~
1097 4054 1242 4122 sibi:
1279 4053 1489 4107 domum
1525 4060 1570 4107 et
1598 4062 1766 4107 turtur
1809 4055 1888 4107 ni-

288 4149 409 4202 dum
430 4149 550 4216 sibi,
583 4151 670 4203 ubi
698 4159 855 4220 ponat
879 4147 1051 4222 pullos
1073 4164 1218 4202 suos.

349 4241 556 4296 Altaria
597 4252 720 4310 tua,
754 4241 978 4297 Domine
1021 4241 1300 4309 virtutum,
1354 4256 1445 4296 rea:
1480 4255 1621 4294 meus
1659 4250 1707 4294 ct
1749 4238 1889 4296 Deus

295 4353 456 4390 meus.

1209 4447 1225 4471 ν

2039 3611 2092 3651 IN
2119 3610 2306 3663 PINEM,
2334 3609 2434 3652 PRO
2454 3609 2871 3662 TORCULARIBUS,
2902 3608 3056 3650 FlLllS
3086 3609 3224 3650 CODE
3251 3609 3508 3652 PSALMUS.

2052 3686 2225 3754 Quam
2263 3696 2288 3733 Β
2319 3687 2576 3743 amabilia
2626 3697 2758 3744 sunt
2802 3688 3146 3743 tabernacula
3195 3699 3318 3756 tua,
3364 3689 3596 3746 Domine

1985 3778 2248 3834 virtutum
2284 3798 2296 3833 :
2358 3781 2676 3851 concupivit
2701 3788 2759 3838 et
2787 3780 2987 3837 deiecit
3013 3778 3143 3853 [Με.
3180 3780 3381 3855 deﬁcit]
3415 3784 3594 3839 anima

1985 3885 2108 3926 mea
2139 3870 2192 3926 in
2223 3871 2358 3926 atria
2393 3871 2630 3928 Domini.

2057 3965 2166 4020 Cor
2211 3981 2388 4021 meum
2422 3977 2475 4022 et
2516 3981 2645 4023 caro
2686 3981 2808 4024 mea
2849 3967 3268 4024 exsultaverunt
3313 3969 3367 4024 in
3395 3968 3590 4025 'Deum

1986 4058 2166 4114 vivum
2194 4075 2208 4114 :
2242 4060 2444 4114 etenim
2470 4074 2657 4130 passer
2685 4060 2893 4116 invenit
2917 4060 3020 4116 sibi
3050 4060 3297 4130 domum,
3329 4071 3383 4118 et
3409 4069 3590 4118 turtur

1990 4150 2199 4217 nidum,
2233 4150 2324 4205 ubi
2353 4161 2583 4222 reponat
2608 4151 2785 4220 pullos
2811 4167 2960 4210 suos.

2057 4243 2265 4300 Altaria
2295 4254 2415 4314 tua,
2448 4237 2676 4300 Domine
2709 4243 3004 4312 virtutum,
3047 4260 3142 4302 rex
3170 4261 3322 4303 meus
3351 4254 3406 4303 et
3431 4246 3578 4304 Deus

1988 4352 2164 4393 meus.

353 4527 379 4555 ⁸
407 4515 725 4586 Repositum
753 4513 990 4571 secunda
1030 4528 1192 4569 manu
1221 4513 1276 4568 in
1303 4511 1551 4568 Palatino
1585 4524 1687 4566 ms.
1721 4511 1880 4566 simul
1905 4511 1958 4572 Β
1983 4511 2308 4586 intelligitur,
2331 4520 2382 4567 et
2411 4529 2499 4567 cor
2519 4529 2687 4568 meum
2707 4514 3005 4578 exsultavit,
3033 4524 3078 4570 et
3109 4531 3230 4571 caro
3273 4533 3387 4572 mea
3418 4518 3594 4574 exsul-

282 4585 529 4642 adversus
560 4595 916 4642 testamentum
944 4597 1087 4640 tuum
1113 4585 1499 4656 disposuerunt,
1531 4591 1663 4649 ctc.,
1693 4592 1879 4638 contra

284 4660 626 4728 originalium
656 4658 904 4713 codicum
939 4657 1122 4713 ﬁdem.

353 4724 391 4769 δ’
416 4732 578 4785 Deest
606 4730 658 4784 in
688 4728 878 4784 eodem
912 4744 1012 4784 ms.
1048 4737 1102 4783 et
1123 4727 1264 4798 apud
1294 4724 1490 4780 Carum
1522 4725 1736 4798 obelus.

357 4813 377 4840 ε
406 4801 707 4857 Rescrinsit
744 4799 796 4853 in
824 4815 890 4855 eo
919 4800 1107 4854 codice
1142 4796 1364 4867 aequior
1393 4811 1584 4850 manus
1613 4796 1693 4867 ad
1741 4796 1884 4850 hunc

287 4875 538 4927 modum:
565 4871 835 4942 Principes
859 4887 1037 4925 eorum
1071 4886 1124 4924 ἡ
1146 4866 1244 4942 qui
1275 4869 1541 4942 dixerunt,
1572 4866 1886 4942 liceret-litate

287 4945 624 5012 possidemus,
657 4939 790 5003 etc},
824 4941 965 5012 haud
998 4941 1250 5008 el|lllt|8lll
1281 4941 1412 4992 satis
1446 4941 1582 4992 bene
1617 4955 1642 5012 :_
1663 4939 1758 4991 sed
1791 4954 1883 4992 ne-

285 5008 391 5084 que
423 5015 555 5068 illud
583 5013 724 5084 quod
752 5014 867 5067 voci
900 5011 1226 5084 [hereditate
1249 5008 1755 5084 veruprn-ponitur,
1789 5023 1886 5084 no-

285 5080 370 5140 bis
407 5080 634 5139 arridet.
683 5082 800 5138 Jam
833 5100 965 5136 vero
996 5099 1091 5137 cur
1121 5082 1284 5136 verbo
1319 5081 1667 5148 subsequcnti
1721 5080 1882 5145 possi-

285 5157 519 5216 deamus.
546 5157 601 5211 S.
637 5153 796 5209 Pater
824 5169 929 5208 non
961 5154 1232 5208 addiderit
1268 5151 1435 5215 nobis,
1467 5151 1686 5216 exponit
1719 5149 1799 5204 liis
1830 5151 1883 5203 in

287 5229 450 5285 enist.
483 5226 549 5281 ad
567 5226 847 5296 Sunniam
888 5235 944 5280 et
981 5225 1286 5296 liiretelam:
1445 5223 1615 5275 dicitis
1659 5222 1885 5296 quodin

288 5297 470 5352 Gram
490 5299 557 5353 sit
578 5294 853 5368 scriptum,
885 5295 1257 5368 possideamus
1279 5295 1598 5368 nobis:_qua:
1624 5294 1888 5368 superﬂua

288 5370 500 5435 qutestio
529 5379 602 5422 est
624 5386 645 5434 ;
672 5363 876 5436 quando
903 5367 1035 5422 enim
1062 5367 1271 5434 dicitur,
1301 5363 1697 5435 possideamus,
1739 5363 1889 5416 intel-

290 5440 470 5512 ligitur
491 5449 538 5495 et
569 5440 754 5512 nobis.

360 5508 386 5546 ιι
417 5511 583 5566 Deest
612 5511 663 5564 in
699 5508 943 5564 Palatino
975 5523 1077 5562 ms.
1113 5507 1319 5571 obelus,
1352 5505 1445 5574 qui
1483 5505 1659 5560 altero
1689 5503 1756 5558 ab
1787 5504 1889 5558 hoc

291 5598 450 5638 versu
472 5583 684 5652 copula:
709 5589 779 5644 et,
813 5581 898 5634 ubi
929 5579 1146 5646 dicitur,
1180 5590 1227 5634 et
1256 5587 1505 5650 qttwt'cnt,
1540 5589 1670 5644 ctc.,
1696 5591 1888 5630 secun-

291 5655 374 5709 dis
403 5653 551 5708 curis
582 5652 853 5707 immerito
879 5653 1131 5720 przelixus
1161 5661 1263 5706 est.

365 5736 386 5762 ο
423 5724 569 5779 Idem
601 5737 703 5776 ms.
739 5730 793 5776 et
820 5717 942 5775 Cari
970 5723 1137 5778 editio
1171 5719 1402 5790 plurium
1434 5733 1683 5790 numero,
1718 5717 1891 5790 exsul-

295 5804 547 5850 tuverunt.
573 5793 641 5848 In
665 5810 790 5862 quo,
806 5791 1044 5860 inquitS.
1068 5789 1229 5848 Pater
1249 5790 1317 5847 ad
1345 5789 1598 5846 Sunniam
1623 5801 1676 5844 et
1702 5789 1890 5862 Frete-

295 5868 423 5933 Iam,
462 5867 610 5922 nulla
641 5861 897 5920 contentio
926 5873 1040 5920 est:
1072 5865 1116 5921 si
1153 5864 1288 5919 enim
1317 5862 1534 5930 legimus
1577 5861 1888 5927 exsultavit,

1982 4585 2122 4638 tavit.
2161 4585 2258 4659 Sin
2287 4594 2457 4637 autem
2479 4586 2911 4655 exsultaverunt,
2943 4587 3046 4640 duo
3075 4591 3267 4659 pariter
3295 4589 3586 4645 exsultave-

1983 4665 2133 4718 runt;
2163 4656 2215 4708 id
2243 4662 2336 4720 est,
2367 4671 2454 4708 cor
2485 4663 2531 4709 et
2563 4672 2707 4709 caro.

2061 4724 2078 4762 l
2110 4724 2177 4779 Et
2207 4726 2506 4798 dicitis,__ait
2540 4727 2900 4798 Hieronymus
2927 4729 2992 4782 ad
3023 4728 3286 4784 Sunniam
3316 4741 3370 4785 et
3394 4730 3586 4788 Frele-

1985 4797 2090 4868 lam
2111 4837 2125 4860 ,
2157 4796 2292 4864 quod
2318 4797 2368 4850 in
2394 4795 2576 4851 Greece
2612 4798 2677 4851 sit
2706 4795 2955 4868 scriptum
2975 4840 2990 4864 ,
3015 4801 3373 4868 possideatnus
3405 4803 3578 4858 nobis.

1988 4867 2114 4944 Qua:
2138 4869 2647 4944 superﬂuuuqurestio
2668 4879 2740 4922 est
2773 4885 2792 4944 _:
2805 4867 3025 4944 quando
3055 4871 3192 4924 enim
3222 4871 3434 4941 dicitur,
3459 4890 3581 4944 pos-

1983 4940 2262 4997 sideamus.
2289 4937 2599 5009 intelligitur
2621 4949 2666 4992 et
2696 4941 2862 4993 nobis.
2895 4941 3071 4995 MART.

2063 5009 2286 5063 —lllud
2324 5009 2488 5075 nobis,
2530 5027 2624 5065 cur
2647 5012 2696 5064 in
2733 5013 3036 5081 posteriore
3070 5012 3456 5068 Emendatione
3488 5029 3587 5070 sua

1986 5081 2044 5136 S.
2079 5081 2242 5134 Pater
2271 5081 2535 5147 omiserit,
2565 5083 2629 5135 ad
2663 5082 2922 5136 CalliCuni
2950 5083 3192 5136 latercnli
3227 5083 3405 5138 locum
3432 5084 3580 5141 hunc

1987 5153 2249 5206 dicemus.
2277 5152 2444 5206 Porro
2475 5168 2571 5219 pro
2601 5155 2955 5206 sanctuarium
2982 5152 3285 5209 Veronens.
3309 5171 3410 5210 ms.
3452 5173 3590 5225 prue-

1987 5225 2091 5278 lert
2120 5225 2290 5276 altare
2320 5239 2338 5276 :
2365 5225 2709 5291 subsequenti
2737 5239 2893 5277 versu
2932 5225 3213 5292 succendit,
3249 5242 3344 5293 pro
3372 5229 3586 5281 combu-

1990 5297 2078 5362 rit,
2109 5310 2171 5348 ac
2195 5293 2432 5348 vicissim
2461 5295 2747 5357 comburat,
2785 5310 2878 5362 pro
2910 5295 3166 5347 incendat.
3199 5296 3450 5352 Inferius.
3479 5299 3590 5352 Im-

1989 5365 2072 5439 ple
2098 5367 2283 5439 [aciem
2309 5380 2484 5418 eorum
2510 5367 2810 5433 ignominia,
2845 5374 2890 5439 et
2911 5375 3164 5439 quwrant,
3194 5379 3299 5423 etc.
3325 5369 3585 5439 denique,

1990 5435 2390 5506 Confundantur
2418 5447 2462 5488 et
2491 5446 2812 5489 reveremitur
2841 5437 2891 5488 in
2920 5437 3188 5506 saeculum,
3221 5448 3326 5493 etc.

2064 5517 2088 5552 Β
2125 5507 2290 5560 Unice
2334 5522 2455 5559 cum
2501 5507 2799 5571 Angutino
2847 5507 3173 5564 Veronensis
3226 5511 3378 5577 liber,
3418 5512 3588 5577 Quam

1992 5576 2322 5648 dilectis-siina
2349 5584 2488 5641 sunt,
2513 5586 2648 5641 etc.;
2681 5588 2790 5631 tum
2819 5580 2990 5633 altero
3014 5596 3194 5648 versu,
3215 5576 3382 5635 turtur
3412 5576 3592 5637 nidum

1990 5648 2106 5724 sibi,
2139 5647 2242 5711 ubi,
2275 5659 2413 5724 etc._;
2443 5656 2495 5700 el.
2527 5650 2811 5724 postduos
2841 5651 2996 5724 alios,
3049 5653 3196 5724 cujus
3225 5663 3294 5706 est
3332 5655 3592 5724 suscrptio

1992 5719 2079 5771 abs
2105 5728 2172 5793 te,
2200 5728 2339 5793 et_(_:.;
2373 5720 2424 5793 in
2454 5719 2681 5793 com'alle
2718 5722 3021 5790 plorationis
3050 5719 3296 5777 in‘locum
3324 5719 3589 5793 quem'di-

1991 5790 2209 5866 Sposutl.
2235 5786 2435 5866 Etenim
2457 5786 2874 5862 benedictionem,
2901 5803 3004 5850 etc.
3027 5793 3115 5863 Et,
3138 5786 3396 5866 apparebit
3424 5794 3589 5864 Deus,

1997 5878 2092 5933 pro
2123 5860 2395 5930 videbitur,
2425 5872 2532 5918 etc.
