3994 6324
520 313 631 374 875

1527 312 1587 370 s.
1628 306 2007 371 tnsnounu
2045 262 2282 373 omna
2321 311 2798 375 mommsen.

3688 318 3779 379 πθ

599 431 753 490 Beati
779 432 867 505 qui
896 430 1127 487 habitant
1151 429 1206 486 in
1229 431 1384 487 domo
1404 437 1538 489 tua:
1567 429 1623 486 in
1646 429 1838 487 sarcula
1868 444 1927 489 +
1958 445 2121 487 που·
2145 432 2201 501 Α
2297 430 2449 490 Beati
2474 432 2570 506 qui
2597 433 2848 495 habitant
2869 432 3000 509 [ιιι.
3051 434 3352 508 ambulant]
3389 433 3446 493 in
3483 432 3639 493 domo
3672 443 3749 494 tua
3771 479 3784 506 ,

532 525 747 595 lorum:
780 523 1067 579 laudabunt
1096 532 1164 578 te.
1196 522 1522 579 DIAPSALIA.

598 702 791 755 Beatus
828 701 906 754 vir
931 702 1083 771 cujus
1105 708 1133 739 ι
1163 713 1220 754 σε-
1257 698 1390 768 est:
1420 697 1679 757 auxilium
1697 697 1790 753 abs
1822 706 1871 769 te
1898 714 1916 753 :
1943 714 2126 755 ascen-

528 797 696 850 siones
725 793 779 847 in
799 791 955 846 corde
981 806 1079 846 suo
1111 790 1367 863 disposuit
1406 790 1460 845 in
1501 787 1638 845 valle
1663 787 2038 861 lacrumarum,
2069 794 2123 843 in

528 889 642 943 loco
678 901 830 959 quem
858 884 1049 957 posuit.

599 977 806 1033 Etenim
840 975 1239 1033 benedictionem
1268 974 1412 1033 dabit
1445 973 1734 1046 legislator,
1763 974 1906 1031 ibunt
1932 973 1997 1031 de
2020 971 2122 1029 vir-

530 1078 640 1124 tute
666 1069 721 1125 in
752 1069 994 1125 virtutem
1018 1082 1039 1123 :
1063 1066 1317 1125 videbitur
1340 1065 1483 1124 Deus
1510 1068 1725 1123 deorum
1758 1066 1814 1121 in
1844 1065 1997 1122 Sion.

599 1263 820 1320 Domine
842 1262 982 1321 Deus
1005 1265 1274 1331 virtutum,
1294 1264 1484 1321 exaudi
1505 1264 1794 1323 orationem
1812 1281 2011 1324 nteant:
2035 1280 2125 1325 eur-

528 1359 669 1414 ribus
694 1363 923 1430 percipe,
958 1356 1094 1414 Deus
1125 1355 1312 1413 Iacob.
1345 1357 1673 1416 Dtusnut.

598 1531 871 1591 Protector
907 1540 1080 1591 noster
1109 1532 1287 1607 aspice
1309 1529 1454 1593 Deus
1482 1548 1503 1591 :
1526 1541 1576 1592 et
1600 1535 1795 1608 respice
1814 1549 1873 1595 σε·
1906 1534 1961 1593 in
1991 1534 2015 1607 ζ
2040 1536 2120 1609 fa-

528 1624 657 1678 ciem
680 1621 872 1680 Christi
898 1624 995 1679 tui.

599 1716 738 1785 Quia
763 1714 945 1774 melior
969 1726 1044 1774 est
1075 1718 1186 1776 dies
1224 1734 1279 1778 ’ἰν
1316 1718 1476 1790 una:
1518 1719 1577 1779 in
1615 1720 1766 1781 atriis
1801 1721 1927 1792 tuis,
1967 1738 2124 1796 super

526 1810 715 1867 millia.

596 1899 750 1976 Elrgi
773 1903 999 1975 abjectus
1036 1918 1148 1961 esse
1173 1902 1228 1963 in
1271 1902 1424 1961 domo
1448 1902 1548 1961 Dei
1574 1905 1675 1962 mei
1710 1920 1729 1964 :
1769 1906 1936 1980 magis
1964 1923 2118 1980 quam

524 1991 756 2050 habitare
780 1994 834 2051 in
865 1992 1209 2053 tabernaculis
1235 2005 1581 2067 peccatorum.

600 2087 734 2153 Quia
753 2087 1164 2145 misericordiam
1187 2098 1233 2145 et
1257 2090 1522 2147 veritatem
1548 2087 1576 2129 δ
1603 2089 1774 2165 diligit
1800 2087 1962 2160 Deus,
1989 2107 2113 2166 gra-

526 2178 652 2235 tiam
672 2188 719 2233 et
746 2180 971 2253 gloriam
997 2181 1138 2236 dabit
1158 2180 1435 2239 Dominus.

597 2268 720 2325 Non
750 2272 973 2342 priuabit
1002 2273 1147 2328 bonis
1170 2290 1256 2330 eos
1284 2277 1371 2347 qui
1401 2275 1666 2332 ambulant
1697 2276 1752 2331 itt
1784 2276 2074 2335 innocentia
2092 2293 2115 2337 :

523 2358 1039 2432 Domine'virtutnm,
1061 2363 1236 2429 beatus
1258 2366 1411 2425 ltomo
1436 2368 1524 2439 qui
1547 2378 1720 2441 sperat
1750 2368 1804 2427 in
1831 2380 1899 2427 te.

2228 525 2476 582 Domine:
2503 526 2554 582 in
2585 527 2850 583 sarculum
2882 527 3065 584 smculi
3093 527 3220 602 [Ms.
3249 529 3447 587 smcula
3471 528 3783 604 iaculorum]

2228 621 2519 678 laudabunt
2554 632 2626 680 te.
2660 623 2995 682 Dupsun.

2299 715 2496 771 Beatus
2536 715 2637 784 vir,
2674 717 2830 787 cujus
2872 725 2959 775 est
2992 717 3252 775 auxilium
3291 717 3391 774 abs
3422 726 3504 787 te,
3541 718 3784 776 Domine:

2223 818 2483 863 ascensus
2504 806 2559 862 in
2577 807 2746 864 corde
2768 806 2887 879 ejus
2915 807 3183 879 dispesuit
3202 808 3256 864 in
3279 808 3523 865 convalle
3546 809 3786 881 laeryma-

2225 913 2345 954 rum
2366 941 2380 962 ,
2415 900 2469 954 in
2499 899 2621 954 loco
2649 915 2811 971 quem
2838 900 3149 970 disposuisti
3181 901 3256 957 ei.

2299 990 2513 1047 Etenim
2540 991 2975 1051 benedictionem
3002 992 3156 1049 dabit
3175 992 3272 1063 qui
3293 992 3464 1064 legem
3488 991 3669 1050 dedit:
3694 1008 3791 1049 am-

2223 1082 2488 1140 bulabunt
2531 1084 2601 1140 de
2641 1082 2771 1157 [51s.
2802 1083 2855 1157 ιι]
2880 1084 3083 1143 virtute
3121 1085 3175 1142 in
3218 1084 3510 1154 virtutem,
3548 1084 3791 1147 videbitur

2225 1176 2368 1233 Deus
2396 1176 2621 1233 deorum
2656 1178 2710 1234 in
2744 1178 2900 1235 Sion.

2295 1270 2525 1327 Domine
2557 1271 2701 1329 Deus
2727 1271 2987 1329 virtutum
3008 1312 3027 1343 ,
3063 1271 3261 1330 exaudi
3289 1268 3507 1344 precem
3536 1271 3658 1344 liis.
3690 1287 3792 1339 ora-

2224 1360 2449 1435 tionem]
2492 1378 2669 1421 meam
2698 1379 2713 1421 :
2742 1364 2967 1423 auribus
2997 1365 3252 1438 percipe,
3281 1363 3426 1423 Deus
3459 1364 3642 1426 Jacob.
3676 1366 3787 1425 Dit-

2222 1468 2452 1511 ιιεΑιιη.

2294 1547 2580 1606 Protector
2607 1557 2797 1608 noster
2823 1549 3005 1623 aspice
3028 1550 3194 1620 Deus,
3224 1556 3281 1609 et
3304 1549 3518 1623 respice
3541 1549 3596 1615 in
3622 1548 3789 1610 faciem

2220 1640 2428 1699 Christi
2457 1644 2562 1699 tui.
2990 1672 2993 1675 -

2292 1735 2426 1805 Quia
2454 1735 2582 1809 Ws.
2613 1734 2906 1813 Quoniam]
2940 1736 3135 1796 melior
3171 1744 3260 1795 est
3297 1734 3417 1793 dies
3449 1750 3552 1799 una
3580 1736 3634 1797 io
3660 1736 3793 1799 striis

2141 1823 2192 1887 Β
2220 1831 2348 1899 tuis,
2369 1844 2534 1902 super
2555 1831 2751 1889 millia.

2293 1921 2448 1994 Elogi
2477 1921 2730 1993 abiectus
2758 1937 2881 1982 esse
2907 1920 2963 1979 in
2987 1922 3149 1982 domo
3171 1922 3386 1981 Domini
3413 1940 3429 1979 :
3459 1922 3631 1998 magis
3654 1937 3792 1997 quam

2220 2014 2469 2072 habitare
2501 2016 2555 2071 in
2585 2015 2953 2073 tabernaculis
2981 2024 3349 2087 peccatorum.

2288 2108 2558 2177 Quoniam
2605 2107 2732 2183 [ιιι.
2766 2107 2923 2183 Quia]
2969 2107 3404 2166 misericordiam
3449 2115 3506 2165 et
3539 2106 3790 2166 veritatem

2221 2202 2398 2276 diligit
2424 2202 2689 2259 Dominus
2719 2201 2766 2271 ί,
2798 2203 3029 2274 gratiam
3054 2209 3114 2259 et
3137 2200 3370 2274 gloriam
3402 2200 3554 2263 dabit
3583 2200 3736 2267 Deus.

2296 2296 2563 2353 Dominus
2593 2311 2700 2351 non
2728 2294 2970 2367 privabit
3000 2293 3156 2351 bonis
3189 2292 3537 2357 ambulantes
3571 2292 3624 2348 in
3662 2291 3794 2357 iuno-

2222 2390 2403 2447 ceotia
2451 2408 2465 2445 :
2506 2389 2742 2447 Domine
2770 2388 2915 2445 Deus
2953 2388 3215 2445 virtutum
3240 2428 3256 2459 ,
3304 2386 3506 2447 beatus
3541 2384 3793 2457 bomoqui

2220 2489 2408 2554 sperat
2435 2481 2490 2539 in
2526 2490 2602 2539 te.

1796 2591 2156 2663 PSALMUS
2198 2598 2549 2663 LXXXIV.

804 2705 857 2747 ΙΝ
894 2706 1089 2760 ΗΝΕΙ,
1129 2705 1285 2749 ῖιιιις
1324 2706 1482 2763 00118,
1523 2708 1758 2752 ρελωυε
1782 2704 1829 2751 ι⁵.

593 2787 935 2856 Benedixisti,
968 2785 1216 2857 Domine,
1245 2797 1438 2845 terram
1476 2798 1621 2845 tuam
1649 2807 1670 2847 :
1695 2792 1923 2850 arertisti
1950 2793 2114 2871 capti-

518 2883 725 2939 vitatem
743 2882 930 2939 Iacob.

592 2974 861 3030 Rentisisli
908 2975 1229 3047 iniquitatem
1260 2975 1421 3047 plebis
1459 2986 1564 3033 tute
1604 2981 1904 3057 :operuisti
1939 2981 2113 3037 omnia

521 3073 735 3139 peccata
764 3081 959 3120 eorum.
994 3064 1318 3123 Dumutn.

596 3156 857 3228 Mitigasti
883 3173 1086 3213 omnem
1124 3158 1260 3213 iram
1287 3168 1430 3215 tuam
1464 3161 1733 3218 :avertisti
1770 3162 1835 3218 ub
1870 3162 1953 3219 ira
1977 3164 2117 3221 indi-

522 3248 783 3321 gnationis
811 3258 932 3304 tuas.

596 3338 841 3397 Converte
868 3356 984 3410 nos,
1016 3338 1158 3399 Deus
1178 3343 1426 3400 salutaris
1462 3354 1634 3402 noster
1661 3363 1680 3403 :
1708 3358 1756 3403 et
1776 3357 1948 3405 averte
1982 3349 2116 3407 iram

527 3451 560 3489 a
582 3433 749 3490 nobis.

596 3528 868 3605 Numquid
915 3529 971 3595 in
1021 3538 1269 3595 aeternum
1313 3532 1554 3595 irasceris
1599 3536 1743 3597 nobis
1764 3536 1791 3591 ?
1814 3533 1839 3576 δ
1868 3554 1929 3603 +
1963 3552 2053 3603 aut
2085 3543 2109 3614 ζ

523 3622 764 3684 extendes
791 3614 925 3679 iram
954 3631 1097 3679 tuam
1122 3641 1154 3679 a
1178 3628 1509 3698 generatione
1532 3628 1586 3685 in
1618 3633 1996 3702 generationem
2020 3637 2047 3694 2

600 3733 663 3775 οι-
692 3716 832 3779 Deus
868 3718 890 3789 ζ
921 3726 977 3775 ιιι
999 3734 1274 3789 conversus
1296 3722 1575 3792 vivi/icabis
1619 3742 1712 3785 nos
1737 3742 1756 3782 :
1784 3738 1831 3787 et
1856 3729 1996 3801 plebs
2025 3741 2115 3788 tua

526 3811 779 3866 (relabitur
806 3811 859 3866 in
883 3821 951 3868 te.

598 3907 826 3969 Ostende
870 3911 1038 3982 nobis,
1092 3911 1333 3982 Domine,
1382 3915 1790 3973 misericordiam
1833 3927 2025 3976 tuam:
2066 3929 2115 3975 et

519 4003 752 4059 salutare
781 4014 925 4057 tuum
955 4004 1022 4058 da
1047 4004 1210 4065 nobis.

594 4098 821 4151 Audiam
865 4099 991 4169 quid
1034 4097 1274 4167 loquatur
1299 4109 1321 4139 °
1355 4115 1409 4158 ατ»
1432 4101 1486 4157 in
1518 4118 1596 4158 me
1630 4101 1879 4159 Dominus
1918 4102 2061 4161 Deus
2092 4119 2111 4158 :

525 4189 767 4265 quoniam
796 4191 1030 4263 loquetur
1057 4206 1234 4262 pacem
1260 4192 1315 4247 in
1345 4193 1538 4263 plebem
1565 4210 1734 4263 suam,

602 4281 670 4336 Et
696 4298 850 4354 super
868 4291 1070 4339 sanctos
1099 4300 1240 4355 suos,
1272 4293 1321 4340 et
1349 4287 1403 4341 in
1425 4302 1513 4342 eos
1540 4287 1628 4359 qtti
1655 4296 2017 4345 convertuntur
2044 4288 2113 4345 ad

524 4392 634 4436 εον.

2139 3033 2186 3096 C

2509 2717 2562 2758 IN
2601 2716 2801 2769 FINBI,
2844 2715 2999 2757 FILIIS
3038 2712 3213 2765 CORE,
3254 2712 3519 2755 νεΑωιυε.

2290 2792 2653 2864 Benedixisti,
2720 2791 2951 2848 Domine
2984 2833 2999 2859 ,
3072 2798 3274 2847 terram
3323 2798 3477 2846 tuam
3517 2806 3532 2847 :
3578 2786 3793 2845 arcrtisti

2220 2898 2247 2938 ι
2278 2888 2651 2959 captivitatem
2681 2884 2873 2942 Jacob.

2290 2978 2569 3036 Remisiin
2595 2977 2943 3050 iniquitatem
2972 2975 3120 3048 plebi
3154 2985 3260 3033 tua:
3293 2992 3306 3033 :
3339 2974 3610 3048 aperuisti
3635 2972 3791 3029 omnia

2220 3081 2440 3145 peccata
2471 3086 2682 3129 eorum.
2713 3070 3047 3127 DIAPSALIA.

2287 3164 2543 3238 Mitigasti
2573 3178 2789 3221 omnem
2818 3165 2953 3221 iram
2997 3171 3144 3220 tuam
3178 3181 3192 3220 :
3234 3163 3485 3220 avertisti
3514 3163 3582 3220 ab
3611 3163 3686 3219 ira
3724 3161 3793 3216 in-

2216 3257 2547 3331 dignationis
2571 3266 2700 3313 tum.

2286 3353 2561 3410 Converte
2607 3365 2739 3416 nos,
2793 3350 2939 3408 Deus
2976 3349 3233 3407 salutaris
3280 3359 3493 3418 noster,
3537 3358 3591 3408 et
3633 3356 3794 3405 averte

2215 3449 2354 3513 iram
2400 3455 2548 3507 tuam
2594 3460 2624 3501 a
2662 3444 2866 3501 nobis:
2909 3455 2968 3500 ut
3011 3459 3120 3501 non
3165 3443 3218 3499 in
3249 3454 3518 3501 mternum
3568 3443 3794 3500 irascaris

2216 3542 2393 3603 nobis.

2287 3637 2474 3709 Neque
2518 3633 2783 3692 extendas
2828 3635 2962 3690 iram
2994 3643 3138 3689 tuam
3180 3648 3210 3689 a
3241 3634 3502 3706 progenie
3534 3633 3585 3689 in
3622 3644 3795 3707 proge-

2216 3731 2337 3788 nies
2370 3749 2385 3786 :
2414 3731 2583 3794 Deus.
2618 3739 2674 3791 tu
2711 3739 3042 3786 convertens
3075 3727 3375 3784 viviﬁcabis
3417 3744 3547 3801 nos,
3583 3735 3635 3785 et
3663 3726 3794 3801 plebs

2217 3836 2306 3883 tua
2340 3826 2611 3882 ltetabitur
2639 3824 2693 3879 in
2736 3834 2805 3879 te.

2287 3916 2526 3974 Ostende
2562 3915 2752 3982 nobis,
2783 3913 3043 3982 Domine,
3076 3911 3512 3970 miscricordiam
3544 3922 3683 3967 tuam
3714 3916 3796 3964 :et

2216 4011 2454 4068 salutare
2484 4019 2635 4064 tuum
2667 4008 2733 4063 da
2766 4006 2945 4064 nobis.

2289 4103 2516 4157 Audiam
2541 4100 2667 4171 quid
2698 4100 2950 4168 loquntur
2977 4097 3104 4170 liis.
3138 4096 3415 4169 loquetur]
3439 4096 3493 4152 in
3524 4112 3608 4167 nte
3633 4094 3794 4150 Domi-

2215 4210 2320 4252 nus
2359 4195 2533 4262 Deus,
2562 4193 2816 4265 quoniam
2855 4191 3107 4262 loquetur
3144 4205 3332 4259 pacem
3375 4188 3428 4245 in
3461 4189 3589 4263 [Με.
3628 4184 3794 4263 super]

2214 4286 2429 4357 plebem
2459 4299 2639 4350 suam,
2667 4292 2722 4340 et
2750 4296 2918 4354 super
2947 4291 3171 4337 sanctos
3195 4294 3325 4337 suos
3347 4322 3364 4349 ,
3417 4290 3475 4337 et
3503 4282 3556 4337 in
3585 4295 3678 4338 eos
3715 4276 3795 4351 qui

2216 4377 2245 4418 ⁸³
2272 4385 2663 4435 convertentur
2689 4374 2757 4431 ad
2790 4374 2992 4446 ipsum.

598 4593 626 4623 ι
647 4583 801 4641 llunc
822 4598 1035 4655 quoque
1055 4584 1273 4642 obelum
1295 4584 1526 4641 Palatio;
1550 4598 1653 4640 ms.
1680 4594 1735 4641 et
1758 4584 1929 4641 Carus
1950 4583 2111 4640 omit-
2138 4582 2188 4645 D
2213 4579 2565 4655 ipsumquod
2587 4578 2939 4655 subsequitur
2961 4590 3158 4655 nomen
3192 4576 3330 4655 Deus
3351 4577 3591 4647 ὁϐελίζιι.

527 4666 650 4714 tuut
676 4674 689 4710 ε
721 4658 1070 4726 subsequenti
1099 4669 1280 4714 autem
1310 4673 1469 4712 versu
1501 4671 1601 4711 ms.
1626 4655 2001 4711 benedictiones
2030 4656 2108 4711 le-

525 4730 606 4800 git
663 4726 911 4800 plurium
941 4743 1172 4800 numero
1192 4746 1211 4800 7:
1249 4738 1303 4785 et
1334 4727 1635 4797 insequenti
1691 4731 1800 4800 alio
1850 4727 2110 4798 praeposi-

528 4798 730 4871 iiouetu
764 4798 1144 4871 verbi_ea:audi
1172 4799 1240 4855 de
1288 4814 1441 4855 more
1476 4800 1723 4870 jugulat:
1765 4799 2001 4871 denique
2053 4809 2111 4855 et

522 4870 890 4943 subjunctum
906 4867 1215 4943 Diapsalma
1246 4867 1631 4943 prtetcrmitiit.

593 4942 621 4981 ι’
647 4940 770 4996 Alia
801 4941 1047 5033 llebraici
1073 4940 1551 4998 textus‘senteutia
1581 4950 1686 5008 est,
1716 4949 1841 5033 pm
1875 4950 2032 5001 tum
2056 4949 2111 5000 ν)

516 5041 605 5121 τῆν
631 5043 779 5095 mn
800 5043 860 5123 3n
885 5016 1066 5095 ambs
1093 5041 1253 5103 rma,
1290 5041 1348 5090 ut
1377 5034 1605 5103 ipsemet
1635 5016 1796 5088 vcr'tu
1826 5033 1884 5090 s.
1918 5034 2109 5100 Pater.

529 5126 665 5192 Quia
686 5125 783 5189 sol.
808 5136 858 5182 et
884 5134 1091 5181 scutum
1108 5125 1360 5182 Dominus
1390 5127 1546 5191 Dens,
1577 5125 1797 5195 gratiam
1819 5136 1867 5181 et
1891 5126 2112 5196 gloriant

523 5198 687 5258 dabit.
716 5207 822 5255 etc.
851 5201 926 5255 ιςλ
946 5199 1139 5269 quibus
1161 5208 1221 5252 ut
1248 5197 1754 5254 excuderintLXX:
1779 5197 1858 5254 ὅτι
1885 5201 1942 5255 τὸ
1970 5197 2109 5254 ἔλεον

518 5270 599 5323 καὶ
621 5269 850 5349 ἀλήᾅςςᾳν.
873 5273 1047 5349 quae
1080 5269 1281 5349 κύριος,
1318 5270 1457 5338 Quia
1482 5269 1889 5349 misericordiam
1914 5283 1962 5325 et
1985 5270 2109 5349 reri:

519 5348 673 5393 tatem
703 5342 870 5411 diligit
902 5340 1185 5406 Donitnus',
1232 5351 1366 5405 etc.,
1413 5355 1516 5395 nee
1554 5342 1687 5395 satis
1724 5341 1871 5405 scio,
1920 5356 2018 5396 nec
2062 5340 2109 5398 si

520 5411 714 5475 sciam,
751 5411 1000 5479 pluribus
1042 5412 1351 5467 edisserere
1394 5412 1482 5468 hic
1506 5415 1701 5466 ausint.
1756 5411 1978 5468 Certum
2025 5413 2113 5470 in-

521 5494 669 5537 terea
708 5492 812 5548 est,
838 5482 994 5536 aliter
1008 5496 1103 5537 eos
1132 5484 1295 5539 verba
1325 5492 1628 5572 113:5me
1661 5484 1889 5557 legisse,
1933 5493 1994 5540 ut
2018 5487 2109 5539 nti-

516 5575 850 5650 sericordiam
878 5586 923 5629 et
952 5577 1216 5632 veritatem
1239 5578 1744 5650 interpretarentur,
1791 5579 1928 5635 nihil
1973 5595 2105 5636 vero

518 5646 572 5722 in
618 5645 883 5701 llebraico
925 5655 1073 5722 testu
1101 5645 1435 5722 esse,__quud
1464 5650 1637 5722 diligit
1682 5645 1847 5706 verbo
1877 5666 2102 5720 respou-

514 5717 640 5772 dcat
673 5732 686 5772 :
739 5726 911 5788 atque
933 5716 1068 5773 adeo
1091 5719 1216 5788 jure
1240 5716 1369 5775 illud
1395 5716 1748 5776 videi-i'obelo
1779 5716 2095 5777 confodien-

509 5787 1141 5871 dumtquemadmpdum
1164 5800 1221 5871 et
1246 5791 1299 5871 i_n
1330 5806 1461 5846 mss.
1485 5794 1707 5863 aliquot,
1727 5801 1785 5871 et
1812 5792 1862 5848 in
1889 5808 2093 5871 nupera

2292 4666 2314 4694 ε
2339 4648 2569 4711 Additur
2607 4652 2659 4707 in
2690 4648 2931 4704 Palatino
2974 4664 3078 4705 ms.
3110 4648 3304 4706 David.

2282 4722 2308 4763 ά
2333 4724 2509 4781 Minus
2553 4724 2640 4780 ltic
2672 4731 2822 4777 recte
2861 4720 3138 4776 Palatinus
3177 4734 3280 4775 ms.
3330 4719 3551 4778 obelum
3586 4728 3794 4793 prmter-

2214 4797 2395 4853 mittit.

2286 4877 2310 4907 ο
2339 4865 2778 4939 Nequebiebcne
2797 4862 2970 4920 codex
2992 4863 3268 4920 Palatinus
3293 4864 3346 4919 in
3367 4864 3793 4937 prmpositionem

2216 4937 2498 4996 dumtaxat
2526 4937 2759 5008 jugulat.

2291 5009 2311 5050 ί
2339 5011 2464 5066 Plus
2487 5003 2572 5064 hic
2593 5007 2788 5063 iterum
2810 5005 2973 5062 liabet
2992 5021 3092 5063 ms.
3117 5005 3454 5064 Veronensis
3476 5006 3636 5074 Deus,
3661 5003 3790 5078 quod

2216 5098 2412 5138 nomen
2441 5082 2493 5136 in
2523 5080 2629 5136 line
2656 5095 2851 5134 versus
2873 5088 3030 5134 tacet.

2287 5155 2313 5194 ⁸
2335 5151 2613 5209 lutet-serit
2655 5150 2797 5206 idem
2827 5165 2926 5205 tus.
2974 5152 3129 5222 Dens.
3167 5150 3289 5206 Mox
3335 5152 3473 5206 falso
3519 5149 3647 5222 legit
3686 5148 3793 5217 ejus

2214 5224 2391 5280 editor
2419 5224 2579 5294 plebis
2610 5231 2743 5286 tute,
2764 5235 2886 5294 Apro
2915 5220 3085 5294 plebi,
3118 5229 3222 5277 etc.
3269 5224 3442 5277 Porro
3466 5220 3594 5294 cuni
3624 5224 3793 5294 Augu-

2213 5296 2359 5351 stino
2387 5290 2529 5352 idem
2570 5307 2670 5349 ms.
2701 5308 2716 5347 :
2752 5290 2960 5363 Setiasti
2984 5307 3184 5345 omnem
3212 5295 3367 5361 iram,
3401 5310 3502 5363 pro
3526 5291 3788 5363 Mitigasti,

2212 5377 2319 5423 etc.
2350 5369 2414 5423 Et
2445 5365 2695 5422 Converte
2719 5378 2811 5418 nos
2833 5362 2969 5416 Deus
2998 5362 3275 5418 sanitatum
3304 5362 3621 5426 nostrarum,
3648 5362 3784 5427 (tiam

2214 5440 2354 5503 quod
2375 5437 2708 5492 sanitantium
2729 5450 2793 5488 ex
2812 5449 2879 5489 co
2900 5434 3141 5487 laudatus
3164 5436 3328 5490 modo
3354 5437 3534 5491 editor
3560 5436 3786 5503 prmlert,

2214 5456 2232 5492 ί
2254 5456 2354 5494 1101]
2375 5456 2708 5492 samtanttum
2729 5456 2793 5488 ('1
2812 5456 2879 5489 CU
2900 5456 3141 5487 rauuauls
3164 5456 3328 5490 111000
3354 5456 3534 5491 801101³
3560 5456 3786 5503 ρΓῖιῖΙθΓΙ,

2214 5456 2519 5582 Antiquarii
2572 5508 2823 5560 tuendum
2845 5512 2953 5582 _est
2994 5505 3157 5582 longe
3197 5504 3727 5582 ηηιηῑη’ςξςιίειδίῐιιιιιη)Δ
3744 5514 3787 5582 et

2210 5570 2379 5635 averte
2398 5582 2529 5635 iram
2554 5589 2737 5631 tuatua
2768 5576 2934 5630 nobis:
2960 5592 3059 5645 non
3089 5570 3480 5645 (praetermissa
3505 5588 3559 5632 ut
3580 5570 3785 5645 vocula)

2208 5652 2261 5705 in
2285 5663 2529 5707 internum
2550 5649 2793 5703 irascaris
2824 5648 2987 5702 nobis.
3025 5644 3123 5702 Vel
3139 5649 3382 5704 extendas
3412 5651 3547 5703 iram
3587 5658 3725 5702 tuam
3755 5662 3785 5699 α

2201 5725 2524 5796 generatione
2547 5723 2599 5775 in
2627 5719 3027 5796 generationem.

2275 5791 2300 5832 ³³
2332 5795 2387 5851 In
2420 5791 2717 5849 Veronensi
2743 5803 2841 5845 ms.
2887 5796 3251 5844 convertuntur
3283 5808 3346 5845 e.v
3372 5791 3552 5846 corde.
3573 5790 3780 5845 l'erunt-

502 5859 1091 5927 eodicis'Alcxandrini
1137 5859 1379 5927 editione
1430 5873 1515 5923 est
1559 5859 1878 5934 pnrstitum.
1920 5859 2091 5939 (Sarus
2194 5873 2363 5925 tamen
2393 5879 2551 5948 prope
2591 5865 2822 5919 timentes
2858 5877 3008 5928 eum,
3038 5872 3143 5925 etc.
3195 5862 3565 5939 Subsequenti
3592 5876 3776 5924 versu.
