4090 6338
246 379 362 436 9.77

1548 369 1752 428 LIBER
1791 367 2158 429 PSALMORU
2168 367 2237 425 Μ.

3456 364 3567 424 9.78

332 493 708 550 Verumtamen
737 507 896 566 prope
923 491 1158 546 timentes
1207 505 1327 545 eum
1372 476 1816 560 salutare'ipsius
1843 502 1862 542 :
1891 495 1936 552 Α
2037 484 2422 541 Verumtamen
2455 492 2624 552 prope
2675 486 2761 536 est
2799 475 3119 535 timentibus
3159 490 3286 534 eum
3326 477 3565 534 salutare

255 599 312 646 ut
346 600 373 628 ³
411 589 654 644 inhabitet
688 588 856 660 gloria
893 587 947 640 in
980 595 1116 639 terra
1146 592 1344 637 nostra.

329 682 701 738 Misericordia
729 689 777 735 et
806 680 991 735 veritas
1017 678 1345 732 obviaverunt
1375 689 1395 730 :
1424 687 1484 729 rz-
1516 672 1613 728 sibi
1648 672 1670 741 ζ
1691 671 1858 744 justi-

249 777 324 831 tia
352 788 405 832 et
431 793 536 849 prta:
557 775 804 830 osculata:
826 781 970 828 sunt.

332 869 543 924 Veritas
590 869 654 923 de
694 875 834 921 terra
881 872 996 920 orta
1023 871 1095 919 est
1125 877 1144 918 :
1170 870 1216 916 ct
1235 859 1446 932 justitia
1475 857 1540 912 de
1570 856 1696 912 caelo
1740 873 1863 926 pro-

251 963 450 1016 spexit.

318 982 450 1016 ειη.

281 982 539 1109 ΡΕωηὶηι
565 1051 818 1106 Dominus
849 1049 987 1103 dabit
1010 1045 1372 1124 benignitatem
1402 1061 1420 1098 :
1448 1053 1496 1099 et
1525 1052 1664 1100 terra
1681 1050 1858 1098 nostra

255 1146 407 1200 dabit
435 1147 662 1217 fructum
693 1159 866 1198 suum.

326 1239 542 1296 Iustitia
568 1246 692 1295 ante
712 1255 826 1294 eum
855 1234 1139 1293 ambulabit
1170 1251 1187 1292 :
1216 1241 1264 1290 et
1292 1240 1443 1307 ponet
1466 1233 1520 1288 in
1545 1232 1629 1288 via
1648 1247 1854 1306 gressus

253 1348 381 1387 8808
389 1373 403 1389 υ

1967 577 2137 650 ipsius
2170 593 2185 633 :
2219 584 2275 632 ut
2304 574 2570 630 inhabitet
2595 573 2766 641 gloria
2795 573 2847 628 in
2868 582 3014 629 terra
3038 580 3242 627 nostra.

2043 668 2416 726 Misericordia
2448 675 2504 723 et
2531 667 2734 722 veritas
2771 666 3140 721 obviaverunt
3177 663 3280 720 sibi
3314 680 3327 716 :
3355 662 3565 733 justitia

1968 772 2025 820 et
2053 779 2152 834 pax
2183 761 2484 832 complexae
2513 767 2640 816 sunt
2665 775 2744 815 sc.

2040 856 2256 913 Veritas
2283 854 2351 912 de
2370 863 2513 910 terra
2539 863 2657 909 orta
2691 859 2774 908 est
2809 869 2823 908 :
2850 859 2906 906 et
2928 848 3140 921 jnstitia
3172 847 3241 904 de
3271 848 3412 904 coelo
3440 863 3568 918 pro-

1967 946 2164 1018 spexit.

2041 1038 2256 1094 Etenim
2309 1036 2573 1092 Dominus
2627 1035 2778 1091 dabit
2820 1033 3258 1105 benignitatem:
3309 1039 3369 1088 et
3421 1039 3565 1088 terra

1967 1140 2150 1188 nostra
2181 1129 2330 1185 dabit
2359 1129 2592 1184 fructum
2620 1142 2802 1183 suum.

2033 1225 2253 1282 Justitia
2280 1230 2408 1280 ante
2435 1236 2557 1280 eum
2587 1217 2926 1277 ambulabit:
2954 1227 3010 1276 et
3036 1225 3204 1290 ponet
3225 1216 3280 1273 in
3305 1217 3391 1273 via
3412 1230 3563 1288 gres-

1964 1331 2059 1375 SUS
2087 1331 2236 1375 SUOS.

1533 1503 1894 1574 PSALMUS
1937 1500 2264 1567 LXXXV.

688 1670 883 1716 ORATIO
908 1652 938 1698 ιι
967 1669 1032 1714 ιι-
1064 1668 1165 1713 ιρει
1193 1655 1217 1728 ζ
1242 1670 1402 1714 ων».

329 1752 563 1820 Iuclinu,
595 1750 841 1818 Domine,
864 1765 1044 1806 aurem
1073 1758 1236 1820 tuam,
1267 1763 1325 1806 -ι-
1355 1757 1404 1806 et
1437 1747 1460 1818 ζ
1504 1747 1696 1806 exaudi
1735 1761 1852 1804 me:

256 1846 504 1919 quoniam
533 1844 691 1914 inops
717 1852 765 1898 et
794 1855 992 1914 pauper
1019 1855 1134 1896 sum
1161 1856 1280 1912 ego.

329 1935 547 1994 Custodi
567 1936 800 1991 animam
827 1948 1017 2001 meam,
1045 1933 1292 2008 quoniam
1327 1939 1536 1990 sanctus
1567 1947 1681 1990 tum
1707 1946 1726 1988 .°
1751 1929 1858 1987 sal-

256 2047 375 2087 vum
401 2029 485 2098 {ac
507 2043 712 2084 servum
736 2036 902 2095 tuum,
926 2022 1069 2080 Deus
1097 2039 1242 2080 meus
1262 2063 1277 2092 ,
1304 2033 1596 2096 sperantem
1620 2022 1673 2078 in
1704 2029 1772 2078 te.

331 2122 585 2178 Miserere
631 2119 774 2186 mei,
831 2115 1085 2185 Domine,
1135 2116 1380 2187 quoniam
1409 2115 1478 2172 ad
1505 2123 1555 2174 te
1589 2124 1612 2155 ο
1641 2111 1859 2170 clamavi

265 2228 371 2275 tota
400 2218 485 2273 die
507 2233 526 2272 :
559 2216 771 2287 laniﬁca
797 2213 1026 2269 animam
1062 2213 1195 2269 servi
1240 2212 1338 2280 tui,
1386 2211 1636 2285 quoniam
1672 2211 1740 2267 ad
1771 2218 1820 2267 te
1843 2250 1858 2278 ,

261 2311 483 2370 Domine
507 2351 523 2376 ,
547 2311 777 2365 animam
805 2323 971 2364 meam
1002 2307 1183 2363 levavi.

334 2405 600 2474 Quoniam
626 2413 705 2468 tu,
730 2401 971 2468 Domine,
1002 2400 1176 2457 suavis
1204 2407 1251 2455 et
1275 2399 1416 2455 mitis
1437 2439 1453 2468 ,
1480 2407 1528 2455 et
1553 2397 1730 2455 multa:
1760 2398 1858 2453 mi-

260 2497 556 2554 sericordiae
583 2495 818 2551 omnibus
845 2491 1196 2549 invocantibus
1217 2502 1281 2547 te.

330 2588 557 2644 Auribus
587 2587 790 2659 percipe
810 2627 824 2650 ,
848 2584 1102 2654 Domine,
1144 2583 1434 2641 orationem
1465 2599 1629 2640 meam
1659 2599 1676 2639 :
1709 2591 1756 2639 et
1778 2582 1861 2638 in-

273 2682 419 2736 tende
447 2681 558 2734 voci
587 2678 968 2747 deprecationis
995 2693 1140 2732 metu.
1681 2677 1685 2681 “

332 2769 396 2824 In
422 2771 508 2824 die
536 2768 887 2824 tribulationis
916 2783 1040 2822 mea:
1079 2766 1291 2821 clamavi
1318 2766 1387 2821 ad
1417 2775 1464 2821 te
1493 2782 1511 2821 :
1546 2765 1668 2839 quia
1695 2781 1859 2821 exau-

265 2863 381 2917 disti
410 2879 509 2917 me.

335 2957 456 3013 Non
490 2965 563 3012 est
590 2955 776 3012 similis
803 2954 878 3011 tui
917 2953 968 3010 in
1001 2953 1138 3023 diis,
1179 2951 1398 3028 Domine
1427 2970 1446 3009 :
1476 2961 1522 3010 et
1554 2968 1655 3007 non
1677 2964 1752 3009 est
1781 2969 1860 3010 se-

267 3052 489 3104 cundum
516 3066 672 3120 Opera
705 3059 815 3102 tua.

334 3143 522 3197 Omnes
553 3151 727 3215 gentes
754 3156 880 3211 quas
907 3153 963 3194 -:-
993 3153 1210 3210 cumque
1250 3137 1273 3208 ζ
1313 3138 1480 3212 fecisti
1508 3181 1522 3206 ,
1554 3138 1777 3209 venient,
1810 3147 1861 3193 et

263 3235 549 3288 adorabunt
581 3249 756 3287 coram
780 3242 826 3286 le
845 3273 859 3300 ,
885 3231 1108 3286 Domine
1131 3272 1147 3302 ,
1192 3241 1242 3285 et
1271 3229 1637 3303 glori/icabunt
1675 3247 1860 3286 nomen

267 3339 428 3383 tuum.

332 3423 589 3489 Quoniam
619 3437 835 3494 magnus
856 3437 907 3478 es
935 3429 1011 3489 tu,
1037 3428 1084 3476 et
1108 3419 1305 3492 faciens
1326 3417 1589 3474 mirabilia
1618 3435 1636 3474 :
1665 3428 1854 3478 tu-:—es

269 3516 289 3584 ζ
324 3516 459 3571 Dens
482 3517 650 3573 solus.
681 3513 708 3553 ἀ

332 3610 515 3666 Dedne
545 3628 624 3666 me
647 3651 662 3675 ,
688 3609 928 3676 Domine,
955 3609 1009 3664 in
1035 3609 1115 3663 via
1135 3618 1252 3675 tua,
1283 3615 1331 3663 et
1357 3607 1622 3681 ingrediar
1646 3607 1700 3662 in
1727 3608 1858 3663 veri-

264 3714 360 3756 ιιαε
387 3713 475 3756 tua
502 3718 522 3758 :
553 3704 757 3757 (tutetur
785 3718 873 3756 cor
901 3717 1087 3765 nteum,
1118 3709 1172 3755 ut
1195 3700 1370 3755 timeat
1400 3716 1584 3754 nomen
1615 3709 1781 3754 tuum.

331 3795 628 3866 Ccnﬁtebor
653 3837 668 3862 ,
721 3795 812 3848 tibi
861 3793 1082 3849 Domine
1111 3792 1253 3848 Deus
1296 3810 1436 3847 meus
1469 3793 1520 3846 in
1555 3802 1658 3848 toto
1688 3793 1844 3849 corde

264 3903 408 3942 meo:
438 3898 484 3943 et
509 3887 818 3960 glori/icabo
846 3902 1031 3942 nomen
1053 3897 1197 3940 tuum
1223 3885 1275 3941 in
1299 3895 1577 3941 veternum.

332 4153 468 4218 Quia
497 4152 852 4207 misericordia
890 4160 982 4205 tua
1017 4166 1268 4222 magna-t—
1284 4163 1360 4207 est
1396 4152 1418 4221 ζ
1455 4169 1608 4225 super
1650 4169 1726 4208 me
1749 4169 1768 4208 :
1808 4162 1855 4209 et

261 4249 438 4302 eruisti
469 4247 698 4300 animum
725 4261 892 4300 meam
920 4260 986 4300 ea:
1006 4245 1210 4316 inferno
1239 4243 1496 4316 inferiori.

328 4427 501 4496 Deus,
533 4427 698 4499 iniqui
736 4427 1130 4483 insurrexerunt
1173 4443 1330 4499 super
1359 4443 1459 4496 me,
1490 4433 1538 4483 et
1581 4444 1852 4503 synagoga

260 4523 546 4593 potentium
567 4522 879 4594 qumsierunt
906 4522 1133 4578 animam
1171 4538 1380 4578 meum:
1410 4532 1456 4578 et
1478 4539 1581 4578 non
1611 4534 1634 4563 θ
1663 4541 1856 4599 pr0po-

261 4625 468 4670 suerunt
498 4626 546 4672 te
573 4616 628 4670 in
654 4623 932 4686 conspectu
959 4631 1077 4671 suo.

2277 1665 2470 1709 oss'rto
2507 1664 2666 1708 DAVID
2704 1647 2832 1724 [Ms.
2884 1659 2982 1706 tpst
3011 1644 3218 1721 navis].

1979 1729 1985 1742 ⁷
2029 1742 2254 1812 lnclina,
2289 1729 2540 1810 Domine,
2574 1756 2760 1800 aurem
2792 1748 2938 1799 tuam
2971 1737 2990 1781 ι
3023 1738 3091 1796 ad
3119 1753 3248 1807 me,
3287 1745 3345 1797 et
3371 1736 3568 1796 exaudi

1963 1851 2052 1895 me
2084 1853 2100 1894 :
2130 1835 2392 1908 quoniam
2425 1849 2632 1908 egenus
2662 1844 2715 1894 et
2748 1848 2955 1908 pauper
2982 1847 3102 1890 sum
3133 1846 3258 1904 ego.

2032 1930 2256 1988 Custodi
2300 1929 2538 1987 animam
2581 1943 2792 1995 meam,
2837 1925 3094 2000 quoniam
3132 1932 3352 1983 sanctus
3392 1937 3554 1981 sum:

1958 2022 2164 2080 salvum
2193 2021 2276 2080 fac
2301 2037 2524 2080 servum
2545 2030 2715 2088 tuum,
2733 2020 2872 2076 Deus
2899 2032 3075 2089 meus,
3093 2025 3400 2090 sperantem
3418 2016 3473 2072 in
3486 2023 3564 2074 te.

2036 2113 2297 2172 Miserere
2324 2113 2496 2181 mihi,
2538 2111 2790 2181 Domine,
2839 2109 3094 2184 quoniam
3133 2107 3200 2166 ad
3245 2116 3300 2166 to
3334 2106 3565 2165 clamavi

1965 2216 2078 2265 tota
2105 2207 2194 2264 die
2225 2224 2239 2266 :
2271 2206 2485 2265 laniﬁca
2513 2207 2750 2263 animam
2783 2204 2929 2263 servi
2961 2203 3040 2262 tui
3059 2243 3074 2273 ,
3101 2202 3225 2278 quia
3253 2199 3322 2260 ad
3353 2208 3427 2272 te,
3457 2201 3565 2259 Do-

1963 2303 2131 2369 mine,
2165 2301 2341 2359 levavi
2371 2301 2607 2357 animam
2634 2313 2834 2357 meam.

2034 2397 2298 2467 Quoniam
2327 2404 2407 2464 tu,
2430 2395 2683 2460 Domine,
2714 2390 2899 2449 suavis
2927 2403 2994 2446 ae
3017 2386 3162 2446 mitis
3190 2400 3272 2455 es,
3295 2393 3347 2444 et
3372 2385 3559 2459 copio-

1963 2503 2057 2546 sus
2085 2488 2139 2544 in
2167 2486 2546 2545 misericordia
2577 2483 2831 2541 omnibus
2851 2479 3234 2539 invocantibus
3262 2487 3335 2536 te.

2033 2581 2273 2640 Auribus
2322 2580 2580 2653 percipe,
2619 2577 2880 2643 Domine,
2913 2575 3216 2633 orationem
3253 2587 3428 2631 meam
3459 2587 3474 2633 :
3503 2579 3560 2630 et

1963 2673 2188 2730 intende
2215 2674 2333 2729 voci
2356 2670 2755 2743 deprecationis
2776 2683 2935 2724 mete.

2037 2765 2092 2820 In
2125 2765 2215 2822 die
2245 2763 2611 2820 tribulationis
2639 2777 2773 2818 mere
2808 2759 3038 2817 clamavi
3068 2758 3136 2816 ad
3168 2765 3222 2816 te
3254 2775 3268 2815 :
3298 2757 3556 2832 quoniam

1963 2856 2235 2913 exaudisti
2272 2872 2379 2912 me.

2035 2949 2152 3005 Non
2183 2958 2267 3005 est
2301 2947 2496 3005 similis
2523 2945 2622 3004 tibi
2659 2946 2713 3002 in
2743 2943 2872 3016 diis,
2903 2942 3140 3000 Domine
3184 2959 3198 3000 :

1963 3042 2259 3099 secundum
2293 3057 2457 3112 opera
2487 3050 2595 3095 tua.

2034 3137 2234 3191 Omnes
2263 3145 2453 3206 gentes
2483 3144 2854 3204 quascumque
2873 3127 3006 3202 [Ms.
3040 3127 3199 3201 quas]
3231 3127 3410 3184 iecisti
3429 3170 3443 3195 ,
3465 3141 3566 3184 ve-

1964 3227 2117 3283 nient
2143 3245 2170 3281 ς.
2196 3235 2251 3282 et
2278 3225 2586 3281 adorabunt
2613 3239 2798 3280 coram
2833 3231 2918 3292 te,
2950 3222 3210 3290 Domine,
3245 3229 3300 3278 et
3337 3218 3561 3278 honori-

1963 3319 2207 3376 ﬁcabunt
2238 3319 2366 3393 [Ms.
2395 3317 2803 3392 gloriﬁcabuut]
2835 3330 3033 3373 nomen
3063 3323 3236 3372 tuum.

2035 3413 2302 3480 Quoniam
2324 3427 2552 3484 magnus
2576 3426 2636 3469 es
2663 3420 2752 3481 tu,
2784 3419 2838 3467 et
2871 3409 3075 3466 faciens
3098 3417 3123 3456 ις
3152 3407 3426 3466 mirabilia
3457 3426 3471 3466 :
3505 3417 3562 3466 tu

1965 3521 2024 3563 es
2051 3506 2195 3562 Deus
2221 3506 2391 3562 solus.

2038 3597 2223 3654 Deduc
2261 3615 2376 3666 tne,
2414 3596 2673 3666 Domine,
2716 3595 2772 3652 in
2802 3595 2891 3653 via
2921 3605 3012 3653 tua
3044 3613 3058 3653 :
3094 3607 3149 3654 et
3185 3595 3472 3654 ambulabo
3505 3595 3559 3656 in

1965 3690 2192 3747 veritate
2223 3701 2310 3745 tua
2325 3733 2337 3745 .

2033 3785 2273 3841 Laetetur
2314 3783 2441 3858 [Ms.
2481 3782 2806 3856 delectetur]
2850 3797 2946 3840 eor
2988 3799 3169 3840 meum
3200 3826 3215 3852 ,
3267 3792 3326 3840 ut
3371 3784 3561 3842 timeat

1977 3893 2175 3933 nomen
2209 3887 2360 3932 tuum
2389 3897 2402 3930 :
2435 3876 2736 3932 conﬁtebor
2772 3875 2902 3942 tibi,
2945 3875 3173 3932 Domine
3203 3876 3344 3933 Deus
3386 3893 3563 3935 meus.

1972 3971 2026 4025 in
2057 3980 2170 4026 toto
2198 3970 2363 4026 corde
2389 3985 2539 4036 meo,
2579 3974 2637 4024 et
2666 3966 3042 4025 honoriﬁcabo
3067 3967 3196 4041 [Ms.
3219 3969 3558 4042 glorificabo]

1966 4077 2162 4118 nomen
2197 4072 2344 4118 tuum
2373 4063 2430 4118 in
2453 4069 2742 4118 aeternum.
3279 4055 3288 4061 ’

2035 4155 2305 4223 Quoniam
2341 4153 2715 4210 misericordia
2758 4161 2848 4208 tua
2889 4167 3083 4224 magna
3113 4160 3198 4210 est
3225 4167 3389 4226 super
3427 4169 3556 4211 me:

1965 4255 2021 4303 et
2045 4245 2296 4317 eripuisti
2334 4245 2462 4319 [Ms.
2509 4245 2724 4316 eruisti}
2759 4245 2992 4301 animam
3024 4260 3201 4302 meam
3240 4260 3310 4303 ex
3342 4246 3560 4303 interno

1965 4338 2244 4404 inferiore.

2033 4433 2206 4500 Deus,
2236 4430 2264 4470 h
2291 4431 2479 4503 injusti
2512 4432 2932 4489 insurrexerunt
2961 4433 3017 4490 in
3044 4447 3174 4490 me:
3204 4441 3260 4489 et
3283 4447 3559 4506 synagoga

1960 4526 2262 4598 potentium
2300 4522 2638 4595 quaesierunt
2674 4525 2908 4581 animam
2950 4541 3163 4582 meam:
3195 4535 3250 4583 et
3275 4541 3386 4582 non
3430 4543 3561 4598 pro-

1964 4629 2268 4693 posuerunt
2294 4630 2346 4678 te
2375 4630 2503 4676 ante
2529 4628 2886 4690 conspectum
2917 4635 3097 4676 suum.

3243 2949 3300 3000 et
3335 2955 3442 3000 non
3479 2949 3565 3000 est

257 4830 628 4898 cucurrerunt_,
656 4836 756 4898 pro
785 4822 1135 4898 obviat'erunt,
1169 4829 1225 4878 et
1266 4822 1512 4879 osculata:
1560 4833 1699 4888 sunt,
1729 4840 1843 4898 pro
1871 4829 1924 4892 D
1949 4827 2240 4882 misericors
2282 4826 2518 4881 omnibus
2568 4827 2925 4882 invocantibus
2975 4836 3042 4882 te.
3098 4826 3320 4881 Auribus
3352 4828 3511 4898 inﬁge
3535 4871 3551 4896 ,

258 4896 552 4965 complexa.
581 4893 822 4964 Denique
853 4893 989 4948 infra
1023 4895 1178 4950 unice
1200 4908 1321 4949 eum
1353 4898 1676 4964 Augustino,
1702 4893 1846 4952 dabit

258 4968 565 5039 suavitatem
591 5006 618 5039 ,Δ
641 4982 758 5039 pro
789 4965 1151 5038 benignitatem
1179 4981 1197 5019 :
1226 4975 1416 5022 etante
1446 4983 1562 5021 eum
1603 4969 1805 5039 prwt'bt't
1831 5011 1847 5038 ,

258 5052 356 5108 pro
386 5035 694 5108 ambulabit.

328 5118 356 5146 ι
389 5109 463 5162 De
491 5122 643 5162 more
670 5107 904 5163 Palatia.
931 5122 1040 5162 ms.
1072 5115 1128 5160 ut
1152 5123 1208 5163 οξ
1241 5110 1296 5163 in
1323 5109 1344 5175 ζ
1378 5109 1590 5164 habitet.

296 5178 606 5305 bhllgnorat
630 5179 771 5234 idem
804 5195 908 5234 ms.
944 5194 1240 5250 pronomen
1261 5182 1381 5254 ipsi,
1417 5184 1688 5254 istumque
1716 5181 1852 5238 adeo

331 5267 359 5305 e
387 5267 496 5304 um.

260 5265 496 5306 ουειιιηι.

332 5333 354 5392 ς
387 5323 443 5375 In
472 5322 666 5376 eodem
700 5337 826 5385 ms.,
855 5322 926 5376 ad
953 5329 1001 5375 te
1030 5322 1264 5376 clamabo
1287 5332 1412 5392 tota,
1443 5332 1544 5382 etc.

325 5391 353 5430 ά
386 5393 676 5468 Subjnngit
699 5393 796 5468 Ahic
824 5393 1054 5449 Palatia.
1082 5409 1184 5468 tns.
1218 5391 1842 5468 Diapsalma:quodilc-

262 5481 380 5520 rum
409 5465 573 5520 tertio
603 5466 670 5518 ab
698 5465 798 5519 hoc
827 5480 986 5520 versu
1017 5465 1306 5521 subnectit.

332 5546 355 5610 '_—‘
388 5535 664 5610 l_dem_ms.
693 5535 758 5610 de
789 5551 955 5595 more.
990 5552 1091 5590 non
1121 5552 1178 5591 ψ
1207 5554 1301 5610 pro
1330 5538 1352 5607 ζ
1381 5547 1663 5609 posuerunt
1691 5580 1704 5602 ,
1736 5549 1844 5594 etc.

333 5606 352 5644 ί
390 5607 626 5662 Voculas
657 5608 726 5660 ad
759 5623 858 5671 me,
897 5623 1030 5676 quas
1064 5606 1240 5678 neque
1277 5606 1570 5678 originales
1603 5609 1722 5664 libri
1756 5609 1846 5665 alii

261 5678 490 5747 habent,
527 5678 854 5733 Veronensis
880 5693 1096 5748 quoque
1123 5696 1224 5732 ms.
1262 5689 1420 5735 tacet.
1455 5681 1637 5734 Tertio
1669 5691 1846 5736 autem

259 5753 327 5804 ab
349 5752 453 5823 hoc
495 5765 658 5804 versu
691 5751 819 5819 legit
847 5765 966 5823 cum
996 5752 1320 5823 Augustino,
1343 5752 1577 5823 jocnnda
1617 5753 1845 5806 animant

259 5822 389 5876 servi
442 5823 520 5894 tui
551 5839 570 5876 :
613 5822 950 5894 quoniatnad
999 5819 1367 5894 te,’Dominc’,
1420 5823 1579 5877 levari
1621 5825 1847 5876 animant

263 5910 448 5952 meum.
485 5893 702 5964 Quiatu
727 5893 896 5952 suavis
919 5911 993 5963 es,
1015 5893 1256 5964 Domine,
1285 5912 1346 5951 uc
1369 5896 1522 5962 mitis,
1558 5903 1603 5950 et
1629 5895 1846 5952 multant

1953 4899 2194 4967 Domine,
2243 4899 2526 4954 orationem
2570 4915 2757 4965 meam,
2803 4908 2851 4953 et
2902 4898 3109 4954 intende
3146 4899 3256 4952 voci
3292 4901 3544 4954 orationis

1955 4987 2101 5025 mew.

2029 5051 2054 5088 Β
2096 5041 2194 5096 Ms.
2224 5040 2526 5097 Veronens.
2557 5041 2958 5111 misericordias,
2993 5056 3057 5096 ex
3099 5040 3304 5096 librarii
3335 5055 3547 5107 errore,

1955 5127 2055 5183 pro
2081 5113 2379 5184 mirabilia:
2410 5123 2524 5168 tum
2555 5127 2679 5168 cum
2704 5113 3028 5184 Augustino,
3064 5122 3118 5166 tu
3147 5128 3198 5165 es
3247 5111 3384 5166 Deus
3410 5111 3550 5168 solus

1957 5201 2190 5256 magnus.
2225 5183 2426 5256 Deduc,
2451 5193 2561 5240 etc.

2028 5253 2058 5292 Η
2085 5259 2262 5326 Atque
2292 5255 2412 5322 ltoc,
2437 5263 2493 5309 ut
2523 5264 2576 5311 et
2607 5253 2711 5309 alia
2743 5254 2996 5326 pleraque
3028 5253 3096 5307 ad
3122 5253 3426 5326 marginem
3453 5268 3550 5308 an-

1957 5323 2311 5391 notata,'eum
2337 5329 2637 5398 Augustino
2670 5326 2832 5380 habet
2859 5323 3159 5379 Veronens.
3195 5323 3351 5392 liber,
3387 5325 3549 5390 Deus,

1953 5407 2314 5468 prcetereuntes
2346 5399 2504 5469 legem
2528 5399 2912 5451 insurrexerunt
2949 5412 3100 5467 super
3119 5412 3230 5450 me:
3283 5413 3548 5468 synagoga

1955 5471 2239 5538 potentium
2286 5469 2622 5540 inquisicrunt
2659 5469 3099 5540 aninmnt_nt:am,
3132 5479 3180 5540 et
3214 5484 3315 5521 non
3346 5485 3550 5540 posue-

1953 5536 2074 5594 runt
2104 5552 2151 5594 te
2173 5541 2222 5593 in
2251 5536 2519 5608 conspectu
2542 5555 2653 5592 suo.
2690 5538 2753 5592 Et
2778 5549 2852 5605 tu,
2885 5536 3106 5593 Domine
3125 5536 3263 5592 Deus
3285 5536 3551 5592 m-iSerator

1954 5622 2001 5666 et
2034 5613 2342 5676 misericors,
2389 5611 2699 5682 longanimis
2734 5619 2780 5664 et
2819 5611 3060 5677 multum,
3107 5620 3213 5682 etc.
3257 5609 3468 5682 Yidesis
3497 5616 3552 5682 ct

1957 5684 2344 5753 Hieronymum
2395 5681 2556 5752 epist.
2595 5683 2661 5735 ad
2708 5682 2969 5738 Sunniam
3013 5692 3067 5736 et
3118 5681 3407 5753 Fgetelam,
3457 5681 3548 5734 tibi

1953 5755 2095 5821 quod
2138 5751 2223 5807 hic
2255 5751 2468 5809 additur
2510 5769 2654 5807 meus
2702 5769 2997 5823 pronmnen
3043 5753 3109 5807 ad
3158 5751 3320 5817 Dens,
3353 5766 3542 5823 super-

1955 5825 2303 5908 lluunrdocct
2326 5841 2464 5896 esse,
2497 5841 2595 5884 nec
2626 5824 2681 5883 in
2705 5822 2940 5887 Hebraeo
2970 5825 3178 5894 haberi,
3204 5838 3302 5883 nec
3345 5825 3399 5882 in
3440 5822 3540 5882 Sc-

1956 5905 2258 5972 ptuaginta.

3167 6058 3200 6065 α»
