4090 6338
564 327 633 387 79
1416 328 1445 351 ε
1532 322 1593 380 s.
1632 296 2017 381 ntsnonvut
2057 319 2291 379 omna
2327 318 2811 381 BlBLIOTHECA.

590 443 665 499 Et
688 451 767 511 tu,
791 441 1016 499 Domine
1033 438 1199 511 Deus,
1221 440 1495 497 miserator
1515 446 1565 494 et
1584 438 1898 510 misericors,
1918 437 2120 509 patiens
2144 445 2203 510 Α
2297 437 2369 495 Ει
2402 447 2489 507 ιιι,
2528 437 2548 477 τ
2583 438 2813 497 Domine
2853 437 2997 497 Deus
3030 451 3217 505 meus,
3247 439 3540 496 miserator
3571 444 3629 495 et
3654 437 3829 496 mise-

522 548 571 594 et
601 535 779 592 multa:
806 536 1179 591 misericordia:
1205 542 1253 589 et
1278 549 1458 588 verax.

590 629 809 698 Respice
846 629 899 682 in
923 643 1026 694 me,
1052 635 1100 681 et
1126 627 1366 682 miserere
1382 627 1529 687 mei:
1562 625 1632 679 da
1667 623 1944 693 imperium
1977 632 2122 678 tuum

526 736 686 794 puero
715 728 827 788 tuo,
860 729 910 775 ct
938 719 1138 774 salvum
1166 720 1252 790 [ac
1280 720 1449 789 ﬁlium
1490 708 1696 774 ancilla,
1724 729 1847 774 tute.

590 810 705 865 Fac
729 827 927 865 mecum
946 810 1151 881 signum
1171 809 1225 865 in
1243 811 1451 878 bonum,
1480 820 1536 864 ut
1556 810 1761 865 videant
1786 810 1875 880 qui
1900 809 2121 863 oderunt

527 920 628 972 me,
658 911 708 959 et
739 902 1132 973 confundantur
1158 919 1176 956 :
1202 903 1448 974 quoniam
1475 911 1551 973 tu,
1575 902 1831 971 Domine,
1869 902 2122 975 adjuuisti

522 1010 623 1064 me,
652 1003 702 1050 et
725 994 1028 1055 consolatus
1056 1010 1108 1051 es
1130 1010 1229 1051 nte.

2229 531 2438 600 ricors,
2476 531 2691 602 patiens
2721 540 2779 589 et
2807 532 3032 589 multum
3066 532 3378 589 misericors
3415 542 3472 589 et
3498 546 3689 588 verax.

2300 624 2534 696 Respice
2563 625 2618 680 in
2649 639 2768 691 me,
2817 632 2876 682 et
2909 626 3171 681 miserere
3206 624 3313 680 mei
3348 641 3363 680 ι
3406 624 3474 679 da
3507 632 3838 695 potestatem

2225 731 2399 788 puero
2438 726 2558 785 tuo,
2591 724 2649 773 et
2673 717 2888 774 salvum
2916 716 3002 773 fac
3031 716 3200 772 tilium
3223 716 3436 772 ancillae
3466 724 3593 772 tum.

2294 811 2406 869 Fac
2433 826 2648 870 mecum
2669 852 2686 880 ,
2715 811 2945 869 Domine
2985 810 3115 884 [Ms.
3156 820 3260 866 tac.
3310 808 3585 884 Domine].
3617 810 3834 883 signum

2227 906 2283 962 in
2312 905 2514 963 bonum
2541 923 2554 960 :
2589 912 2653 962 ut
2684 904 2909 962 videant
2939 904 3033 977 qui
3073 918 3163 961 me
3209 902 3479 974 oderunt,
3512 912 3570 961 et
3598 903 3838 961 coniun-

2229 997 2452 1055 dantur.

2297 1090 2564 1161 Quoniam
2588 1097 2645 1147 tu
2660 1130 2678 1162 ,
2712 1089 2943 1149 Domine
2960 1131 2977 1161 ,
2999 1089 3260 1163 adiuvisti
3282 1105 3373 1149 me
3401 1107 3413 1146 :
3438 1098 3495 1149 et
3515 1088 3836 1149 consolatus

2227 1197 2289 1242 68
2324 1199 2433 1243 me.

1771 1299 2134 1365 PSALMUS
2185 1300 2545 1365 LXXXVI.

734 1428 742 1439 '
839 1426 1007 1483 Fraus
1042 1438 1207 1489 cons,
1246 1438 1482 1482 PSALIUS
1519 1438 1755 1481 CANTICI.

538 1522 963 1600 (Fundamenta
982 1546 1099 1616 ejus
1120 1542 1173 1598 in
1194 1543 1453 1598 montibus
1474 1542 1667 1599 sanctis
1697 1558 1715 1597 :
1743 1541 1919 1614 diligit
1940 1540 2131 1597 Domi-

521 1655 620 1694 nus
646 1649 828 1709 portas
857 1637 1009 1703 Sion,
1038 1652 1196 1708 super
1222 1635 1399 1691 omnia
1424 1634 1759 1691 tabernacula
1782 1634 1974 1689 Iacob.

592 1729 835 1786 Gloriosa
857 1730 999 1785 dicta
1023 1738 1146 1785 sunt
1166 1732 1231 1784 de
1254 1738 1301 1783 te
1321 1770 1336 1795 ,
1362 1728 1541 1783 civitas
1565 1728 1683 1783 Dei.
1724 1728 1751 1758 °
1790 1727 2125 1783 Durssun.

528 1814 536 1824 ⁸
596 1824 808 1881 Mentor
838 1840 927 1879 ero
948 1824 1135 1879 Rahab
1153 1865 1168 1891 ,
1191 1831 1240 1878 et
1262 1822 1548 1895 Babylonis
1571 1864 1587 1889 ,
1611 1824 1887 1877 scientiam
1917 1838 2018 1876 me.

591 1916 730 1974 Ecce
749 1917 1057 1988 alienigena
1085 1924 1134 1972 et
1178 1915 1348 1988 Tyrus
1374 1930 1437 1971 -ξ-
1469 1925 1517 1970 et
1561 1913 1633 1986 εἰ)
1656 1914 1882 1987 populus
1909 1913 2126 1970 /Etltio-

531 2026 681 2082 pum,
706 2011 761 2065 lii
790 2014 1004 2082 fuerunt
1031 2008 1165 2064 illic.

595 2103 870 2174 Numquid
901 2102 1036 2158 Sion
1060 2102 1215 2171 dicet,
1248 2100 1454 2168 Homo,
1485 2110 1533 2156 et
1570 2100 1725 2156 homo
1752 2108 1906 2157 natus
1946 2108 2025 2157 est
2068 2100 2125 2156 in

524 2213 607 2265 ea,
637 2206 683 2250 et
704 2195 817 2266 ipse
843 2194 1085 2266 fundavit
1106 2208 1222 2248 eam
1250 2191 1601 2247 Altissimus?

592 2286 850 2341 Dominus
890 2285 1124 2339 narrabit
1151 2284 1272 2357 [διε.
1323 2280 1577 2353 narravit]
1623 2283 1679 2337 in
1712 2284 1987 2356 scripturis
2027 2300 2123 2355 po-

521 2379 802 2449 pulorum,
849 2386 898 2433 et
939 2376 1243 2449 principum
1269 2374 1458 2431 horum
1493 2375 1583 2446 qui
1652 2376 1863 2446 fuerunt
1925 2378 1981 2432 in
2040 2392 2121 2432 ea.

527 2480 552 2510 ο
576 2470 902 2526 Βιλιιειιιιυι.
1802 2528 1812 2539 ,

602 2563 757 2621 Sicut
785 2562 1075 2619 lietantium
1106 2564 1338 2622 omnium
1359 2563 1611 2622 habitatio
1638 2564 1785 2622 estin
1814 2573 1881 2619 te.

2368 1423 2425 1480 lu
2465 1429 2492 1469 ε
2530 1439 2733 1491 PINEI,
2772 1438 2932 1483 PlLIlS
2967 1438 3137 1493 cons,
3178 1440 3416 1485 PSALIUS
3451 1442 3686 1485 CAN‘I'ICI.

2236 1519 2271 1535 θ
2305 1537 2676 1596 Fundamenta
2705 1539 2825 1611 ejus
2851 1541 2908 1596 in
2939 1541 3216 1599 montibus
3245 1542 3450 1600 sanctis
3475 1562 3488 1597 :
3524 1544 3704 1616 diligit
3727 1544 3840 1601 Do-

2232 1632 2414 1689 minus
2446 1641 2632 1703 portas
2652 1632 2783 1690 Sion
2813 1648 2982 1705 super
3006 1636 3189 1691 omnia
3213 1636 3569 1692 tabernacula
3591 1635 3790 1693 Jacob.

2304 1724 2554 1783 Gloriosa
2584 1728 2726 1782 dicta
2747 1735 2877 1784 sunt
2901 1727 2972 1785 de
3002 1738 3055 1785 te
3079 1772 3095 1799 ,
3123 1728 3318 1786 civitas
3342 1728 3459 1786 Dei.
3497 1729 3836 1787 DIAPSALIA.

2156 1839 2206 1901 Β
2304 1819 2517 1876 Memor
2538 1835 2636 1877 ero
2665 1819 2818 1876 Raab
2842 1828 2899 1877 et
2922 1820 3247 1893 Babylonis,
3270 1823 3563 1880 scientium
3594 1839 3702 1880 tne.

2304 1912 2447 1970 Ecce
2488 1913 2810 1985 alienigenas
2852 1923 2909 1970 et
2953 1914 3130 1987 Tyrus
3157 1913 3288 1988 [11s.
3319 1915 3477 1988 Tyri]
3506 1924 3564 1972 et
3601 1917 3839 1989 populus

2228 2005 2546 2077 Azithiopum
2570 2047 2586 2072 ,
2622 2006 2677 2061 bi
2704 2005 2926 2063 fuerunt
2952 2007 3007 2063 in
3037 2022 3102 2064 ea
3124 2008 3257 2082 [Ηε.
3283 2016 3389 2064 tac.
3422 2009 3477 2064 in
3510 2008 3621 2083 ea].

2305 2098 2478 2154 Mater
2518 2097 2649 2154 Sion
2679 2098 2865 2165 dicet,
2892 2098 3099 2167 Homo,
3140 2111 3194 2155 et
3222 2100 3388 2156 homo
3417 2098 3597 2157 factus
3642 2109 3729 2158 est
3779 2103 3834 2158 in

2234 2207 2296 2248 ea
2330 2209 2346 2247 :
2377 2201 2433 2248 et
2462 2191 2579 2263 ipse
2608 2191 2856 2249 fundavit
2877 2207 2999 2250 eam
3037 2193 3362 2251 altissimus.
3610 2178 3619 2183 ’

2304 2283 2567 2340 Dominus
2610 2285 2854 2341 narravit
2901 2286 2958 2341 in
3003 2286 3299 2356 scripturis
3329 2284 3461 2359 [Ms.
3504 2286 3837 2358 scripturas|

2233 2376 2562 2448 ponulorum
2583 2391 2831 2447 suorum,
2856 2388 2911 2435 et
2935 2378 3243 2451 principum
3272 2394 3464 2437 eorum
3495 2382 3588 2453 qui
3612 2381 3837 2439 fuerunt

2234 2469 2289 2525 in
2317 2484 2403 2525 ea.
2440 2471 2773 2527 DIAPSALIA.

2304 2562 2458 2620 Sicut
2469 2562 2763 2620 laetantium
2778 2563 3023 2623 omnium
3043 2574 3293 2623 nostrum
3308 2564 3574 2625 habitatio
3585 2574 3672 2625 est
3686 2565 3740 2623 in
3755 2573 3833 2625 te.

1771 2746 2134 2812 PSALMUS
2174 2746 2568 2814 LXXXVII.

594 2894 866 2938 CANTICUI
904 2892 1094 2935 PSLLII
1140 2921 1156 2947 ,
1223 2892 1381 2935 FILIIS
1418 2891 1557 2934 COBE
1584 2916 1602 2942 ν
1662 2890 1713 2931 IN
1753 2889 1917 2930 I-‘lNEII
1942 2915 1957 2939 ,
2023 2888 2126 2929 Ριιο

514 2951 544 2992 ά
568 2968 785 3046 ιικιιιτει
813 2968 881 3008 ιιι)
910 2964 1361 3017 nsseouosnnuu,
1399 2961 1769 3005 INTELLBCTUS
1785 2950 1852 3015 ξικ
1873 2960 2015 3001 sum
2041 2960 2129 3001 zz-

525 3039 706 3081 tutrre
751 3039 771 3093 ;

2231 2873 2512 2949 Ctnrtccu
2549 2888 2737 2931 PSALII
2777 2874 2908 2948 [51s.
2950 2874 3263 2949 DIAPSALII]
3291 2920 3307 2940 ,
3349 2890 3514 2934 nuis
3552 2891 3692 2934 cons
3721 2919 3737 2945 ,
3780 2891 3837 2932 ut

2235 2961 2399 3001 FINEI
2422 2986 2439 3014 ,
2480 2945 2510 2983 ιι
2546 2962 2650 3003 eno
2687 2945 2939 3003 Itinera
2987 2964 3056 3004 AD
3104 2945 3528 3006 nnsrottnsunust
3564 2989 3582 3017 ,
3634 2963 3838 3004 INTEL-

2237 3031 2443 3074 LEC‘I'US
2478 3033 2621 3073 EIAN
2658 3034 2975 3075 ιδιιΑειιτιε.
3197 3038 3202 3043 ’

593 3136 818 3193 Domine
837 3133 981 3193 Deus
1008 3135 1193 3193 salutis
1213 3149 1363 3204 mete,
1391 3134 1445 3189 in
1470 3132 1555 3189 die
1584 3131 1809 3189 clamaui
1827 3145 1885 3188 σξ-
1914 3140 1960 3187 et
1982 3138 2128 3186 nocte
2153 3085 2203 3153 Ο
2303 3131 2535 3190 Domine
2561 3132 2709 3191 Deus
2733 3132 2925 3192 salutis
2947 3148 3115 3205 mete,
3150 3135 3206 3193 in
3230 3134 3321 3194 die
3342 3134 3574 3194 clamavi
3595 3142 3649 3192 et
3672 3142 3836 3192 nocte

525 3246 703 3287 coram
748 3240 818 3285 te.

599 3320 773 3375 Intret
800 3320 859 3375 in
884 3327 1164 3391 conspectu
1195 3327 1283 3374 tuo
1328 3317 1495 3374 oratio
1522 3332 1636 3373 mea
1656 3332 1677 3373 :
1715 3315 1909 3372 inclina
1946 3330 2129 3371 aurem

526 3423 669 3468 tttam
694 3414 765 3467 ad
790 3428 993 3482 precem
1021 3428 1208 3467 meam.
1244 3411 1268 3441 °

601 3506 738 3574 Quia
759 3506 956 3577 repleta
994 3514 1069 3560 est
1097 3504 1252 3560 malis
1278 3504 1454 3559 anima
1478 3518 1594 3560 mea
1617 3518 1637 3558 :
1684 3511 1731 3558 et
1770 3502 1875 3557 vita
1904 3517 2017 3556 mea
2045 3500 2128 3556 in-

525 3601 677 3671 ferno
703 3600 1160 3672 appropinquavit.
1860 3646 1863 3647 ν

602 3692 917 3748 /Estimatus
940 3710 1053 3747 sum
1083 3709 1201 3748 cum
1228 3693 1650 3749 descendentibus
1690 3694 1743 3747 in
1775 3693 1947 3747 locum
1977 3706 1995 3744 :
2020 3692 2128 3763 fac-

529 3796 613 3843 tas
638 3802 753 3842 sum
774 3788 907 3842 sicut
933 3787 1087 3842 homo
1109 3788 1219 3842 sine
1244 3786 1531 3859 adjutorio,
1554 3786 1692 3841 inter
1718 3792 1952 3839 mortuos
1974 3783 2122 3838 liber.

599 3969 747 4026 Sicut
771 3969 1027 4025 vulnerati
1055 3969 1371 4025 dormientes
1400 3969 1455 4024 in
1477 3967 1751 4040 sepulcris,
1779 3983 1997 4037 quorum
2022 3983 2126 4022 non

524 4078 577 4118 es
606 4076 798 4117 memor
818 4062 1044 4133 amplius
1067 4077 1085 4116 :
1111 4070 1160 4115 et
1183 4063 1284 4133 ipsi
1310 4060 1376 4116 de
1404 4078 1564 4115 manu
1590 4071 1679 4116 tua
1700 4060 1896 4132 repulsi
1915 4069 2057 4115 sunt.

600 4258 896 4315 Posuerunt
916 4276 995 4316 me
1016 4259 1072 4315 in
1101 4258 1221 4316 lacu
1246 4259 1521 4332 inferiori,
1553 4258 1608 4315 in
1638 4257 1923 4315 tenebrosis
1943 4299 1957 4328 ,
1995 4268 2043 4314 ct
2074 4259 2129 4315 in

528 4352 710 4409 umbra
738 4353 938 4409 mortis.

2230 3240 2416 3283 coram
2441 3234 2515 3282 te.

2301 3321 2476 3379 Intret
2496 3321 2677 3379 oratio
2704 3336 2826 3380 mea
2844 3323 2901 3379 in
2929 3331 3229 3395 conspectu
3256 3332 3350 3380 tuo
3373 3340 3389 3381 :
3415 3322 3619 3381 inclina
3645 3334 3835 3379 aurem

2232 3425 2377 3471 tuam
2409 3415 2477 3472 ad
2508 3430 2728 3487 precem
2758 3431 2937 3473 meam
2963 3458 2980 3484 ,
3010 3418 3261 3474 Domine.

2302 3508 2440 3575 Quia
2467 3508 2679 3580 repleta
2725 3518 2814 3566 est
2862 3509 3022 3567 malis
3067 3510 3250 3567 anima
3277 3523 3396 3567 mea
3425 3526 3442 3567 :
3489 3516 3547 3566 et
3570 3508 3681 3565 vita
3710 3523 3836 3565 mea

2230 3600 2447 3658 inferno
2487 3602 2860 3673 appropiavit.

2301 3693 2627 3751 IEstimatus
2668 3710 2787 3769 sum
2825 3711 2949 3752 cum
2996 3695 3459 3755 descendentibus
3502 3697 3558 3753 in
3607 3698 3831 3755 lacum:

2231 3785 2405 3845 factus
2434 3804 2556 3844 sum
2581 3790 2727 3845 sicut
2756 3789 2921 3847 homo
2966 3791 3087 3847 sine
3132 3792 3408 3863 adjutorio
3432 3833 3449 3862 ,
3492 3792 3636 3851 inter
3683 3809 3834 3851 mor-

2232 3887 2376 3936 tuos.
2411 3880 2542 3954 lus.
2569 3881 2623 3936 in
2651 3881 2907 3953 mortuis]
2939 3883 3100 3939 liber.

2302 3973 2455 4032 Sicut
2485 3974 2752 4032 vulnerati
2782 3976 3121 4034 dormientes
3156 3978 3392 4049 proiecti
3421 3976 3477 4034 in
3508 3993 3835 4037 monumen-

2230 4066 2301 4123 tis
2324 4107 2340 4135 ,
2371 4082 2602 4138 quorum
2629 4082 2737 4123 non
2771 4069 3068 4126 meministi
3090 4069 3327 4142 amplius
3353 4087 3367 4127 :
3400 4079 3456 4127 et
3480 4071 3700 4142 quidem
3726 4070 3833 4142 ipsi

2228 4161 2297 4217 de
2326 4176 2489 4216 manu
2521 4170 2615 4217 tua
2646 4163 2858 4233 expulsi
2887 4173 3037 4220 sunt.

2299 4252 2605 4312 Posuernnt
2625 4271 2712 4312 me
2742 4256 2797 4311 in
2824 4256 2946 4311 lacu
2967 4255 3219 4314 inferiori
3241 4300 3257 4327 ,
3282 4255 3341 4313 in
3370 4256 3614 4315 tenebris
3635 4266 3692 4315 et
3712 4274 3835 4315 um-

2226 4350 2323 4409 bra
2350 4348 2481 4426 [Ms.
2509 4350 2567 4407 in
2591 4348 2806 4423 umbra]
2837 4352 3054 4413 mortis.

602 4567 630 4597 ³
658 4564 824 4622 Tacet
852 4560 945 4618 hic
989 4559 1163 4617 Palat.
1210 4572 1315 4615 ms.
1349 4552 2116 4631 Diapsalma,_quiet.subse-
2148 4549 2518 4631 Dscientium,
2569 4557 2682 4608 etc.
2738 4551 2911 4631 Porro
2941 4553 3105 4631 intra
3147 4570 3256 4612 non
3313 4557 3486 4614 semel
3534 4555 3833 4631 antiquarii

527 4638 717 4711 (tuenti
743 4648 902 4711 versu
930 4633 1234 4700 scientibus,
1264 4644 1365 4711 pro
1397 4628 1670 4711 scientium
1691 4627 1838 4697 legit.
1866 4627 1897 4711 ,ἡ
1961 4696 1994 4711 Δ.

600 4708 629 4748 b
661 4707 934 4763 Immerito
965 4718 1161 4773 nomen
1192 4696 1433 4773 populus,
1459 4714 1559 4773 pro
1587 4696 1996 4773 et‘prtecedenti
2027 4712 2122 4754 co-

528 4781 693 4851 pula,
714 4776 885 4833 Palat.
909 4789 1013 4851 ms.
1032 4770 1293 4851 -ct_Caru's
1320 4772 1479 4851 obolo
1505 4770 1777 4851 jugulant.
1835 4837 1849 4851 .
2086 4839 2117 4851 Α

606 4863 626 4888 ε
653 4837 751 4906 llic
781 4856 922 4901 tacet
952 4844 1184 4899 Palatin.
1211 4858 1312 4897 ms.
1341 4837 1665 4912 Diapsalriia.
1688 4850 1742 4895 et
1767 4837 2119 4905 subsequeuti

525 4936 691 4979 versu
719 4918 945 4976 verbum
976 4924 1071 4978 est,
1101 4914 1244 4986 quod
1274 4911 1450 4986 neque
1478 4914 1533 4986 in
1564 4911 1864 4986 Grmco_est
1894 4919 2063 4986 textu.

600 4991 627 5030 ιι
655 4992 799 5048 Idem
830 5003 932 5042 ms.
958 4981 1229 5051 Amalech,
1260 4985 1454 5058 Carus,
1482 4984 1731 5041 Maeleth.
1759 4981 1959 5038 Recole
1999 4996 2120 5053 qua:

531 5065 597 5119 ad
632 5064 905 5134 psalmum
927 5076 997 5114 LII
1023 5058 1277 5134 diximus.

604 5127 879 5203 O'Supplet
896 5132 983 5187 hic
1003 5133 1222 5203 sequior
1248 5145 1439 5187 manus
1462 5131 1515 5186 in
1539 5131 1713 5186 Palat.
1741 5145 1845 5203 ms.
1866 5127 2117 5203 Domine;

528 5205 675 5272 quod
700 5201 897 5259 nomen
922 5212 976 5258 et
1001 5201 1244 5274 plerique
1267 5219 1458 5259 omnes
1478 5201 1881 5258 Grcecicodices
1898 5201 2118 5256 habent.

527 5276 667 5331 Tum
698 5273 1227 5344 subsequentivcr’su
1254 5275 1403 5346 legit,
1434 5285 1480 5329 et
1509 5276 1612 5327 vita
1642 5290 1753 5327 mea
1790 5273 1843 5325 in
1872 5275 2073 5346 inferno
2102 5289 2122 5329 :

532 5356 675 5403 tacet
713 5362 842 5401 vero
877 5347 1183 5417 insequenti
1225 5344 1352 5408 alia.
1394 5361 1461 5400 cx
1504 5346 1737 5413 librarii,
1783 5353 1844 5414 ut
1882 5344 2119 5412 videtur,

530 5417 841 5489 oscitantis,
867 5431 1032 5472 voces
1060 5418 1169 5472 sine
1193 5418 1479 5489 adjutorio.

606 5487 625 5527 τ
651 5487 943 5545 Abundare
965 5498 1018 5544 et
1048 5485 1382 5558 superﬂuum
1410 5502 1531 5542 esse
1555 5485 1811 5558 verbum,
1832 5502 1994 5549 meus,
2025 5485 2123 5541 do—

530 5568 620 5617 cet
643 5560 703 5615 S.
738 5556 1131 5631 Hieronymus,
1155 5560 1279 5628 quia
1314 5572 1414 5614 nec
1442 5558 1495 5612 in
1530 5558 1691 5613 Hebr.
1730 5556 1990 5625 habetur,
2021 5572 2121 5613 nec

529 5633 587 5688 in
610 5630 979 5700 Septuaginta.
1011 5632 1188 5686 Msn'r.

601 5711 627 5748 ε
660 5699 834 5755 Tacet
854 5701 1154 5757 vel'OﬂellS.
1188 5715 1288 5756 ms.
1324 5700 1488 5755 verba
1517 5699 1582 5753 In
1608 5701 1779 5769 ﬁnem.
1813 5700 1967 5769 Legit
1989 5718 2115 5755 vero

530 5772 701 5828 altero
718 5786 901 5839 versu,
916 5771 1323 5837 Gloriosissima,
1346 5787 1442 5842 pro
1458 5770 1694 5827 Gloriosa
1708 5790 1726 5838 ,-
1744 5786 1905 5842 quam
1919 5773 2111 5828 lectio-

529 5858 653 5901 nem
677 5842 791 5913 ipsc
818 5843 1148 5915 Augustinus
1178 5845 1389 5911 laudnt;
1414 5853 1474 5900 ut
1499 5852 1554 5901 et
1578 5842 1850 5899 scientibus
1883 5860 1978 5910 me,
2012 5860 2110 5913 pro

2226 4621 2516 4698 oscitant_ia
2566 4633 2778 4698 peccat.
2833 4625 2891 4679 ln
2930 4624 3045 4698 line
3092 4625 3288 4683 iterum
3344 4644 3469 4684 cum
3523 4621 3834 4698 Augustino

2225 4693 2411 4766 habet,
2438 4691 2723 4763 Tamquam
2731 4696 3146 4766 jucundatorum
3163 4699 3391 4753 omnium
3405 4691 3657 4755 habitatio
3678 4700 3733 4754 in
3756 4711 3831 4756 te.

2298 4761 2848 4838 {Corruptelegitur
2873 4768 2925 4821 in
2948 4769 3197 4838 pluribus
3229 4786 3361 4825 mss.
3394 4771 3640 4827 Amalech
3659 4786 3829 4836 ;cunt

2224 4833 2499 4915 itLGrteco
2528 4833 2790 4907 scriptum
2835 4839 2913 4915 sit
2948 4833 3167 4915 illailia,
3210 4838 3461 4915 Maeleth.
3498 4842 3604 4897 Pro
3633 4833 3826 4915 ιιίμάςέ,

2225 4905 2427 4986 ίβηιαη
2473 4905 2657 4986 autem
2698 4924 2800 4986 ius.
2852 4905 3253 4986 Alexandrinus
3291 4912 3457 4968 habet
3497 4905 3697 4986 Αὶθάμξ
3724 4905 3831 4967 ίΕέ

2224 4976 2365 5061 Iliam
2387 4995 2406 5033 :
2427 4978 2568 5061 unde
2582 4979 2739 5061 Duxit
2766 4980 2905 5061 forte
2925 4983 3218 5061 asteriscus
3242 4984 3295 5038 in
3324 4976 3830 5061 posteriori'_emen-

2225 5052 2447 5182 (uligine
2476 5050 2747 5114 Psalterii.
2779 5057 2913 5114 Vide
2940 5057 3073 5114 alias
3106 5050 3529 5114 Observationes
3569 5056 3636 5112 ad
3665 5060 3807 5126 psal.

2226 5144 2317 5182 LII.
2398 5144 2524 5182 ART.

2226 5144 2317 5184 LII.
2342 5144 2524 5183 MART.

2296 5228 2369 5241 -—
2398 5201 2564 5258 Unice
2594 5217 2716 5259 cum
2740 5199 3405 5275 AugustinoAVeronensis
3449 5215 3555 5257 ms.
3587 5216 3681 5270 pro
3706 5201 3828 5275 ble-

2229 5274 2364 5340 leclt,
2392 5276 2609 5330 tametsi
2640 5272 3016 5331 minus'recte.
3056 5272 3112 5328 In
3147 5282 3296 5327 textu
3335 5281 3520 5329 autem
3550 5288 3615 5328 ex
3650 5273 3835 5327 mani-

2230 5345 2367 5402 festo
2399 5345 2602 5401 librarii
2632 5362 2842 5415 errore,
2869 5346 3035 5415 Deus,
3059 5344 3274 5399 saluasti
3298 5361 3378 5399 me
3406 5361 3499 5415 per
3518 5344 3676 5409 diem,
3711 5355 3823 5400 etc.

2230 5432 2331 5486 pro
2356 5417 2537 5473 salutis
2574 5434 2720 5483 mem,
2752 5426 2861 5473 etc.
2890 5418 3029 5472 Tum
3061 5417 3234 5470 altera
3274 5418 3343 5469 ab
3371 5416 3475 5470 hoc
3502 5430 3665 5470 versu
3697 5431 3825 5469 rur-

2228 5503 2346 5543 sum
2379 5503 2501 5546 cum
2545 5488 2870 5558 Augustino,
2901 5490 3003 5542 vita
3046 5504 3156 5541 mea
3198 5488 3250 5541 in
3296 5488 3500 5559 inferno
3528 5487 3823 5559 apprOpin-

2224 5560 2417 5631 quat'it.
2454 5557 2741 5629 Deputatas
2768 5576 2881 5614 sunt
2911 5575 3047 5626 cum,
3090 5568 3225 5623 elc.,
3256 5566 3312 5612 et
3354 5557 3685 5626 insequenti,
3712 5574 3826 5610 non

2223 5630 2498 5685 meministi
2536 5631 2725 5698 adhuc,
2757 5641 2802 5685 et
2839 5630 2942 5699 ipsi
2974 5630 3037 5682 tle
3066 5647 3243 5695 manu,
3287 5638 3419 5694 elc.;
3468 5631 3703 5697 itetnque
3740 5632 3823 5682 ul-

2222 5710 2339 5758 tero
2366 5703 2433 5757 ab
2462 5701 2584 5768 hoc,
2623 5701 2687 5755 In
2728 5719 2805 5757 me
2838 5702 3143 5771 conﬁrmata
3170 5711 3244 5756 est
3285 5699 3591 5772 indignatio,
3618 5709 3704 5753 tua
3732 5743 3749 5768 ,
3773 5710 3825 5753 et

2218 5790 2390 5830 omnes
2419 5773 2777 5842 suspensiones
2817 5784 2956 5841 tuas,
3000 5781 3106 5827 etc.
