4090 6338
228 353 340 411 28!

1542 358 1746 416 LIBER
1785 358 2230 420 PSALMORUM.

3439 363 3555 425 28$

310 473 494 547 Super
509 490 589 529 me
615 473 951 545 conﬁrmatus
974 485 1048 531 est
1069 476 1216 548 furor
1238 484 1378 547 tuus,
1398 487 1444 534 et
1461 495 1636 536 omnes
1649 485 1840 553 ﬂuctus
1868 487 1923 547 A
2017 487 2074 542 lu
2109 501 2195 544 me
2219 489 2539 545 conﬁrmata
2570 497 2654 546 est
2678 488 2758 546 ira
2792 495 2879 545 tua
2907 505 2922 544 :
2971 497 3027 545 et
3058 503 3248 546 omnes
3273 490 3549 550 elationes

232 576 359 622 tuos
390 568 648 622 induxisti
676 585 833 638 super
862 585 962 624 me.
1001 569 1328 626 Drusum.

305 660 495 733 Longe
522 662 691 729 fecisti
719 653 868 716 notos
897 678 1035 716 meos
1064 681 1095 716 a
1124 679 1202 718 me
1241 680 1260 719 :
1292 675 1577 734 posuerunt
1614 683 1694 722 me
1721 667 1846 722 abo-

232 759 580 812 minationem
598 756 720 812 sibi.

315 848 578 903 Traditus
597 864 736 916 sum,
772 858 819 905 et
842 867 946 904 non
973 850 1270 922 egrediebar
1294 868 1312 906 :
1340 851 1478 907 oculi
1508 853 1608 908 mei
1637 854 1849 929 langue-

230 954 359 998 rttnt
391 961 502 1012 prce
535 945 741 1014 inopia.
1168 969 1191 999 ρ.

302 1037 552 1092 Clamari
576 1039 646 1091 ad
673 1047 744 1105 te,
773 1037 1018 1110 Domine,
1066 1049 1175 1096 tota
1195 1041 1279 1098 die
1306 1041 1533 1114 expandi
1563 1041 1634 1096 ad
1663 1051 1710 1098 te
1738 1058 1850 1097 nta-

235 1145 337 1183 παι
369 1145 534 1183 meas.

305 1221 594 1290 Numquid
622 1224 841 1279 mortuis
867 1225 1030 1294 facies
1070 1225 1379 1282 mirabilia?
1404 1235 1493 1280 aut
1523 1225 1709 1282 ntedici
1733 1242 1851 1283 sus-

228 1317 496 1386 citabunt,
523 1327 572 1373 et
593 1319 978 1389 conﬁtebuntur
1003 1320 1092 1374 tibi
1117 1321 1143 1375 ?
1189 1329 1215 1358 ιι
1243 1320 1571 1378 ΒιΑιιεΑικΑ.

302 1503 593 1574 Numquid
617 1505 1079 1576 narrabit'aliquis
1100 1505 1154 1559 in
1177 1507 1418 1576 sepulcro
1440 1505 1850 1562 misericordiam

228 1604 381 1649 tuam
408 1598 435 1650 ?
470 1606 520 1650 et
548 1597 816 1651 veritatem
844 1605 984 1651 tuam
1013 1597 1067 1651 in
1101 1597 1394 1667 perditione
1419 1601 1443 1653 ?

303 1688 590 1761 Numquid
614 1699 983 1759 cognoscentur
1011 1691 1065 1744 in
1087 1690 1305 1746 tenebris
1332 1691 1593 1746 mirabilia
1618 1700 1712 1747 tua
1739 1693 1764 1748 ?
1799 1701 1848 1748 et

221 1783 446 1852 justitia
474 1790 568 1835 tua
597 1784 649 1836 in
679 1791 819 1835 terra
843 1782 1155 1837 oblivionis?

1955 587 2074 634 tuas
2103 593 2265 650 super
2288 595 2374 637 me
2399 580 2683 638 induxisti.
2711 582 3041 639 DIAPSALIIA.

2025 671 2206 743 Longe
2233 671 2413 729 iecisti
2452 683 2614 729 notos
2644 689 2796 730 meos
2820 689 2852 728 a
2881 691 2990 743 me,
3021 683 3321 746 posuerunt
3349 691 3436 732 me
3478 677 3538 737 in

1953 770 2080 844 [31s.
2112 779 2214 826 tae.
2247 770 2323 842 in]
2353 770 2819 828 abominationem
2850 771 2954 827 sibi
2986 785 3003 827 :
3057 771 3286 828 traditus
3314 787 3456 844 sum,
3484 781 3541 830 et

1954 881 2058 919 non
2082 864 2427 935 egrediebar.

2025 957 2175 1012 Oculi
2207 957 2313 1014 mei
2344 957 2603 1025 inﬁrmati
2631 965 2760 1014 sunt
2789 969 2813 998 ο
2843 973 2956 1029 ιιι-ω
2985 958 3187 1029 inopia,
3216 958 3448 1016 clamavi
3480 959 3550 1015 ad

1952 1058 2027 1118 te,
2065 1050 2294 1108 Domine
2324 1067 2337 1104 :
2368 1058 2479 1107 tota
2506 1050 2594 1107 die
2621 1051 2856 1123 expandi
2885 1066 3079 1108 manus
3109 1067 3260 1109 meas
3283 1051 3350 1108 ad
3378 1062 3479 1127 te.“

2024 1224 2298 1298 Numquid
2327 1225 2556 1282 mortuis
2584 1224 2754 1281 iacies
2780 1225 3094 1282 mirabilia?
3121 1235 3216 1282 aut
3239 1227 3432 1284 medici
3462 1245 3550 1286 re-

1953 1319 2328 1387 suscitabunt,
2359 1326 2417 1374 et
2442 1317 2856 1376 conﬁtebuntur
2885 1318 3030 1376 tibi?
3059 1320 3369 1379 ΒΙΑΡεΑωίΑ
3417 1322 3546 1396 ῖΜε.

1952 1423 2053 1468 tae.
2089 1410 2444 1484 Drusum].

2025 1503 2292 1576 Numquid
2323 1505 2604 1562 enarrabit
2633 1505 2834 1577 aliquis
2863 1506 2918 1562 in
2959 1507 3215 1579 sepulcro
3243 1507 3554 1566 misericor-

1951 1596 2098 1652 diam
2131 1597 2322 1652 tuam?
2350 1605 2446 1652 aut
2475 1597 2765 1652 veritatem
2798 1606 2944 1653 tuam
2979 1599 3033 1653 in
3063 1599 3407 1669 perditione?

2021 1688 2296 1759 Numquid
2329 1698 2737 1759 cognoscentur
2763 1691 2814 1744 in
2841 1690 3084 1747 tenebris
3111 1690 3379 1747 mirabilia
3409 1693 3540 1749 tua?

1951 1792 2043 1836 aut
2067 1781 2275 1852 justitia
2308 1791 2396 1838 tua
2425 1784 2480 1837 in
2507 1791 2651 1838 terra
2677 1783 2969 1839 oblivionis
2994 1785 3018 1838 2

305 1873 377 1925 Et
402 1889 502 1944 ego
520 1873 590 1927 ad
621 1882 691 1942 te,
720 1872 964 1939 Domine,
986 1874 1210 1928 clamavi
1239 1889 1258 1928 :
1281 1886 1328 1930 et
1360 1892 1511 1930 mane
1536 1874 1704 1932 oratio
1734 1893 1848 1933 mea
1878 1884 1925 1946 Β
2022 1875 2094 1931 Ει
2122 1891 2223 1947 ego
2247 1875 2314 1931 ad
2345 1885 2398 1932 te
2421 1919 2435 1945 ,
2464 1876 2727 1948 Domine,
2761 1878 2992 1934 clamavi
3025 1895 3039 1933 :
3071 1888 3126 1934 et
3165 1893 3326 1935 mane
3365 1879 3542 1936 oratio

231 1966 512 2035 prteveniet
545 1975 616 2020 te.

305 2055 377 2111 Ut
405 2058 559 2127 quizl,
592 2057 835 2124 Domine,
863 2059 1074 2130 repellis
1103 2060 1389 2114 orationem
1417 2060 1624 2117 meam?
1658 2061 1847 2117 avertis

227 2150 422 2220 [aciem
452 2161 597 2204 tuam
627 2168 661 2205 a
688 2151 804 2205 me?

307 2239 528 2312 Pauper
561 2255 621 2296 οξ-
647 2258 763 2296 sum
793 2241 815 2309 ζ
843 2257 960 2313 ego,
985 2250 1032 2296 et
1065 2243 1119 2296 in
1151 2243 1416 2297 laboribus
1440 2260 1472 2297 a
1490 2245 1841 2316 juventute-t—

231 2333 386 2402 mea:
409 2334 673 2389 exaltatus
695 2343 890 2401 autem,
920 2334 1227 2390 humiliatus
1254 2352 1387 2399 sum,
1412 2346 1458 2391 et
1489 2337 1842 2392 conturbatus.

302 2423 373 2478 In
397 2442 483 2480 me
511 2427 830 2481 transierunt
852 2427 945 2482 ira:
973 2437 1078 2483 tua:
1100 2443 1120 2482 :
1151 2442 1212 2484 -εν
1239 2437 1288 2482 et
1315 2428 1336 2497 ζ
1362 2438 1582 2484 terrores
1613 2430 1688 2484 tui
1718 2447 1844 2484 con-

235 2518 579 2574 turbauerunt
607 2517 635 2555 ι)
666 2535 767 2573 me.

304 2609 781 2666 Circumdederunt
814 2627 896 2667 me
933 2612 1070 2668 sicut
1103 2629 1247 2686 aqua
1279 2619 1388 2668 tota
1418 2613 1525 2683 die,
1553 2614 1843 2671 circumde-

235 2708 428 2758 derunt
461 2720 541 2757 me
570 2703 750 2759 simul.

305 2796 592 2870 Elongasti
616 2814 648 2850 a
678 2814 757 2854 me
784 2799 1010 2854 amicum
1037 2810 1083 2855 et
1109 2799 1405 2873 proximum
1435 2816 1453 2855 :
1479 2815 1542 2858 οε-
1573 2809 1621 2857 et
1645 2800 1668 2871 ζ
1693 2810 1842 2858 notos
1900 2797 1902 2799 ’

237 2904 378 2943 meos
401 2906 435 2942 a
458 2887 694 2944 miseria.

1947 1983 2068 2026 mea
2102 1969 2403 2040 praeveniet
2428 1977 2499 2024 te.

2021 2061 2090 2118 Ut
2135 2062 2286 2133 quid,
2323 2062 2588 2130 Domine,
2627 2060 2644 2101 ῖ
2689 2063 2915 2134 repellis
2965 2065 3269 2121 orationem
3318 2063 3532 2121 meam?

1943 2152 2144 2210 avertis
2170 2153 2367 2210 faciem
2392 2163 2538 2210 tuam
2562 2169 2592 2209 a
2624 2156 2749 2211 me?
2779 2156 3110 2212 Drusum.

2018 2246 2199 2318 Egens
2227 2261 2349 2302 sum
2386 2262 2509 2319 ego,
2539 2256 2596 2304 et
2624 2248 2676 2302 in
2707 2249 2982 2306 laboribus
3012 2266 3041 2304 a
3063 2252 3354 2320 juventute
3376 2265 3530 2318 mea;

1949 2340 2226 2396 exaltatus
2251 2351 2455 2408 autem,
2485 2340 2802 2396 humiliatus
2826 2357 2946 2396 sum
2975 2353 3030 2398 et
3052 2341 3334 2400 confusus.

2019 2435 2078 2490 ln
2105 2449 2192 2490 me
2219 2435 2654 2506 pertransierunt
2678 2434 2774 2490 ira:
2796 2442 2904 2491 tua:
2931 2453 2943 2490 :
2969 2445 3025 2493 et
3051 2444 3294 2493 terrores
3317 2435 3394 2492 toi
3415 2449 3550 2492 eou-

1947 2525 2312 2582 turbaverunt
2340 2541 2450 2581 me.

2016 2618 2508 2675 Circumdederunt
2535 2633 2624 2675 me
2653 2618 2800 2675 sicut
2830 2633 2970 2691 aqua
2999 2626 3108 2676 tota
3142 2618 3232 2676 die
3263 2635 3277 2675 :
3309 2617 3548 2676 circum-

1945 2710 2212 2767 dederunt
2243 2725 2332 2767 me
2361 2709 2545 2766 simul.

2018 2799 2301 2871 Elongasti
2331 2815 2364 2856 a
2402 2815 2492 2858 me
2527 2801 2773 2860 amicum
2813 2811 2869 2860 et
2913 2801 3222 2876 proximum
3254 2821 3267 2859 :
3297 2810 3355 2860 et
3387 2811 3545 2860 notos

1945 2908 2098 2949 meos
2126 2909 2156 2948 τι
2188 2907 2429 2951 miserta.

1464 2985 1827 3051 PSALMUS
1869 2987 2288 3052 LXXXVIII.

551 3099 574 3130 θ
605 3105 972 3148 ικτειιεοτυε
1009 3105 1191 3147 ΕΤΗΑΝ
1228 3105 1530 3146 ΕΖΚΔΗΙΤκΕ.

305 3183 703 3240 Misericordias
732 3183 948 3238 Domini
977 3185 1033 3238 in
1061 3193 1316 3239 aeternum
1343 3191 1585 3239 cantabo.

2268 3107 2638 3150 INTELLECTUS
2676 3109 2858 3151 ETIIAN
2898 3109 3219 3152 ιειιΑειιτ-Αε.

1961 3170 1971 3178 ’
2017 3185 2423 3244 Misericordias
2442 3197 2582 3255 tuas,
2604 3189 2853 3257 Domine,
2870 3187 2928 3244 in
2959 3200 3224 3246 aeternum
3257 3190 3490 3247 cantabo
3524 3209 3538 3246 :

304 3276 374 3331 In
405 3278 744 3348 generatione
773 3286 819 3331 et
846 3278 1254 3349 generationem,
1298 3276 1618 3332 annuntiabo
1648 3277 1840 3334 verita-
1865 3269 1911 3331 C
1944 3275 1996 3332 in
2020 3279 2378 3349 generatione
2419 3288 2476 3335 et
2515 3281 2773 3351 progenie
2811 3281 3177 3352 pronuntiabo
3205 3281 3336 3355 [Ms.
3378 3297 3546 3353 gene-

235 3378 332 3422 tcm
354 3379 501 3423 tuam
528 3369 581 3422 in
609 3385 698 3422 ore
728 3384 862 3423 meo.

310 3463 573 3530 Quoniam
599 3461 779 3516 dixisti
807 3478 826 3516 :
849 3461 916 3516 In
942 3469 1195 3516 wternum
1225 3461 1584 3516 misericordia
1607 3461 1843 3531 aediﬁca-

236 3555 372 3608 bitur
400 3569 464 3608 σευ
498 3554 592 3622 in:
621 3554 758 3608 caelis
784 3569 803 3607 :
831 3553 1209 3625 prteparabitur
1227 3553 1416 3607 veritas
1445 3563 1610 3608 μία-εν
1631 3553 1685 3608 in
1712 3553 1784 3608 eis
1819 3554 1837 3622 ζ

304 3646 568 3719 Disposui
617 3656 978 3701 testamentum
1015 3647 1188 3700 electis
1245 3646 1391 3712 meis,
1437 3647 1618 3718 juravi
1675 3645 1844 3700 David

235 3758 384 3795 serto
415 3755 530 3794 meo
561 3755 579 3794 :
603 3755 764 3810 usque
791 3739 844 3792 in
872 3751 1122 3794 wternum
1151 3739 1456 3810 prteparabo
1484 3755 1655 3794 semen
1677 3749 1842 3794 tuum.

309 3834 378 3888 Et
409 3834 679 3903 crdiﬁcabo
696 3834 749 3886 in
780 3834 1160 3904 generationem
1189 3843 1238 3886 et
1262 3832 1644 3906 generationem
1672 3833 1845 3887 sedm

239 3938 402 3981 tuam.
437 3929 774 3982 Drusum.
808 3927 816 3935 '

307 4021 707 4088 Conﬁtebuntur
750 4021 867 4075 caeli
911 4019 1178 4074 mirabilia
1228 4028 1338 4086 tua,
1395 4018 1610 4075 Domine
1641 4037 1661 4076 :
1702 4030 1750 4076 et
1777 4034 1839 4076 -εκ

237 4117 371 4168 enim
403 4116 426 4183 ζ
457 4116 723 4186 veritatem
747 4125 886 4168 tuan
909 4116 960 4168 in
990 4114 1211 4169 ecclesia
1238 4124 1560 4168 sanctorum.

309 4207 579 4272 Quoniam
601 4207 718 4277 quis
745 4209 798 4260 in
825 4205 1042 4260 trabibus
1069 4207 1359 4276 tequabitur
1389 4203 1616 4261 Domino
1633 4207 1660 4262 γ
1691 4207 1838 4262 simi-

239 4299 300 4354 lis
325 4300 428 4354 erit
451 4295 478 4336 ά
510 4297 624 4354 Deo
652 4300 704 4352 in
727 4298 854 4367 ﬁliis
883 4296 1025 4353 Dei?

303 4392 455 4448 Deus
475 4393 566 4464 qui
585 4393 909 4465 gloriﬁcatur
933 4394 989 4448 in
1016 4393 1233 4448 consilio
1253 4401 1551 4450 sanctorum
1575 4409 1595 4450 :
1618 4412 1838 4469 magnus

237 4496 283 4540 et
309 4486 561 4542 terribilis
587 4502 743 4556 super
767 4503 939 4542 omnes
967 4486 1055 4558 qui
1083 4485 1137 4540 in
1166 4487 1387 4545 circuitu
1407 4488 1521 4559 ejus
1546 4497 1694 4544 sunt.

1951 3371 2163 3426 ratione
2194 3371 2548 3442 annuntiabo]
2576 3371 2864 3427 veritatem
2899 3382 3044 3428 tuam
3077 3374 3132 3428 in
3162 3388 3259 3429 ore
3292 3389 3437 3429 meo.

2019 3461 2284 3528 Quoniam
2327 3461 2512 3517 dixisti
2545 3479 2561 3517 :
2597 3463 2652 3518 In
2693 3471 2958 3518 mternum
2995 3464 3370 3521 misericordia
3403 3465 3538 3522 mdi-

1949 3551 2198 3609 ﬁcabitur
2233 3571 2248 3612 :
2278 3552 2334 3609 in
2363 3554 2520 3611 caelis
2551 3556 2949 3625 prteparabitur
2979 3558 3182 3613 veritas
3213 3567 3326 3615 tua.

2020 3646 2270 3716 DiSposni
2302 3655 2690 3703 testamentum
2724 3647 2913 3703 electis
2953 3649 3110 3717 meis,
3146 3649 3327 3719 juravi
3376 3651 3544 3707 David

1947 3751 2109 3794 servo
2153 3754 2278 3794 meo
2318 3754 2333 3792 :
2368 3754 2539 3810 usque
2573 3738 2628 3794 in
2669 3749 2935 3795 mternum
2987 3743 3312 3812 praeparabo
3355 3757 3545 3800 semen

1946 3839 2102 3884 tuum
2139 3847 2151 3883 :
2183 3841 2240 3885 et
2267 3830 2548 3887 :ediﬁeabo
2576 3831 2628 3886 in
2658 3833 2913 3886 Saeculum
2947 3834 3132 3887 szecuIi
3160 3832 3294 3905 [Μδ.
3319 3849 3546 3905 genera-

1948 3923 2097 3977 tione
2120 3932 2173 3978 et
2196 3923 2573 3995 generatione]
2596 3924 2782 3979 sedem
2816 3934 2982 3979 tuam.
3009 3925 3342 3980 DIAPSALIIA.

2015 4014 2432 4072 Conﬁtebuntur
2461 4018 2589 4072 caeli
2615 4016 2882 4072 mirabilia
2907 4027 3023 4086 tua,
3055 4018 3284 4075 Domine
3320 4035 3335 4076 :
3369 4030 3424 4076 et
3450 4036 3543 4077 ve-

1943 4108 2157 4164 ritatem
2183 4117 2326 4164 tuam
2353 4111 2406 4164 in
2435 4111 2666 4167 ecclesia
2693 4122 3032 4168 sanctorum.

2015 4202 2282 4271 Quoniam
2312 4204 2434 4275 quis
2464 4205 2518 4259 in
2548 4203 2783 4260 nubibus
2812 4206 3117 4276 mqnabitur
3155 4205 3422 4264 Domino?
3449 4217 3543 4266 aut

1943 4300 2064 4368 quis
2097 4297 2296 4354 similis
2326 4299 2436 4355 erit
2464 4298 2574 4355 Deo
2601 4298 2749 4356 inter
2780 4299 2925 4355 ﬁlios
2942 4300 3076 4356 Dei?

2019 4393 2158 4448 Deus
2181 4402 2206 4440 Β
2227 4393 2320 4464 qui
2347 4392 2685 4464 gloriﬁcatur
2707 4394 2762 4449 in
2785 4395 3016 4450 concilio
3041 4404 3354 4452 sanctorum
3383 4412 3397 4452 :
3425 4411 3542 4451 ma-

1941 4501 2080 4557 gnus
2109 4495 2166 4542 et
2196 4485 2522 4543 metuendus
2544 4501 2709 4558 super
2735 4501 2930 4543 omnes
2957 4487 3050 4559 qui
3079 4488 3134 4543 in
3165 4487 3399 4550 circuitu
3420 4488 3539 4561 ejus

1941 4589 2089 4636 sunt.

269 4745 333 4779 τι
370 4740 442 4817 In
459 4739 638 4817 Palat.
683 4737 998 4817 m§.-_istud_
1025 4739 1335 4809 Diapsalma
1362 4741 1646 4817 reticetur,
1690 4741 1830 4810 quod
1862 4743 1912 4804 D
1939 4742 2105 4799 misso
2156 4743 2540 4817 Diapsalmate,
2587 4745 2739 4815 inaps
2783 4762 2898 4799 sum
2941 4762 3055 4817 ego,
3105 4753 3211 4801 etc.
3245 4744 3384 4801 Tum
3423 4760 3528 4800 ms.

237 4821 289 4867 et
326 4830 357 4868 a
402 4811 610 4868 Grzeeis
645 4811 925 4867 codicibus
953 4812 1144 4868 abest:
1191 4825 1274 4868 est
1301 4823 1479 4867 autem
1508 4813 1562 4867 in
1603 4813 1833 4868 Hebraeo

313 4898 333 4924 η

313 4898 333 4924 η

237 4895 456 5008 ΓΠῖΜε
487 4968 809 5022 pronomen,
845 4953 987 5020 quod
1017 4954 1225 5018 deerat,
1276 4970 1342 5010 ex
1373 4954 1620 5009 Palatino
1645 4970 1749 5009 ms.
1779 4967 1834 5011 et

1935 4832 2090 4881 super
2119 4833 2196 4869 me
2219 4816 2557 4882 transierunt,
2589 4827 2697 4872 etc.
2741 4817 2826 4884 Et,
2863 4816 3246 4872 Circumiernnt
3293 4834 3372 4872 me
3403 4817 3536 4870 sicut

1939 4895 2098 4958 aqua;
2132 4899 2240 4941 etc.

2012 4967 2038 5003 κ
2080 4958 2411 5012 Veronensis
2454 4975 2556 5013 ms.
2611 4959 2752 5031 Dens
2790 4959 3165 5031 glori/immitis
3210 4960 3343 5012 inter
3393 4958 3535 5027 ﬁlios

237 5026 401 5102 Cum,
438 5036 555 5080 tum
602 5024 954 5102 originalibus
989 5026 1150 5102 libris
1194 5026 1338 5092 aliis,
1368 5036 1423 5081 et
1471 5041 1594 5081 cum
1642 5027 1835 5096 primis
1928 5033 2452 5102 justorum,magnus
2477 5040 2523 5084 et
2541 5024 3533 5102 terribilis'superomnes,icte.,neque

239 5101 489 5162 llebrmo,
523 5104 788 5158 mra-im.
818 5095 1147 5152 sull‘ecimus.

312 5182 334 5208 ε
367 5171 464 5224 Ms.
495 5167 834 5224 Sorlionieus
864 5170 1025 5220 habet
1053 5168 1298 5222 scliolion
1328 5167 1468 5223 istud
1502 5184 1516 5224 :
1552 5167 1830 5237 Israelittc,

239 5241 313 5295 rel
345 5239 574 5294 Ezraitaz
605 5238 820 5292 habetur
849 5239 902 5292 in
928 5239 1254 5310 quibusdam.
1289 5239 1346 5294 ln
1375 5249 1522 5295 textu
1557 5243 1673 5310 ipse
1704 5241 1834 5312 legit

239 5313 467 5367 lzraittc.
501 5312 679 5366 MART.

307 5386 334 5423 ἰ
369 5385 646 5459 Palatinus
677 5395 777 5459 ms.
815 5379 1063 5459 Domino,
1098 5381 1326 5459 pr_opius
1352 5381 1756 5459 (ξτςῐξοοὲιίυρίῳ.

312 5468 334 5493 ε
370 5455 848 5525 CumAugustino,
872 5452 1202 5507 Veronensis
1230 5453 1409 5506 ms.ab
1427 5452 1826 5525 inapia,'etcla-

240 5529 373 5581 τηαιηὶ
403 5526 472 5578 ad
502 5535 570 5589 te,
607 5523 826 5577 Domine
856 5538 873 5575 :
908 5534 1013 5576 tota
1041 5526 1127 5577 die
1147 5525 1352 5578 extendi
1385 5523 1565 5578 manus
1594 5542 1732 5579 meas
1762 5527 1832 5580 ad

241 5611 305 5652 te.
341 5600 519 5666 Atque
549 5595 723 5648 altero
752 5596 818 5646 ali
849 5595 951 5648 hoc
979 5610 1168 5659 versu,
1203 5596 1462 5648 enarrabit
1504 5601 1617 5658 quis
1666 5597 1716 5648 in
1747 5614 1831 5651 se-

241 5671 418 5739 pulcro
448 5666 860 5739 misericordiam
895 5675 1106 5719 tuamet
1139 5667 1419 5725 veritatem.
1454 5677 1562 5722 etc.
1600 5668 1664 5721 Et
1692 5667 1835 5722 ilhc-

239 5736 422 5810 quenti
462 5739 594 5801 alio,
619 5736 1004 5810 etjustitiatua
1034 5739 1086 5790 in
1119 5739 1467 5810 terraoblita.

315 5811 522 5865 fiuxta
571 5806 856 5876 Augustin.
894 5805 1196 5863 Veronens.
1239 5808 1398 5872 liber,
1432 5808 1671 5875 repulisti
1709 5825 1828 5863 ora-

241 5883 426 5937 tionem
454 5897 640 5948 meam,
662 5879 893 5934 avertisti
916 5880 1100 5948 faciem
1129 5888 1272 5934 tuam
1310 5895 1342 5933 a
1382 5881 1496 5936 me?
1523 5888 1576 5936 et
1608 5889 1830 5951 praeter-

1937 5103 2266 5172 ndamnssim
2291 5118 2412 5157 eum
2447 5104 2769 5172 Augustino,
2795 5117 2968 5171 neque
2997 5117 3119 5155 cum
3144 5101 3250 5154 alio
3280 5104 3534 5169 quopiam

1939 5171 2226 5237 Psalterio,
2251 5173 2393 5243 quod
2424 5175 2612 5229 sciam.
2649 5174 2708 5227 Et
2745 5189 2811 5228 ne
2836 5181 3013 5226 tamen
3040 5172 3182 5226 hanc
3209 5182 3387 5240 putes,
3412 5188 3534 5238 qua:

1938 5243 2086 5298 ante‘
2110 5245 2493 5317 Hieronymum
2535 5245 2832 5317 obtinebat,
2871 5243 3162 5317 teetionem
3179 5284 3204 5317 ,ν
3229 5254 3534 5313 opportune

1939 5325 2184 5370 notatum
2211 5314 2416 5381 ipsi'est
2448 5315 2500 5370 in
2529 5318 2726 5386 saepius
2758 5314 2969 5386 laudata
3013 5314 3243 5383 epistola
3278 5317 3342 5368 ad
3386 5317 3531 5367 Sun-

1940 5388 2082 5440 niam
2104 5397 2158 5442 et
2185 5387 2472 5450 Fretelain,
2509 5385 2620 5452 pro
2643 5385 2860 5440 terribili
2894 5385 3092 5440 lectum
3124 5395 3282 5440 antea
3317 5385 3534 5439 horren-

1937 5457 2083 5522 dum,
2115 5458 2202 5510 ubi
2238 5459 2400 5513 habet
2429 5476 2440 5510 :
2475 5457 2800 5528 Octogesimo
2828 5465 3045 5511 octavo:
3071 5473 3298 5528 magnus
3322 5467 3377 5512 et
3402 5459 3534 5508 lmr-

1937 5532 2136 5583 l't'lltillS
2172 5545 2312 5601 :rpro
2341 5547 2440 5598 quo
2469 5531 2522 5582 in
2555 5526 3008 5601 Gra‘coinvenissc
3035 5545 3119 5583 vos
3143 5527 3346 5601 dicitis,
3381 5529 3534 5601 φυξί-

1936 5600 2043 5675 ρὸς,
2077 5600 2214 5675 (ιιςρά
2259 5598 2862 5675 significattct't'iliil_Is,_
2891 5600 3182 5675 timendus,
3229 5598 3536 5675 formidan-

1937 5670 2056 5725 ilus.
2110 5671 2224 5740 Ego
2271 5670 2393 5742 puto
2429 5673 2480 5724 id
2521 5672 2691 5738 ipsum
2730 5670 3026 5740 signi/icore
3063 5681 3108 5724 et
3148 5671 3530 5742 horrcmlnnif:

1939 5758 2080 5864 gon,
2134 5751 2188 5794 ut
2239 5741 2418 5814 vulgus
2473 5743 2692 5797 a'stintat
2724 5782 2738 5809 ,
2801 5743 3191 5814 despiciendam
3242 5753 3288 5798 et
3341 5741 3535 5812 squali-

1978 5829 2082 5864 ttm.
2115 5821 2226 5864 etc.

1978 5829 2082 5880 um,
2115 5821 2226 5868 etc.
