4090 6338
200 353 313 410 9.85

270 471 344 528 In
393 484 640 530 veternum
674 476 888 533 servabo
933 477 1015 533 illi
1059 478 1470 534 misericordiam
1511 496 1683 534 meam
1713 495 1731 533 :
1763 488 1810 534 et
1840 483 1888 544 Α

199 575 570 622 testamentum
599 586 770 624 meum
800 568 954 638 ﬁdele
975 571 1092 645 [Ms.
1124 570 1289 643 ﬁdeli]
1320 572 1444 642 ipsi.

271 657 344 712 Et
378 677 569 726 ponam
620 662 672 715 in
718 663 965 716 servulum
997 662 1270 740 +_steculi
1305 663 1327 731 ζ
1358 678 1526 717 semen
1569 665 1718 734 ejus;
1768 672 1818 717 et

203 753 456 808 thronum
480 758 598 828 ejus
624 757 755 810 sicut
786 756 896 810 dies
925 754 1061 810 caeli.
1471 819 1474 822 ν

272 845 341 900 Si
370 861 426 901 ὴ
457 847 682 915 αδορνηῖ
713 848 1084 917 dereliquerint
1111 849 1211 918 filii
1231 851 1342 922 ejus
1364 846 1528 922 legem
1557 864 1752 904 meam:
1771 858 1818 905 et

206 937 260 990 in
273 940 506 1010 judiciis
529 941 656 1012 meis
680 957 781 994 non
809 941 1206 996 ambulaverint.

268 1031 336 1084 Si
352 1031 599 1101 justitias
645 1048 782 1086 meas
829 1033 1268 1104 profanaverint:
1317 1039 1365 1087 et
1409 1031 1656 1085 mandata
1705 1046 1819 1084 mea

202 1138 302 1174 non
344 1124 719 1178 cus’odierint.

277 1212 520 1268 Visitabo
546 1214 603 1268 in
630 1215 774 1287 virga
803 1214 1097 1286 iniquitates
1121 1230 1298 1269 eorum
1322 1229 1341 1269 .°
1368 1223 1417 1270 et
1451 1215 1506 1270 in
1531 1214 1818 1272 verberibus

203 1317 421 1375 peccata
451 1323 652 1362 eorum.

270 1398 696 1457 Misrrt'cordiam
717 1411 889 1458 autem
921 1418 1088 1457 meam
1135 1418 1238 1458 non
1267 1403 1562 1476 dispergam
1608 1405 1672 1460 ab
1712 1423 1772 1462 eo
1794 1421 1815 1462 :

200 1508 359 1562 neque
389 1494 589 1548 nocebo
611 1495 663 1548 in
694 1494 908 1549 veritate
939 1511 1069 1548 mea.

267 1583 463 1655 Neque
495 1587 786 1655 profanabo
827 1594 1187 1642 testamentum
1221 1604 1428 1644 meum:
1469 1597 1516 1645 et
1553 1605 1668 1661 qua:
1695 1607 1817 1662 pro-

200 1679 384 1732 cedunt
412 1679 482 1734 de
512 1679 664 1734 labiis
688 1681 832 1750 meis,
865 1697 967 1734 non
988 1680 1177 1752 faciam
1206 1682 1380 1738 irrita.

267 1770 447 1825 Semel
467 1773 649 1844 juravi
676 1772 730 1826 in
759 1782 937 1827 sancto
968 1789 1108 1840 meo,
1139 1773 1184 1827 si
1214 1772 1383 1830 David
1416 1776 1640 1831 mentiar
1667 1791 1689 1832 :
1734 1793 1814 1833 se-

199 1881 312 1918 men
338 1868 457 1938 ejus
482 1866 537 1920 in
561 1874 812 1922 aeternum
835 1866 1080 1921 manebit.

269 1955 340 2010 Et
376 1957 595 2013 thronus
625 1959 737 2032 ejus
763 1959 895 2014 sicut
933 1959 1011 2014 sol
1050 1959 1102 2013 in
1133 1967 1408 2030 conspectu
1433 1975 1550 2017 meo
1577 1978 1590 2015 :
1620 1969 1643 2001 ³
1671 1977 1727 2018 -ι-
1761 1970 1810 2018 et

207 2047 229 2115 ζ
260 2049 397 2102 sicut
428 2049 559 2110 luna
587 2050 812 2122 perfecta
839 2049 893 2105 in
917 2059 1186 2118 Meritum,
1238 2058 1287 2106 et
1319 2051 1461 2107 testis
1507 2053 1562 2109 in
1590 2051 1718 2109 ctelo
1746 2054 1810 2124 ﬁ-

202 2139 351 2195 deiis.
392 2140 722 2198 Drusum.

268 2231 348 2286 Tu
380 2249 498 2287 vero
529 2235 791 2308 repulisti,
820 2243 868 2290 et
906 2234 1221 2309 despexisti,
1265 2237 1516 2294 distulisti
1557 2239 1810 2296 christum

206 2334 372 2381 tuum.

271 2416 518 2474 Evertisti
540 2428 899 2476 testamentum
925 2421 1059 2477 servi
1084 2422 1158 2477 tui
1188 2438 1208 2479 :
1251 2426 1546 2498 profanasti
1573 2427 1627 2482 in
1669 2435 1810 2484 terra

204 2510 467 2563 sanctuari
476 2528 562 2564 um
591 2514 729 2584 ejus.

272 2602 587 2657 Destruxisti
625 2621 800 2661 omnes
821 2622 965 2679 sepes
987 2609 1102 2680 ejus
1124 2622 1145 2664 :
1170 2608 1391 2681 posuisti
1420 2609 1808 2680 ﬁrmamentum

203 2698 313 2766 ejus
345 2696 698 2766 formidinem.

273 2789 615 2858 Diripuerunt
661 2809 778 2847 eum
823 2809 998 2850 onmes
1049 2804 1370 2853 transeuntes
1414 2798 1547 2853 viam
1571 2814 1592 2855 :
1640 2801 1808 2872 factus

203 2891 274 2934 est
295 2883 636 2951 opprobrium
660 2886 837 2940 vicinis
865 2890 996 2942 suis.

270 2973 532 3029 Emttasti
565 2977 830 3032 dexteram
873 2979 1275 3052 deprimentium
1316 2998 1482 3040 eum:
1532 2983 1808 3056 lwtiﬁcasti

205 3083 371 3122 omnes
391 3070 632 3126 inimicos
653 3073 789 3140 ejus.

267 3161 508 3216 Avertisti
548 3163 871 3234 adjutorium
907 3164 1074 3238 gladii
1099 3169 1211 3240 ejus
1258 3183 1278 3222 :
1306 3177 1354 3222 et
1380 3184 1483 3225 non
1502 3186 1555 3224 es
1580 3171 1807 3226 auxilia-

205 3259 280 3304 tus
304 3254 350 3306 ei
384 3254 440 3307 in
468 3253 626 3310 bello.

277 3342 601 3400 Destruzisti
626 3363 746 3404 eum
773 3347 835 3403 ab
869 3349 1229 3407 emundatione
1251 3369 1272 3409 :
1297 3363 1345 3409 et
1388 3355 1563 3409 sedem
1600 3357 1712 3427 ejus
1756 3357 1811 3414 in

206 3445 338 3491 terra
363 3439 633 3493 collisisti.

269 3531 553 3588 Hiuorasti
578 3535 691 3590 dies
712 3538 955 3611 temporis
980 3543 1090 3613 ejus
1123 3558 1143 3598 :
1169 3543 1450 3616 perfudisti
1471 3560 1587 3599 eum
1617 3547 1804 3618 confu-

204 3625 361 3680 sione.
446 3626 773 3686 DiarssLuA.

271 3717 575 3789 lls'juequo,
603 3719 840 3791 Domine,
866 3724 1052 3779 avertis
1075 3725 1129 3780 in
1150 3725 1347 3797 ﬁnem?
1367 3726 1662 3782 exardescet
1687 3729 1794 3784 sic-

207 3820 254 3863 ut
276 3812 409 3885 ignis
442 3815 518 3867 ira
544 3816 674 3869 tua?

270 3905 565 3962 Memorare
592 3925 710 3978 ante
730 3926 840 3968 mea
868 3910 1154 3968 substantia
1174 3928 1195 3970 :
1223 3914 1474 3984 numquid
1500 3915 1637 3971 enim
1680 3931 1807 3972 vane

210 4006 516 4058 constituis'i
549 4006 573 4043 δ
601 4011 664 4072 f-yz-f
694 4026 866 4062 omnes
898 4009 918 4076 ζ
947 4010 1086 4078 ﬁlios
1116 4011 1424 4066 hominum?

271 4097 402 4162 Quis
430 4109 506 4154 est
537 4100 688 4154 homo
729 4103 819 4172 qui
877 4102 1027 4169 vivet,
1073 4113 1121 4156 et
1171 4121 1274 4159 non
1322 4105 1511 4161 videbit
1558 4109 1808 4177 mortem?

208 4205 344 4248 eruet
374 4197 606 4250 animum
634 4214 782 4252 suam
811 4199 876 4252 de
902 4215 1060 4253 manu
1086 4199 1283 4270 inferi?
1310 4201 1636 4257 Dureau“.

271 4357 372 4412 Ubi
399 4367 521 4414 sunt
548 4359 918 4414 misericordia
946 4370 1048 4416 tua:
1075 4363 1324 4435 antiques,
1360 4362 1582 4420 Domine
1613 4381 1633 4421 :
1673 4367 1807 4421 sicut

206 4453 387 4518 iurasti
420 4451 594 4510 David
631 4452 689 4518 in
718 4454 933 4509 veritate
961 4457 1096 4512 tua?

267 4543 471 4600 Memor
499 4556 628 4615 esto,
662 4545 904 4613 Domine,
936 4550 1205 4621 opprobrii
1248 4565 1516 4606 servorum
1571 4559 1803 4617 tuorum,

203 4638 334 4706 quod
363 4635 682 4694 contiuui‘in
717 4643 835 4695 sinu
857 4658 968 4697 meo
1001 4641 1284 4696 multarum.
1316 4644 1569 4713 gentium.

1528 358 1734 416 LIBER
1776 359 2222 420 PSALMORUM.

3415 361 3522 419 286

1991 481 2046 538 In
2097 491 2362 538 aeternum
2405 480 2638 538 servabo
2687 479 2762 536 illi
2793 479 2921 554 [Ms.
2966 478 3040 552 ei]
3082 479 3518 537 misericordium

1922 591 2094 630 meam
2132 595 2145 632 :
2178 587 2233 632 et
2264 584 2647 632 testamentum
2682 588 2862 629 incum
2894 572 3055 628 lldelc
3089 573 3211 642 ipsi.

1993 668 2060 723 Et
2115 682 2312 738 ponam
2361 668 2414 723 in
2466 667 2727 722 saeculum
2774 665 2960 720 smculi
3014 664 3199 720 sedem
3245 665 3366 732 eius
3413 680 3426 718 :
3468 673 3523 720 et

1922 759 2176 825 thronum
2207 760 2347 832 ejus.
2377 763 2518 816 sicut
2539 758 2656 814 dies
2691 760 2712 829 ζ
2754 758 2874 814 cmli
2904 756 3034 829 ΙΜε.
3062 754 3293 827 saeculi].

1992 851 2050 906 Si
2082 851 2472 922 dereliquerint
2498 850 2590 904 lilii
2624 850 2740 919 ejus
2773 850 2946 919 legem
2977 863 3150 902 Ineam
3178 859 3276 928 set
3304 847 3355 901 in
3377 845 3524 915 judi-

1920 943 2021 1001 ciis
2052 945 2189 1001 meis
2211 961 2316 999 non
2350 941 2767 999 ambulaverint.
2969 930 2971 932 ’

2000 1039 2056 1095 Si
2081 1039 2500 1110 juStilicationes
2528 1052 2678 1092 meas
2708 1033 3118 1108 profanaverint
3143 1051 3156 1090 :
3191 1040 3246 1092 ct
3271 1031 3529 1088 mandata

1919 1145 2039 1187 mea
2070 1147 2174 1185 non
2205 1129 2585 1185 custodierint.
2955 1177 2962 1188 ,

1994 1221 2237 1276 Visitabo
2278 1222 2334 1276 in
2361 1220 2511 1292 virga
2542 1218 2854 1292 iniquitates
2883 1231 3072 1274 eorum
3105 1234 3118 1272 :
3157 1224 3216 1274 et
3249 1216 3306 1272 in
3339 1228 3362 1258 ο
3397 1232 3520 1273 ver-

1918 1314 2142 1371 boribus
2175 1321 2397 1384 peccata
2439 1327 2657 1370 eorum.

1991 1405 2418 1463 Misericordiam
2449 1413 2628 1461 autem
2661 1418 2838 1461 meam
2868 1418 2978 1460 non
3005 1402 3316 1475 dispergam
3341 1400 3410 1456 ab
3429 1415 3519 1472 eo,

1919 1512 2096 1570 neque
2126 1498 2334 1553 nocebo
2363 1496 2416 1552 ei
2447 1498 2500 1552 in
2532 1497 2764 1553 veritate
2793 1511 2911 1552 mea
2946 1513 2960 1550 :
3013 1509 3190 1564 neque
3224 1493 3521 1565 profanabo

1918 1602 2301 1651 testamentum
2356 1608 2537 1649 meum
2565 1635 2580 1661 ,
2631 1601 2689 1648 et
2731 1606 2853 1663 quas
2902 1590 3207 1662 procedunt
3253 1588 3322 1646 de
3364 1588 3521 1644 labiis

1918 1688 2074 1752 meis,
2107 1702 2215 1743 non
2251 1687 2441 1742 faciam
2469 1685 2648 1742 irrita.

1991 1780 2170 1840 Semel
2212 1778 2392 1853 juravl
2436 1780 2492 1834 in
2533 1788 2729 1836 sancto
2768 1792 2925 1846 meo,
2971 1777 3016 1833 sl
3059 1776 3224 1833 David
3256 1776 3509 1846 mentiar,

1840 1875 1884 1935 Β
1914 1891 2101 1931 semen
2133 1873 2251 1946 ejus
2278 1873 2333 1929 in
2355 1881 2622 1930 mternum
2646 1871 2889 1929 manebit
2914 1888 2928 1926 :
2963 1880 3016 1926 et
3046 1869 3207 1927 sedes
3233 1870 3352 1942 ejus
3377 1871 3517 1927 sicut

1914 1970 1992 2024 sol
2019 1969 2072 2026 in
2097 1977 2390 2041 conspectu
2413 1981 2556 2038 meo,
2585 1976 2637 2024 et
2660 1965 2802 2023 sicut
2824 1965 2946 2021 luna
2972 1963 3208 2035 perfecta
3236 1963 3343 2038 [Ms
3367 1979 3518 2020 com-

1914 2062 2112 2136 posita]
2159 2064 2212 2119 in
2245 2071 2506 2120 aeternum
2532 2102 2547 2131 ,
2594 2069 2650 2118 et
2689 2059 2847 2118 testis
2891 2059 2946 2116 in
2976 2059 3118 2116 cmlo
3150 2057 3350 2116 ﬁdelis.
3387 2058 3515 2116 Dis-

1911 2170 2141 2213 PSALIIA.

1981 2250 2066 2307 Tu
2111 2261 2242 2305 vero
2280 2247 2571 2320 repulisti,
2616 2253 2673 2303 et
2715 2242 2744 2286 τι
2795 2244 3095 2318 sprevisti,
3147 2251 3205 2300 et
3251 2243 3513 2300 distulisti

1909 2341 2173 2399 cltristum
2217 2349 2366 2397 tuum
2402 2357 2417 2396 :
2464 2337 2712 2396 avertiin
2765 2346 3148 2395 testamentum
3192 2337 3338 2394 servi
3380 2336 3502 2403 tui,

1911 2436 2210 2511 profanasti
2240 2435 2298 2493 in
2332 2445 2478 2492 terra
2515 2433 2860 2490 sanctitatem
2889 2432 3031 2504 ejus.

1981 2599 2308 2658 Destruxisti
2348 2611 2540 2654 omnes
2583 2597 2847 2652 macerias
2887 2594 3040 2666 ejus:
3073 2591 3302 2666 posuisti
3331 2590 3510 2654 muni-

1910 2693 2090 2750 tiones
2119 2693 2238 2762 ejus
2265 2693 2317 2746 in
2347 2689 2474 2762 Ws.
2509 2698 2614 2744 tac.
2649 2686 2728 2759 in]
2759 2687 3130 2744 formidinem.

1981 2787 2337 2855 Diripuerunt
2359 2798 2481 2838 eum
2512 2795 2704 2838 omnes
2740 2789 3082 2836 transeuntes
3115 2777 3258 2833 viam
3294 2795 3306 2834 :
3339 2777 3512 2833 factus

1905 2887 1988 2936 est
2017 2879 2072 2933 in
2102 2877 2230 2951 [ινδ.
2265 2885 2368 2932 tae.
2401 2873 2479 2947 in]
2510 2873 2861 2946 opprobrium
2889 2871 3089 2928 vicinis
3109 2870 3244 2928 suis.

1979 2971 2243 3028 Exaltasti
2286 2969 2570 3026 dexteram
2612 2967 2963 3023 inimicorum
3011 2965 3172 3038 ejus:
3219 2963 3506 3020 Imtilicasti

1904 3078 2097 3121 omnes
2120 3062 2372 3118 inimicos
2401 3060 2541 3132 ejus.

1978 3153 2247 3212 Avertisti
2281 3152 2618 3224 adjutorium
2644 3151 2808 3224 gladii
2838 3149 2958 3222 ejus
2993 3167 3006 3206 :
3037 3158 3094 3207 et
3127 3165 3236 3208 non
3263 3163 3324 3207 es
3351 3148 3507 3206 auxi-

1829 3255 1876 3318 ρ
1909 3248 2071 3304 liatus
2096 3247 2148 3304 ei
2179 3247 2232 3302 in
2264 3245 2430 3302 bello.

1989 3340 2294 3398 Dissolvisli
2321 3355 2444 3397 eum
2473 3339 2542 3395 ab
2567 3339 2954 3396 emundatinne
2995 3357 3007 3394 :
3037 3348 3094 3396 et
3133 3337 3262 3412 [Με.
3297 3347 3400 3394 toc.
3433 3337 3507 3410 ct]

1913 3449 2098 3505 sepem
2127 3433 2247 3504 ejus
2275 3433 2328 3488 in
2355 3440 2502 3488 terra
2532 3431 2806 3487 collisisti.

1985 3524 2264 3580 Minorasti
2313 3523 2431 3579 dies
2481 3530 2782 3593 temporum
2830 3523 2950 3592 ejus
2983 3539 3007 3586 ,ε
3057 3521 3340 3594 perfodisti
3382 3536 3507 3578 eum

1912 3617 2254 3674 confusione.
2289 3616 2618 3672 DIAPSALHA.

1985 3708 2306 3779 Usquequo,
2336 3708 2599 3770 Domine.
2633 3707 2894 3763 irasceris
2923 3708 3068 3780 [Μδ.
3098 3707 3243 3764 Deus
3272 3705 3506 3778 avertis]

1911 3803 1966 3860 in
2000 3801 2199 3858 linem?
2228 3801 2549 3857 exardescet
2575 3801 2714 3856 sicut
2745 3801 2883 3871 ignis
2913 3800 2992 3855 ira
3017 3802 3142 3856 tua?

1990 3905 2013 3934 ο
2052 3894 2392 3960 Memorare,
2418 3893 2680 3962 Domine,
2717 3909 2839 3964 qua:
2875 3909 2994 3949 mea
3038 3901 3122 3949 est
3156 3892 3458 3948 substantia
3491 3909 3502 3946 :

1911 4004 2020 4046 non
2053 3987 2198 4044 enim
2236 4003 2374 4044 vane
2404 3988 2738 4043 constituisti
2773 3988 2914 4042 ﬁlius
2945 3988 3248 4042 numinum.

1980 4082 2114 4151 Quis
2143 4089 2228 4137 est
2257 4082 2420 4136 homo
2449 4080 2540 4151 qui
2570 4080 2740 4148 vivit,
2773 4089 2830 4136 ct
2857 4095 2964 4136 non
2992 4079 3200 4135 videbit
3230 4087 3458 4135 mortem
3486 4079 3510 4134 ?

1909 4187 2003 4234 aut
2031 4177 2155 4248 quis
2184 4184 2345 4232 eruet
2369 4176 2608 4231 animam
2640 4189 2798 4230 suam
2834 4172 2904 4230 de
2943 4188 3106 4228 manu
3139 4172 3300 4228 inferi
3323 4171 3346 4225 ‘l
3373 4172 3505 4226 Dta-

1909 4284 2142 4332 PSALHA.

1983 4363 2085 4420 Ubi
2106 4370 2232 4418 sunt
2253 4359 2650 4418 misericordia:
2674 4367 2784 4420 tua:
2799 4358 3056 4430 antiquis,
3082 4355 3344 4415 Domine:
3369 4357 3512 4422 sicut

1906 4456 2101 4527 jurasti
2131 4453 2301 4509 David
2335 4451 2390 4508 in
2420 4455 2652 4509 veritate
2680 4451 2812 4506 tua?

1980 4547 2192 4604 Memor
2246 4554 2366 4602 esto
2415 4544 2697 4616 opprobrii
2747 4557 3030 4600 servorum
3078 4552 3316 4612 tuorum,
3363 4543 3508 4616 quod

1909 4641 2150 4699 continui
2177 4640 2232 4696 in
2255 4641 2376 4696 sinu
2408 4655 2532 4696 meo
2563 4639 2862 4695 multarum
2891 4639 3158 4709 gentium.

271 4731 425 4799 Quod
451 4733 889 4805 exprobraverunt
918 4736 1115 4790 inimici
1145 4738 1243 4804 tui,
1273 4712 1512 4805 Domine,
1545 4737 1685 4812 quod
1707 4755 1800 4794 ex.
1830 4712 1884 4774 1³
1979 4734 2134 4805 Quod
2173 4734 2644 4805 exprobraverunt
2676 4732 2879 4788 inimici
2915 4733 2988 4787 tui
3008 4776 3022 4799 ,
3060 4732 3290 4788 Domine
3311 4774 3325 4800 ,
3359 4729 3505 4802 quod

204 4826 574 4894 probrauerunt
600 4832 1050 4886 commutationem
1075 4831 1256 4888 eltristi
1281 4833 1380 4888 tui.

267 4919 601 4991 Benedictus,
635 4922 913 4990 Dominus,
945 4923 999 4978 in
1017 4934 1269 4979 atternum
1297 4941 1314 4979 :
1338 4925 1450 4994 ﬁat,
1477 4925 1592 4994 ﬁat.
1643 4930 1648 4932 ’

269 5109 294 5136 ﬂ
327 5101 480 5155 Haud
521 5110 668 5157 recte
701 5101 980 5158 Palatinus
1010 5117 1116 5159 ms.
1140 5102 1353 5158 obelum
1390 5102 1533 5158 hunc
1571 5113 1794 5171 praetcr-

201 5171 398 5294 mit;it,
435 5182 493 5226 ut
521 5183 576 5226 et
605 5173 748 5243 quod
788 5173 1139 5243 subsequitur
1180 5175 1232 5228 in
1272 5177 1376 5231 line
1404 5191 1592 5232 versus
1614 5218 1628 5239 ,
1662 5175 1794 5232 Dia-

207 5259 294 5294 nsa
319 5261 427 5294 ma.

205 5259 402 5312 psatma
413 5282 427 5295 .

266 5313 576 5390 b_Rur_snm_
618 5315 758 5371 male
799 5325 922 5390 post
972 5315 1278 5390 Palatinum
1321 5334 1423 5374 ms.
1462 5318 1578 5390 ipse
1620 5319 1794 5374 Carus

207 5384 419 5440 obelnm
448 5385 538 5441 hic
569 5401 663 5454 pro
682 5384 943 5441 asterisco
969 5388 1218 5456 prmligit.

269 5467 289 5494 ε
331 5458 469 5511 Cum
500 5461 800 5524 Augustino
824 5459 1124 5514 Vernueus.
1153 5475 1280 5521 ms.,
1306 5471 1351 5514 et
1379 5461 1429 5514 in
1455 5461 1678 5529 ﬂagellis
1701 5463 1788 5513 tle-

201 5525 317 5581 licta
349 5545 548 5582 eorum.
596 5529 1008 5584 Misericordiatn
1039 5547 1151 5584 vero
1178 5549 1340 5584 meam
1371 5525 1472 5586 non
1500 5525 1795 5599 disperdat"

202 5599 463 5669 (August.
491 5601 815 5672 dispergam)
861 5601 924 5654 ab
955 5618 1042 5662 eo,
1078 5620 1242 5672 neque
1274 5604 1462 5656 nocebo
1502 5605 1554 5656 in
1585 5605 1798 5657 veritate

201 5686 339 5752 mea,
395 5679 455 5725 ut
504 5681 558 5726 et
608 5687 766 5737 mox,
806 5689 908 5726 non
954 5673 1270 5744 reprobabo,
1321 5689 1419 5744 pro
1460 5692 1562 5728 non
1606 5676 1796 5745 faciam

204 5754 369 5795 πηιη.

264 5810 385 5886 fidln
430 5812 776 5886 eodemrms.
820 5821 880 5886 ut
921 5822 977 5869 ct
1014 5829 1182 5886 penes
1217 5815 1598 5886 Augustinum,
1643 5824 1688 5870 et
1727 5817 1798 5871 ad

205 5882 422 5941 nihilum
462 5883 742 5955 reduxisti,
795 5882 1070 5956 distulisti,
1119 5882 1340 5946 Domine
1386 5887 1548 5963 [quod
1595 5905 1792 5949 nonteu

1909 4828 2380 4900 eXprobraverunt
2409 4826 2894 4883 commutationem
2933 4824 3122 4880 cbristi
3153 4825 3251 4880 tui.

1984 4923 2313 4982 Benedictus
2345 4922 2606 4979 Dominus
2634 4921 2689 4978 in
2719 4932 2986 4978 internum
3013 4937 3026 4974 :
3058 4919 3175 4987 fiat,
3206 4918 3321 4973 ﬁat.

1909 5104 2195 5175 Augustin.
2229 5101 2440 5175 tacet),
2492 5102 2741 5158 christum
2773 5112 2917 5157 tuum
2940 5144 2953 5165 ,
2989 5111 3092 5175 etc.
3117 5109 3218 5175 ,ret
3246 5100 3410 5156 tertio
3439 5099 3506 5175 ab

1910 5173 2014 5230 hoe
2037 5191 2222 5240 versu,
2248 5173 2574 5248 jocuntlasti,
2611 5191 2707 5248 pro
2736 5173 3032 5244 ltvti/ieasti,
3064 5181 3119 5226 et
3143 5174 3192 5225 in
3223 5173 3499 5248 sequenti,

1906 5249 2191 5318 apitutatus
2235 5243 2320 5314 es,
2367 5261 2468 5316 pro
2508 5243 3013 5318 auxiliatus,'ctc.;
3062 5253 3117 5297 et
3167 5254 3290 5314 post
3336 5243 3502 5298 alium

1904 5317 2145 5385 versum,
2176 5319 2411 5372 minuiin
2439 5319 2546 5372 dies
2577 5318 2715 5371 sedis
2742 5317 2872 5386 ejus,
2905 5324 3011 5370 etc.

1979 5402 2001 5427 ε
2046 5390 2210 5444 Iidem
2245 5390 2359 5457 pari
2387 5403 2657 5442 consensu
2683 5385 2828 5449 libri,
2862 5387 3118 5441 Memento
3140 5401 3255 5456 qua!
3281 5395 3358 5440 est
3386 5385 3506 5439 sub-

1901 5463 2094 5515 stantia
2133 5477 2286 5523 mea;
2331 5475 2433 5512 non
2473 5460 2608 5511 enim
2646 5475 2772 5511 vane
2802 5459 3112 5513 constituisti
3159 5473 3333 5511 omnes
3364 5458 3506 5526 ﬁlios

1901 5532 2189 5586 hominum.
2221 5531 2350 5598 Quis
2377 5540 2450 5584 est
2474 5531 2626 5583 Itonto
2651 5531 2738 5600 qui
2760 5530 2910 5595 τίνει,
2935 5539 2980 5584 et
3012 5547 3110 5582 non
3143 5529 3331 5582 ridebit
3363 5546 3505 5582 mor-

1901 5614 2003 5657 tem
2027 5620 2044 5657 :
2071 5613 2212 5657 eruet
2231 5602 2456 5654 animum
2484 5617 2629 5654 suam
2661 5601 2724 5654 de
2751 5617 2910 5673 manu
2940 5602 3130 5673 inferni
3157 5618 3169 5652 :
3199 5617 3352 5673 Aquas
3400 5603 3502 5668 ju—

1902 5677 2030 5728 rasti
2073 5673 2244 5727 David
2289 5673 2340 5724 in
2384 5674 2598 5727 veritate
2619 5683 2729 5726 tua.
2758 5671 3039 5736 Memento,
3061 5671 3294 5742 Domine,
3319 5686 3500 5742 oppre-

1901 5747 2029 5810 brii,
2079 5754 2216 5805 ctc.;
2267 5743 2501 5818 denique
2550 5743 2605 5806 in
2653 5746 2790 5814 line,
2843 5743 3141 5808 Benedictio
3190 5740 3400 5799 Domini
3447 5743 3502 5800 in

1900 5826 2173 5890 (utentum,
2209 5823 2316 5874 etc.
