  <div class='ocr_page' id='page_1' title='image "/cluster/home/n/w/nwhite01/storage/ocr_20150623/29/hvd.32044015471428/149.png"; bbox 0 0 4090 6338; ppageno 0'>
   <div class='ocr_carea' id='block_1_1' title="bbox 591 304 699 366">
    <p class='ocr_par' dir='ltr' id='par_1_1' title="bbox 591 304 699 366">
     <span class='ocr_line' id='line_1_1' title="bbox 591 304 699 366; baseline -0.028 0"><span class='ocrx_word' id='word_1_1' title='bbox 591 304 699 366; x_wconf 73' lang='grc'><strong>287</strong></span> 
     </span>
    </p>
   </div>
   <div class='ocr_carea' id='block_1_2' title="bbox 1605 261 2884 375">
    <p class='ocr_par' dir='ltr' id='par_1_2' title="bbox 1605 261 2884 375">
     <span class='ocr_line' id='line_1_2' title="bbox 1605 261 2884 375; baseline 0 -9"><span class='ocrx_word' id='word_1_2' title='bbox 1605 306 1665 366; x_wconf 90' lang='lat' dir='ltr'><strong><em>s.</em></strong></span> <span class='ocrx_word' id='word_1_3' title='bbox 1706 261 2096 365; x_wconf 73' lang='lat' dir='ltr'><strong><em>tttnnourm</em></strong></span> <span class='ocrx_word' id='word_1_4' title='bbox 2128 304 2362 365; x_wconf 68' lang='lat' dir='ltr'><strong><em>mvma</em></strong></span> <span class='ocrx_word' id='word_1_5' title='bbox 2400 304 2884 375; x_wconf 62' lang='lat' dir='ltr'><strong><em>nmmorneca.</em></strong></span> 
     </span>
    </p>
   </div>
   <div class='ocr_carea' id='block_1_3' title="bbox 1828 422 2600 488">
    <p class='ocr_par' dir='ltr' id='par_1_3' title="bbox 1828 422 2600 488">
     <span class='ocr_line' id='line_1_3' title="bbox 1828 422 2600 488; baseline -0.001 -2"><span class='ocrx_word' id='word_1_6' title='bbox 1828 422 2191 487; x_wconf 84' lang='lat' dir='ltr'><strong><em>PSALMUS</em></strong></span> <span class='ocrx_word' id='word_1_7' title='bbox 2230 422 2600 488; x_wconf 81' lang='lat' dir='ltr'><strong><em>LXXXIX.</em></strong></span> 
     </span>
    </p>
   </div>
   <div class='ocr_carea' id='block_1_4' title="bbox 989 536 1812 595">
    <p class='ocr_par' dir='ltr' id='par_1_4' title="bbox 989 536 1812 595">
     <span class='ocr_line' id='line_1_4' title="bbox 989 536 1812 595; baseline -0.005 -10"><span class='ocrx_word' id='word_1_8' title='bbox 989 542 1188 586; x_wconf 75' lang='lat' dir='ltr'><strong><em>ORATIO</em></strong></span> <span class='ocrx_word' id='word_1_9' title='bbox 1223 540 1404 595; x_wconf 74' lang='lat' dir='ltr'><strong><em>uorsn,</em></strong></span> <span class='ocrx_word' id='word_1_10' title='bbox 1442 536 1663 583; x_wconf 80' lang='lat' dir='ltr'><strong><em>noumts</em></strong></span> <span class='ocrx_word' id='word_1_11' title='bbox 1700 539 1812 581; x_wconf 81' lang='lat' dir='ltr'><strong><em>DEI.</em></strong></span> 
     </span>
    </p>
   </div>
   <div class='ocr_carea' id='block_1_5' title="bbox 665 616 2193 694">
    <p class='ocr_par' dir='ltr' id='par_1_5' title="bbox 665 616 2193 694">
     <span class='ocr_line' id='line_1_5' title="bbox 665 616 2193 694; baseline 0 -19"><span class='ocrx_word' id='word_1_12' title='bbox 665 618 910 689; x_wconf 77' lang='lat' dir='ltr'><strong><em>Domine,</em></strong></span> <span class='ocrx_word' id='word_1_13' title='bbox 941 622 1203 694; x_wconf 75' lang='lat' dir='ltr'><strong><em>refugium</em></strong></span> <span class='ocrx_word' id='word_1_14' title='bbox 1232 626 1299 692; x_wconf 54' lang='grc' dir='ltr'><strong><em>χ(</em></strong></span> <span class='ocrx_word' id='word_1_15' title='bbox 1328 630 1385 676; x_wconf 93' lang='lat' dir='ltr'><strong><em>tu</em></strong></span> <span class='ocrx_word' id='word_1_16' title='bbox 1416 619 1439 689; x_wconf 71' lang='grc' dir='ltr'>ζ</span> <span class='ocrx_word' id='word_1_17' title='bbox 1476 620 1646 689; x_wconf 85' lang='lat' dir='ltr'><strong><em>factus</em></strong></span> <span class='ocrx_word' id='word_1_18' title='bbox 1681 633 1735 674; x_wconf 91' lang='lat' dir='ltr'><strong><em>es</em></strong></span> <span class='ocrx_word' id='word_1_19' title='bbox 1767 616 1939 686; x_wconf 89' lang='lat' dir='ltr'><strong><em>nobis,</em></strong></span> <span class='ocrx_word' id='word_1_20' title='bbox 1971 633 2005 672; x_wconf 95' lang='lat' dir='ltr'><strong><em>a</em></strong></span> <span class='ocrx_word' id='word_1_21' title='bbox 2033 633 2193 693; x_wconf 83' lang='lat' dir='ltr'><strong><em>gene-</em></strong></span> 
     </span>
    </p>
   </div>
   <div class='ocr_carea' id='block_1_6' title="bbox 498 714 1305 786">
    <p class='ocr_par' dir='ltr' id='par_1_6' title="bbox 498 714 1305 786">
     <span class='ocr_line' id='line_1_6' title="bbox 498 714 1305 786; baseline 0.004 -20"><span class='ocrx_word' id='word_1_22' title='bbox 498 716 506 724; x_wconf 87' lang='grc'><strong>’</strong></span> <span class='ocrx_word' id='word_1_23' title='bbox 595 714 795 769; x_wconf 75' lang='lat' dir='ltr'><strong><em>ratione</em></strong></span> <span class='ocrx_word' id='word_1_24' title='bbox 826 714 879 769; x_wconf 89' lang='lat' dir='ltr'><strong><em>in</em></strong></span> <span class='ocrx_word' id='word_1_25' title='bbox 906 714 1305 786; x_wconf 75' lang='lat' dir='ltr'><strong><em>generationem.</em></strong></span> 
     </span>
    </p>
   </div>
   <div class='ocr_carea' id='block_1_7' title="bbox 668 806 2192 879">
    <p class='ocr_par' dir='ltr' id='par_1_7' title="bbox 668 806 2192 879">
     <span class='ocr_line' id='line_1_7' title="bbox 668 806 2192 879; baseline -0.003 -19"><span class='ocrx_word' id='word_1_26' title='bbox 668 806 983 879; x_wconf 80' lang='lat' dir='ltr'><strong><em>Priusquam</em></strong></span> <span class='ocrx_word' id='word_1_27' title='bbox 1010 815 1211 862; x_wconf 88' lang='lat' dir='ltr'><strong><em>ntontes</em></strong></span> <span class='ocrx_word' id='word_1_28' title='bbox 1237 807 1436 877; x_wconf 81' lang='lat' dir='ltr'><strong><em>fierent,</em></strong></span> <span class='ocrx_word' id='word_1_29' title='bbox 1460 813 1487 843; x_wconf 73' lang='grc'>⁸</span> <span class='ocrx_word' id='word_1_30' title='bbox 1514 814 1605 860; x_wconf 87' lang='lat' dir='ltr'><strong><em>aut</em></strong></span> <span class='ocrx_word' id='word_1_31' title='bbox 1635 809 1955 877; x_wconf 90' lang='lat' dir='ltr'><strong><em>formaretur</em></strong></span> <span class='ocrx_word' id='word_1_32' title='bbox 1976 812 2117 858; x_wconf 86' lang='lat' dir='ltr'><strong><em>terra</em></strong></span> <span class='ocrx_word' id='word_1_33' title='bbox 2143 810 2192 859; x_wconf 88' lang='lat' dir='ltr'><strong><em>et</em></strong></span> 
     </span>
    </p>
   </div>
   <div class='ocr_carea' id='block_1_8' title="bbox 596 897 2084 972">
    <p class='ocr_par' dir='ltr' id='par_1_8' title="bbox 596 897 2084 972">
     <span class='ocr_line' id='line_1_8' title="bbox 596 897 2084 972; baseline -0.002 -16"><span class='ocrx_word' id='word_1_34' title='bbox 596 900 735 956; x_wconf 91' lang='lat' dir='ltr'><strong><em>orbis</em></strong></span> <span class='ocrx_word' id='word_1_35' title='bbox 759 915 779 955; x_wconf 91' lang='lat'><strong><em>:</em></strong></span> <span class='ocrx_word' id='word_1_36' title='bbox 803 917 834 955; x_wconf 92' lang='lat' dir='ltr'><strong><em>a</em></strong></span> <span class='ocrx_word' id='word_1_37' title='bbox 862 899 1077 967; x_wconf 81' lang='lat' dir='ltr'><strong><em>steculo,</em></strong></span> <span class='ocrx_word' id='word_1_38' title='bbox 1108 909 1156 956; x_wconf 93' lang='lat' dir='ltr'><strong><em>et</em></strong></span> <span class='ocrx_word' id='word_1_39' title='bbox 1177 916 1340 972; x_wconf 89' lang='lat' dir='ltr'><strong><em>usque</em></strong></span> <span class='ocrx_word' id='word_1_40' title='bbox 1366 900 1422 955; x_wconf 89' lang='lat' dir='ltr'><strong><em>in</em></strong></span> <span class='ocrx_word' id='word_1_41' title='bbox 1443 899 1693 955; x_wconf 75' lang='lat' dir='ltr'><strong><em>steculum</em></strong></span> <span class='ocrx_word' id='word_1_42' title='bbox 1723 908 1780 953; x_wconf 93' lang='lat' dir='ltr'><strong><em>tu</em></strong></span> <span class='ocrx_word' id='word_1_43' title='bbox 1811 914 1887 966; x_wconf 86' lang='lat' dir='ltr'><strong><em>es,</em></strong></span> <span class='ocrx_word' id='word_1_44' title='bbox 1922 897 2084 954; x_wconf 91' lang='lat' dir='ltr'><strong><em>Deus.</em></strong></span> 
     </span>
    </p>
   </div>
   <div class='ocr_carea' id='block_1_9' title="bbox 668 989 2192 1061">
    <p class='ocr_par' dir='ltr' id='par_1_9' title="bbox 668 989 2192 1061">
     <span class='ocr_line' id='line_1_9' title="bbox 668 989 2192 1061; baseline -0.003 -12"><span class='ocrx_word' id='word_1_45' title='bbox 668 1007 731 1049; x_wconf 58' lang='grc' dir='ltr'><strong><em>σει</em></strong></span> <span class='ocrx_word' id='word_1_46' title='bbox 767 991 850 1049; x_wconf 88' lang='lat' dir='ltr'><strong><em>Ne</em></strong></span> <span class='ocrx_word' id='word_1_47' title='bbox 879 991 901 1061; x_wconf 71' lang='grc' dir='ltr'>ζ</span> <span class='ocrx_word' id='word_1_48' title='bbox 935 999 1131 1048; x_wconf 78' lang='lat' dir='ltr'><strong><em>avertas</em></strong></span> <span class='ocrx_word' id='word_1_49' title='bbox 1161 992 1420 1047; x_wconf 79' lang='lat' dir='ltr'><strong><em>hominem</em></strong></span> <span class='ocrx_word' id='word_1_50' title='bbox 1451 992 1507 1046; x_wconf 90' lang='lat' dir='ltr'><strong><em>in</em></strong></span> <span class='ocrx_word' id='word_1_51' title='bbox 1533 990 1878 1046; x_wconf 71' lang='lat' dir='ltr'><strong><em>humilitatem</em></strong></span> <span class='ocrx_word' id='word_1_52' title='bbox 1907 1004 1927 1044; x_wconf 90' lang='lat'><strong><em>:</em></strong></span> <span class='ocrx_word' id='word_1_53' title='bbox 1977 1000 2026 1045; x_wconf 89' lang='lat' dir='ltr'><strong><em>et</em></strong></span> <span class='ocrx_word' id='word_1_54' title='bbox 2050 989 2192 1045; x_wconf 70' lang='lat' dir='ltr'><strong><em>dixi-</em></strong></span> 
     </span>
    </p>
   </div>
   <div class='ocr_carea' id='block_1_10' title="bbox 593 1078 1724 1157">
    <p class='ocr_par' dir='ltr' id='par_1_10' title="bbox 593 1078 1724 1157">
     <span class='ocr_line' id='line_1_10' title="bbox 593 1078 1724 1157; baseline -0.004 -15"><span class='ocrx_word' id='word_1_55' title='bbox 593 1086 682 1155; x_wconf 88' lang='lat' dir='ltr'><strong><em>sti,</em></strong></span> <span class='ocrx_word' id='word_1_56' title='bbox 705 1086 1098 1156; x_wconf 80' lang='lat' dir='ltr'><strong><em>Convertimini,</em></strong></span> <span class='ocrx_word' id='word_1_57' title='bbox 1131 1087 1232 1157; x_wconf 86' lang='lat' dir='ltr'><strong><em>ﬁlii</em></strong></span> <span class='ocrx_word' id='word_1_58' title='bbox 1250 1085 1541 1141; x_wconf 78' lang='lat' dir='ltr'><strong><em>hominum.</em></strong></span> <span class='ocrx_word' id='word_1_59' title='bbox 1721 1078 1724 1082; x_wconf 75' lang='grc'><strong>’</strong></span> 
     </span>
    </p>
   </div>
   <div class='ocr_carea' id='block_1_11' title="bbox 670 1174 2192 1247">
    <p class='ocr_par' dir='ltr' id='par_1_11' title="bbox 670 1174 2192 1247">
     <span class='ocr_line' id='line_1_11' title="bbox 670 1174 2192 1247; baseline -0.001 -13"><span class='ocrx_word' id='word_1_60' title='bbox 670 1178 933 1245; x_wconf 83' lang='lat' dir='ltr'><strong><em>Quoniam</em></strong></span> <span class='ocrx_word' id='word_1_61' title='bbox 953 1177 1098 1234; x_wconf 89' lang='lat' dir='ltr'><strong><em>mille</em></strong></span> <span class='ocrx_word' id='word_1_62' title='bbox 1117 1178 1247 1233; x_wconf 90' lang='lat' dir='ltr'><strong><em>anni</em></strong></span> <span class='ocrx_word' id='word_1_63' title='bbox 1269 1185 1389 1233; x_wconf 86' lang='lat' dir='ltr'><strong><em>ante</em></strong></span> <span class='ocrx_word' id='word_1_64' title='bbox 1421 1174 1601 1233; x_wconf 88' lang='lat' dir='ltr'><strong><em>oculos</em></strong></span> <span class='ocrx_word' id='word_1_65' title='bbox 1630 1185 1769 1245; x_wconf 91' lang='lat' dir='ltr'><strong><em>tuos,</em></strong></span> <span class='ocrx_word' id='word_1_66' title='bbox 1798 1185 2061 1247; x_wconf 85' lang='lat' dir='ltr'><strong><em>tamquam</em></strong></span> <span class='ocrx_word' id='word_1_67' title='bbox 2082 1176 2192 1233; x_wconf 92' lang='lat' dir='ltr'><strong><em>dies</em></strong></span> 
     </span>
    </p>
   </div>
   <div class='ocr_carea' id='block_1_12' title="bbox 593 1271 1297 1343">
    <p class='ocr_par' dir='ltr' id='par_1_12' title="bbox 593 1271 1297 1343">
     <span class='ocr_line' id='line_1_12' title="bbox 593 1271 1297 1343; baseline -0.003 -17"><span class='ocrx_word' id='word_1_68' title='bbox 593 1271 851 1339; x_wconf 89' lang='lat' dir='ltr'><strong><em>hesterna,</em></strong></span> <span class='ocrx_word' id='word_1_69' title='bbox 881 1287 998 1343; x_wconf 77' lang='lat' dir='ltr'><strong><em>qua:</em></strong></span> <span class='ocrx_word' id='word_1_70' title='bbox 1025 1271 1297 1343; x_wconf 61' lang='lat' dir='ltr'><strong><em>praeteriit.</em></strong></span> 
     </span>
    </p>
   </div>
   <div class='ocr_carea' id='block_1_13' title="bbox 666 1361 2189 1435">
    <p class='ocr_par' dir='ltr' id='par_1_13' title="bbox 666 1361 2189 1435">
     <span class='ocr_line' id='line_1_13' title="bbox 666 1361 2189 1435; baseline -0.001 -16"><span class='ocrx_word' id='word_1_71' title='bbox 666 1363 738 1420; x_wconf 89' lang='lat' dir='ltr'><strong><em>Et</em></strong></span> <span class='ocrx_word' id='word_1_72' title='bbox 766 1364 1006 1421; x_wconf 86' lang='lat' dir='ltr'><strong><em>custodia</em></strong></span> <span class='ocrx_word' id='word_1_73' title='bbox 1025 1364 1082 1419; x_wconf 87' lang='lat' dir='ltr'><strong><em>in</em></strong></span> <span class='ocrx_word' id='word_1_74' title='bbox 1106 1370 1256 1419; x_wconf 91' lang='lat' dir='ltr'><strong><em>nocte</em></strong></span> <span class='ocrx_word' id='word_1_75' title='bbox 1287 1378 1307 1417; x_wconf 93' lang='lat'><strong><em>:</em></strong></span> <span class='ocrx_word' id='word_1_76' title='bbox 1334 1378 1450 1433; x_wconf 79' lang='lat' dir='ltr'><strong><em>qua:</em></strong></span> <span class='ocrx_word' id='word_1_77' title='bbox 1472 1379 1572 1435; x_wconf 89' lang='lat' dir='ltr'><strong><em>pro</em></strong></span> <span class='ocrx_word' id='word_1_78' title='bbox 1599 1361 1765 1418; x_wconf 89' lang='lat' dir='ltr'><strong><em>nihilo</em></strong></span> <span class='ocrx_word' id='word_1_79' title='bbox 1796 1362 2072 1433; x_wconf 85' lang='lat' dir='ltr'><strong><em>habentur,</em></strong></span> <span class='ocrx_word' id='word_1_80' title='bbox 2101 1377 2189 1417; x_wconf 82' lang='lat' dir='ltr'><strong><em>co-</em></strong></span> 
     </span>
    </p>
   </div>
   <div class='ocr_carea' id='block_1_14' title="bbox 594 1459 1066 1514">
    <p class='ocr_par' dir='ltr' id='par_1_14' title="bbox 594 1459 1066 1514">
     <span class='ocr_line' id='line_1_14' title="bbox 594 1459 1066 1514; baseline 0 -1"><span class='ocrx_word' id='word_1_81' title='bbox 594 1474 710 1514; x_wconf 87' lang='lat' dir='ltr'><strong><em>rum</em></strong></span> <span class='ocrx_word' id='word_1_82' title='bbox 738 1459 865 1514; x_wconf 87' lang='lat' dir='ltr'><strong><em>anni</em></strong></span> <span class='ocrx_word' id='word_1_83' title='bbox 893 1465 1066 1513; x_wconf 87' lang='lat' dir='ltr'><strong><em>erunt.</em></strong></span> 
     </span>
    </p>
   </div>
   <div class='ocr_carea' id='block_1_15' title="bbox 667 1548 2191 1619">
    <p class='ocr_par' dir='ltr' id='par_1_15' title="bbox 667 1548 2191 1619">
     <span class='ocr_line' id='line_1_15' title="bbox 667 1548 2191 1619; baseline -0.002 -14"><span class='ocrx_word' id='word_1_84' title='bbox 667 1549 826 1605; x_wconf 76' lang='lat' dir='ltr'><strong><em>Mane</em></strong></span> <span class='ocrx_word' id='word_1_85' title='bbox 852 1550 984 1604; x_wconf 89' lang='lat' dir='ltr'><strong><em>sicut</em></strong></span> <span class='ocrx_word' id='word_1_86' title='bbox 1024 1548 1181 1603; x_wconf 88' lang='lat' dir='ltr'><strong><em>herba</em></strong></span> <span class='ocrx_word' id='word_1_87' title='bbox 1221 1554 1469 1616; x_wconf 89' lang='lat' dir='ltr'><strong><em>transeat,</em></strong></span> <span class='ocrx_word' id='word_1_88' title='bbox 1518 1563 1668 1602; x_wconf 87' lang='lat' dir='ltr'><strong><em>mane</em></strong></span> <span class='ocrx_word' id='word_1_89' title='bbox 1692 1549 1900 1619; x_wconf 81' lang='lat' dir='ltr'><strong><em>floreat,</em></strong></span> <span class='ocrx_word' id='word_1_90' title='bbox 1937 1555 1986 1601; x_wconf 90' lang='lat' dir='ltr'><strong><em>et</em></strong></span> <span class='ocrx_word' id='word_1_91' title='bbox 2016 1552 2191 1602; x_wconf 85' lang='lat' dir='ltr'><strong><em>trans-</em></strong></span> 
     </span>
    </p>
   </div>
   <div class='ocr_carea' id='block_1_16' title="bbox 593 1639 1791 1713">
    <p class='ocr_par' dir='ltr' id='par_1_16' title="bbox 593 1639 1791 1713">
     <span class='ocr_line' id='line_1_16' title="bbox 593 1639 1791 1713; baseline 0 -17"><span class='ocrx_word' id='word_1_92' title='bbox 593 1650 675 1697; x_wconf 89' lang='lat' dir='ltr'><strong><em>eat</em></strong></span> <span class='ocrx_word' id='word_1_93' title='bbox 696 1657 716 1697; x_wconf 88' lang='lat'><strong><em>:</em></strong></span> <span class='ocrx_word' id='word_1_94' title='bbox 741 1658 946 1713; x_wconf 77' lang='lat' dir='ltr'><strong><em>vespere</em></strong></span> <span class='ocrx_word' id='word_1_95' title='bbox 972 1639 1198 1710; x_wconf 81' lang='lat' dir='ltr'><strong><em>decidat,</em></strong></span> <span class='ocrx_word' id='word_1_96' title='bbox 1229 1641 1460 1711; x_wconf 88' lang='lat' dir='ltr'><strong><em>induret,</em></strong></span> <span class='ocrx_word' id='word_1_97' title='bbox 1495 1651 1543 1698; x_wconf 91' lang='lat' dir='ltr'><strong><em>et</em></strong></span> <span class='ocrx_word' id='word_1_98' title='bbox 1568 1649 1791 1696; x_wconf 77' lang='lat' dir='ltr'><strong><em>arescat.</em></strong></span> 
     </span>
    </p>
   </div>
   <div class='ocr_carea' id='block_1_17' title="bbox 667 1730 2190 1808">
    <p class='ocr_par' dir='ltr' id='par_1_17' title="bbox 667 1730 2190 1808">
     <span class='ocr_line' id='line_1_17' title="bbox 667 1730 2190 1808; baseline -0.002 -18"><span class='ocrx_word' id='word_1_99' title='bbox 667 1736 803 1804; x_wconf 83' lang='lat' dir='ltr'><strong><em>Quia</em></strong></span> <span class='ocrx_word' id='word_1_100' title='bbox 829 1735 1112 1808; x_wconf 73' lang='lat' dir='ltr'><strong><em>defecimus</em></strong></span> <span class='ocrx_word' id='word_1_101' title='bbox 1137 1735 1193 1791; x_wconf 92' lang='lat' dir='ltr'><strong><em>in</em></strong></span> <span class='ocrx_word' id='word_1_102' title='bbox 1219 1735 1303 1791; x_wconf 90' lang='lat' dir='ltr'><strong><em>ira</em></strong></span> <span class='ocrx_word' id='word_1_103' title='bbox 1325 1743 1454 1792; x_wconf 89' lang='lat' dir='ltr'><strong><em>tua:</em></strong></span> <span class='ocrx_word' id='word_1_104' title='bbox 1482 1745 1531 1790; x_wconf 91' lang='lat' dir='ltr'><strong><em>et</em></strong></span> <span class='ocrx_word' id='word_1_105' title='bbox 1575 1734 1629 1790; x_wconf 89' lang='lat' dir='ltr'><strong><em>in</em></strong></span> <span class='ocrx_word' id='word_1_106' title='bbox 1666 1734 1842 1806; x_wconf 88' lang='lat' dir='ltr'><strong><em>furore</em></strong></span> <span class='ocrx_word' id='word_1_107' title='bbox 1868 1739 1962 1788; x_wconf 89' lang='lat' dir='ltr'><strong><em>tuo</em></strong></span> <span class='ocrx_word' id='word_1_108' title='bbox 2000 1730 2190 1787; x_wconf 90' lang='lat' dir='ltr'><strong><em>turbati</em></strong></span> 
     </span>
    </p>
   </div>
   <div class='ocr_carea' id='block_1_18' title="bbox 591 1844 792 1884">
    <p class='ocr_par' dir='ltr' id='par_1_18' title="bbox 591 1844 792 1884">
     <span class='ocr_line' id='line_1_18' title="bbox 591 1844 792 1884; baseline 0.005 -2"><span class='ocrx_word' id='word_1_109' title='bbox 591 1844 792 1884; x_wconf 88' lang='lat' dir='ltr'><strong><em>sumus.</em></strong></span> 
     </span>
    </p>
   </div>
   <div class='ocr_carea' id='block_1_19' title="bbox 2223 528 2280 588">
    <p class='ocr_par' dir='ltr' id='par_1_19' title="bbox 2223 528 2280 588">
     <span class='ocr_line' id='line_1_19' title="bbox 2223 528 2280 588; baseline 0 0"><span class='ocrx_word' id='word_1_110' title='bbox 2223 528 2280 588; x_wconf 78' lang='grc' dir='ltr'><strong>Α</strong></span> 
     </span>
    </p>
   </div>
   <div class='ocr_carea' id='block_1_20' title="bbox 2648 540 3514 596">
    <p class='ocr_par' dir='ltr' id='par_1_20' title="bbox 2648 540 3514 596">
     <span class='ocr_line' id='line_1_20' title="bbox 2648 540 3514 596; baseline 0.002 -14"><span class='ocrx_word' id='word_1_111' title='bbox 2648 556 2652 562; x_wconf 93' lang='grc'><strong>-</strong></span> <span class='ocrx_word' id='word_1_112' title='bbox 2686 540 2885 583; x_wconf 76' lang='lat' dir='ltr'><strong><em>ORATIO</em></strong></span> <span class='ocrx_word' id='word_1_113' title='bbox 2922 541 3108 596; x_wconf 75' lang='lat' dir='ltr'><strong><em>IttYSI,</em></strong></span> <span class='ocrx_word' id='word_1_114' title='bbox 3149 542 3365 586; x_wconf 81' lang='lat' dir='ltr'><strong><em>noutms</em></strong></span> <span class='ocrx_word' id='word_1_115' title='bbox 3403 544 3514 587; x_wconf 78' lang='lat' dir='ltr'><strong><em>DEI.</em></strong></span> 
     </span>
    </p>
   </div>
   <div class='ocr_carea' id='block_1_21' title="bbox 2373 617 3906 694">
    <p class='ocr_par' dir='ltr' id='par_1_21' title="bbox 2373 617 3906 694">
     <span class='ocr_line' id='line_1_21' title="bbox 2373 617 3906 694; baseline 0.003 -20"><span class='ocrx_word' id='word_1_116' title='bbox 2373 617 2625 688; x_wconf 82' lang='lat' dir='ltr'><strong><em>Domine,</em></strong></span> <span class='ocrx_word' id='word_1_117' title='bbox 2650 619 2918 694; x_wconf 73' lang='lat' dir='ltr'><strong><em>refugium</em></strong></span> <span class='ocrx_word' id='word_1_118' title='bbox 2938 620 3119 679; x_wconf 78' lang='lat' dir='ltr'><strong><em>iactus</em></strong></span> <span class='ocrx_word' id='word_1_119' title='bbox 3145 636 3207 678; x_wconf 90' lang='lat' dir='ltr'><strong><em>es</em></strong></span> <span class='ocrx_word' id='word_1_120' title='bbox 3230 621 3416 689; x_wconf 87' lang='lat' dir='ltr'><strong><em>nobis,</em></strong></span> <span class='ocrx_word' id='word_1_121' title='bbox 3447 631 3469 660; x_wconf 74' lang='grc' dir='ltr'><strong>ο</strong></span> <span class='ocrx_word' id='word_1_122' title='bbox 3494 637 3525 678; x_wconf 90' lang='lat' dir='ltr'><strong><em>a</em></strong></span> <span class='ocrx_word' id='word_1_123' title='bbox 3546 620 3906 693; x_wconf 75' lang='lat' dir='ltr'><strong><em>generatione</em></strong></span> 
     </span>
    </p>
   </div>
   <div class='ocr_carea' id='block_1_22' title="bbox 2300 713 2669 783">
    <p class='ocr_par' dir='ltr' id='par_1_22' title="bbox 2300 713 2669 783">
     <span class='ocr_line' id='line_1_22' title="bbox 2300 713 2669 783; baseline 0.008 -16"><span class='ocrx_word' id='word_1_124' title='bbox 2300 718 2358 767; x_wconf 80' lang='lat' dir='ltr'><strong><em>et</em></strong></span> <span class='ocrx_word' id='word_1_125' title='bbox 2385 713 2669 783; x_wconf 84' lang='lat' dir='ltr'><strong><em>progenie.</em></strong></span> 
     </span>
    </p>
   </div>
   <div class='ocr_carea' id='block_1_23' title="bbox 2368 805 3905 878">
    <p class='ocr_par' dir='ltr' id='par_1_23' title="bbox 2368 805 3905 878">
     <span class='ocr_line' id='line_1_23' title="bbox 2368 805 3905 878; baseline 0.003 -17"><span class='ocrx_word' id='word_1_126' title='bbox 2368 805 2695 878; x_wconf 83' lang='lat' dir='ltr'><strong><em>Priusquam</em></strong></span> <span class='ocrx_word' id='word_1_127' title='bbox 2733 806 2928 864; x_wconf 81' lang='lat' dir='ltr'><strong><em>tierent</em></strong></span> <span class='ocrx_word' id='word_1_128' title='bbox 2963 816 3205 873; x_wconf 87' lang='lat' dir='ltr'><strong><em>montes,</em></strong></span> <span class='ocrx_word' id='word_1_129' title='bbox 3248 816 3345 864; x_wconf 86' lang='lat' dir='ltr'><strong><em>aut</em></strong></span> <span class='ocrx_word' id='word_1_130' title='bbox 3396 807 3727 865; x_wconf 83' lang='lat' dir='ltr'><strong><em>formaretur</em></strong></span> <span class='ocrx_word' id='word_1_131' title='bbox 3748 807 3905 865; x_wconf 81' lang='lat' dir='ltr'><strong><em>orbis</em></strong></span> 
     </span>
    </p>
   </div>
   <div class='ocr_carea' id='block_1_24' title="bbox 2298 899 3901 972">
    <p class='ocr_par' dir='ltr' id='par_1_24' title="bbox 2298 899 3901 972">
     <span class='ocr_line' id='line_1_24' title="bbox 2298 899 3901 972; baseline 0.002 -20"><span class='ocrx_word' id='word_1_132' title='bbox 2298 904 2459 955; x_wconf 66' lang='lat' dir='ltr'><strong><em>terrae</em></strong></span> <span class='ocrx_word' id='word_1_133' title='bbox 2488 916 2500 951; x_wconf 92' lang='lat'>:</span> <span class='ocrx_word' id='word_1_134' title='bbox 2531 913 2563 954; x_wconf 85' lang='lat' dir='ltr'><strong><em>a</em></strong></span> <span class='ocrx_word' id='word_1_135' title='bbox 2600 899 2801 956; x_wconf 71' lang='lat' dir='ltr'><strong><em>sarculo</em></strong></span> <span class='ocrx_word' id='word_1_136' title='bbox 2840 911 2897 956; x_wconf 90' lang='lat' dir='ltr'><strong><em>et</em></strong></span> <span class='ocrx_word' id='word_1_137' title='bbox 2927 916 3098 972; x_wconf 87' lang='lat' dir='ltr'><strong><em>usque</em></strong></span> <span class='ocrx_word' id='word_1_138' title='bbox 3134 900 3188 956; x_wconf 91' lang='lat' dir='ltr'><strong><em>in</em></strong></span> <span class='ocrx_word' id='word_1_139' title='bbox 3212 901 3474 959; x_wconf 72' lang='lat' dir='ltr'><strong><em>smcnlum</em></strong></span> <span class='ocrx_word' id='word_1_140' title='bbox 3505 911 3562 957; x_wconf 89' lang='lat' dir='ltr'><strong><em>tu</em></strong></span> <span class='ocrx_word' id='word_1_141' title='bbox 3591 916 3653 959; x_wconf 90' lang='lat' dir='ltr'><strong><em>es</em></strong></span> <span class='ocrx_word' id='word_1_142' title='bbox 3672 942 3691 972; x_wconf 92' lang='lat'><strong><em>,</em></strong></span> <span class='ocrx_word' id='word_1_143' title='bbox 3725 901 3901 958; x_wconf 80' lang='lat' dir='ltr'><strong><em>Deus.</em></strong></span> 
     </span>
    </p>
   </div>
   <div class='ocr_carea' id='block_1_25' title="bbox 2367 989 3904 1053">
    <p class='ocr_par' dir='ltr' id='par_1_25' title="bbox 2367 989 3904 1053">
     <span class='ocr_line' id='line_1_25' title="bbox 2367 989 3904 1053; baseline 0.004 -6"><span class='ocrx_word' id='word_1_144' title='bbox 2367 989 2447 1048; x_wconf 85' lang='lat' dir='ltr'><strong><em>Ne</em></strong></span> <span class='ocrx_word' id='word_1_145' title='bbox 2489 1001 2704 1049; x_wconf 80' lang='lat' dir='ltr'><strong><em>avertas</em></strong></span> <span class='ocrx_word' id='word_1_146' title='bbox 2748 992 3025 1050; x_wconf 85' lang='lat' dir='ltr'><strong><em>hominem</em></strong></span> <span class='ocrx_word' id='word_1_147' title='bbox 3067 993 3125 1049; x_wconf 89' lang='lat' dir='ltr'><strong><em>in</em></strong></span> <span class='ocrx_word' id='word_1_148' title='bbox 3167 992 3530 1050; x_wconf 80' lang='lat' dir='ltr'><strong><em>humilitatem</em></strong></span> <span class='ocrx_word' id='word_1_149' title='bbox 3569 1005 3679 1052; x_wconf 90' lang='lat' dir='ltr'><strong><em>:et</em></strong></span> <span class='ocrx_word' id='word_1_150' title='bbox 3710 995 3904 1053; x_wconf 78' lang='lat' dir='ltr'><strong><em>dixisti</em></strong></span> 
     </span>
    </p>
   </div>
   <div class='ocr_carea' id='block_1_26' title="bbox 2295 1082 3565 1156">
    <p class='ocr_par' dir='ltr' id='par_1_26' title="bbox 2295 1082 3565 1156">
     <span class='ocr_line' id='line_1_26' title="bbox 2295 1082 3565 1156; baseline 0.005 -20"><span class='ocrx_word' id='word_1_151' title='bbox 2295 1082 2421 1156; x_wconf 79' lang='lat' dir='ltr'><strong><em>[Ms.</em></strong></span> <span class='ocrx_word' id='word_1_152' title='bbox 2457 1082 2653 1155; x_wconf 77' lang='lat' dir='ltr'><strong><em>dicas],</em></strong></span> <span class='ocrx_word' id='word_1_153' title='bbox 2678 1084 3100 1153; x_wconf 86' lang='lat' dir='ltr'><strong><em>Convertimini,</em></strong></span> <span class='ocrx_word' id='word_1_154' title='bbox 3131 1084 3228 1140; x_wconf 83' lang='lat' dir='ltr'><strong><em>lilii</em></strong></span> <span class='ocrx_word' id='word_1_155' title='bbox 3260 1085 3565 1142; x_wconf 73' lang='lat' dir='ltr'><strong><em>hominum.</em></strong></span> 
     </span>
    </p>
   </div>
   <div class='ocr_carea' id='block_1_27' title="bbox 2366 1176 3906 1248">
    <p class='ocr_par' dir='ltr' id='par_1_27' title="bbox 2366 1176 3906 1248">
     <span class='ocr_line' id='line_1_27' title="bbox 2366 1176 3906 1248; baseline 0.004 -16"><span class='ocrx_word' id='word_1_156' title='bbox 2366 1176 2637 1245; x_wconf 84' lang='lat' dir='ltr'><strong><em>Quoniam</em></strong></span> <span class='ocrx_word' id='word_1_157' title='bbox 2668 1177 2820 1234; x_wconf 87' lang='lat' dir='ltr'><strong><em>mille</em></strong></span> <span class='ocrx_word' id='word_1_158' title='bbox 2861 1177 2993 1234; x_wconf 87' lang='lat' dir='ltr'><strong><em>anni</em></strong></span> <span class='ocrx_word' id='word_1_159' title='bbox 3031 1187 3161 1235; x_wconf 84' lang='lat' dir='ltr'><strong><em>ante</em></strong></span> <span class='ocrx_word' id='word_1_160' title='bbox 3187 1179 3378 1235; x_wconf 81' lang='lat' dir='ltr'><strong><em>oculos</em></strong></span> <span class='ocrx_word' id='word_1_161' title='bbox 3408 1187 3564 1248; x_wconf 89' lang='lat' dir='ltr'><strong><em>tuos,</em></strong></span> <span class='ocrx_word' id='word_1_162' title='bbox 3602 1180 3749 1237; x_wconf 86' lang='lat' dir='ltr'><strong><em>sicut</em></strong></span> <span class='ocrx_word' id='word_1_163' title='bbox 3782 1179 3906 1239; x_wconf 81' lang='lat' dir='ltr'><strong><em>dies</em></strong></span> 
     </span>
    </p>
   </div>
   <div class='ocr_carea' id='block_1_28' title="bbox 2296 1269 3675 1346">
    <p class='ocr_par' dir='ltr' id='par_1_28' title="bbox 2296 1269 3675 1346">
     <span class='ocr_line' id='line_1_28' title="bbox 2296 1269 3675 1346; baseline 0.004 -21"><span class='ocrx_word' id='word_1_164' title='bbox 2296 1269 2576 1339; x_wconf 82' lang='lat' dir='ltr'><strong><em>hesterna,</em></strong></span> <span class='ocrx_word' id='word_1_165' title='bbox 2603 1285 2724 1341; x_wconf 71' lang='lat' dir='ltr'><strong><em>quae</em></strong></span> <span class='ocrx_word' id='word_1_166' title='bbox 2755 1269 2883 1343; x_wconf 75' lang='lat' dir='ltr'><strong><em>[Ms.</em></strong></span> <span class='ocrx_word' id='word_1_167' title='bbox 2912 1269 3207 1328; x_wconf 79' lang='lat' dir='ltr'><strong><em>hesternas</em></strong></span> <span class='ocrx_word' id='word_1_168' title='bbox 3235 1271 3354 1346; x_wconf 88' lang='lat' dir='ltr'><strong><em>qui]</em></strong></span> <span class='ocrx_word' id='word_1_169' title='bbox 3388 1273 3675 1344; x_wconf 64' lang='lat' dir='ltr'><strong><em>praeteriit.</em></strong></span> 
     </span>
    </p>
   </div>
   <div class='ocr_carea' id='block_1_29' title="bbox 2366 1362 3902 1438">
    <p class='ocr_par' dir='ltr' id='par_1_29' title="bbox 2366 1362 3902 1438">
     <span class='ocr_line' id='line_1_29' title="bbox 2366 1362 3902 1438; baseline 0.003 -19"><span class='ocrx_word' id='word_1_170' title='bbox 2366 1363 2436 1419; x_wconf 84' lang='lat' dir='ltr'><strong><em>Et</em></strong></span> <span class='ocrx_word' id='word_1_171' title='bbox 2458 1362 2615 1434; x_wconf 69' lang='lat' dir='ltr'><strong><em>jsicut</em></strong></span> <span class='ocrx_word' id='word_1_172' title='bbox 2646 1362 2669 1404; x_wconf 71' lang='grc' dir='ltr'>ί</span> <span class='ocrx_word' id='word_1_173' title='bbox 2694 1364 2943 1422; x_wconf 88' lang='lat' dir='ltr'><strong><em>custodia</em></strong></span> <span class='ocrx_word' id='word_1_174' title='bbox 2975 1365 3032 1421; x_wconf 91' lang='lat' dir='ltr'><strong><em>in</em></strong></span> <span class='ocrx_word' id='word_1_175' title='bbox 3060 1374 3260 1422; x_wconf 90' lang='lat' dir='ltr'><strong><em>nocte:</em></strong></span> <span class='ocrx_word' id='word_1_176' title='bbox 3294 1381 3420 1437; x_wconf 81' lang='lat' dir='ltr'><strong><em>quae</em></strong></span> <span class='ocrx_word' id='word_1_177' title='bbox 3450 1381 3553 1438; x_wconf 86' lang='lat' dir='ltr'><strong><em>pro</em></strong></span> <span class='ocrx_word' id='word_1_178' title='bbox 3588 1365 3768 1425; x_wconf 79' lang='lat' dir='ltr'><strong><em>nihilo</em></strong></span> <span class='ocrx_word' id='word_1_179' title='bbox 3796 1366 3902 1424; x_wconf 82' lang='lat' dir='ltr'><strong><em>ba-</em></strong></span> 
     </span>
    </p>
   </div>
   <div class='ocr_carea' id='block_1_30' title="bbox 2295 1452 2922 1522">
    <p class='ocr_par' dir='ltr' id='par_1_30' title="bbox 2295 1452 2922 1522">
     <span class='ocr_line' id='line_1_30' title="bbox 2295 1452 2922 1522; baseline 0.002 -13"><span class='ocrx_word' id='word_1_180' title='bbox 2295 1452 2516 1522; x_wconf 83' lang='lat' dir='ltr'><strong><em>bentur,</em></strong></span> <span class='ocrx_word' id='word_1_181' title='bbox 2550 1455 2678 1511; x_wconf 91' lang='lat' dir='ltr'><strong><em>anni</em></strong></span> <span class='ocrx_word' id='word_1_182' title='bbox 2708 1470 2922 1512; x_wconf 89' lang='lat' dir='ltr'><strong><em>eorum.</em></strong></span> 
     </span>
    </p>
   </div>
   <div class='ocr_carea' id='block_1_31' title="bbox 2365 1546 3905 1623">
    <p class='ocr_par' dir='ltr' id='par_1_31' title="bbox 2365 1546 3905 1623">
     <span class='ocr_line' id='line_1_31' title="bbox 2365 1546 3905 1623; baseline 0.003 -19"><span class='ocrx_word' id='word_1_183' title='bbox 2365 1546 2521 1605; x_wconf 79' lang='lat' dir='ltr'><strong><em>Mane</em></strong></span> <span class='ocrx_word' id='word_1_184' title='bbox 2550 1548 2695 1606; x_wconf 85' lang='lat' dir='ltr'><strong><em>sicut</em></strong></span> <span class='ocrx_word' id='word_1_185' title='bbox 2729 1548 2899 1606; x_wconf 90' lang='lat' dir='ltr'><strong><em>herba</em></strong></span> <span class='ocrx_word' id='word_1_186' title='bbox 2929 1556 3219 1615; x_wconf 86' lang='lat' dir='ltr'><strong><em>transeat,</em></strong></span> <span class='ocrx_word' id='word_1_187' title='bbox 3248 1564 3410 1606; x_wconf 90' lang='lat' dir='ltr'><strong><em>mane</em></strong></span> <span class='ocrx_word' id='word_1_188' title='bbox 3435 1549 3660 1622; x_wconf 84' lang='lat' dir='ltr'><strong><em>ﬂoreat,</em></strong></span> <span class='ocrx_word' id='word_1_189' title='bbox 3687 1559 3747 1609; x_wconf 87' lang='lat' dir='ltr'><strong><em>et.</em></strong></span> <span class='ocrx_word' id='word_1_190' title='bbox 3774 1565 3905 1623; x_wconf 84' lang='lat' dir='ltr'><strong><em>per—</em></strong></span> 
     </span>
    </p>
   </div>
   <div class='ocr_carea' id='block_1_32' title="bbox 2293 1639 3707 1712">
    <p class='ocr_par' dir='ltr' id='par_1_32' title="bbox 2293 1639 3707 1712">
     <span class='ocr_line' id='line_1_32' title="bbox 2293 1639 3707 1712; baseline 0.001 -16"><span class='ocrx_word' id='word_1_191' title='bbox 2293 1647 2576 1696; x_wconf 87' lang='lat' dir='ltr'><strong><em>transeat:</em></strong></span> <span class='ocrx_word' id='word_1_192' title='bbox 2608 1654 2840 1712; x_wconf 84' lang='lat' dir='ltr'><strong><em>vespere</em></strong></span> <span class='ocrx_word' id='word_1_193' title='bbox 2864 1640 3105 1708; x_wconf 85' lang='lat' dir='ltr'><strong><em>decidat,</em></strong></span> <span class='ocrx_word' id='word_1_194' title='bbox 3138 1639 3359 1697; x_wconf 88' lang='lat' dir='ltr'><strong><em>induret</em></strong></span> <span class='ocrx_word' id='word_1_195' title='bbox 3386 1650 3443 1698; x_wconf 91' lang='lat' dir='ltr'><strong><em>et</em></strong></span> <span class='ocrx_word' id='word_1_196' title='bbox 3471 1650 3707 1700; x_wconf 86' lang='lat' dir='ltr'><strong><em>arescat.</em></strong></span> 
     </span>
    </p>
   </div>
   <div class='ocr_carea' id='block_1_33' title="bbox 2364 1735 3901 1803">
    <p class='ocr_par' dir='ltr' id='par_1_33' title="bbox 2364 1735 3901 1803">
     <span class='ocr_line' id='line_1_33' title="bbox 2364 1735 3901 1803; baseline 0.003 -10"><span class='ocrx_word' id='word_1_197' title='bbox 2364 1737 2500 1803; x_wconf 86' lang='lat' dir='ltr'><strong><em>Quia</em></strong></span> <span class='ocrx_word' id='word_1_198' title='bbox 2534 1736 2843 1794; x_wconf 79' lang='lat' dir='ltr'><strong><em>defecimus</em></strong></span> <span class='ocrx_word' id='word_1_199' title='bbox 2872 1735 2931 1793; x_wconf 90' lang='lat' dir='ltr'><strong><em>in</em></strong></span> <span class='ocrx_word' id='word_1_200' title='bbox 2960 1738 3045 1794; x_wconf 87' lang='lat' dir='ltr'><strong><em>ira</em></strong></span> <span class='ocrx_word' id='word_1_201' title='bbox 3084 1744 3213 1792; x_wconf 87' lang='lat' dir='ltr'><strong><em>tua:</em></strong></span> <span class='ocrx_word' id='word_1_202' title='bbox 3246 1745 3304 1793; x_wconf 85' lang='lat' dir='ltr'><strong><em>et</em></strong></span> <span class='ocrx_word' id='word_1_203' title='bbox 3337 1735 3394 1794; x_wconf 89' lang='lat' dir='ltr'><strong><em>iu</em></strong></span> <span class='ocrx_word' id='word_1_204' title='bbox 3425 1737 3612 1797; x_wconf 79' lang='lat' dir='ltr'><strong><em>furore</em></strong></span> <span class='ocrx_word' id='word_1_205' title='bbox 3638 1748 3734 1797; x_wconf 92' lang='lat' dir='ltr'><strong><em>tuo</em></strong></span> <span class='ocrx_word' id='word_1_206' title='bbox 3763 1753 3901 1797; x_wconf 87' lang='lat' dir='ltr'><strong><em>con-</em></strong></span> 
     </span>
    </p>
   </div>
   <div class='ocr_carea' id='block_1_34' title="bbox 2294 1830 2743 1887">
    <p class='ocr_par' dir='ltr' id='par_1_34' title="bbox 2294 1830 2743 1887">
     <span class='ocr_line' id='line_1_34' title="bbox 2294 1830 2743 1887; baseline -0.002 -1"><span class='ocrx_word' id='word_1_207' title='bbox 2294 1830 2498 1887; x_wconf 88' lang='lat' dir='ltr'><strong><em>turbati</em></strong></span> <span class='ocrx_word' id='word_1_208' title='bbox 2528 1845 2743 1886; x_wconf 89' lang='lat' dir='ltr'><strong><em>sumus.</em></strong></span> 
     </span>
    </p>
   </div>
   <div class='ocr_carea' id='block_1_35' title="bbox 662 1895 3896 1995">
    <p class='ocr_par' dir='ltr' id='par_1_35' title="bbox 662 1895 3896 1995">
     <span class='ocr_line' id='line_1_35' title="bbox 662 1895 3896 1995; baseline 0.001 -18"><span class='ocrx_word' id='word_1_209' title='bbox 662 1920 894 1978; x_wconf 81' lang='lat' dir='ltr'><strong><em>Posuisti</em></strong></span> <span class='ocrx_word' id='word_1_210' title='bbox 918 1921 1215 1993; x_wconf 85' lang='lat' dir='ltr'><strong><em>iniquitates</em></strong></span> <span class='ocrx_word' id='word_1_211' title='bbox 1236 1932 1441 1978; x_wconf 89' lang='lat' dir='ltr'><strong><em>nostras</em></strong></span> <span class='ocrx_word' id='word_1_212' title='bbox 1464 1923 1520 1977; x_wconf 82' lang='lat' dir='ltr'><strong><em>in</em></strong></span> <span class='ocrx_word' id='word_1_213' title='bbox 1541 1929 1823 1994; x_wconf 85' lang='lat' dir='ltr'><strong><em>conspectu</em></strong></span> <span class='ocrx_word' id='word_1_214' title='bbox 1847 1927 1935 1974; x_wconf 88' lang='lat' dir='ltr'><strong><em>tuo</em></strong></span> <span class='ocrx_word' id='word_1_215' title='bbox 1960 1933 1980 1974; x_wconf 91' lang='lat'><strong><em>:</em></strong></span> <span class='ocrx_word' id='word_1_216' title='bbox 2020 1895 2192 1974; x_wconf 77' lang='lat' dir='ltr'><strong><em>swcu-</em></strong></span> <span class='ocrx_word' id='word_1_217' title='bbox 2223 1923 2272 1984; x_wconf 88' lang='lat' dir='ltr'><strong>B</strong></span> <span class='ocrx_word' id='word_1_218' title='bbox 2370 1922 2603 1978; x_wconf 87' lang='lat' dir='ltr'><strong><em>Posuisti</em></strong></span> <span class='ocrx_word' id='word_1_219' title='bbox 2644 1922 2965 1991; x_wconf 85' lang='lat' dir='ltr'><strong><em>iniquitates</em></strong></span> <span class='ocrx_word' id='word_1_220' title='bbox 3013 1933 3231 1981; x_wconf 90' lang='lat' dir='ltr'><strong><em>nostras</em></strong></span> <span class='ocrx_word' id='word_1_221' title='bbox 3287 1926 3342 1982; x_wconf 89' lang='lat' dir='ltr'><strong><em>in</em></strong></span> <span class='ocrx_word' id='word_1_222' title='bbox 3387 1932 3685 1995; x_wconf 90' lang='lat' dir='ltr'><strong><em>conspectu</em></strong></span> <span class='ocrx_word' id='word_1_223' title='bbox 3733 1931 3829 1980; x_wconf 87' lang='lat' dir='ltr'><strong><em>tuo</em></strong></span> <span class='ocrx_word' id='word_1_224' title='bbox 3880 1941 3896 1979; x_wconf 90' lang='lat'>:</span> 
     </span>
    </p>
   </div>
   <div class='ocr_carea' id='block_1_36' title="bbox 590 2012 1772 2070">
    <p class='ocr_par' dir='ltr' id='par_1_36' title="bbox 590 2012 1772 2070">
     <span class='ocr_line' id='line_1_36' title="bbox 590 2012 1772 2070; baseline -0.001 -2"><span class='ocrx_word' id='word_1_225' title='bbox 590 2013 701 2069; x_wconf 89' lang='lat' dir='ltr'><strong><em>lum</em></strong></span> <span class='ocrx_word' id='word_1_226' title='bbox 730 2021 966 2069; x_wconf 73' lang='lat' dir='ltr'><strong><em>nostrum</em></strong></span> <span class='ocrx_word' id='word_1_227' title='bbox 984 2014 1038 2070; x_wconf 90' lang='lat' dir='ltr'><strong><em>in</em></strong></span> <span class='ocrx_word' id='word_1_228' title='bbox 1066 2013 1449 2070; x_wconf 86' lang='lat' dir='ltr'><strong><em>illuminatione</em></strong></span> <span class='ocrx_word' id='word_1_229' title='bbox 1476 2014 1650 2069; x_wconf 79' lang='lat' dir='ltr'><strong><em>vultus</em></strong></span> <span class='ocrx_word' id='word_1_230' title='bbox 1676 2012 1772 2068; x_wconf 91' lang='lat' dir='ltr'><strong><em>tui.</em></strong></span> 
     </span>
    </p>
   </div>
   <div class='ocr_carea' id='block_1_37' title="bbox 662 2104 2191 2179">
    <p class='ocr_par' dir='ltr' id='par_1_37' title="bbox 662 2104 2191 2179">
     <span class='ocr_line' id='line_1_37' title="bbox 662 2104 2191 2179; baseline -0.001 -18"><span class='ocrx_word' id='word_1_231' title='bbox 662 2107 922 2175; x_wconf 84' lang='lat' dir='ltr'><strong><em>Quoniam</em></strong></span> <span class='ocrx_word' id='word_1_232' title='bbox 952 2122 1129 2162; x_wconf 89' lang='lat' dir='ltr'><strong><em>omnes</em></strong></span> <span class='ocrx_word' id='word_1_233' title='bbox 1156 2107 1266 2163; x_wconf 91' lang='lat' dir='ltr'><strong><em>dies</em></strong></span> <span class='ocrx_word' id='word_1_234' title='bbox 1321 2106 1485 2163; x_wconf 89' lang='lat' dir='ltr'><strong><em>nostri</em></strong></span> <span class='ocrx_word' id='word_1_235' title='bbox 1532 2108 1830 2179; x_wconf 85' lang='lat' dir='ltr'><strong><em>defecerunt</em></strong></span> <span class='ocrx_word' id='word_1_236' title='bbox 1858 2120 1878 2161; x_wconf 90' lang='lat'><strong><em>:</em></strong></span> <span class='ocrx_word' id='word_1_237' title='bbox 1910 2119 1972 2161; x_wconf 62' lang='grc' dir='ltr'><strong><em>-εν</em></strong></span> <span class='ocrx_word' id='word_1_238' title='bbox 2000 2113 2048 2161; x_wconf 89' lang='lat' dir='ltr'><strong><em>et</em></strong></span> <span class='ocrx_word' id='word_1_239' title='bbox 2077 2104 2101 2175; x_wconf 71' lang='grc' dir='ltr'>ζ</span> <span class='ocrx_word' id='word_1_240' title='bbox 2136 2104 2191 2160; x_wconf 90' lang='lat' dir='ltr'><strong><em>in</em></strong></span> 
     </span>
    </p>
   </div>
   <div class='ocr_carea' id='block_1_38' title="bbox 588 2194 1717 2270">
    <p class='ocr_par' dir='ltr' id='par_1_38' title="bbox 588 2194 1717 2270">
     <span class='ocr_line' id='line_1_38' title="bbox 588 2194 1717 2270; baseline 0.004 -17"><span class='ocrx_word' id='word_1_241' title='bbox 588 2198 673 2254; x_wconf 89' lang='lat' dir='ltr'><strong><em>ira</em></strong></span> <span class='ocrx_word' id='word_1_242' title='bbox 698 2209 788 2254; x_wconf 90' lang='lat' dir='ltr'><strong><em>tua</em></strong></span> <span class='ocrx_word' id='word_1_243' title='bbox 814 2199 1118 2270; x_wconf 83' lang='lat' dir='ltr'><strong><em>defecimus.</em></strong></span> <span class='ocrx_word' id='word_1_244' title='bbox 1716 2194 1717 2197; x_wconf 35' lang='grc'><em>“</em></span> 
     </span>
    </p>
   </div>
   <div class='ocr_carea' id='block_1_39' title="bbox 662 2293 2189 2351">
    <p class='ocr_par' dir='ltr' id='par_1_39' title="bbox 662 2293 2189 2351">
     <span class='ocr_line' id='line_1_39' title="bbox 662 2293 2189 2351; baseline 0.001 -3"><span class='ocrx_word' id='word_1_245' title='bbox 662 2293 800 2349; x_wconf 77' lang='lat' dir='ltr'><strong><em>Anni</em></strong></span> <span class='ocrx_word' id='word_1_246' title='bbox 819 2294 984 2350; x_wconf 86' lang='lat' dir='ltr'><strong><em>nostri</em></strong></span> <span class='ocrx_word' id='word_1_247' title='bbox 1011 2294 1148 2350; x_wconf 84' lang='lat' dir='ltr'><strong><em>sicut</em></strong></span> <span class='ocrx_word' id='word_1_248' title='bbox 1181 2310 1374 2350; x_wconf 85' lang='lat' dir='ltr'><strong><em>aranea</em></strong></span> <span class='ocrx_word' id='word_1_249' title='bbox 1401 2294 1791 2350; x_wconf 78' lang='lat' dir='ltr'><strong><em>meditabantur</em></strong></span> <span class='ocrx_word' id='word_1_250' title='bbox 1821 2310 1841 2351; x_wconf 91' lang='lat'><strong><em>:</em></strong></span> <span class='ocrx_word' id='word_1_251' title='bbox 1889 2293 2001 2351; x_wconf 87' lang='lat' dir='ltr'><strong><em>dies</em></strong></span> <span class='ocrx_word' id='word_1_252' title='bbox 2022 2308 2189 2350; x_wconf 80' lang='lat' dir='ltr'><strong><em>anno-</em></strong></span> 
     </span>
    </p>
   </div>
   <div class='ocr_carea' id='block_1_40' title="bbox 589 2385 1793 2459">
    <p class='ocr_par' dir='ltr' id='par_1_40' title="bbox 589 2385 1793 2459">
     <span class='ocr_line' id='line_1_40' title="bbox 589 2385 1793 2459; baseline 0.002 -19"><span class='ocrx_word' id='word_1_253' title='bbox 589 2402 707 2441; x_wconf 89' lang='lat' dir='ltr'><strong><em>rum</em></strong></span> <span class='ocrx_word' id='word_1_254' title='bbox 728 2394 1024 2441; x_wconf 87' lang='lat' dir='ltr'><strong><em>nostrorum</em></strong></span> <span class='ocrx_word' id='word_1_255' title='bbox 1051 2386 1105 2441; x_wconf 88' lang='lat' dir='ltr'><strong><em>in</em></strong></span> <span class='ocrx_word' id='word_1_256' title='bbox 1132 2385 1262 2459; x_wconf 86' lang='lat' dir='ltr'><strong><em>ipsis</em></strong></span> <span class='ocrx_word' id='word_1_257' title='bbox 1290 2388 1623 2459; x_wconf 85' lang='lat' dir='ltr'><strong><em>septuaginta</em></strong></span> <span class='ocrx_word' id='word_1_258' title='bbox 1643 2388 1793 2443; x_wconf 88' lang='lat' dir='ltr'><strong><em>anni.</em></strong></span> 
     </span>
    </p>
   </div>
   <div class='ocr_carea' id='block_1_41' title="bbox 664 2475 2189 2551">
    <p class='ocr_par' dir='ltr' id='par_1_41' title="bbox 664 2475 2189 2551">
     <span class='ocr_line' id='line_1_41' title="bbox 664 2475 2189 2551; baseline 0 -18"><span class='ocrx_word' id='word_1_259' title='bbox 664 2475 727 2533; x_wconf 89' lang='lat' dir='ltr'><strong><em>Si</em></strong></span> <span class='ocrx_word' id='word_1_260' title='bbox 754 2485 926 2531; x_wconf 91' lang='lat' dir='ltr'><strong><em>autem</em></strong></span> <span class='ocrx_word' id='word_1_261' title='bbox 954 2478 1009 2532; x_wconf 91' lang='lat' dir='ltr'><strong><em>in</em></strong></span> <span class='ocrx_word' id='word_1_262' title='bbox 1029 2476 1377 2550; x_wconf 77' lang='lat' dir='ltr'><strong><em>potentatibus</em></strong></span> <span class='ocrx_word' id='word_1_263' title='bbox 1401 2478 1663 2550; x_wconf 83' lang='lat' dir='ltr'><strong><em>octoginta</em></strong></span> <span class='ocrx_word' id='word_1_264' title='bbox 1682 2479 1808 2536; x_wconf 89' lang='lat' dir='ltr'><strong><em>anni</em></strong></span> <span class='ocrx_word' id='word_1_265' title='bbox 1837 2494 1859 2536; x_wconf 91' lang='lat'><strong><em>:</em></strong></span> <span class='ocrx_word' id='word_1_266' title='bbox 1880 2489 1927 2535; x_wconf 88' lang='lat' dir='ltr'><strong><em>et</em></strong></span> <span class='ocrx_word' id='word_1_267' title='bbox 1960 2478 2189 2551; x_wconf 86' lang='lat' dir='ltr'><strong><em>amplius</em></strong></span> 
     </span>
    </p>
   </div>
   <div class='ocr_carea' id='block_1_42' title="bbox 589 2560 1215 2627">
    <p class='ocr_par' dir='ltr' id='par_1_42' title="bbox 589 2560 1215 2627">
     <span class='ocr_line' id='line_1_42' title="bbox 589 2560 1215 2627; baseline 0.003 -2"><span class='ocrx_word' id='word_1_268' title='bbox 589 2560 769 2625; x_wconf 85' lang='lat' dir='ltr'><strong><em>eorum</em></strong></span> <span class='ocrx_word' id='word_1_269' title='bbox 794 2566 944 2625; x_wconf 90' lang='lat' dir='ltr'><strong><em>labor</em></strong></span> <span class='ocrx_word' id='word_1_270' title='bbox 967 2579 1015 2626; x_wconf 90' lang='lat' dir='ltr'><strong><em>et</em></strong></span> <span class='ocrx_word' id='word_1_271' title='bbox 1042 2569 1215 2627; x_wconf 88' lang='lat' dir='ltr'><strong><em>dolor.</em></strong></span> 
     </span>
    </p>
   </div>
   <div class='ocr_carea' id='block_1_43' title="bbox 663 2662 2113 2735">
    <p class='ocr_par' dir='ltr' id='par_1_43' title="bbox 663 2662 2113 2735">
     <span class='ocr_line' id='line_1_43' title="bbox 663 2662 2113 2735; baseline 0.001 -17"><span class='ocrx_word' id='word_1_272' title='bbox 663 2662 925 2731; x_wconf 87' lang='lat' dir='ltr'><strong><em>Quoniam</em></strong></span> <span class='ocrx_word' id='word_1_273' title='bbox 949 2663 1240 2735; x_wconf 79' lang='lat' dir='ltr'><strong><em>supervenit</em></strong></span> <span class='ocrx_word' id='word_1_274' title='bbox 1257 2663 1601 2721; x_wconf 78' lang='lat' dir='ltr'><strong><em>mansuetudo</em></strong></span> <span class='ocrx_word' id='word_1_275' title='bbox 1628 2679 1649 2722; x_wconf 92' lang='lat'><strong><em>:</em></strong></span> <span class='ocrx_word' id='word_1_276' title='bbox 1677 2672 1725 2720; x_wconf 90' lang='lat' dir='ltr'><strong><em>et</em></strong></span> <span class='ocrx_word' id='word_1_277' title='bbox 1745 2664 2113 2735; x_wconf 85' lang='lat' dir='ltr'><strong><em>corripiemur.</em></strong></span> 
     </span>
    </p>
   </div>
   <div class='ocr_carea' id='block_1_44' title="bbox 664 2839 2187 2915">
    <p class='ocr_par' dir='ltr' id='par_1_44' title="bbox 664 2839 2187 2915">
     <span class='ocr_line' id='line_1_44' title="bbox 664 2839 2187 2915; baseline 0.003 -20"><span class='ocrx_word' id='word_1_278' title='bbox 664 2839 794 2909; x_wconf 88' lang='lat' dir='ltr'><strong><em>Quis</em></strong></span> <span class='ocrx_word' id='word_1_279' title='bbox 821 2840 961 2896; x_wconf 80' lang='lat' dir='ltr'><strong><em>novit</em></strong></span> <span class='ocrx_word' id='word_1_280' title='bbox 988 2847 1297 2915; x_wconf 86' lang='lat' dir='ltr'><strong><em>potestatem</em></strong></span> <span class='ocrx_word' id='word_1_281' title='bbox 1320 2841 1415 2898; x_wconf 67' lang='lat' dir='ltr'><strong><em>ira:</em></strong></span> <span class='ocrx_word' id='word_1_282' title='bbox 1443 2842 1586 2898; x_wconf 70' lang='lat' dir='ltr'><strong><em>tuo?</em></strong></span> <span class='ocrx_word' id='word_1_283' title='bbox 1628 2849 1677 2896; x_wconf 79' lang='lat' dir='ltr'><strong><em>et</em></strong></span> <span class='ocrx_word' id='word_1_284' title='bbox 1712 2858 1825 2915; x_wconf 69' lang='lat' dir='ltr'><strong><em>pra:</em></strong></span> <span class='ocrx_word' id='word_1_285' title='bbox 1866 2842 2052 2900; x_wconf 88' lang='lat' dir='ltr'><strong><em>timore</em></strong></span> <span class='ocrx_word' id='word_1_286' title='bbox 2096 2853 2187 2900; x_wconf 91' lang='lat' dir='ltr'><strong><em>tuo</em></strong></span> 
     </span>
    </p>
   </div>
   <div class='ocr_carea' id='block_1_45' title="bbox 587 2930 1180 2989">
    <p class='ocr_par' dir='ltr' id='par_1_45' title="bbox 587 2930 1180 2989">
     <span class='ocr_line' id='line_1_45' title="bbox 587 2930 1180 2989; baseline -0.002 0"><span class='ocrx_word' id='word_1_287' title='bbox 587 2932 722 2989; x_wconf 90' lang='lat' dir='ltr'><strong><em>iram</em></strong></span> <span class='ocrx_word' id='word_1_288' title='bbox 759 2933 1129 2989; x_wconf 82' lang='lat' dir='ltr'><strong><em>dinumerare?</em></strong></span> <span class='ocrx_word' id='word_1_289' title='bbox 1149 2930 1180 2973; x_wconf 72' lang='grc' dir='ltr'><strong><em>ιδ</em></strong></span> 
     </span>
    </p>
   </div>
   <div class='ocr_carea' id='block_1_46' title="bbox 660 3025 2189 3101">
    <p class='ocr_par' dir='ltr' id='par_1_46' title="bbox 660 3025 2189 3101">
     <span class='ocr_line' id='line_1_46' title="bbox 660 3025 2189 3101; baseline 0.003 -21"><span class='ocrx_word' id='word_1_290' title='bbox 660 3025 945 3084; x_wconf 72' lang='lat' dir='ltr'><strong><em>Dexteram</em></strong></span> <span class='ocrx_word' id='word_1_291' title='bbox 968 3034 1112 3082; x_wconf 90' lang='lat' dir='ltr'><strong><em>tuam</em></strong></span> <span class='ocrx_word' id='word_1_292' title='bbox 1145 3036 1169 3066; x_wconf 77' lang='grc' dir='ltr'><strong>ο</strong></span> <span class='ocrx_word' id='word_1_293' title='bbox 1199 3026 1276 3083; x_wconf 88' lang='lat' dir='ltr'><strong><em>sic</em></strong></span> <span class='ocrx_word' id='word_1_294' title='bbox 1304 3034 1482 3083; x_wconf 85' lang='lat' dir='ltr'><strong><em>notant</em></strong></span> <span class='ocrx_word' id='word_1_295' title='bbox 1508 3029 1593 3101; x_wconf 91' lang='lat' dir='ltr'><strong><em>fac</em></strong></span> <span class='ocrx_word' id='word_1_296' title='bbox 1619 3044 1640 3085; x_wconf 90' lang='lat'><strong><em>:</em></strong></span> <span class='ocrx_word' id='word_1_297' title='bbox 1686 3036 1735 3085; x_wconf 85' lang='lat' dir='ltr'><strong><em>et</em></strong></span> <span class='ocrx_word' id='word_1_298' title='bbox 1779 3028 2008 3086; x_wconf 88' lang='lat' dir='ltr'><strong><em>eruditos</em></strong></span> <span class='ocrx_word' id='word_1_299' title='bbox 2034 3026 2189 3086; x_wconf 88' lang='lat' dir='ltr'><strong><em>corde</em></strong></span> 
     </span>
    </p>
   </div>
   <div class='ocr_carea' id='block_1_47' title="bbox 585 3118 940 3189">
    <p class='ocr_par' dir='ltr' id='par_1_47' title="bbox 585 3118 940 3189">
     <span class='ocr_line' id='line_1_47' title="bbox 585 3118 940 3189; baseline -0.003 -16"><span class='ocrx_word' id='word_1_300' title='bbox 585 3118 642 3173; x_wconf 90' lang='lat' dir='ltr'><strong><em>in</em></strong></span> <span class='ocrx_word' id='word_1_301' title='bbox 661 3119 940 3189; x_wconf 85' lang='lat' dir='ltr'><strong><em>sapientia.</em></strong></span> 
     </span>
    </p>
   </div>
   <div class='ocr_carea' id='block_1_48' title="bbox 660 3208 2188 3287">
    <p class='ocr_par' dir='ltr' id='par_1_48' title="bbox 660 3208 2188 3287">
     <span class='ocr_line' id='line_1_48' title="bbox 660 3208 2188 3287; baseline 0.005 -21"><span class='ocrx_word' id='word_1_302' title='bbox 660 3209 965 3268; x_wconf 84' lang='lat' dir='ltr'><strong><em>Convertere</em></strong></span> <span class='ocrx_word' id='word_1_303' title='bbox 985 3254 1000 3281; x_wconf 95' lang='lat'><strong><em>,</em></strong></span> <span class='ocrx_word' id='word_1_304' title='bbox 1057 3208 1283 3267; x_wconf 88' lang='lat' dir='ltr'><strong><em>Domine</em></strong></span> <span class='ocrx_word' id='word_1_305' title='bbox 1306 3254 1323 3282; x_wconf 93' lang='lat'><strong><em>,</em></strong></span> <span class='ocrx_word' id='word_1_306' title='bbox 1377 3215 1683 3286; x_wconf 80' lang='lat' dir='ltr'><strong><em>usqueqno?</em></strong></span> <span class='ocrx_word' id='word_1_307' title='bbox 1737 3223 1786 3270; x_wconf 86' lang='lat' dir='ltr'><strong><em>et</em></strong></span> <span class='ocrx_word' id='word_1_308' title='bbox 1845 3214 2188 3287; x_wconf 85' lang='lat' dir='ltr'><strong><em>deprecabilis</em></strong></span> 
     </span>
    </p>
   </div>
   <div class='ocr_carea' id='block_1_49' title="bbox 586 3312 1232 3375">
    <p class='ocr_par' dir='ltr' id='par_1_49' title="bbox 586 3312 1232 3375">
     <span class='ocr_line' id='line_1_49' title="bbox 586 3312 1232 3375; baseline 0.002 -16"><span class='ocrx_word' id='word_1_309' title='bbox 586 3312 697 3360; x_wconf 89' lang='lat' dir='ltr'><strong><em>esto</em></strong></span> <span class='ocrx_word' id='word_1_310' title='bbox 717 3319 872 3375; x_wconf 82' lang='lat' dir='ltr'><strong><em>super</em></strong></span> <span class='ocrx_word' id='word_1_311' title='bbox 899 3319 1071 3359; x_wconf 85' lang='lat' dir='ltr'><strong><em>servos</em></strong></span> <span class='ocrx_word' id='word_1_312' title='bbox 1096 3312 1232 3360; x_wconf 91' lang='lat' dir='ltr'><strong><em>tuos.</em></strong></span> 
     </span>
    </p>
   </div>
   <div class='ocr_carea' id='block_1_50' title="bbox 659 3397 2189 3473">
    <p class='ocr_par' dir='ltr' id='par_1_50' title="bbox 659 3397 2189 3473">
     <span class='ocr_line' id='line_1_50' title="bbox 659 3397 2189 3473; baseline 0.004 -19"><span class='ocrx_word' id='word_1_313' title='bbox 659 3397 867 3470; x_wconf 84' lang='lat' dir='ltr'><strong><em>Repleti</em></strong></span> <span class='ocrx_word' id='word_1_314' title='bbox 891 3413 1069 3453; x_wconf 91' lang='lat' dir='ltr'><strong><em>sumus</em></strong></span> <span class='ocrx_word' id='word_1_315' title='bbox 1098 3413 1249 3454; x_wconf 88' lang='lat' dir='ltr'><strong><em>mane</em></strong></span> <span class='ocrx_word' id='word_1_316' title='bbox 1266 3398 1619 3456; x_wconf 83' lang='lat' dir='ltr'><strong><em>misericordia</em></strong></span> <span class='ocrx_word' id='word_1_317' title='bbox 1646 3400 1672 3441; x_wconf 74' lang='grc' dir='ltr'>ἀ</span> <span class='ocrx_word' id='word_1_318' title='bbox 1703 3412 1817 3473; x_wconf 90' lang='lat' dir='ltr'><strong><em>tua,</em></strong></span> <span class='ocrx_word' id='word_1_319' title='bbox 1833 3413 1882 3459; x_wconf 92' lang='lat' dir='ltr'><strong><em>et</em></strong></span> <span class='ocrx_word' id='word_1_320' title='bbox 1909 3404 2189 3461; x_wconf 73' lang='lat' dir='ltr'><strong><em>exsultavi-</em></strong></span> 
     </span>
    </p>
   </div>
   <div class='ocr_carea' id='block_1_51' title="bbox 588 3488 1983 3560">
    <p class='ocr_par' dir='ltr' id='par_1_51' title="bbox 588 3488 1983 3560">
     <span class='ocr_line' id='line_1_51' title="bbox 588 3488 1983 3560; baseline 0.005 -16"><span class='ocrx_word' id='word_1_321' title='bbox 588 3505 703 3545; x_wconf 79' lang='lat' dir='ltr'><strong><em>mus</em></strong></span> <span class='ocrx_word' id='word_1_322' title='bbox 725 3489 752 3560; x_wconf 63' lang='lat'><strong><em>,&#39;</em></strong></span> <span class='ocrx_word' id='word_1_323' title='bbox 769 3501 817 3545; x_wconf 85' lang='lat' dir='ltr'><strong><em>et</em></strong></span> <span class='ocrx_word' id='word_1_324' title='bbox 845 3488 1086 3545; x_wconf 83' lang='lat' dir='ltr'><strong><em>delectati</em></strong></span> <span class='ocrx_word' id='word_1_325' title='bbox 1107 3505 1286 3546; x_wconf 87' lang='lat' dir='ltr'><strong><em>sumus</em></strong></span> <span class='ocrx_word' id='word_1_326' title='bbox 1306 3491 1542 3548; x_wconf 85' lang='lat' dir='ltr'><strong><em>omnibus</em></strong></span> <span class='ocrx_word' id='word_1_327' title='bbox 1565 3493 1744 3549; x_wconf 87' lang='lat' dir='ltr'><strong><em>diebus</em></strong></span> <span class='ocrx_word' id='word_1_328' title='bbox 1773 3495 1983 3551; x_wconf 86' lang='lat' dir='ltr'><strong><em>nostris.</em></strong></span> 
     </span>
    </p>
   </div>
   <div class='ocr_carea' id='block_1_52' title="bbox 663 3672 2181 3748">
    <p class='ocr_par' dir='ltr' id='par_1_52' title="bbox 663 3672 2181 3748">
     <span class='ocr_line' id='line_1_52' title="bbox 663 3672 2181 3748; baseline 0.003 -18"><span class='ocrx_word' id='word_1_329' title='bbox 663 3684 690 3713; x_wconf 75' lang='grc' dir='ltr'>ι</span> <span class='ocrx_word' id='word_1_330' title='bbox 726 3672 987 3748; x_wconf 83' lang='lat' dir='ltr'><strong><em>ln_Palat.</em></strong></span> <span class='ocrx_word' id='word_1_331' title='bbox 1028 3689 1134 3731; x_wconf 90' lang='lat' dir='ltr'><strong><em>ms.</em></strong></span> <span class='ocrx_word' id='word_1_332' title='bbox 1177 3675 1477 3746; x_wconf 89' lang='lat' dir='ltr'><strong><em>repositum</em></strong></span> <span class='ocrx_word' id='word_1_333' title='bbox 1516 3677 1776 3741; x_wconf 80' lang='lat' dir='ltr'><strong><em>secundis</em></strong></span> <span class='ocrx_word' id='word_1_334' title='bbox 1799 3679 1966 3748; x_wconf 17' lang='lat' dir='ltr'><strong><em>icuris</em></strong></span> <span class='ocrx_word' id='word_1_335' title='bbox 1993 3689 2043 3735; x_wconf 89' lang='lat' dir='ltr'><strong><em>et</em></strong></span> <span class='ocrx_word' id='word_1_336' title='bbox 2082 3694 2181 3748; x_wconf 84' lang='lat' dir='ltr'><strong><em>pro</em></strong></span> 
     </span>
    </p>
   </div>
   <div class='ocr_carea' id='block_1_53' title="bbox 592 3744 2182 3819">
    <p class='ocr_par' dir='ltr' id='par_1_53' title="bbox 592 3744 2182 3819">
     <span class='ocr_line' id='line_1_53' title="bbox 592 3744 2182 3819; baseline 0.004 -18"><span class='ocrx_word' id='word_1_337' title='bbox 592 3757 682 3819; x_wconf 82' lang='lat' dir='ltr'><strong><em>aut</em></strong></span> <span class='ocrx_word' id='word_1_338' title='bbox 713 3762 733 3801; x_wconf 87' lang='lat'><strong><em>:</em></strong></span> <span class='ocrx_word' id='word_1_339' title='bbox 761 3744 955 3819; x_wconf 70' lang='lat' dir='ltr'><strong><em>Graece</em></strong></span> <span class='ocrx_word' id='word_1_340' title='bbox 984 3748 1148 3803; x_wconf 88' lang='lat' dir='ltr'><strong><em>etiam</em></strong></span> <span class='ocrx_word' id='word_1_341' title='bbox 1176 3744 1260 3803; x_wconf 85' lang='lat' dir='ltr'><strong><em>est</em></strong></span> <span class='ocrx_word' id='word_1_342' title='bbox 1286 3750 1391 3803; x_wconf 82' lang='grc' dir='ltr'><strong>καὶ.</strong></span> <span class='ocrx_word' id='word_1_343' title='bbox 1432 3748 1661 3803; x_wconf 85' lang='lat' dir='ltr'><strong><em>Additur</em></strong></span> <span class='ocrx_word' id='word_1_344' title='bbox 1689 3760 1744 3805; x_wconf 91' lang='lat' dir='ltr'><strong><em>et</em></strong></span> <span class='ocrx_word' id='word_1_345' title='bbox 1786 3744 2096 3819; x_wconf 79' lang='lat' dir='ltr'><strong><em>Diapsulma</em></strong></span> <span class='ocrx_word' id='word_1_346' title='bbox 2125 3751 2182 3807; x_wconf 88' lang='lat' dir='ltr'><strong><em>in</em></strong></span> 
     </span>
    </p>
   </div>
   <div class='ocr_carea' id='block_1_54' title="bbox 595 3817 2179 3889">
    <p class='ocr_par' dir='ltr' id='par_1_54' title="bbox 595 3817 2179 3889">
     <span class='ocr_line' id='line_1_54' title="bbox 595 3817 2179 3889; baseline 0.003 -17"><span class='ocrx_word' id='word_1_347' title='bbox 595 3818 721 3874; x_wconf 90' lang='lat' dir='ltr'><strong><em>line.</em></strong></span> <span class='ocrx_word' id='word_1_348' title='bbox 774 3817 945 3889; x_wconf 78' lang='lat' dir='ltr'><strong><em>Porro</em></strong></span> <span class='ocrx_word' id='word_1_349' title='bbox 989 3820 1081 3888; x_wconf 89' lang='lat' dir='ltr'><strong><em>qui</em></strong></span> <span class='ocrx_word' id='word_1_350' title='bbox 1124 3819 1492 3889; x_wconf 84' lang='lat' dir='ltr'><strong><em>subsequitur,</em></strong></span> <span class='ocrx_word' id='word_1_351' title='bbox 1537 3820 1793 3889; x_wconf 69' lang='lat' dir='ltr'><strong><em>prmﬁxtts</em></strong></span> <span class='ocrx_word' id='word_1_352' title='bbox 1833 3817 1899 3875; x_wconf 88' lang='lat' dir='ltr'><strong><em>ne</em></strong></span> <span class='ocrx_word' id='word_1_353' title='bbox 1943 3825 2179 3882; x_wconf 67' lang='lat' dir='ltr'><strong><em>voculaa.</em></strong></span> 
     </span>
    </p>
   </div>
   <div class='ocr_carea' id='block_1_55' title="bbox 592 3887 2182 3964">
    <p class='ocr_par' dir='ltr' id='par_1_55' title="bbox 592 3887 2182 3964">
     <span class='ocr_line' id='line_1_55' title="bbox 592 3887 2182 3964; baseline 0.004 -21"><span class='ocrx_word' id='word_1_354' title='bbox 592 3888 784 3964; x_wconf 71' lang='lat' dir='ltr'><strong><em>olteltts</em></strong></span> <span class='ocrx_word' id='word_1_355' title='bbox 830 3887 1193 3964; x_wconf 56' lang='lat' dir='ltr'><strong><em>desideratug.</em></strong></span> <span class='ocrx_word' id='word_1_356' title='bbox 1241 3887 1319 3944; x_wconf 84' lang='lat' dir='ltr'><strong><em>Ac</em></strong></span> <span class='ocrx_word' id='word_1_357' title='bbox 1364 3904 1426 3946; x_wconf 91' lang='lat' dir='ltr'><strong><em>re</em></strong></span> <span class='ocrx_word' id='word_1_358' title='bbox 1473 3887 1693 3964; x_wconf 85' lang='lat' dir='ltr'><strong><em>quidem</em></strong></span> <span class='ocrx_word' id='word_1_359' title='bbox 1738 3892 1854 3961; x_wconf 88' lang='lat' dir='ltr'><strong><em>ipsa</em></strong></span> <span class='ocrx_word' id='word_1_360' title='bbox 1903 3902 1997 3947; x_wconf 90' lang='lat' dir='ltr'><strong><em>aut</em></strong></span> <span class='ocrx_word' id='word_1_361' title='bbox 2037 3893 2182 3964; x_wconf 86' lang='lat' dir='ltr'><strong><em>quod</em></strong></span> 
     </span>
    </p>
   </div>
   <div class='ocr_carea' id='block_1_56' title="bbox 592 3959 2187 4035">
    <p class='ocr_par' dir='ltr' id='par_1_56' title="bbox 592 3959 2187 4035">
     <span class='ocr_line' id='line_1_56' title="bbox 592 3959 2187 4035; baseline 0.004 -21"><span class='ocrx_word' id='word_1_362' title='bbox 592 3960 839 4030; x_wconf 78' lang='lat' dir='ltr'><strong><em>proxime</em></strong></span> <span class='ocrx_word' id='word_1_363' title='bbox 860 3960 1119 4030; x_wconf 68' lang='lat' dir='ltr'><strong><em>praecedit</em></strong></span> <span class='ocrx_word' id='word_1_364' title='bbox 1144 3959 1282 4014; x_wconf 81' lang='lat' dir='ltr'><strong><em>Deus</em></strong></span> <span class='ocrx_word' id='word_1_365' title='bbox 1304 3975 1526 4027; x_wconf 88' lang='lat' dir='ltr'><strong><em>nomen,</em></strong></span> <span class='ocrx_word' id='word_1_366' title='bbox 1548 3970 1642 4017; x_wconf 90' lang='lat' dir='ltr'><strong><em>aut</em></strong></span> <span class='ocrx_word' id='word_1_367' title='bbox 1669 3959 1785 4018; x_wconf 64' lang='lat' dir='ltr'><strong><em>hate</em></strong></span> <span class='ocrx_word' id='word_1_368' title='bbox 1806 3965 2035 4034; x_wconf 87' lang='lat' dir='ltr'><strong><em>negandi</em></strong></span> <span class='ocrx_word' id='word_1_369' title='bbox 2057 3959 2187 4035; x_wconf 82' lang='lat' dir='ltr'><strong><em>par-</em></strong></span> 
     </span>
    </p>
   </div>
   <div class='ocr_carea' id='block_1_57' title="bbox 592 4041 2179 4124">
    <p class='ocr_par' dir='ltr' id='par_1_57' title="bbox 592 4041 2179 4124">
     <span class='ocr_line' id='line_1_57' title="bbox 592 4041 2179 4124; baseline 0.006 -18"><span class='ocrx_word' id='word_1_370' title='bbox 592 4053 751 4107; x_wconf 81' lang='lat' dir='ltr'><strong><em>ticula</em></strong></span> <span class='ocrx_word' id='word_1_371' title='bbox 781 4052 1055 4124; x_wconf 75' lang='lat' dir='ltr'><strong><em>abundat:</em></strong></span> <span class='ocrx_word' id='word_1_372' title='bbox 1087 4052 1233 4123; x_wconf 88' lang='lat' dir='ltr'><strong><em>quod</em></strong></span> <span class='ocrx_word' id='word_1_373' title='bbox 1262 4053 1409 4107; x_wconf 86' lang='lat' dir='ltr'><strong><em>enim</em></strong></span> <span class='ocrx_word' id='word_1_374' title='bbox 1440 4054 1598 4124; x_wconf 77' lang='lat' dir='ltr'><strong><em>unice</em></strong></span> <span class='ocrx_word' id='word_1_375' title='bbox 1625 4064 1710 4109; x_wconf 89' lang='lat' dir='ltr'><strong><em>est</em></strong></span> <span class='ocrx_word' id='word_1_376' title='bbox 1738 4056 1791 4110; x_wconf 92' lang='lat' dir='ltr'><strong><em>in</em></strong></span> <span class='ocrx_word' id='word_1_377' title='bbox 1825 4055 2060 4112; x_wconf 74' lang='lat' dir='ltr'><strong><em>llebrmo</em></strong></span> <span class='ocrx_word' id='word_1_378' title='bbox 2084 4041 2179 4124; x_wconf 41' lang='lat' dir='ltr'><strong><em>9N,</em></strong></span> 
     </span>
    </p>
   </div>
   <div class='ocr_carea' id='block_1_58' title="bbox 595 4123 2185 4194">
    <p class='ocr_par' dir='ltr' id='par_1_58' title="bbox 595 4123 2185 4194">
     <span class='ocr_line' id='line_1_58' title="bbox 595 4123 2185 4194; baseline 0.004 -17"><span class='ocrx_word' id='word_1_379' title='bbox 595 4139 695 4194; x_wconf 83' lang='lat' dir='ltr'><strong><em>pro</em></strong></span> <span class='ocrx_word' id='word_1_380' title='bbox 714 4123 889 4194; x_wconf 77' lang='lat' dir='ltr'><strong><em>variis</em></strong></span> <span class='ocrx_word' id='word_1_381' title='bbox 926 4124 1216 4178; x_wconf 82' lang='lat' dir='ltr'><strong><em>substratis</em></strong></span> <span class='ocrx_word' id='word_1_382' title='bbox 1256 4124 1499 4191; x_wconf 83' lang='lat' dir='ltr'><strong><em>punctis,</em></strong></span> <span class='ocrx_word' id='word_1_383' title='bbox 1546 4123 1717 4180; x_wconf 90' lang='lat' dir='ltr'><strong><em>Deum</em></strong></span> <span class='ocrx_word' id='word_1_384' title='bbox 1752 4134 1809 4183; x_wconf 91' lang='lat' dir='ltr'><strong><em>et</em></strong></span> <span class='ocrx_word' id='word_1_385' title='bbox 1841 4144 1941 4182; x_wconf 90' lang='lat' dir='ltr'><strong><em>non</em></strong></span> <span class='ocrx_word' id='word_1_386' title='bbox 1983 4140 2185 4183; x_wconf 89' lang='lat' dir='ltr'><strong><em>sonat:</em></strong></span> 
     </span>
    </p>
   </div>
   <div class='ocr_carea' id='block_1_59' title="bbox 596 4192 2185 4267">
    <p class='ocr_par' dir='ltr' id='par_1_59' title="bbox 596 4192 2185 4267">
     <span class='ocr_line' id='line_1_59' title="bbox 596 4192 2185 4267; baseline 0.004 -20"><span class='ocrx_word' id='word_1_387' title='bbox 596 4192 817 4267; x_wconf 71' lang='lat' dir='ltr'><strong><em>ntiuirne</em></strong></span> <span class='ocrx_word' id='word_1_388' title='bbox 843 4201 1024 4267; x_wconf 81' lang='lat' dir='ltr'><strong><em>autem</em></strong></span> <span class='ocrx_word' id='word_1_389' title='bbox 1060 4195 1232 4265; x_wconf 83' lang='lat' dir='ltr'><strong><em>repeti</em></strong></span> <span class='ocrx_word' id='word_1_390' title='bbox 1261 4209 1326 4249; x_wconf 83' lang='lat' dir='ltr'><strong><em>ac</em></strong></span> <span class='ocrx_word' id='word_1_391' title='bbox 1353 4196 1505 4267; x_wconf 78' lang='lat' dir='ltr'><strong><em>sumi</em></strong></span> <span class='ocrx_word' id='word_1_392' title='bbox 1524 4195 1772 4251; x_wconf 81' lang='lat' dir='ltr'><strong><em>bifariam</em></strong></span> <span class='ocrx_word' id='word_1_393' title='bbox 1808 4197 2013 4252; x_wconf 86' lang='lat' dir='ltr'><strong><em>debuit.</em></strong></span> <span class='ocrx_word' id='word_1_394' title='bbox 2044 4199 2185 4267; x_wconf 85' lang='lat' dir='ltr'><strong><em>Quin</em></strong></span> 
     </span>
    </p>
   </div>
   <div class='ocr_carea' id='block_1_60' title="bbox 595 4263 2190 4340">
    <p class='ocr_par' dir='ltr' id='par_1_60' title="bbox 595 4263 2190 4340">
     <span class='ocr_line' id='line_1_60' title="bbox 595 4263 2190 4340; baseline 0.005 -22"><span class='ocrx_word' id='word_1_395' title='bbox 595 4265 695 4332; x_wconf 80' lang='lat' dir='ltr'><strong><em>ipsi</em></strong></span> <span class='ocrx_word' id='word_1_396' title='bbox 738 4263 1137 4340; x_wconf 58' lang='lat' dir='ltr'><strong><em>Septuaginta,</em></strong></span> <span class='ocrx_word' id='word_1_397' title='bbox 1176 4265 1391 4340; x_wconf 80' lang='lat' dir='ltr'><strong><em>tametsi</em></strong></span> <span class='ocrx_word' id='word_1_398' title='bbox 1439 4266 1598 4322; x_wconf 89' lang='lat' dir='ltr'><strong><em>aliter</em></strong></span> <span class='ocrx_word' id='word_1_399' title='bbox 1637 4267 1810 4322; x_wconf 85' lang='lat' dir='ltr'><strong><em>visum</em></strong></span> <span class='ocrx_word' id='word_1_400' title='bbox 1854 4263 2190 4340; x_wconf 54' lang='lat' dir='ltr'><strong><em>llieronimo</em></strong></span> 
     </span>
    </p>
   </div>
   <div class='ocr_carea' id='block_1_61' title="bbox 597 4335 2188 4404">
    <p class='ocr_par' dir='ltr' id='par_1_61' title="bbox 597 4335 2188 4404">
     <span class='ocr_line' id='line_1_61' title="bbox 597 4335 2188 4404; baseline 0.004 -14"><span class='ocrx_word' id='word_1_401' title='bbox 597 4345 716 4401; x_wconf 83' lang='lat' dir='ltr'><strong><em>est,</em></strong></span> <span class='ocrx_word' id='word_1_402' title='bbox 750 4335 909 4390; x_wconf 90' lang='lat' dir='ltr'><strong><em>unice</em></strong></span> <span class='ocrx_word' id='word_1_403' title='bbox 935 4351 1036 4404; x_wconf 87' lang='lat' dir='ltr'><strong><em>pro</em></strong></span> <span class='ocrx_word' id='word_1_404' title='bbox 1064 4335 1169 4402; x_wconf 89' lang='lat' dir='ltr'><strong><em>Ne,</em></strong></span> <span class='ocrx_word' id='word_1_405' title='bbox 1201 4337 1316 4391; x_wconf 84' lang='lat' dir='ltr'><strong><em>sive</em></strong></span> <span class='ocrx_word' id='word_1_406' title='bbox 1338 4340 1416 4396; x_wconf 71' lang='lat' dir='ltr'><strong><em>Mr}</em></strong></span> <span class='ocrx_word' id='word_1_407' title='bbox 1445 4349 1773 4403; x_wconf 83' lang='lat' dir='ltr'><strong><em>acceperunt</em></strong></span> <span class='ocrx_word' id='word_1_408' title='bbox 1792 4380 1806 4401; x_wconf 84' lang='lat'><strong><em>.</em></strong></span> <span class='ocrx_word' id='word_1_409' title='bbox 1841 4355 2015 4404; x_wconf 85' lang='lat' dir='ltr'><strong><em>neque</em></strong></span> <span class='ocrx_word' id='word_1_410' title='bbox 2039 4335 2188 4397; x_wconf 73' lang='lat' dir='ltr'><strong><em>enim</em></strong></span> 
     </span>
    </p>
   </div>
   <div class='ocr_carea' id='block_1_62' title="bbox 596 4405 2189 4530">
    <p class='ocr_par' dir='ltr' id='par_1_62' title="bbox 596 4405 2189 4530">
     <span class='ocr_line' id='line_1_62' title="bbox 596 4405 2189 4530; baseline 0.009 -76"><span class='ocrx_word' id='word_1_411' title='bbox 596 4407 802 4530; x_wconf 42' lang='lat' dir='ltr'><strong><em>gntum</em></strong></span> <span class='ocrx_word' id='word_1_412' title='bbox 832 4405 1161 4475; x_wconf 63' lang='lat' dir='ltr'><strong><em>praecedenti</em></strong></span> <span class='ocrx_word' id='word_1_413' title='bbox 1203 4407 1386 4464; x_wconf 87' lang='lat' dir='ltr'><strong><em>versui</em></strong></span> <span class='ocrx_word' id='word_1_414' title='bbox 1410 4451 1426 4478; x_wconf 94' lang='lat'><strong><em>,</em></strong></span> <span class='ocrx_word' id='word_1_415' title='bbox 1466 4408 1684 4480; x_wconf 80' lang='grc' dir='ltr'><strong><em>ὁΘιὸς,</em></strong></span> <span class='ocrx_word' id='word_1_416' title='bbox 1725 4420 1785 4467; x_wconf 91' lang='lat' dir='ltr'><strong><em>ut</em></strong></span> <span class='ocrx_word' id='word_1_417' title='bbox 1812 4410 1904 4468; x_wconf 88' lang='lat' dir='ltr'><strong><em>hic</em></strong></span> <span class='ocrx_word' id='word_1_418' title='bbox 1932 4410 2189 4483; x_wconf 83' lang='lat' dir='ltr'><strong><em>habetur,</em></strong></span> 
     </span>
     <span class='ocr_line' id='line_1_63' title="bbox 651 4494 1987 4530; baseline -0.001 0"><span class='ocrx_word' id='word_1_419' title='bbox 651 4494 759 4530; x_wconf 85' lang='lat' dir='ltr'><strong><em>eus.</em></strong></span> <span class='ocrx_word' id='word_1_420' title='bbox 1986 4522 1987 4529; x_wconf 52' lang='grc' dir='ltr'><strong>η</strong></span> 
     </span>
    </p>
   </div>
   <div class='ocr_carea' id='block_1_63' title="bbox 651 4494 759 4532">
    <p class='ocr_par' dir='ltr' id='par_1_63' title="bbox 651 4494 759 4532">
     <span class='ocr_line' id='line_1_64' title="bbox 651 4494 759 4532; baseline -0.009 -1"><span class='ocrx_word' id='word_1_421' title='bbox 651 4494 759 4532; x_wconf 87' lang='lat' dir='ltr'><strong><em>eus.</em></strong></span> 
     </span>
    </p>
   </div>
   <div class='ocr_carea' id='block_1_64' title="bbox 670 4522 2061 4624">
    <p class='ocr_par' dir='ltr' id='par_1_64' title="bbox 670 4522 2061 4624">
     <span class='ocr_line' id='line_1_65' title="bbox 670 4522 2061 4624; baseline 0.006 -24"><span class='ocrx_word' id='word_1_422' title='bbox 670 4522 984 4624; x_wconf 38' lang='lat' dir='ltr'><strong><em>{viguerunt</em></strong></span> <span class='ocrx_word' id='word_1_423' title='bbox 1010 4547 1099 4605; x_wconf 89' lang='lat' dir='ltr'><strong><em>hic</em></strong></span> <span class='ocrx_word' id='word_1_424' title='bbox 1128 4548 1431 4624; x_wconf 81' lang='lat' dir='ltr'><strong><em>Diapsalma</em></strong></span> <span class='ocrx_word' id='word_1_425' title='bbox 1458 4549 1601 4624; x_wconf 64' lang='lat' dir='ltr'><strong><em>idem</em></strong></span> <span class='ocrx_word' id='word_1_426' title='bbox 1626 4567 1735 4624; x_wconf 4' lang='lat' dir='ltr'><strong><em>gms.</em></strong></span> <span class='ocrx_word' id='word_1_427' title='bbox 1763 4553 2061 4624; x_wconf 83' lang='lat' dir='ltr'><strong><em>subjungit.</em></strong></span> 
     </span>
    </p>
   </div>
   <div class='ocr_carea' id='block_1_65' title="bbox 599 4693 2187 4767">
    <p class='ocr_par' dir='ltr' id='par_1_65' title="bbox 599 4693 2187 4767">
     <span class='ocr_line' id='line_1_66' title="bbox 599 4693 2187 4767; baseline 0.004 -22"><span class='ocrx_word' id='word_1_428' title='bbox 599 4700 711 4746; x_wconf 88' lang='lat' dir='ltr'><strong><em>tum</em></strong></span> <span class='ocrx_word' id='word_1_429' title='bbox 751 4704 853 4767; x_wconf 79' lang='lat' dir='ltr'><strong><em>pro</em></strong></span> <span class='ocrx_word' id='word_1_430' title='bbox 895 4693 1148 4767; x_wconf 64' lang='lat' dir='ltr'><strong><em>eruditos,</em></strong></span> <span class='ocrx_word' id='word_1_431' title='bbox 1195 4693 1482 4767; x_wconf 81' lang='lat' dir='ltr'><strong><em>substituit</em></strong></span> <span class='ocrx_word' id='word_1_432' title='bbox 1527 4693 1580 4767; x_wconf 87' lang='lat' dir='ltr'><strong><em>in</em></strong></span> <span class='ocrx_word' id='word_1_433' title='bbox 1626 4708 1694 4749; x_wconf 88' lang='lat' dir='ltr'><strong><em>eo</em></strong></span> <span class='ocrx_word' id='word_1_434' title='bbox 1730 4693 1953 4767; x_wconf 84' lang='lat' dir='ltr'><strong><em>sequior</em></strong></span> <span class='ocrx_word' id='word_1_435' title='bbox 1991 4693 2187 4752; x_wconf 79' lang='lat' dir='ltr'><strong><em>manus</em></strong></span> 
     </span>
    </p>
   </div>
   <div class='ocr_carea' id='block_1_66' title="bbox 594 4760 2183 4833">
    <p class='ocr_par' dir='ltr' id='par_1_66' title="bbox 594 4760 2183 4833">
     <span class='ocr_line' id='line_1_67' title="bbox 594 4760 2183 4833; baseline 0.005 -18"><span class='ocrx_word' id='word_1_436' title='bbox 594 4760 932 4831; x_wconf 72' lang='lat' dir='ltr'><strong><em>compeditos.</em></strong></span> <span class='ocrx_word' id='word_1_437' title='bbox 976 4763 1098 4833; x_wconf 85' lang='lat' dir='ltr'><strong><em>Ipse</em></strong></span> <span class='ocrx_word' id='word_1_438' title='bbox 1136 4763 1298 4818; x_wconf 91' lang='lat' dir='ltr'><strong><em>etiam</em></strong></span> <span class='ocrx_word' id='word_1_439' title='bbox 1332 4765 1664 4833; x_wconf 77' lang='lat' dir='ltr'><strong><em>AuguStinus</em></strong></span> <span class='ocrx_word' id='word_1_440' title='bbox 1707 4767 1759 4820; x_wconf 91' lang='lat' dir='ltr'><strong><em>in</em></strong></span> <span class='ocrx_word' id='word_1_441' title='bbox 1806 4760 1949 4821; x_wconf 75' lang='lat' dir='ltr'><strong><em>hunc</em></strong></span> <span class='ocrx_word' id='word_1_442' title='bbox 1980 4767 2183 4833; x_wconf 88' lang='lat' dir='ltr'><strong><em>locum.</em></strong></span> 
     </span>
    </p>
   </div>
   <div class='ocr_carea' id='block_1_67' title="bbox 600 4832 2188 4905">
    <p class='ocr_par' dir='ltr' id='par_1_67' title="bbox 600 4832 2188 4905">
     <span class='ocr_line' id='line_1_68' title="bbox 600 4832 2188 4905; baseline 0.003 -18"><span class='ocrx_word' id='word_1_443' title='bbox 600 4832 686 4905; x_wconf 14' lang='lat' dir='ltr'><strong><em>Et,</em></strong></span> <span class='ocrx_word' id='word_1_444' title='bbox 710 4832 1048 4901; x_wconf 81' lang='lat' dir='ltr'><strong><em>compeditos</em></strong></span> <span class='ocrx_word' id='word_1_445' title='bbox 1078 4835 1245 4890; x_wconf 89' lang='lat' dir='ltr'><strong><em>corde</em></strong></span> <span class='ocrx_word' id='word_1_446' title='bbox 1277 4833 1329 4889; x_wconf 91' lang='lat' dir='ltr'><strong><em>in</em></strong></span> <span class='ocrx_word' id='word_1_447' title='bbox 1365 4835 1634 4905; x_wconf 83' lang='lat' dir='ltr'><strong><em>sapientia</em></strong></span> <span class='ocrx_word' id='word_1_448' title='bbox 1674 4853 1688 4891; x_wconf 90' lang='lat'><strong>:</strong></span> <span class='ocrx_word' id='word_1_449' title='bbox 1729 4837 1822 4891; x_wconf 90' lang='lat' dir='ltr'><strong><em>alii</em></strong></span> <span class='ocrx_word' id='word_1_450' title='bbox 1858 4839 2057 4892; x_wconf 88' lang='lat' dir='ltr'><strong><em>codices</em></strong></span> <span class='ocrx_word' id='word_1_451' title='bbox 2085 4853 2188 4891; x_wconf 86' lang='lat' dir='ltr'><strong><em>non</em></strong></span> 
     </span>
    </p>
   </div>
   <div class='ocr_carea' id='block_1_68' title="bbox 598 4903 2188 4975">
    <p class='ocr_par' dir='ltr' id='par_1_68' title="bbox 598 4903 2188 4975">
     <span class='ocr_line' id='line_1_69' title="bbox 598 4903 2188 4975; baseline 0.003 -17"><span class='ocrx_word' id='word_1_452' title='bbox 598 4903 785 4958; x_wconf 87' lang='lat' dir='ltr'><strong><em>habent</em></strong></span> <span class='ocrx_word' id='word_1_453' title='bbox 810 4906 1171 4975; x_wconf 84' lang='lat' dir='ltr'><strong><em>compeditos,</em></strong></span> <span class='ocrx_word' id='word_1_454' title='bbox 1203 4906 1294 4960; x_wconf 88' lang='lat' dir='ltr'><strong><em>sed</em></strong></span> <span class='ocrx_word' id='word_1_455' title='bbox 1321 4903 1585 4963; x_wconf 85' lang='lat' dir='ltr'><strong><em>eruditos.</em></strong></span> <span class='ocrx_word' id='word_1_456' title='bbox 1624 4906 1847 4962; x_wconf 82' lang='lat' dir='ltr'><strong><em>Verbum</em></strong></span> <span class='ocrx_word' id='word_1_457' title='bbox 1875 4909 2013 4963; x_wconf 88' lang='lat' dir='ltr'><strong><em>enim</em></strong></span> <span class='ocrx_word' id='word_1_458' title='bbox 2039 4908 2188 4964; x_wconf 74' lang='lat' dir='ltr'><strong><em>Grat-</em></strong></span> 
     </span>
    </p>
   </div>
   <div class='ocr_carea' id='block_1_69' title="bbox 596 4976 2189 5049">
    <p class='ocr_par' dir='ltr' id='par_1_69' title="bbox 596 4976 2189 5049">
     <span class='ocr_line' id='line_1_70' title="bbox 596 4976 2189 5049; baseline 0.004 -20"><span class='ocrx_word' id='word_1_459' title='bbox 596 4993 713 5049; x_wconf 83' lang='lat' dir='ltr'><strong><em>cum</em></strong></span> <span class='ocrx_word' id='word_1_460' title='bbox 741 4976 811 5049; x_wconf 20' lang='lat' dir='ltr'><strong><em>Ain</em></strong></span> <span class='ocrx_word' id='word_1_461' title='bbox 842 4986 1060 5049; x_wconf 85' lang='lat' dir='ltr'><strong><em>utraque</em></strong></span> <span class='ocrx_word' id='word_1_462' title='bbox 1086 4979 1463 5049; x_wconf 83' lang='lat' dir='ltr'><strong><em>significatione</em></strong></span> <span class='ocrx_word' id='word_1_463' title='bbox 1497 4980 1740 5035; x_wconf 89' lang='lat' dir='ltr'><strong><em>similiter</em></strong></span> <span class='ocrx_word' id='word_1_464' title='bbox 1769 4990 1945 5046; x_wconf 87' lang='lat' dir='ltr'><strong><em>sonat,</em></strong></span> <span class='ocrx_word' id='word_1_465' title='bbox 1989 4989 2047 5034; x_wconf 92' lang='lat' dir='ltr'><strong><em>ut</em></strong></span> <span class='ocrx_word' id='word_1_466' title='bbox 2082 4995 2189 5035; x_wconf 86' lang='lat' dir='ltr'><strong><em>una</em></strong></span> 
     </span>
    </p>
   </div>
   <div class='ocr_carea' id='block_1_70' title="bbox 594 5045 1365 5118">
    <p class='ocr_par' dir='ltr' id='par_1_70' title="bbox 594 5045 1365 5118">
     <span class='ocr_line' id='line_1_71' title="bbox 594 5045 1365 5118; baseline 0.006 -18"><span class='ocrx_word' id='word_1_467' title='bbox 594 5045 795 5118; x_wconf 80' lang='lat' dir='ltr'><strong><em>syllaba</em></strong></span> <span class='ocrx_word' id='word_1_468' title='bbox 825 5045 1103 5118; x_wconf 80' lang='lat' dir='ltr'><strong><em>paululum</em></strong></span> <span class='ocrx_word' id='word_1_469' title='bbox 1133 5045 1365 5118; x_wconf 71' lang='lat' dir='ltr'><strong><em>Eli/ferat.</em></strong></span> 
     </span>
    </p>
   </div>
   <div class='ocr_carea' id='block_1_71' title="bbox 669 5117 2187 5195">
    <p class='ocr_par' dir='ltr' id='par_1_71' title="bbox 669 5117 2187 5195">
     <span class='ocr_line' id='line_1_72' title="bbox 669 5117 2187 5195; baseline 0.005 -23"><span class='ocrx_word' id='word_1_470' title='bbox 669 5122 698 5160; x_wconf 71' lang='grc' dir='ltr'><em>ἀ</em></span> <span class='ocrx_word' id='word_1_471' title='bbox 722 5117 998 5195; x_wconf 82' lang='lat' dir='ltr'><strong><em>Immerito</em></strong></span> <span class='ocrx_word' id='word_1_472' title='bbox 1025 5117 1268 5195; x_wconf 63' lang='lat' dir='ltr'><strong><em>Palatia.</em></strong></span> <span class='ocrx_word' id='word_1_473' title='bbox 1292 5137 1397 5195; x_wconf 80' lang='lat' dir='ltr'><strong><em>ms.</em></strong></span> <span class='ocrx_word' id='word_1_474' title='bbox 1421 5137 1720 5195; x_wconf 88' lang='lat' dir='ltr'><strong><em>pronomen</em></strong></span> <span class='ocrx_word' id='word_1_475' title='bbox 1751 5130 1840 5195; x_wconf 80' lang='lat' dir='ltr'><strong><em>tua</em></strong></span> <span class='ocrx_word' id='word_1_476' title='bbox 1861 5122 2019 5180; x_wconf 89' lang='lat' dir='ltr'><strong><em>obclo</em></strong></span> <span class='ocrx_word' id='word_1_477' title='bbox 2049 5136 2187 5195; x_wconf 70' lang='lat' dir='ltr'><strong><em>prat-</em></strong></span> 
     </span>
    </p>
   </div>
   <div class='ocr_carea' id='block_1_72' title="bbox 596 5191 2188 5266">
    <p class='ocr_par' dir='ltr' id='par_1_72' title="bbox 596 5191 2188 5266">
     <span class='ocr_line' id='line_1_73' title="bbox 596 5191 2188 5266; baseline 0.003 -22"><span class='ocrx_word' id='word_1_478' title='bbox 596 5198 772 5266; x_wconf 80' lang='lat' dir='ltr'><strong><em>notat,</em></strong></span> <span class='ocrx_word' id='word_1_479' title='bbox 803 5200 914 5244; x_wconf 92' lang='lat' dir='ltr'><strong><em>tum</em></strong></span> <span class='ocrx_word' id='word_1_480' title='bbox 937 5191 1132 5266; x_wconf 80' lang='lat' dir='ltr'><strong><em>lcgitin</em></strong></span> <span class='ocrx_word' id='word_1_481' title='bbox 1162 5193 1398 5266; x_wconf 78' lang='lat' dir='ltr'><strong><em>omnibus</em></strong></span> <span class='ocrx_word' id='word_1_482' title='bbox 1424 5191 1625 5260; x_wconf 84' lang='lat' dir='ltr'><strong><em>diebus,</em></strong></span> <span class='ocrx_word' id='word_1_483' title='bbox 1645 5204 1750 5249; x_wconf 90' lang='lat' dir='ltr'><strong><em>ctc.</em></strong></span> <span class='ocrx_word' id='word_1_484' title='bbox 1779 5194 2004 5250; x_wconf 77' lang='lat' dir='ltr'><strong><em>Beelius</em></strong></span> <span class='ocrx_word' id='word_1_485' title='bbox 2026 5191 2188 5266; x_wconf 79' lang='lat' dir='ltr'><strong><em>porro</em></strong></span> 
     </span>
    </p>
   </div>
   <div class='ocr_carea' id='block_1_73' title="bbox 596 5261 2189 5335">
    <p class='ocr_par' dir='ltr' id='par_1_73' title="bbox 596 5261 2189 5335">
     <span class='ocr_line' id='line_1_74' title="bbox 596 5261 2189 5335; baseline 0.004 -22"><span class='ocrx_word' id='word_1_486' title='bbox 596 5261 947 5335; x_wconf 65' lang='lat' dir='ltr'><strong><em>stiltscqttcnti</em></strong></span> <span class='ocrx_word' id='word_1_487' title='bbox 973 5278 1135 5335; x_wconf 85' lang='lat' dir='ltr'><strong><em>versu</em></strong></span> <span class='ocrx_word' id='word_1_488' title='bbox 1158 5263 1439 5335; x_wconf 62' lang='lat' dir='ltr'><strong><em>praeﬁxum</em></strong></span> <span class='ocrx_word' id='word_1_489' title='bbox 1465 5268 1806 5323; x_wconf 81' lang='lat' dir='ltr'><strong><em>substantive</em></strong></span> <span class='ocrx_word' id='word_1_490' title='bbox 1823 5266 1988 5321; x_wconf 73' lang='lat' dir='ltr'><strong><em>verbo</em></strong></span> <span class='ocrx_word' id='word_1_491' title='bbox 2010 5261 2189 5321; x_wconf 76' lang='lat' dir='ltr'><strong><em>sumus</em></strong></span> 
     </span>
    </p>
   </div>
   <div class='ocr_carea' id='block_1_74' title="bbox 598 5330 1064 5389">
    <p class='ocr_par' dir='ltr' id='par_1_74' title="bbox 598 5330 1064 5389">
     <span class='ocr_line' id='line_1_75' title="bbox 598 5330 1064 5389; baseline 0.013 -6"><span class='ocrx_word' id='word_1_492' title='bbox 598 5330 816 5386; x_wconf 80' lang='lat' dir='ltr'><strong><em>obclum</em></strong></span> <span class='ocrx_word' id='word_1_493' title='bbox 839 5333 1064 5389; x_wconf 89' lang='lat' dir='ltr'><strong><em>omittit.</em></strong></span> 
     </span>
    </p>
   </div>
   <div class='ocr_carea' id='block_1_75' title="bbox 676 5401 2190 5479">
    <p class='ocr_par' dir='ltr' id='par_1_75' title="bbox 676 5401 2190 5479">
     <span class='ocr_line' id='line_1_76' title="bbox 676 5401 2190 5479; baseline 0.006 -23"><span class='ocrx_word' id='word_1_494' title='bbox 676 5411 699 5439; x_wconf 77' lang='grc' dir='ltr'><strong>ο</strong></span> <span class='ocrx_word' id='word_1_495' title='bbox 744 5401 1036 5479; x_wconf 79' lang='lat' dir='ltr'><strong><em>Veronens.</em></strong></span> <span class='ocrx_word' id='word_1_496' title='bbox 1085 5419 1187 5461; x_wconf 91' lang='lat' dir='ltr'><strong><em>nts.</em></strong></span> <span class='ocrx_word' id='word_1_497' title='bbox 1231 5416 1289 5463; x_wconf 91' lang='lat' dir='ltr'><strong><em>et</em></strong></span> <span class='ocrx_word' id='word_1_498' title='bbox 1330 5406 1616 5478; x_wconf 78' lang='lat' dir='ltr'><strong><em>Augustin.</em></strong></span> <span class='ocrx_word' id='word_1_499' title='bbox 1663 5408 1717 5462; x_wconf 89' lang='lat' dir='ltr'><strong><em>in</em></strong></span> <span class='ocrx_word' id='word_1_500' title='bbox 1763 5410 2095 5479; x_wconf 87' lang='lat' dir='ltr'><strong><em>generatione</em></strong></span> <span class='ocrx_word' id='word_1_501' title='bbox 2140 5420 2190 5467; x_wconf 90' lang='lat' dir='ltr'><strong><em>et</em></strong></span> 
     </span>
    </p>
   </div>
   <div class='ocr_carea' id='block_1_76' title="bbox 602 5474 2193 5551">
    <p class='ocr_par' dir='ltr' id='par_1_76' title="bbox 602 5474 2193 5551">
     <span class='ocr_line' id='line_1_77' title="bbox 602 5474 2193 5551; baseline 0.006 -24"><span class='ocrx_word' id='word_1_502' title='bbox 602 5474 930 5545; x_wconf 84' lang='lat' dir='ltr'><strong><em>generatione</em></strong></span> <span class='ocrx_word' id='word_1_503' title='bbox 968 5484 1152 5551; x_wconf 64' lang='lat' dir='ltr'><strong><em>.j_tttm</em></strong></span> <span class='ocrx_word' id='word_1_504' title='bbox 1199 5493 1341 5534; x_wconf 88' lang='lat' dir='ltr'><strong><em>unus</em></strong></span> <span class='ocrx_word' id='word_1_505' title='bbox 1383 5474 1874 5544; x_wconf 38' lang='lat' dir='ltr'><strong><em>Veronensisfaut</em></strong></span> <span class='ocrx_word' id='word_1_506' title='bbox 1911 5482 2193 5551; x_wconf 79' lang='lat' dir='ltr'><strong><em>fingeretur</em></strong></span> 
     </span>
    </p>
   </div>
   <div class='ocr_carea' id='block_1_77' title="bbox 604 5546 2187 5618">
    <p class='ocr_par' dir='ltr' id='par_1_77' title="bbox 604 5546 2187 5618">
     <span class='ocr_line' id='line_1_78' title="bbox 604 5546 2187 5618; baseline 0.007 -21"><span class='ocrx_word' id='word_1_507' title='bbox 604 5555 764 5609; x_wconf 85' lang='lat' dir='ltr'><strong><em>terra,</em></strong></span> <span class='ocrx_word' id='word_1_508' title='bbox 816 5555 865 5618; x_wconf 90' lang='lat' dir='ltr'><strong><em>et</em></strong></span> <span class='ocrx_word' id='word_1_509' title='bbox 911 5546 1046 5618; x_wconf 83' lang='lat' dir='ltr'><strong><em>orbis</em></strong></span> <span class='ocrx_word' id='word_1_510' title='bbox 1092 5560 1260 5614; x_wconf 67' lang='lat' dir='ltr'><strong><em>terrae,</em></strong></span> <span class='ocrx_word' id='word_1_511' title='bbox 1303 5558 1411 5605; x_wconf 87' lang='lat' dir='ltr'><strong><em>etc.</em></strong></span> <span class='ocrx_word' id='word_1_512' title='bbox 1456 5554 1626 5618; x_wconf 83' lang='lat' dir='ltr'><strong><em>Quam</em></strong></span> <span class='ocrx_word' id='word_1_513' title='bbox 1673 5560 1852 5606; x_wconf 79' lang='lat' dir='ltr'><strong><em>tamen</em></strong></span> <span class='ocrx_word' id='word_1_514' title='bbox 1898 5546 2187 5608; x_wconf 73' lang='lat' dir='ltr'><strong><em>lectionem</em></strong></span> 
     </span>
    </p>
   </div>
   <div class='ocr_carea' id='block_1_78' title="bbox 608 5616 2185 5691">
    <p class='ocr_par' dir='ltr' id='par_1_78' title="bbox 608 5616 2185 5691">
     <span class='ocr_line' id='line_1_79' title="bbox 608 5616 2185 5691; baseline 0.007 -23"><span class='ocrx_word' id='word_1_515' title='bbox 608 5617 722 5691; x_wconf 75' lang='lat' dir='ltr'><strong><em>ipse</em></strong></span> <span class='ocrx_word' id='word_1_516' title='bbox 744 5617 897 5670; x_wconf 82' lang='lat' dir='ltr'><strong><em>novit</em></strong></span> <span class='ocrx_word' id='word_1_517' title='bbox 929 5616 1229 5691; x_wconf 76' lang='lat' dir='ltr'><strong><em>llippouen.</em></strong></span> <span class='ocrx_word' id='word_1_518' title='bbox 1255 5616 1575 5691; x_wconf 65' lang='lat' dir='ltr'><strong><em>cpiscottits.</em></strong></span> <span class='ocrx_word' id='word_1_519' title='bbox 1607 5622 1695 5676; x_wconf 89' lang='lat' dir='ltr'><strong><em>ubi</em></strong></span> <span class='ocrx_word' id='word_1_520' title='bbox 1728 5623 1833 5689; x_wconf 85' lang='lat' dir='ltr'><strong><em>ait,</em></strong></span> <span class='ocrx_word' id='word_1_521' title='bbox 1866 5623 1957 5676; x_wconf 87' lang='lat' dir='ltr'><strong><em>alii</em></strong></span> <span class='ocrx_word' id='word_1_522' title='bbox 1982 5623 2185 5679; x_wconf 88' lang='lat' dir='ltr'><strong><em>codices</em></strong></span> 
     </span>
    </p>
   </div>
   <div class='ocr_carea' id='block_1_79' title="bbox 605 5684 2190 5766">
    <p class='ocr_par' dir='ltr' id='par_1_79' title="bbox 605 5684 2190 5766">
     <span class='ocr_line' id='line_1_80' title="bbox 605 5684 2190 5766; baseline 0.009 -29"><span class='ocrx_word' id='word_1_523' title='bbox 605 5684 811 5752; x_wconf 85' lang='lat' dir='ltr'><strong><em>habent,</em></strong></span> <span class='ocrx_word' id='word_1_524' title='bbox 835 5686 970 5757; x_wconf 87' lang='lat' dir='ltr'><strong><em>quod</em></strong></span> <span class='ocrx_word' id='word_1_525' title='bbox 977 5684 1054 5766; x_wconf 60' lang='lat' dir='ltr'><strong><em>de</em></strong></span> <span class='ocrx_word' id='word_1_526' title='bbox 1079 5706 1181 5766; x_wconf 78' lang='lat' dir='ltr'><strong><em>uno</em></strong></span> <span class='ocrx_word' id='word_1_527' title='bbox 1201 5684 1353 5747; x_wconf 78' lang='lat' dir='ltr'><strong><em>verba</em></strong></span> <span class='ocrx_word' id='word_1_528' title='bbox 1374 5692 1417 5747; x_wconf 84' lang='lat' dir='ltr'><strong><em>G</em></strong></span> <span class='ocrx_word' id='word_1_529' title='bbox 1427 5684 1557 5766; x_wconf 54' lang='lat' dir='ltr'><strong><em>risco</em></strong></span> <span class='ocrx_word' id='word_1_530' title='bbox 1579 5684 1875 5766; x_wconf 58' lang='lat' dir='ltr'><strong><em>cupressum</em></strong></span> <span class='ocrx_word' id='word_1_531' title='bbox 1897 5705 1993 5759; x_wconf 86' lang='lat' dir='ltr'><strong><em>est,</em></strong></span> <span class='ocrx_word' id='word_1_532' title='bbox 2022 5695 2190 5766; x_wconf 78' lang='lat' dir='ltr'><strong><em>tinge-</em></strong></span> 
     </span>
    </p>
   </div>
   <div class='ocr_carea' id='block_1_80' title="bbox 608 5759 2187 5837">
    <p class='ocr_par' dir='ltr' id='par_1_80' title="bbox 608 5759 2187 5837">
     <span class='ocr_line' id='line_1_81' title="bbox 608 5759 2187 5837; baseline 0.008 -27"><span class='ocrx_word' id='word_1_533' title='bbox 608 5766 756 5837; x_wconf 74' lang='lat' dir='ltr'><strong><em>rctur</em></strong></span> <span class='ocrx_word' id='word_1_534' title='bbox 788 5766 953 5814; x_wconf 86' lang='lat' dir='ltr'><strong><em>terra.</em></strong></span> <span class='ocrx_word' id='word_1_535' title='bbox 974 5759 1230 5837; x_wconf 82' lang='lat' dir='ltr'><strong><em>Sequitur</em></strong></span> <span class='ocrx_word' id='word_1_536' title='bbox 1260 5777 1381 5817; x_wconf 90' lang='lat' dir='ltr'><strong><em>cum</em></strong></span> <span class='ocrx_word' id='word_1_537' title='bbox 1405 5763 1597 5837; x_wconf 87' lang='lat' dir='ltr'><strong><em>eodem</em></strong></span> <span class='ocrx_word' id='word_1_538' title='bbox 1621 5763 2013 5837; x_wconf 76' lang='lat' dir='ltr'><strong><em>Augustiniano</em></strong></span> <span class='ocrx_word' id='word_1_539' title='bbox 2042 5759 2187 5835; x_wconf 67' lang='lat' dir='ltr'><strong><em>psal-</em></strong></span> 
     </span>
    </p>
   </div>
   <div class='ocr_carea' id='block_1_81' title="bbox 628 5831 2186 5907">
    <p class='ocr_par' dir='ltr' id='par_1_81' title="bbox 628 5831 2186 5907">
     <span class='ocr_line' id='line_1_82' title="bbox 628 5831 2186 5907; baseline 0.006 -25"><span class='ocrx_word' id='word_1_540' title='bbox 628 5831 766 5896; x_wconf 85' lang='lat' dir='ltr'><strong><em>crio,</em></strong></span> <span class='ocrx_word' id='word_1_541' title='bbox 799 5839 847 5885; x_wconf 88' lang='lat' dir='ltr'><strong><em>et</em></strong></span> <span class='ocrx_word' id='word_1_542' title='bbox 876 5846 907 5884; x_wconf 87' lang='lat' dir='ltr'><strong><em>a</em></strong></span> <span class='ocrx_word' id='word_1_543' title='bbox 937 5831 1147 5901; x_wconf 69' lang='lat' dir='ltr'><strong><em>sa&#39;culo,</em></strong></span> <span class='ocrx_word' id='word_1_544' title='bbox 1181 5843 1228 5888; x_wconf 89' lang='lat' dir='ltr'><strong><em>et</em></strong></span> <span class='ocrx_word' id='word_1_545' title='bbox 1257 5849 1417 5904; x_wconf 86' lang='lat' dir='ltr'><strong><em>usque</em></strong></span> <span class='ocrx_word' id='word_1_546' title='bbox 1440 5835 1497 5890; x_wconf 89' lang='lat' dir='ltr'><strong><em>in</em></strong></span> <span class='ocrx_word' id='word_1_547' title='bbox 1534 5831 1783 5892; x_wconf 68' lang='lat' dir='ltr'><strong><em>saxulum</em></strong></span> <span class='ocrx_word' id='word_1_548' title='bbox 1813 5846 1867 5890; x_wconf 89' lang='lat' dir='ltr'><strong><em>tu</em></strong></span> <span class='ocrx_word' id='word_1_549' title='bbox 1895 5850 1969 5903; x_wconf 87' lang='lat' dir='ltr'><strong><em>es,</em></strong></span> <span class='ocrx_word' id='word_1_550' title='bbox 1999 5831 2186 5907; x_wconf 79' lang='lat' dir='ltr'><strong><em>tacito,</em></strong></span> 
     </span>
    </p>
   </div>
   <div class='ocr_carea' id='block_1_82' title="bbox 2297 2014 3709 2073">
    <p class='ocr_par' dir='ltr' id='par_1_82' title="bbox 2297 2014 3709 2073">
     <span class='ocr_line' id='line_1_83' title="bbox 2297 2014 3709 2073; baseline -0.002 -1"><span class='ocrx_word' id='word_1_551' title='bbox 2297 2014 2561 2072; x_wconf 75' lang='lat' dir='ltr'><strong><em>smculum</em></strong></span> <span class='ocrx_word' id='word_1_552' title='bbox 2595 2022 2845 2071; x_wconf 88' lang='lat' dir='ltr'><strong><em>nostrum</em></strong></span> <span class='ocrx_word' id='word_1_553' title='bbox 2874 2014 2928 2070; x_wconf 92' lang='lat' dir='ltr'><strong><em>in</em></strong></span> <span class='ocrx_word' id='word_1_554' title='bbox 2974 2015 3378 2073; x_wconf 86' lang='lat' dir='ltr'><strong><em>illuminatione</em></strong></span> <span class='ocrx_word' id='word_1_555' title='bbox 3404 2017 3585 2072; x_wconf 86' lang='lat' dir='ltr'><strong><em>vultus</em></strong></span> <span class='ocrx_word' id='word_1_556' title='bbox 3613 2015 3709 2070; x_wconf 90' lang='lat' dir='ltr'><strong><em>tui.</em></strong></span> 
     </span>
    </p>
   </div>
   <div class='ocr_carea' id='block_1_83' title="bbox 2364 2105 3897 2175">
    <p class='ocr_par' dir='ltr' id='par_1_83' title="bbox 2364 2105 3897 2175">
     <span class='ocr_line' id='line_1_84' title="bbox 2364 2105 3897 2175; baseline 0 -14"><span class='ocrx_word' id='word_1_557' title='bbox 2364 2105 2631 2175; x_wconf 89' lang='lat' dir='ltr'><strong><em>Quoniam</em></strong></span> <span class='ocrx_word' id='word_1_558' title='bbox 2658 2122 2850 2162; x_wconf 89' lang='lat' dir='ltr'><strong><em>omnes</em></strong></span> <span class='ocrx_word' id='word_1_559' title='bbox 2885 2106 3002 2163; x_wconf 91' lang='lat' dir='ltr'><strong><em>dies</em></strong></span> <span class='ocrx_word' id='word_1_560' title='bbox 3033 2108 3204 2165; x_wconf 91' lang='lat' dir='ltr'><strong><em>nostri</em></strong></span> <span class='ocrx_word' id='word_1_561' title='bbox 3233 2107 3588 2174; x_wconf 82' lang='lat' dir='ltr'><strong><em>deiecerunt,</em></strong></span> <span class='ocrx_word' id='word_1_562' title='bbox 3615 2116 3671 2163; x_wconf 89' lang='lat' dir='ltr'><strong><em>ct</em></strong></span> <span class='ocrx_word' id='word_1_563' title='bbox 3707 2120 3809 2162; x_wconf 88' lang='lat' dir='ltr'><strong><em>nos</em></strong></span> <span class='ocrx_word' id='word_1_564' title='bbox 3840 2105 3897 2162; x_wconf 89' lang='lat' dir='ltr'><strong><em>in</em></strong></span> 
     </span>
    </p>
   </div>
   <div class='ocr_carea' id='block_1_84' title="bbox 2289 2197 2838 2257">
    <p class='ocr_par' dir='ltr' id='par_1_84' title="bbox 2289 2197 2838 2257">
     <span class='ocr_line' id='line_1_85' title="bbox 2289 2197 2838 2257; baseline -0.009 0"><span class='ocrx_word' id='word_1_565' title='bbox 2289 2199 2371 2257; x_wconf 90' lang='lat' dir='ltr'><strong><em>ira</em></strong></span> <span class='ocrx_word' id='word_1_566' title='bbox 2402 2210 2493 2255; x_wconf 89' lang='lat' dir='ltr'><strong><em>tua</em></strong></span> <span class='ocrx_word' id='word_1_567' title='bbox 2521 2197 2838 2255; x_wconf 80' lang='lat' dir='ltr'><strong><em>defecimus.</em></strong></span> 
     </span>
    </p>
   </div>
   <div class='ocr_carea' id='block_1_85' title="bbox 2362 2289 3895 2349">
    <p class='ocr_par' dir='ltr' id='par_1_85' title="bbox 2362 2289 3895 2349">
     <span class='ocr_line' id='line_1_86' title="bbox 2362 2289 3895 2349; baseline 0 -1"><span class='ocrx_word' id='word_1_568' title='bbox 2362 2289 2508 2348; x_wconf 73' lang='lat' dir='ltr'><strong><em>Anni</em></strong></span> <span class='ocrx_word' id='word_1_569' title='bbox 2552 2290 2725 2347; x_wconf 90' lang='lat' dir='ltr'><strong><em>nostri</em></strong></span> <span class='ocrx_word' id='word_1_570' title='bbox 2774 2290 2920 2346; x_wconf 90' lang='lat' dir='ltr'><strong><em>sicut</em></strong></span> <span class='ocrx_word' id='word_1_571' title='bbox 2972 2304 3178 2349; x_wconf 87' lang='lat' dir='ltr'><strong><em>aranea</em></strong></span> <span class='ocrx_word' id='word_1_572' title='bbox 3233 2289 3645 2347; x_wconf 77' lang='lat' dir='ltr'><strong><em>meditabantur</em></strong></span> <span class='ocrx_word' id='word_1_573' title='bbox 3700 2307 3715 2347; x_wconf 90' lang='lat'><strong>:</strong></span> <span class='ocrx_word' id='word_1_574' title='bbox 3772 2289 3895 2348; x_wconf 89' lang='lat' dir='ltr'><strong><em>dies</em></strong></span> 
     </span>
    </p>
   </div>
   <div class='ocr_carea' id='block_1_86' title="bbox 2289 2374 3704 2454">
    <p class='ocr_par' dir='ltr' id='par_1_86' title="bbox 2289 2374 3704 2454">
     <span class='ocr_line' id='line_1_87' title="bbox 2289 2374 3704 2454; baseline -0.001 -15"><span class='ocrx_word' id='word_1_575' title='bbox 2289 2374 2559 2440; x_wconf 83' lang='lat' dir='ltr'><strong><em>annorum</em></strong></span> <span class='ocrx_word' id='word_1_576' title='bbox 2587 2394 2899 2439; x_wconf 90' lang='lat' dir='ltr'><strong><em>nostrorum</em></strong></span> <span class='ocrx_word' id='word_1_577' title='bbox 2932 2382 2988 2438; x_wconf 88' lang='lat' dir='ltr'><strong><em>in</em></strong></span> <span class='ocrx_word' id='word_1_578' title='bbox 3017 2382 3155 2454; x_wconf 86' lang='lat' dir='ltr'><strong><em>ipsis</em></strong></span> <span class='ocrx_word' id='word_1_579' title='bbox 3179 2382 3524 2454; x_wconf 82' lang='lat' dir='ltr'><strong><em>septuaginta</em></strong></span> <span class='ocrx_word' id='word_1_580' title='bbox 3550 2382 3704 2438; x_wconf 90' lang='lat' dir='ltr'><strong><em>anni.</em></strong></span> 
     </span>
    </p>
   </div>
   <div class='ocr_carea' id='block_1_87' title="bbox 2360 2476 3898 2550">
    <p class='ocr_par' dir='ltr' id='par_1_87' title="bbox 2360 2476 3898 2550">
     <span class='ocr_line' id='line_1_88' title="bbox 2360 2476 3898 2550; baseline 0 -16"><span class='ocrx_word' id='word_1_581' title='bbox 2360 2477 2417 2534; x_wconf 90' lang='lat' dir='ltr'><strong><em>Si</em></strong></span> <span class='ocrx_word' id='word_1_582' title='bbox 2456 2486 2639 2533; x_wconf 88' lang='lat' dir='ltr'><strong><em>autem</em></strong></span> <span class='ocrx_word' id='word_1_583' title='bbox 2670 2476 2724 2533; x_wconf 93' lang='lat' dir='ltr'><strong><em>in</em></strong></span> <span class='ocrx_word' id='word_1_584' title='bbox 2755 2476 3132 2548; x_wconf 87' lang='lat' dir='ltr'><strong><em>potentatibus</em></strong></span> <span class='ocrx_word' id='word_1_585' title='bbox 3159 2476 3437 2549; x_wconf 80' lang='lat' dir='ltr'><strong><em>octoginta</em></strong></span> <span class='ocrx_word' id='word_1_586' title='bbox 3462 2477 3592 2533; x_wconf 84' lang='lat' dir='ltr'><strong><em>anni</em></strong></span> <span class='ocrx_word' id='word_1_587' title='bbox 3631 2495 3647 2531; x_wconf 84' lang='lat'><strong>:</strong></span> <span class='ocrx_word' id='word_1_588' title='bbox 3685 2484 3745 2534; x_wconf 90' lang='lat' dir='ltr'><strong><em>et</em></strong></span> <span class='ocrx_word' id='word_1_589' title='bbox 3772 2477 3898 2550; x_wconf 84' lang='lat' dir='ltr'><strong><em>plu-</em></strong></span> 
     </span>
    </p>
   </div>
   <div class='ocr_carea' id='block_1_88' title="bbox 2290 2567 3194 2626">
    <p class='ocr_par' dir='ltr' id='par_1_88' title="bbox 2290 2567 3194 2626">
     <span class='ocr_line' id='line_1_89' title="bbox 2290 2567 3194 2626; baseline -0.001 -1"><span class='ocrx_word' id='word_1_590' title='bbox 2290 2568 2491 2626; x_wconf 88' lang='lat' dir='ltr'><strong><em>rimum</em></strong></span> <span class='ocrx_word' id='word_1_591' title='bbox 2515 2584 2713 2626; x_wconf 89' lang='lat' dir='ltr'><strong><em>eorum</em></strong></span> <span class='ocrx_word' id='word_1_592' title='bbox 2744 2568 2903 2625; x_wconf 87' lang='lat' dir='ltr'><strong><em>labor</em></strong></span> <span class='ocrx_word' id='word_1_593' title='bbox 2930 2576 2987 2626; x_wconf 91' lang='lat' dir='ltr'><strong><em>et</em></strong></span> <span class='ocrx_word' id='word_1_594' title='bbox 3014 2567 3194 2626; x_wconf 89' lang='lat' dir='ltr'><strong><em>dolor.</em></strong></span> 
     </span>
    </p>
   </div>
   <div class='ocr_carea' id='block_1_89' title="bbox 2361 2662 3899 2736">
    <p class='ocr_par' dir='ltr' id='par_1_89' title="bbox 2361 2662 3899 2736">
     <span class='ocr_line' id='line_1_90' title="bbox 2361 2662 3899 2736; baseline 0.002 -18"><span class='ocrx_word' id='word_1_595' title='bbox 2361 2662 2631 2733; x_wconf 85' lang='lat' dir='ltr'><strong><em>Quoniam</em></strong></span> <span class='ocrx_word' id='word_1_596' title='bbox 2661 2662 2982 2735; x_wconf 88' lang='lat' dir='ltr'><strong><em>supervenit</em></strong></span> <span class='ocrx_word' id='word_1_597' title='bbox 3013 2672 3039 2712; x_wconf 75' lang='grc' dir='ltr'><em>ε</em></span> <span class='ocrx_word' id='word_1_598' title='bbox 3070 2677 3236 2736; x_wconf 88' lang='lat' dir='ltr'><strong><em>super</em></strong></span> <span class='ocrx_word' id='word_1_599' title='bbox 3262 2677 3365 2722; x_wconf 88' lang='lat' dir='ltr'><strong><em>nos</em></strong></span> <span class='ocrx_word' id='word_1_600' title='bbox 3393 2662 3759 2722; x_wconf 82' lang='lat' dir='ltr'><strong><em>mansuetudo</em></strong></span> <span class='ocrx_word' id='word_1_601' title='bbox 3787 2681 3800 2719; x_wconf 95' lang='lat'>:</span> <span class='ocrx_word' id='word_1_602' title='bbox 3833 2671 3899 2723; x_wconf 87' lang='lat' dir='ltr'><strong><em>et</em></strong></span> 
     </span>
    </p>
   </div>
   <div class='ocr_carea' id='block_1_90' title="bbox 2289 2757 2676 2829">
    <p class='ocr_par' dir='ltr' id='par_1_90' title="bbox 2289 2757 2676 2829">
     <span class='ocr_line' id='line_1_91' title="bbox 2289 2757 2676 2829; baseline -0.008 -13"><span class='ocrx_word' id='word_1_603' title='bbox 2289 2757 2676 2829; x_wconf 83' lang='lat' dir='ltr'><strong><em>corripiemur.</em></strong></span> 
     </span>
    </p>
   </div>
   <div class='ocr_carea' id='block_1_91' title="bbox 2296 2849 3897 2927">
    <p class='ocr_par' dir='ltr' id='par_1_91' title="bbox 2296 2849 3897 2927">
     <span class='ocr_line' id='line_1_92' title="bbox 2296 2849 3897 2927; baseline 0.002 -22"><span class='ocrx_word' id='word_1_604' title='bbox 2296 2852 2307 2859; x_wconf 64' lang='lat'><strong>‘</strong></span> <span class='ocrx_word' id='word_1_605' title='bbox 2360 2850 2493 2919; x_wconf 85' lang='lat' dir='ltr'><strong><em>Quis</em></strong></span> <span class='ocrx_word' id='word_1_606' title='bbox 2524 2849 2676 2907; x_wconf 85' lang='lat' dir='ltr'><strong><em>novit</em></strong></span> <span class='ocrx_word' id='word_1_607' title='bbox 2715 2858 3041 2921; x_wconf 87' lang='lat' dir='ltr'><strong><em>potestatem</em></strong></span> <span class='ocrx_word' id='word_1_608' title='bbox 3073 2850 3173 2907; x_wconf 66' lang='lat' dir='ltr'><strong><em>ira:</em></strong></span> <span class='ocrx_word' id='word_1_609' title='bbox 3200 2852 3354 2909; x_wconf 77' lang='lat' dir='ltr'><strong><em>tute?</em></strong></span> <span class='ocrx_word' id='word_1_610' title='bbox 3383 2859 3479 2909; x_wconf 89' lang='lat' dir='ltr'><strong><em>aut</em></strong></span> <span class='ocrx_word' id='word_1_611' title='bbox 3509 2851 3638 2927; x_wconf 76' lang='lat' dir='ltr'><strong><em>[Hs.</em></strong></span> <span class='ocrx_word' id='word_1_612' title='bbox 3666 2849 3747 2925; x_wconf 84' lang='lat' dir='ltr'><strong><em>et]</em></strong></span> <span class='ocrx_word' id='word_1_613' title='bbox 3778 2866 3897 2924; x_wconf 73' lang='lat' dir='ltr'><strong><em>pra:</em></strong></span> 
     </span>
    </p>
   </div>
   <div class='ocr_carea' id='block_1_92' title="bbox 2290 2941 3712 3016">
    <p class='ocr_par' dir='ltr' id='par_1_92' title="bbox 2290 2941 3712 3016">
     <span class='ocr_line' id='line_1_93' title="bbox 2290 2941 3712 3016; baseline 0.001 -19"><span class='ocrx_word' id='word_1_614' title='bbox 2290 2941 2486 2998; x_wconf 90' lang='lat' dir='ltr'><strong><em>timore</em></strong></span> <span class='ocrx_word' id='word_1_615' title='bbox 2516 2941 2650 2998; x_wconf 86' lang='lat' dir='ltr'><strong><em>iram</em></strong></span> <span class='ocrx_word' id='word_1_616' title='bbox 2684 2950 2832 2997; x_wconf 83' lang='lat' dir='ltr'><strong><em>tuam</em></strong></span> <span class='ocrx_word' id='word_1_617' title='bbox 2867 2942 2996 3016; x_wconf 24' lang='lat' dir='ltr'><strong><em>[,Ms.</em></strong></span> <span class='ocrx_word' id='word_1_618' title='bbox 3027 2944 3122 3000; x_wconf 73' lang='lat' dir='ltr'><strong><em>ira:</em></strong></span> <span class='ocrx_word' id='word_1_619' title='bbox 3160 2941 3293 3014; x_wconf 63' lang='lat' dir='ltr'><strong><em>tuae]</em></strong></span> <span class='ocrx_word' id='word_1_620' title='bbox 3323 2943 3712 3001; x_wconf 79' lang='lat' dir='ltr'><strong><em>dinumerare?</em></strong></span> 
     </span>
    </p>
   </div>
   <div class='ocr_carea' id='block_1_93' title="bbox 2360 3032 3897 3102">
    <p class='ocr_par' dir='ltr' id='par_1_93' title="bbox 2360 3032 3897 3102">
     <span class='ocr_line' id='line_1_94' title="bbox 2360 3032 3897 3102; baseline 0.004 -14"><span class='ocrx_word' id='word_1_621' title='bbox 2360 3032 2649 3089; x_wconf 90' lang='lat' dir='ltr'><strong><em>Dexteram</em></strong></span> <span class='ocrx_word' id='word_1_622' title='bbox 2684 3041 2865 3098; x_wconf 90' lang='lat' dir='ltr'><strong><em>tuam,</em></strong></span> <span class='ocrx_word' id='word_1_623' title='bbox 2902 3033 3137 3091; x_wconf 90' lang='lat' dir='ltr'><strong><em>Domine</em></strong></span> <span class='ocrx_word' id='word_1_624' title='bbox 3156 3075 3173 3102; x_wconf 88' lang='lat'><strong><em>,</em></strong></span> <span class='ocrx_word' id='word_1_625' title='bbox 3202 3033 3233 3073; x_wconf 63' lang='grc' dir='ltr'>δ</span> <span class='ocrx_word' id='word_1_626' title='bbox 3263 3045 3449 3093; x_wconf 89' lang='lat' dir='ltr'><strong><em>notam</em></strong></span> <span class='ocrx_word' id='word_1_627' title='bbox 3480 3035 3569 3093; x_wconf 81' lang='lat' dir='ltr'><strong><em>fac</em></strong></span> <span class='ocrx_word' id='word_1_628' title='bbox 3597 3035 3761 3097; x_wconf 87' lang='lat' dir='ltr'><strong><em>nobis</em></strong></span> <span class='ocrx_word' id='word_1_629' title='bbox 3794 3054 3807 3091; x_wconf 91' lang='lat'>:</span> <span class='ocrx_word' id='word_1_630' title='bbox 3837 3046 3897 3094; x_wconf 89' lang='lat' dir='ltr'><strong><em>et</em></strong></span> 
     </span>
    </p>
   </div>
   <div class='ocr_carea' id='block_1_94' title="bbox 2288 3124 3165 3198">
    <p class='ocr_par' dir='ltr' id='par_1_94' title="bbox 2288 3124 3165 3198">
     <span class='ocr_line' id='line_1_95' title="bbox 2288 3124 3165 3198; baseline 0.002 -16"><span class='ocrx_word' id='word_1_631' title='bbox 2288 3125 2534 3183; x_wconf 90' lang='lat' dir='ltr'><strong><em>eruditos</em></strong></span> <span class='ocrx_word' id='word_1_632' title='bbox 2557 3124 2723 3181; x_wconf 91' lang='lat' dir='ltr'><strong><em>corde</em></strong></span> <span class='ocrx_word' id='word_1_633' title='bbox 2754 3125 2810 3181; x_wconf 88' lang='lat' dir='ltr'><strong><em>itt</em></strong></span> <span class='ocrx_word' id='word_1_634' title='bbox 2848 3126 3116 3198; x_wconf 84' lang='lat' dir='ltr'><strong><em>sapientia</em></strong></span> <span class='ocrx_word' id='word_1_635' title='bbox 3148 3143 3165 3184; x_wconf 87' lang='lat'><strong>:</strong></span> 
     </span>
    </p>
   </div>
   <div class='ocr_carea' id='block_1_95' title="bbox 2359 3217 3896 3297">
    <p class='ocr_par' dir='ltr' id='par_1_95' title="bbox 2359 3217 3896 3297">
     <span class='ocr_line' id='line_1_96' title="bbox 2359 3217 3896 3297; baseline 0.004 -21"><span class='ocrx_word' id='word_1_636' title='bbox 2359 3217 2716 3288; x_wconf 86' lang='lat' dir='ltr'><strong><em>Convertere,</em></strong></span> <span class='ocrx_word' id='word_1_637' title='bbox 2748 3219 3007 3291; x_wconf 89' lang='lat' dir='ltr'><strong><em>Domine,</em></strong></span> <span class='ocrx_word' id='word_1_638' title='bbox 3051 3220 3471 3294; x_wconf 88' lang='lat' dir='ltr'><strong><em>aliquantulum,</em></strong></span> <span class='ocrx_word' id='word_1_639' title='bbox 3496 3230 3553 3280; x_wconf 89' lang='lat' dir='ltr'><strong><em>et</em></strong></span> <span class='ocrx_word' id='word_1_640' title='bbox 3590 3221 3896 3297; x_wconf 83' lang='lat' dir='ltr'><strong><em>deprecare</em></strong></span> 
     </span>
    </p>
   </div>
   <div class='ocr_carea' id='block_1_96' title="bbox 2216 3314 2873 3381">
    <p class='ocr_par' dir='ltr' id='par_1_96' title="bbox 2216 3314 2873 3381">
     <span class='ocr_line' id='line_1_97' title="bbox 2216 3314 2873 3381; baseline -0.002 -12"><span class='ocrx_word' id='word_1_641' title='bbox 2216 3314 2264 3378; x_wconf 89' lang='lat' dir='ltr'>C</span> <span class='ocrx_word' id='word_1_642' title='bbox 2293 3327 2460 3381; x_wconf 83' lang='lat' dir='ltr'><strong><em>super</em></strong></span> <span class='ocrx_word' id='word_1_643' title='bbox 2489 3326 2689 3368; x_wconf 78' lang='lat' dir='ltr'><strong><em>servos</em></strong></span> <span class='ocrx_word' id='word_1_644' title='bbox 2724 3319 2873 3368; x_wconf 88' lang='lat' dir='ltr'><strong><em>tuos.</em></strong></span> 
     </span>
    </p>
   </div>
   <div class='ocr_carea' id='block_1_97' title="bbox 2368 3406 3892 3478">
    <p class='ocr_par' dir='ltr' id='par_1_97' title="bbox 2368 3406 3892 3478">
     <span class='ocr_line' id='line_1_98' title="bbox 2368 3406 3892 3478; baseline 0.005 -16"><span class='ocrx_word' id='word_1_645' title='bbox 2368 3406 2576 3478; x_wconf 79' lang='lat' dir='ltr'><strong><em>Repleti</em></strong></span> <span class='ocrx_word' id='word_1_646' title='bbox 2603 3422 2791 3465; x_wconf 89' lang='lat' dir='ltr'><strong><em>sumus</em></strong></span> <span class='ocrx_word' id='word_1_647' title='bbox 2812 3424 2972 3466; x_wconf 90' lang='lat' dir='ltr'><strong><em>mane</em></strong></span> <span class='ocrx_word' id='word_1_648' title='bbox 2998 3408 3376 3467; x_wconf 88' lang='lat' dir='ltr'><strong><em>misericordia</em></strong></span> <span class='ocrx_word' id='word_1_649' title='bbox 3405 3421 3501 3468; x_wconf 87' lang='lat' dir='ltr'><strong><em>tua</em></strong></span> <span class='ocrx_word' id='word_1_650' title='bbox 3534 3425 3550 3467; x_wconf 88' lang='lat'><strong>:</strong></span> <span class='ocrx_word' id='word_1_651' title='bbox 3586 3411 3892 3469; x_wconf 79' lang='lat' dir='ltr'><strong><em>exsultavi-</em></strong></span> 
     </span>
    </p>
   </div>
   <div class='ocr_carea' id='block_1_98' title="bbox 2291 3500 3817 3569">
    <p class='ocr_par' dir='ltr' id='par_1_98' title="bbox 2291 3500 3817 3569">
     <span class='ocr_line' id='line_1_99' title="bbox 2291 3500 3817 3569; baseline 0.003 -12"><span class='ocrx_word' id='word_1_652' title='bbox 2291 3514 2412 3557; x_wconf 87' lang='lat' dir='ltr'><strong><em>mus</em></strong></span> <span class='ocrx_word' id='word_1_653' title='bbox 2431 3540 2448 3569; x_wconf 91' lang='lat'><strong><em>,</em></strong></span> <span class='ocrx_word' id='word_1_654' title='bbox 2476 3510 2533 3558; x_wconf 89' lang='lat' dir='ltr'><strong><em>et</em></strong></span> <span class='ocrx_word' id='word_1_655' title='bbox 2551 3500 2803 3559; x_wconf 88' lang='lat' dir='ltr'><strong><em>delectati</em></strong></span> <span class='ocrx_word' id='word_1_656' title='bbox 2830 3510 2959 3560; x_wconf 86' lang='lat' dir='ltr'><strong><em>sunt</em></strong></span> <span class='ocrx_word' id='word_1_657' title='bbox 2996 3503 3051 3561; x_wconf 89' lang='lat' dir='ltr'><strong><em>in</em></strong></span> <span class='ocrx_word' id='word_1_658' title='bbox 3081 3504 3337 3561; x_wconf 90' lang='lat' dir='ltr'><strong><em>omnibus</em></strong></span> <span class='ocrx_word' id='word_1_659' title='bbox 3364 3503 3561 3562; x_wconf 90' lang='lat' dir='ltr'><strong><em>diebus</em></strong></span> <span class='ocrx_word' id='word_1_660' title='bbox 3588 3507 3817 3562; x_wconf 89' lang='lat' dir='ltr'><strong><em>nostris.</em></strong></span> 
     </span>
    </p>
   </div>
   <div class='ocr_carea' id='block_1_99' title="bbox 2286 3681 3887 3754">
    <p class='ocr_par' dir='ltr' id='par_1_99' title="bbox 2286 3681 3887 3754">
     <span class='ocr_line' id='line_1_100' title="bbox 2286 3681 3887 3754; baseline 0.002 -19"><span class='ocrx_word' id='word_1_661' title='bbox 2286 3681 2430 3753; x_wconf 90' lang='lat' dir='ltr'><strong><em>quod</em></strong></span> <span class='ocrx_word' id='word_1_662' title='bbox 2460 3681 2550 3737; x_wconf 89' lang='lat' dir='ltr'><strong><em>hic</em></strong></span> <span class='ocrx_word' id='word_1_663' title='bbox 2583 3682 2955 3754; x_wconf 86' lang='lat' dir='ltr'><strong><em>subsequitur,</em></strong></span> <span class='ocrx_word' id='word_1_664' title='bbox 2990 3682 3153 3741; x_wconf 88' lang='lat' dir='ltr'><strong><em>Deus.</em></strong></span> <span class='ocrx_word' id='word_1_665' title='bbox 3182 3683 3240 3740; x_wconf 87' lang='lat' dir='ltr'><strong><em>In</em></strong></span> <span class='ocrx_word' id='word_1_666' title='bbox 3278 3699 3439 3754; x_wconf 91' lang='lat' dir='ltr'><strong><em>quem</em></strong></span> <span class='ocrx_word' id='word_1_667' title='bbox 3472 3683 3654 3742; x_wconf 89' lang='lat' dir='ltr'><strong><em>locum</em></strong></span> <span class='ocrx_word' id='word_1_668' title='bbox 3684 3685 3887 3743; x_wconf 85' lang='lat' dir='ltr'><strong><em>llicro-</em></strong></span> 
     </span>
    </p>
   </div>
   <div class='ocr_carea' id='block_1_100' title="bbox 2287 3755 3895 3826">
    <p class='ocr_par' dir='ltr' id='par_1_100' title="bbox 2287 3755 3895 3826">
     <span class='ocr_line' id='line_1_101' title="bbox 2287 3755 3895 3826; baseline 0.002 -17"><span class='ocrx_word' id='word_1_669' title='bbox 2287 3768 2485 3826; x_wconf 89' lang='lat' dir='ltr'><strong><em>nymus</em></strong></span> <span class='ocrx_word' id='word_1_670' title='bbox 2516 3755 2718 3826; x_wconf 72' lang='lat' dir='ltr'><strong><em>smpius</em></strong></span> <span class='ocrx_word' id='word_1_671' title='bbox 2749 3755 2967 3826; x_wconf 79' lang='lat' dir='ltr'><strong><em>laudata</em></strong></span> <span class='ocrx_word' id='word_1_672' title='bbox 3012 3756 3176 3823; x_wconf 81' lang='lat' dir='ltr'><strong><em>epist.</em></strong></span> <span class='ocrx_word' id='word_1_673' title='bbox 3221 3755 3287 3810; x_wconf 87' lang='lat' dir='ltr'><strong><em>ad</em></strong></span> <span class='ocrx_word' id='word_1_674' title='bbox 3330 3756 3622 3821; x_wconf 86' lang='lat' dir='ltr'><strong><em>Suuuiam,</em></strong></span> <span class='ocrx_word' id='word_1_675' title='bbox 3667 3768 3773 3813; x_wconf 79' lang='lat' dir='ltr'><strong><em>etc.</em></strong></span> <span class='ocrx_word' id='word_1_676' title='bbox 3823 3758 3895 3813; x_wconf 78' lang='lat' dir='ltr'><strong><em>Et</em></strong></span> 
     </span>
    </p>
   </div>
   <div class='ocr_carea' id='block_1_101' title="bbox 2287 3824 3895 3900">
    <p class='ocr_par' dir='ltr' id='par_1_101' title="bbox 2287 3824 3895 3900">
     <span class='ocr_line' id='line_1_102' title="bbox 2287 3824 3895 3900; baseline 0.004 -22"><span class='ocrx_word' id='word_1_677' title='bbox 2287 3824 2490 3900; x_wconf 80' lang='lat' dir='ltr'><strong><em>dicitis,</em></strong></span> <span class='ocrx_word' id='word_1_678' title='bbox 2533 3824 2671 3900; x_wconf 76' lang='lat' dir='ltr'><strong><em>quod</em></strong></span> <span class='ocrx_word' id='word_1_679' title='bbox 2701 3827 2754 3880; x_wconf 91' lang='lat' dir='ltr'><strong><em>in</em></strong></span> <span class='ocrx_word' id='word_1_680' title='bbox 2787 3825 2973 3882; x_wconf 60' lang='lat' dir='ltr'><strong><em>Graeco</em></strong></span> <span class='ocrx_word' id='word_1_681' title='bbox 3006 3842 3110 3900; x_wconf 72' lang='lat' dir='ltr'><strong><em>non</em></strong></span> <span class='ocrx_word' id='word_1_682' title='bbox 3145 3828 3211 3881; x_wconf 89' lang='lat' dir='ltr'><strong><em>sit</em></strong></span> <span class='ocrx_word' id='word_1_683' title='bbox 3248 3826 3423 3900; x_wconf 61' lang='lat' dir='ltr'><strong><em>D_:us.</em></strong></span> <span class='ocrx_word' id='word_1_684' title='bbox 3456 3827 3598 3900; x_wconf 85' lang='lat' dir='ltr'><strong><em>quod</em></strong></span> <span class='ocrx_word' id='word_1_685' title='bbox 3631 3834 3774 3900; x_wconf 82' lang='lat' dir='ltr'><strong><em>apud</em></strong></span> <span class='ocrx_word' id='word_1_686' title='bbox 3805 3846 3895 3884; x_wconf 89' lang='lat' dir='ltr'><strong><em>eos</em></strong></span> 
     </span>
    </p>
   </div>
   <div class='ocr_carea' id='block_1_102' title="bbox 2287 3895 3895 3968">
    <p class='ocr_par' dir='ltr' id='par_1_102' title="bbox 2287 3895 3895 3968">
     <span class='ocr_line' id='line_1_103' title="bbox 2287 3895 3895 3968; baseline 0.003 -19"><span class='ocrx_word' id='word_1_687' title='bbox 2287 3897 2463 3951; x_wconf 86' lang='lat' dir='ltr'><strong><em>deesse</em></strong></span> <span class='ocrx_word' id='word_1_688' title='bbox 2487 3896 2819 3968; x_wconf 85' lang='lat' dir='ltr'><strong><em>manifestum</em></strong></span> <span class='ocrx_word' id='word_1_689' title='bbox 2854 3906 2948 3952; x_wconf 88' lang='lat' dir='ltr'><strong><em>est.</em></strong></span> <span class='ocrx_word' id='word_1_690' title='bbox 3004 3895 3147 3951; x_wconf 85' lang='lat' dir='ltr'><strong><em>Nam</em></strong></span> <span class='ocrx_word' id='word_1_691' title='bbox 3187 3908 3237 3952; x_wconf 84' lang='lat' dir='ltr'><strong><em>et</em></strong></span> <span class='ocrx_word' id='word_1_692' title='bbox 3278 3897 3589 3953; x_wconf 84' lang='lat' dir='ltr'><strong><em>Hebraicum</em></strong></span> <span class='ocrx_word' id='word_1_693' title='bbox 3619 3895 3792 3968; x_wconf 74' lang='lat' dir='ltr'><strong><em>habet,</em></strong></span> <span class='ocrx_word' id='word_1_694' title='bbox 3842 3909 3895 3954; x_wconf 90' lang='lat' dir='ltr'><strong><em>et</em></strong></span> 
     </span>
    </p>
   </div>
   <div class='ocr_carea' id='block_1_103' title="bbox 2289 3966 3899 4040">
    <p class='ocr_par' dir='ltr' id='par_1_103' title="bbox 2289 3966 3899 4040">
     <span class='ocr_line' id='line_1_104' title="bbox 2289 3966 3899 4040; baseline 0.002 -20"><span class='ocrx_word' id='word_1_695' title='bbox 2289 3982 2463 4020; x_wconf 83' lang='lat' dir='ltr'><strong><em>omnes</em></strong></span> <span class='ocrx_word' id='word_1_696' title='bbox 2488 3966 2595 4040; x_wconf 9' lang='lat' dir='ltr'><strong><em>alii,</em></strong></span> <span class='ocrx_word' id='word_1_697' title='bbox 2623 3966 2926 4033; x_wconf 85' lang='lat' dir='ltr'><strong><em>interpretes</em></strong></span> <span class='ocrx_word' id='word_1_698' title='bbox 2946 4011 2962 4037; x_wconf 92' lang='lat'><strong><em>,</em></strong></span> <span class='ocrx_word' id='word_1_699' title='bbox 2995 3978 3042 4023; x_wconf 90' lang='lat' dir='ltr'><strong><em>et</em></strong></span> <span class='ocrx_word' id='word_1_700' title='bbox 3075 3969 3421 4040; x_wconf 80' lang='lat' dir='ltr'><strong><em>Sentuaginta</em></strong></span> <span class='ocrx_word' id='word_1_701' title='bbox 3447 3969 3687 4040; x_wconf 56' lang='lat' dir='ltr'><strong><em>similitgr</em></strong></span> <span class='ocrx_word' id='word_1_702' title='bbox 3719 3966 3899 4024; x_wconf 77' lang='lat' dir='ltr'><strong><em>trans-</em></strong></span> 
     </span>
    </p>
   </div>
   <div class='ocr_carea' id='block_1_104' title="bbox 2288 4036 3893 4109">
    <p class='ocr_par' dir='ltr' id='par_1_104' title="bbox 2288 4036 3893 4109">
     <span class='ocr_line' id='line_1_105' title="bbox 2288 4036 3893 4109; baseline 0.004 -18"><span class='ocrx_word' id='word_1_703' title='bbox 2288 4039 2679 4109; x_wconf 38' lang='lat' dir='ltr'><strong><em>tttlettun‘l,&amp;1rb</em></strong></span> <span class='ocrx_word' id='word_1_704' title='bbox 2706 4046 2798 4095; x_wconf 82' lang='grc' dir='ltr'><strong><em>τοῦ</em></strong></span> <span class='ocrx_word' id='word_1_705' title='bbox 2828 4041 3007 4104; x_wconf 79' lang='grc' dir='ltr'><strong><em>αἰῶνος</em></strong></span> <span class='ocrx_word' id='word_1_706' title='bbox 3037 4043 3124 4095; x_wconf 82' lang='grc' dir='ltr'><strong>καί</strong></span> <span class='ocrx_word' id='word_1_707' title='bbox 3150 4041 3247 4100; x_wconf 77' lang='grc' dir='ltr'><strong><em>ἕως</em></strong></span> <span class='ocrx_word' id='word_1_708' title='bbox 3278 4036 3463 4103; x_wconf 57' lang='lat' dir='ltr'><strong><em>uicinia;</em></strong></span> <span class='ocrx_word' id='word_1_709' title='bbox 3501 4044 3568 4096; x_wconf 80' lang='grc' dir='ltr'><strong>σὺ</strong></span> <span class='ocrx_word' id='word_1_710' title='bbox 3599 4036 3647 4096; x_wconf 81' lang='grc' dir='ltr'><strong><em>εἶ</em></strong></span> <span class='ocrx_word' id='word_1_711' title='bbox 3687 4041 3713 4096; x_wconf 87' lang='grc' dir='ltr'>ὁ</span> <span class='ocrx_word' id='word_1_712' title='bbox 3741 4042 3854 4105; x_wconf 76' lang='grc' dir='ltr'><strong><em>θεὸς</em></strong></span> <span class='ocrx_word' id='word_1_713' title='bbox 3875 4085 3893 4109; x_wconf 86' lang='grc'><em>,</em></span> 
     </span>
    </p>
   </div>
   <div class='ocr_carea' id='block_1_105' title="bbox 2288 4106 3897 4177">
    <p class='ocr_par' dir='ltr' id='par_1_105' title="bbox 2288 4106 3897 4177">
     <span class='ocr_line' id='line_1_106' title="bbox 2288 4106 3897 4177; baseline 0.003 -17"><span class='ocrx_word' id='word_1_714' title='bbox 2288 4107 2426 4176; x_wconf 89' lang='lat' dir='ltr'><strong><em>quod</em></strong></span> <span class='ocrx_word' id='word_1_715' title='bbox 2455 4106 2713 4163; x_wconf 88' lang='lat' dir='ltr'><strong><em>Hebraice</em></strong></span> <span class='ocrx_word' id='word_1_716' title='bbox 2750 4110 2965 4177; x_wconf 88' lang='lat' dir='ltr'><strong><em>dicitur,</em></strong></span> <span class='ocrx_word' id='word_1_717' title='bbox 3010 4111 3240 4165; x_wconf 80' lang='lat' dir='ltr'><strong><em>nteolatu</em></strong></span> <span class='ocrx_word' id='word_1_718' title='bbox 3272 4112 3510 4165; x_wconf 81' lang='lat' dir='ltr'><strong><em>ad-olam</em></strong></span> <span class='ocrx_word' id='word_1_719' title='bbox 3555 4111 3649 4166; x_wconf 88' lang='lat' dir='ltr'><strong><em>atlt</em></strong></span> <span class='ocrx_word' id='word_1_720' title='bbox 3676 4115 3749 4167; x_wconf 89' lang='lat' dir='ltr'><strong><em>cl.</em></strong></span> <span class='ocrx_word' id='word_1_721' title='bbox 3801 4106 3897 4165; x_wconf 61' lang='lat' dir='ltr'><strong><em>Vi;</em></strong></span> 
     </span>
    </p>
   </div>
   <div class='ocr_carea' id='block_1_106' title="bbox 2289 4178 3897 4251">
    <p class='ocr_par' dir='ltr' id='par_1_106' title="bbox 2289 4178 3897 4251">
     <span class='ocr_line' id='line_1_107' title="bbox 2289 4178 3897 4251; baseline 0.004 -17"><span class='ocrx_word' id='word_1_722' title='bbox 2289 4178 2437 4234; x_wconf 89' lang='lat' dir='ltr'><strong><em>desis</em></strong></span> <span class='ocrx_word' id='word_1_723' title='bbox 2465 4187 2522 4251; x_wconf 83' lang='lat' dir='ltr'><strong><em>et</em></strong></span> <span class='ocrx_word' id='word_1_724' title='bbox 2560 4194 2684 4251; x_wconf 71' lang='lat' dir='ltr'><strong><em>qua:</em></strong></span> <span class='ocrx_word' id='word_1_725' title='bbox 2720 4180 2778 4251; x_wconf 85' lang='lat' dir='ltr'><strong><em>in</em></strong></span> <span class='ocrx_word' id='word_1_726' title='bbox 2813 4181 2957 4236; x_wconf 82' lang='lat' dir='ltr'><strong><em>hunc</em></strong></span> <span class='ocrx_word' id='word_1_727' title='bbox 3003 4197 3105 4236; x_wconf 89' lang='lat' dir='ltr'><strong><em>nos</em></strong></span> <span class='ocrx_word' id='word_1_728' title='bbox 3136 4182 3311 4237; x_wconf 89' lang='lat' dir='ltr'><strong><em>locum</em></strong></span> <span class='ocrx_word' id='word_1_729' title='bbox 3342 4190 3706 4251; x_wconf 69' lang='lat' dir='ltr'><strong><em>annotamus,</em></strong></span> <span class='ocrx_word' id='word_1_730' title='bbox 3737 4193 3796 4240; x_wconf 92' lang='lat' dir='ltr'><strong><em>ct</em></strong></span> <span class='ocrx_word' id='word_1_731' title='bbox 3823 4183 3897 4240; x_wconf 87' lang='lat' dir='ltr'><strong><em>ad</em></strong></span> 
     </span>
    </p>
   </div>
   <div class='ocr_carea' id='block_1_107' title="bbox 2290 4249 3527 4360">
    <p class='ocr_par' dir='ltr' id='par_1_107' title="bbox 2290 4249 3527 4360">
     <span class='ocr_line' id='line_1_108' title="bbox 2290 4249 3527 4360; baseline 0.002 -55"><span class='ocrx_word' id='word_1_732' title='bbox 2290 4249 2599 4360; x_wconf 72' lang='lat' dir='ltr'><strong><em>Oppositum</em></strong></span> <span class='ocrx_word' id='word_1_733' title='bbox 2630 4249 2893 4306; x_wconf 85' lang='lat' dir='ltr'><strong><em>Gallicani</em></strong></span> <span class='ocrx_word' id='word_1_734' title='bbox 2923 4251 3171 4308; x_wconf 85' lang='lat' dir='ltr'><strong><em>Psalterii</em></strong></span> <span class='ocrx_word' id='word_1_735' title='bbox 3198 4252 3527 4309; x_wconf 88' lang='lat' dir='ltr'><strong><em>columnam.</em></strong></span> 
     </span>
     <span class='ocr_line' id='line_1_109' title="bbox 2441 4320 3527 4360; baseline 0 0"><span class='ocrx_word' id='word_1_736' title='bbox 2441 4320 2606 4360; x_wconf 72' lang='lat' dir='ltr'><strong><em>Iidam</em></strong></span> <span class='ocrx_word' id='word_1_737' title='bbox 2630 4337 2845 4360; x_wconf 71' lang='lat' dir='ltr'><strong><em>NII-cun“</em></strong></span> <span class='ocrx_word' id='word_1_738' title='bbox 2868 4323 2989 4360; x_wconf 72' lang='lat' dir='ltr'><strong><em>Iihri</em></strong></span> <span class='ocrx_word' id='word_1_739' title='bbox 3048 4324 3177 4360; x_wconf 68' lang='lat' dir='ltr'><strong><em>nit-ur</em></strong></span> <span class='ocrx_word' id='word_1_740' title='bbox 3198 4323 3374 4360; x_wconf 70' lang='lat' dir='ltr'><strong><em>m&#39;niln&#39;n</em></strong></span> <span class='ocrx_word' id='word_1_741' title='bbox 3396 4326 3448 4360; x_wconf 68' lang='lat' dir='ltr'><strong><em>in</em></strong></span> <span class='ocrx_word' id='word_1_742' title='bbox 3473 4339 3527 4360; x_wconf 64' lang='lat' dir='ltr'><strong><em>su</em></strong></span> 
     </span>
    </p>
   </div>
   <div class='ocr_carea' id='block_1_108' title="bbox 2439 4320 3897 4394">
    <p class='ocr_par' dir='ltr' id='par_1_108' title="bbox 2439 4320 3897 4394">
     <span class='ocr_line' id='line_1_110' title="bbox 2439 4320 3897 4394; baseline 0.003 -18"><span class='ocrx_word' id='word_1_743' title='bbox 2439 4320 2607 4377; x_wconf 93' lang='lat' dir='ltr'><strong><em>Iidem</em></strong></span> <span class='ocrx_word' id='word_1_744' title='bbox 2630 4337 2846 4394; x_wconf 81' lang='lat' dir='ltr'><strong><em>rursum</em></strong></span> <span class='ocrx_word' id='word_1_745' title='bbox 2868 4323 3013 4391; x_wconf 85' lang='lat' dir='ltr'><strong><em>libri,</em></strong></span> <span class='ocrx_word' id='word_1_746' title='bbox 3044 4324 3177 4394; x_wconf 89' lang='lat' dir='ltr'><strong><em>sicut</em></strong></span> <span class='ocrx_word' id='word_1_747' title='bbox 3198 4323 3375 4394; x_wconf 85' lang='lat' dir='ltr'><strong><em>vigilia</em></strong></span> <span class='ocrx_word' id='word_1_748' title='bbox 3395 4326 3449 4377; x_wconf 89' lang='lat' dir='ltr'><strong><em>in</em></strong></span> <span class='ocrx_word' id='word_1_749' title='bbox 3473 4329 3643 4387; x_wconf 82' lang='lat' dir='ltr'><strong><em>nocte,</em></strong></span> <span class='ocrx_word' id='word_1_750' title='bbox 3667 4333 3740 4391; x_wconf 87' lang='lat' dir='ltr'><strong><em>et,</em></strong></span> <span class='ocrx_word' id='word_1_751' title='bbox 3766 4326 3897 4381; x_wconf 81' lang='lat' dir='ltr'><strong><em>anni</em></strong></span> 
     </span>
    </p>
   </div>
   <div class='ocr_carea' id='block_1_109' title="bbox 2292 4392 3898 4466">
    <p class='ocr_par' dir='ltr' id='par_1_109' title="bbox 2292 4392 3898 4466">
     <span class='ocr_line' id='line_1_111' title="bbox 2292 4392 3898 4466; baseline 0.004 -20"><span class='ocrx_word' id='word_1_752' title='bbox 2292 4400 2443 4466; x_wconf 79' lang='lat' dir='ltr'><strong><em>erunt</em></strong></span> <span class='ocrx_word' id='word_1_753' title='bbox 2467 4408 2664 4466; x_wconf 84' lang='lat' dir='ltr'><strong><em>eorum.</em></strong></span> <span class='ocrx_word' id='word_1_754' title='bbox 2692 4392 3060 4464; x_wconf 83' lang='lat' dir='ltr'><strong><em>Subsequenti</em></strong></span> <span class='ocrx_word' id='word_1_755' title='bbox 3090 4392 3271 4466; x_wconf 74' lang='lat' dir='ltr'><strong><em>versu,</em></strong></span> <span class='ocrx_word' id='word_1_756' title='bbox 3301 4404 3349 4449; x_wconf 91' lang='lat' dir='ltr'><strong><em>et</em></strong></span> <span class='ocrx_word' id='word_1_757' title='bbox 3387 4404 3656 4466; x_wconf 71' lang='lat' dir='ltr'><strong><em>praeterea,</em></strong></span> <span class='ocrx_word' id='word_1_758' title='bbox 3686 4411 3898 4464; x_wconf 83' lang='lat' dir='ltr'><strong><em>vespere</em></strong></span> 
     </span>
    </p>
   </div>
   <div class='ocr_carea' id='block_1_110' title="bbox 2293 4462 3895 4536">
    <p class='ocr_par' dir='ltr' id='par_1_110' title="bbox 2293 4462 3895 4536">
     <span class='ocr_line' id='line_1_112' title="bbox 2293 4462 3895 4536; baseline 0.004 -19"><span class='ocrx_word' id='word_1_759' title='bbox 2293 4462 2516 4531; x_wconf 88' lang='lat' dir='ltr'><strong><em>decidat,</em></strong></span> <span class='ocrx_word' id='word_1_760' title='bbox 2540 4464 2799 4536; x_wconf 83' lang='lat' dir='ltr'><strong><em>durescat,</em></strong></span> <span class='ocrx_word' id='word_1_761' title='bbox 2822 4474 2870 4518; x_wconf 89' lang='lat' dir='ltr'><strong><em>et</em></strong></span> <span class='ocrx_word' id='word_1_762' title='bbox 2889 4462 3112 4519; x_wconf 82' lang='lat' dir='ltr'><strong><em>arescat.</em></strong></span> <span class='ocrx_word' id='word_1_763' title='bbox 3143 4462 3403 4533; x_wconf 82' lang='lat' dir='ltr'><strong><em>Quoniam</em></strong></span> <span class='ocrx_word' id='word_1_764' title='bbox 3430 4465 3730 4536; x_wconf 81' lang='lat' dir='ltr'><strong><em>defecimus,</em></strong></span> <span class='ocrx_word' id='word_1_765' title='bbox 3755 4462 3895 4534; x_wconf 81' lang='lat' dir='ltr'><strong><em>etc.,</em></strong></span> 
     </span>
    </p>
   </div>
   <div class='ocr_carea' id='block_1_111' title="bbox 2295 4534 3895 4607">
    <p class='ocr_par' dir='ltr' id='par_1_111' title="bbox 2295 4534 3895 4607">
     <span class='ocr_line' id='line_1_113' title="bbox 2295 4534 3895 4607; baseline 0.004 -20"><span class='ocrx_word' id='word_1_766' title='bbox 2295 4543 2355 4588; x_wconf 90' lang='lat' dir='ltr'><strong><em>ut</em></strong></span> <span class='ocrx_word' id='word_1_767' title='bbox 2379 4547 2435 4607; x_wconf 83' lang='lat' dir='ltr'><strong><em>et</em></strong></span> <span class='ocrx_word' id='word_1_768' title='bbox 2463 4544 2586 4604; x_wconf 87' lang='lat' dir='ltr'><strong><em>post</em></strong></span> <span class='ocrx_word' id='word_1_769' title='bbox 2617 4534 2865 4607; x_wconf 82' lang='lat' dir='ltr'><strong><em>alterum</em></strong></span> <span class='ocrx_word' id='word_1_770' title='bbox 2880 4550 3100 4592; x_wconf 89' lang='lat' dir='ltr'><strong><em>versum</em></strong></span> <span class='ocrx_word' id='word_1_771' title='bbox 3119 4576 3143 4607; x_wconf 14' lang='grc' dir='ltr'><strong><em>,ί</em></strong></span> <span class='ocrx_word' id='word_1_772' title='bbox 3179 4546 3229 4589; x_wconf 91' lang='lat' dir='ltr'><strong><em>et</em></strong></span> <span class='ocrx_word' id='word_1_773' title='bbox 3262 4535 3321 4607; x_wconf 79' lang='lat' dir='ltr'><strong><em>in</em></strong></span> <span class='ocrx_word' id='word_1_774' title='bbox 3348 4537 3431 4589; x_wconf 88' lang='lat' dir='ltr'><strong><em>ira</em></strong></span> <span class='ocrx_word' id='word_1_775' title='bbox 3461 4534 3550 4589; x_wconf 83' lang='lat' dir='ltr'><strong><em>tua</em></strong></span> <span class='ocrx_word' id='word_1_776' title='bbox 3582 4538 3895 4607; x_wconf 77' lang='lat' dir='ltr'><strong><em>defecimus,</em></strong></span> 
     </span>
    </p>
   </div>
   <div class='ocr_carea' id='block_1_112' title="bbox 672 4605 2186 4701">
    <p class='ocr_par' dir='ltr' id='par_1_112' title="bbox 672 4605 2184 4701">
     <span class='ocr_line' id='line_1_114' title="bbox 672 4605 2184 4701; baseline 0.004 -27"><span class='ocrx_word' id='word_1_777' title='bbox 672 4630 695 4659; x_wconf 77' lang='grc' dir='ltr'><strong>ο</strong></span> <span class='ocrx_word' id='word_1_778' title='bbox 738 4616 1071 4701; x_wconf 69' lang='lat' dir='ltr'><strong><em>Asteriscutn</em></strong></span> <span class='ocrx_word' id='word_1_779' title='bbox 1103 4622 1177 4675; x_wconf 89' lang='lat' dir='ltr'><strong><em>sic</em></strong></span> <span class='ocrx_word' id='word_1_780' title='bbox 1220 4605 2184 4701; x_wconf 14' lang='grc' dir='ltr'><strong><em>ὗρευμωᾟᾳιαιὶγιῖίήηῖᾇᾚιίείῗριἶηίιε</em></strong></span> 
     </span>
    </p>
   </div>
   <div class='ocr_carea' id='block_1_113' title="bbox 2314 4605 3898 4701">
    <p class='ocr_par' dir='ltr' id='par_1_113' title="bbox 2314 4605 3898 4701">
     <span class='ocr_line' id='line_1_115' title="bbox 2314 4605 3898 4701; baseline 0.004 -42"><span class='ocrx_word' id='word_1_781' title='bbox 2314 4606 2457 4701; x_wconf 57' lang='lat' dir='ltr'><strong><em>aci&#39;to</em></strong></span> <span class='ocrx_word' id='word_1_782' title='bbox 2491 4621 2590 4701; x_wconf 56' lang='lat' dir='ltr'><strong><em>pos</em></strong></span> <span class='ocrx_word' id='word_1_783' title='bbox 2622 4605 2976 4701; x_wconf 49' lang='lat' dir='ltr'><strong><em>pron‘omiue,</em></strong></span> <span class='ocrx_word' id='word_1_784' title='bbox 3023 4621 3089 4662; x_wconf 89' lang='lat' dir='ltr'><strong><em>ac</em></strong></span> <span class='ocrx_word' id='word_1_785' title='bbox 3117 4605 3313 4701; x_wconf 49' lang='lat' dir='ltr'><strong><em>deinde</em></strong></span> <span class='ocrx_word' id='word_1_786' title='bbox 3341 4605 3747 4701; x_wconf 55' lang='lat' dir='ltr'><strong><em>meditabuntur,</em></strong></span> <span class='ocrx_word' id='word_1_787' title='bbox 3793 4625 3898 4701; x_wconf 71' lang='lat' dir='ltr'><strong><em>pro</em></strong></span> 
     </span>
    </p>
   </div>
   <div class='ocr_carea' id='block_1_114' title="bbox 2295 4675 3898 4750">
    <p class='ocr_par' dir='ltr' id='par_1_114' title="bbox 2295 4675 3898 4750">
     <span class='ocr_line' id='line_1_116' title="bbox 2295 4675 3898 4750; baseline 0.002 -18"><span class='ocrx_word' id='word_1_788' title='bbox 2295 4675 2695 4750; x_wconf 76' lang='lat' dir='ltr'><strong><em>meditabantur.</em></strong></span> <span class='ocrx_word' id='word_1_789' title='bbox 2732 4677 3143 4750; x_wconf 15' lang='lat' dir='ltr'><strong><em>Deniquerunus</em></strong></span> <span class='ocrx_word' id='word_1_790' title='bbox 3176 4676 3547 4750; x_wconf 72' lang='lat' dir='ltr'><strong><em>veronensis,_</em></strong></span> <span class='ocrx_word' id='word_1_791' title='bbox 3573 4678 3633 4733; x_wconf 87' lang='lat' dir='ltr'><strong><em>Si</em></strong></span> <span class='ocrx_word' id='word_1_792' title='bbox 3663 4675 3898 4750; x_wconf 81' lang='lat' dir='ltr'><strong><em>amplius</em></strong></span> 
     </span>
    </p>
   </div>
   <div class='ocr_carea' id='block_1_115' title="bbox 2294 4747 3893 4819">
    <p class='ocr_par' dir='ltr' id='par_1_115' title="bbox 2294 4747 3893 4819">
     <span class='ocr_line' id='line_1_117' title="bbox 2294 4747 3893 4819; baseline 0.003 -18"><span class='ocrx_word' id='word_1_793' title='bbox 2294 4750 2349 4819; x_wconf 86' lang='lat' dir='ltr'><strong><em>in</em></strong></span> <span class='ocrx_word' id='word_1_794' title='bbox 2369 4747 2563 4819; x_wconf 69' lang='lat' dir='ltr'><strong><em>uiribus</em></strong></span> <span class='ocrx_word' id='word_1_795' title='bbox 2582 4749 2846 4819; x_wconf 82' lang='lat' dir='ltr'><strong><em>octoginta</em></strong></span> <span class='ocrx_word' id='word_1_796' title='bbox 2865 4747 3011 4815; x_wconf 87' lang='lat' dir='ltr'><strong><em>anni,</em></strong></span> <span class='ocrx_word' id='word_1_797' title='bbox 3035 4757 3082 4803; x_wconf 90' lang='lat' dir='ltr'><strong><em>et</em></strong></span> <span class='ocrx_word' id='word_1_798' title='bbox 3102 4748 3328 4819; x_wconf 84' lang='lat' dir='ltr'><strong><em>amplius</em></strong></span> <span class='ocrx_word' id='word_1_799' title='bbox 3353 4748 3454 4817; x_wconf 84' lang='lat' dir='ltr'><strong><em>ipsi</em></strong></span> <span class='ocrx_word' id='word_1_800' title='bbox 3476 4748 3621 4804; x_wconf 86' lang='lat' dir='ltr'><strong><em>labor</em></strong></span> <span class='ocrx_word' id='word_1_801' title='bbox 3642 4759 3691 4803; x_wconf 88' lang='lat' dir='ltr'><strong><em>et</em></strong></span> <span class='ocrx_word' id='word_1_802' title='bbox 3712 4747 3893 4806; x_wconf 83' lang='lat' dir='ltr'><strong><em>dolor.</em></strong></span> 
     </span>
    </p>
   </div>
   <div class='ocr_carea' id='block_1_116' title="bbox 2295 4816 3895 4889">
    <p class='ocr_par' dir='ltr' id='par_1_116' title="bbox 2295 4816 3895 4889">
     <span class='ocr_line' id='line_1_118' title="bbox 2295 4816 3895 4889; baseline 0.002 -15"><span class='ocrx_word' id='word_1_803' title='bbox 2295 4818 2429 4874; x_wconf 85' lang='lat' dir='ltr'><strong><em>Illud</em></strong></span> <span class='ocrx_word' id='word_1_804' title='bbox 2454 4818 2597 4889; x_wconf 88' lang='lat' dir='ltr'><strong><em>quod</em></strong></span> <span class='ocrx_word' id='word_1_805' title='bbox 2630 4816 2864 4874; x_wconf 80' lang='lat' dir='ltr'><strong><em>habetur</em></strong></span> <span class='ocrx_word' id='word_1_806' title='bbox 2890 4816 3246 4889; x_wconf 73' lang='lat' dir='ltr'><strong><em>subsequenti</em></strong></span> <span class='ocrx_word' id='word_1_807' title='bbox 3269 4816 3431 4874; x_wconf 71' lang='grc' dir='ltr'><strong><em>νει-ευ</em></strong></span> <span class='ocrx_word' id='word_1_808' title='bbox 3457 4836 3617 4889; x_wconf 86' lang='lat' dir='ltr'><strong><em>super</em></strong></span> <span class='ocrx_word' id='word_1_809' title='bbox 3645 4837 3760 4888; x_wconf 91' lang='lat' dir='ltr'><strong><em>nos,</em></strong></span> <span class='ocrx_word' id='word_1_810' title='bbox 3793 4837 3895 4877; x_wconf 86' lang='lat' dir='ltr'><strong><em>su-</em></strong></span> 
     </span>
    </p>
   </div>
   <div class='ocr_carea' id='block_1_117' title="bbox 2295 4890 3888 4958">
    <p class='ocr_par' dir='ltr' id='par_1_117' title="bbox 2295 4890 3888 4958">
     <span class='ocr_line' id='line_1_119' title="bbox 2295 4890 3888 4958; baseline 0.002 -13"><span class='ocrx_word' id='word_1_811' title='bbox 2295 4891 2561 4958; x_wconf 83' lang='lat' dir='ltr'><strong><em>perﬂuum</em></strong></span> <span class='ocrx_word' id='word_1_812' title='bbox 2591 4899 2739 4944; x_wconf 87' lang='lat' dir='ltr'><strong><em>notat</em></strong></span> <span class='ocrx_word' id='word_1_813' title='bbox 2763 4905 2885 4947; x_wconf 87' lang='lat' dir='ltr'><strong><em>esse</em></strong></span> <span class='ocrx_word' id='word_1_814' title='bbox 2915 4890 2975 4947; x_wconf 89' lang='lat' dir='ltr'><strong><em>S.</em></strong></span> <span class='ocrx_word' id='word_1_815' title='bbox 3010 4890 3168 4946; x_wconf 78' lang='lat' dir='ltr'><strong><em>Pater</em></strong></span> <span class='ocrx_word' id='word_1_816' title='bbox 3198 4891 3252 4945; x_wconf 89' lang='lat' dir='ltr'><strong><em>in</em></strong></span> <span class='ocrx_word' id='word_1_817' title='bbox 3282 4890 3494 4945; x_wconf 79' lang='lat' dir='ltr'><strong><em>laudata</em></strong></span> <span class='ocrx_word' id='word_1_818' title='bbox 3525 4893 3591 4945; x_wconf 89' lang='lat' dir='ltr'><strong><em>ad</em></strong></span> <span class='ocrx_word' id='word_1_819' title='bbox 3620 4891 3888 4948; x_wconf 86' lang='lat' dir='ltr'><strong><em>Sunuiam</em></strong></span> 
     </span>
    </p>
   </div>
   <div class='ocr_carea' id='block_1_118' title="bbox 2294 4960 3893 5044">
    <p class='ocr_par' dir='ltr' id='par_1_118' title="bbox 2294 4960 3893 5044">
     <span class='ocr_line' id='line_1_120' title="bbox 2294 4960 3893 5044; baseline 0.001 -27"><span class='ocrx_word' id='word_1_820' title='bbox 2294 4972 2348 5017; x_wconf 89' lang='lat' dir='ltr'><strong><em>et</em></strong></span> <span class='ocrx_word' id='word_1_821' title='bbox 2380 4961 2652 5044; x_wconf 71' lang='lat' dir='ltr'><strong><em>Fretelatn</em></strong></span> <span class='ocrx_word' id='word_1_822' title='bbox 2678 4960 2928 5031; x_wconf 68' lang='lat' dir='ltr'><strong><em>cpisutla.</em></strong></span> <span class='ocrx_word' id='word_1_823' title='bbox 2969 4962 3142 5017; x_wconf 85' lang='lat' dir='ltr'><strong><em>Porro</em></strong></span> <span class='ocrx_word' id='word_1_824' title='bbox 3179 4962 3455 5034; x_wconf 85' lang='lat' dir='ltr'><strong><em>sequitur,</em></strong></span> <span class='ocrx_word' id='word_1_825' title='bbox 3486 4970 3536 5017; x_wconf 92' lang='lat' dir='ltr'><strong><em>et</em></strong></span> <span class='ocrx_word' id='word_1_826' title='bbox 3568 4964 3893 5033; x_wconf 86' lang='lat' dir='ltr'><strong><em>erudiemur,</em></strong></span> 
     </span>
    </p>
   </div>
   <div class='ocr_carea' id='block_1_119' title="bbox 2294 5043 2913 5103">
    <p class='ocr_par' dir='ltr' id='par_1_119' title="bbox 2294 5043 2913 5103">
     <span class='ocr_line' id='line_1_121' title="bbox 2294 5043 2913 5103; baseline 0 -16"><span class='ocrx_word' id='word_1_827' title='bbox 2294 5047 2396 5103; x_wconf 89' lang='lat' dir='ltr'><strong><em>pro</em></strong></span> <span class='ocrx_word' id='word_1_828' title='bbox 2421 5043 2783 5102; x_wconf 80' lang='lat' dir='ltr'><strong><em>corrrptemur,</em></strong></span> <span class='ocrx_word' id='word_1_829' title='bbox 2808 5043 2913 5088; x_wconf 90' lang='lat' dir='ltr'><strong><em>etc.</em></strong></span> 
     </span>
    </p>
   </div>
   <div class='ocr_carea' id='block_1_120' title="bbox 2368 5102 3899 5231">
    <p class='ocr_par' dir='ltr' id='par_1_120' title="bbox 2368 5102 3899 5231">
     <span class='ocr_line' id='line_1_122' title="bbox 2368 5102 3899 5231; baseline 0.008 -79"><span class='ocrx_word' id='word_1_830' title='bbox 2368 5114 2391 5152; x_wconf 69' lang='grc' dir='ltr'><em>ε</em></span> <span class='ocrx_word' id='word_1_831' title='bbox 2434 5103 2605 5231; x_wconf 54' lang='lat' dir='ltr'><strong><em>Sapier</em></strong></span> <span class='ocrx_word' id='word_1_832' title='bbox 2634 5120 2723 5158; x_wconf 84' lang='lat' dir='ltr'><strong><em>nos</em></strong></span> <span class='ocrx_word' id='word_1_833' title='bbox 2763 5102 2850 5159; x_wconf 77' lang='lat' dir='ltr'><strong><em>hic</em></strong></span> <span class='ocrx_word' id='word_1_834' title='bbox 2890 5103 3227 5176; x_wconf 82' lang='lat' dir='ltr'><strong><em>superﬂuum</em></strong></span> <span class='ocrx_word' id='word_1_835' title='bbox 3267 5111 3385 5174; x_wconf 87' lang='lat' dir='ltr'><strong><em>est,</em></strong></span> <span class='ocrx_word' id='word_1_836' title='bbox 3426 5103 3660 5161; x_wconf 85' lang='lat' dir='ltr'><strong><em>docente</em></strong></span> <span class='ocrx_word' id='word_1_837' title='bbox 3697 5104 3899 5164; x_wconf 79' lang='lat' dir='ltr'><strong><em>Hiero-</em></strong></span> 
     </span>
     <span class='ocr_line' id='line_1_123' title="bbox 2373 5190 2699 5231; baseline 0 -2"><span class='ocrx_word' id='word_1_838' title='bbox 2373 5191 2481 5231; x_wconf 85' lang='lat' dir='ltr'><strong><em>tno.</em></strong></span> <span class='ocrx_word' id='word_1_839' title='bbox 2570 5190 2699 5230; x_wconf 72' lang='grc' dir='ltr'><strong><em>ΛΒΤ.</em></strong></span> 
     </span>
    </p>
   </div>
   <div class='ocr_carea' id='block_1_121' title="bbox 2293 5190 2699 5231">
    <p class='ocr_par' dir='ltr' id='par_1_121' title="bbox 2293 5190 2699 5231">
     <span class='ocr_line' id='line_1_124' title="bbox 2293 5190 2699 5231; baseline -0.005 0"><span class='ocrx_word' id='word_1_840' title='bbox 2293 5191 2481 5231; x_wconf 82' lang='lat' dir='ltr'><strong><em>nvmo.</em></strong></span> <span class='ocrx_word' id='word_1_841' title='bbox 2515 5190 2699 5231; x_wconf 76' lang='lat' dir='ltr'><strong><em>MART.</em></strong></span> 
     </span>
    </p>
   </div>
   <div class='ocr_carea' id='block_1_122' title="bbox 2333 5191 3890 5316">
    <p class='ocr_par' dir='ltr' id='par_1_122' title="bbox 2333 5191 3890 5316">
     <span class='ocr_line' id='line_1_125' title="bbox 2333 5191 3890 5316; baseline 0.001 -14"><span class='ocrx_word' id='word_1_842' title='bbox 2333 5191 2723 5316; x_wconf 48' lang='grc' dir='ltr'><strong><em>ηιηίέιιῗῖιῖξῗία</em></strong></span> <span class='ocrx_word' id='word_1_843' title='bbox 2753 5246 3037 5304; x_wconf 80' lang='lat' dir='ltr'><strong><em>Veroncns</em></strong></span> <span class='ocrx_word' id='word_1_844' title='bbox 3064 5260 3166 5301; x_wconf 89' lang='lat' dir='ltr'><strong><em>ms.</em></strong></span> <span class='ocrx_word' id='word_1_845' title='bbox 3195 5247 3269 5302; x_wconf 85' lang='lat' dir='ltr'><strong><em>sic</em></strong></span> <span class='ocrx_word' id='word_1_846' title='bbox 3290 5254 3469 5302; x_wconf 88' lang='lat' dir='ltr'><strong><em>notam</em></strong></span> <span class='ocrx_word' id='word_1_847' title='bbox 3490 5247 3577 5315; x_wconf 86' lang='lat' dir='ltr'><strong><em>fac</em></strong></span> <span class='ocrx_word' id='word_1_848' title='bbox 3600 5247 3754 5315; x_wconf 88' lang='lat' dir='ltr'><strong><em>mihi,</em></strong></span> <span class='ocrx_word' id='word_1_849' title='bbox 3775 5256 3890 5305; x_wconf 88' lang='lat' dir='ltr'><strong><em>etc.</em></strong></span> 
     </span>
    </p>
   </div>
   <div class='ocr_carea' id='block_1_123' title="bbox 2296 5317 3893 5390">
    <p class='ocr_par' dir='ltr' id='par_1_123' title="bbox 2296 5317 3893 5390">
     <span class='ocr_line' id='line_1_126' title="bbox 2296 5317 3893 5390; baseline 0.002 -17"><span class='ocrx_word' id='word_1_850' title='bbox 2296 5333 2418 5373; x_wconf 87' lang='lat' dir='ltr'><strong><em>cum</em></strong></span> <span class='ocrx_word' id='word_1_851' title='bbox 2437 5320 2758 5390; x_wconf 76' lang='lat' dir='ltr'><strong><em>Augustino,</em></strong></span> <span class='ocrx_word' id='word_1_852' title='bbox 2774 5334 2935 5390; x_wconf 86' lang='lat' dir='ltr'><strong><em>quem</em></strong></span> <span class='ocrx_word' id='word_1_853' title='bbox 2947 5317 3149 5374; x_wconf 76' lang='lat' dir='ltr'><strong><em>videsis</em></strong></span> <span class='ocrx_word' id='word_1_854' title='bbox 3163 5318 3215 5373; x_wconf 90' lang='lat' dir='ltr'><strong><em>in</em></strong></span> <span class='ocrx_word' id='word_1_855' title='bbox 3229 5318 3573 5374; x_wconf 83' lang='lat' dir='ltr'><strong><em>enarratione</em></strong></span> <span class='ocrx_word' id='word_1_856' title='bbox 3588 5318 3749 5389; x_wconf 79' lang='lat' dir='ltr'><strong><em>huius</em></strong></span> <span class='ocrx_word' id='word_1_857' title='bbox 3766 5321 3893 5376; x_wconf 89' lang='lat' dir='ltr'><strong><em>loci.</em></strong></span> 
     </span>
    </p>
   </div>
   <div class='ocr_carea' id='block_1_124' title="bbox 2301 5389 3896 5462">
    <p class='ocr_par' dir='ltr' id='par_1_124' title="bbox 2301 5389 3896 5462">
     <span class='ocr_line' id='line_1_127' title="bbox 2301 5389 3896 5462; baseline 0.002 -18"><span class='ocrx_word' id='word_1_858' title='bbox 2301 5392 2370 5462; x_wconf 81' lang='lat' dir='ltr'><strong><em>Et</em></strong></span> <span class='ocrx_word' id='word_1_859' title='bbox 2397 5389 2759 5462; x_wconf 63' lang='lat' dir='ltr'><strong><em>subsequenti</em></strong></span> <span class='ocrx_word' id='word_1_860' title='bbox 2783 5389 2943 5445; x_wconf 65' lang='lat' dir='ltr'><strong><em>versu</em></strong></span> <span class='ocrx_word' id='word_1_861' title='bbox 2967 5431 2981 5456; x_wconf 91' lang='lat'><strong><em>,</em></strong></span> <span class='ocrx_word' id='word_1_862' title='bbox 3012 5405 3307 5462; x_wconf 85' lang='lat' dir='ltr'><strong><em>quousque,</em></strong></span> <span class='ocrx_word' id='word_1_863' title='bbox 3351 5406 3449 5457; x_wconf 78' lang='lat' dir='ltr'><strong><em>pro</em></strong></span> <span class='ocrx_word' id='word_1_864' title='bbox 3478 5392 3896 5462; x_wconf 85' lang='lat' dir='ltr'><strong><em>aliquantulum.</em></strong></span> 
     </span>
    </p>
   </div>
   <div class='ocr_carea' id='block_1_125' title="bbox 2302 5458 3897 5526">
    <p class='ocr_par' dir='ltr' id='par_1_125' title="bbox 2302 5458 3897 5526">
     <span class='ocr_line' id='line_1_128' title="bbox 2302 5458 3897 5526; baseline 0.002 -11"><span class='ocrx_word' id='word_1_865' title='bbox 2302 5461 2536 5526; x_wconf 84' lang='lat' dir='ltr'><strong><em>Deinde,</em></strong></span> <span class='ocrx_word' id='word_1_866' title='bbox 2571 5458 2765 5515; x_wconf 88' lang='lat' dir='ltr'><strong><em>Sutiati</em></strong></span> <span class='ocrx_word' id='word_1_867' title='bbox 2800 5478 2975 5516; x_wconf 87' lang='lat' dir='ltr'><strong><em>sunms</em></strong></span> <span class='ocrx_word' id='word_1_868' title='bbox 3004 5458 3154 5515; x_wconf 82' lang='lat' dir='ltr'><strong><em>marte</em></strong></span> <span class='ocrx_word' id='word_1_869' title='bbox 3180 5458 3540 5516; x_wconf 83' lang='lat' dir='ltr'><strong><em>misericordia</em></strong></span> <span class='ocrx_word' id='word_1_870' title='bbox 3569 5458 3692 5523; x_wconf 89' lang='lat' dir='ltr'><strong><em>tua,</em></strong></span> <span class='ocrx_word' id='word_1_871' title='bbox 3720 5476 3768 5517; x_wconf 88' lang='lat' dir='ltr'><strong><em>et</em></strong></span> <span class='ocrx_word' id='word_1_872' title='bbox 3800 5479 3897 5518; x_wconf 75' lang='lat' dir='ltr'><strong><em>ea:-</em></strong></span> 
     </span>
    </p>
   </div>
   <div class='ocr_carea' id='block_1_126' title="bbox 2296 5532 3897 5603">
    <p class='ocr_par' dir='ltr' id='par_1_126' title="bbox 2296 5532 3897 5603">
     <span class='ocr_line' id='line_1_129' title="bbox 2296 5532 3897 5603; baseline 0.001 -16"><span class='ocrx_word' id='word_1_873' title='bbox 2296 5533 2628 5603; x_wconf 80' lang='lat' dir='ltr'><strong><em>snltavimus,</em></strong></span> <span class='ocrx_word' id='word_1_874' title='bbox 2659 5541 2705 5585; x_wconf 84' lang='lat' dir='ltr'><strong><em>et</em></strong></span> <span class='ocrx_word' id='word_1_875' title='bbox 2730 5532 3007 5603; x_wconf 84' lang='lat' dir='ltr'><strong><em>jocundoti</em></strong></span> <span class='ocrx_word' id='word_1_876' title='bbox 3032 5532 3289 5603; x_wconf 23' lang='lat' dir='ltr'><strong><em>sumusiin</em></strong></span> <span class='ocrx_word' id='word_1_877' title='bbox 3318 5533 3553 5587; x_wconf 87' lang='lat' dir='ltr'><strong><em>omnibus</em></strong></span> <span class='ocrx_word' id='word_1_878' title='bbox 3581 5532 3764 5587; x_wconf 88' lang='lat' dir='ltr'><strong><em>diebus</em></strong></span> <span class='ocrx_word' id='word_1_879' title='bbox 3794 5550 3897 5588; x_wconf 80' lang='lat' dir='ltr'><strong><em>no-</em></strong></span> 
     </span>
    </p>
   </div>
   <div class='ocr_carea' id='block_1_127' title="bbox 2296 5601 3898 5675">
    <p class='ocr_par' dir='ltr' id='par_1_127' title="bbox 2296 5601 3898 5675">
     <span class='ocr_line' id='line_1_130' title="bbox 2296 5601 3898 5675; baseline 0.002 -19"><span class='ocrx_word' id='word_1_880' title='bbox 2296 5604 2441 5656; x_wconf 80' lang='lat' dir='ltr'><strong><em>stris.</em></strong></span> <span class='ocrx_word' id='word_1_881' title='bbox 2480 5601 2760 5657; x_wconf 78' lang='lat' dir='ltr'><strong><em>Jocuttdati</em></strong></span> <span class='ocrx_word' id='word_1_882' title='bbox 2804 5621 2999 5669; x_wconf 84' lang='lat' dir='ltr'><strong><em>sumus,</em></strong></span> <span class='ocrx_word' id='word_1_883' title='bbox 3047 5613 3155 5659; x_wconf 85' lang='lat' dir='ltr'><strong><em>cIC.</em></strong></span> <span class='ocrx_word' id='word_1_884' title='bbox 3196 5601 3374 5669; x_wconf 80' lang='lat' dir='ltr'><strong><em>Tum,</em></strong></span> <span class='ocrx_word' id='word_1_885' title='bbox 3419 5603 3485 5658; x_wconf 85' lang='grc' dir='ltr'><strong><em>Ει</em></strong></span> <span class='ocrx_word' id='word_1_886' title='bbox 3525 5605 3700 5675; x_wconf 79' lang='lat' dir='ltr'><strong><em>aspice</em></strong></span> <span class='ocrx_word' id='word_1_887' title='bbox 3739 5621 3898 5675; x_wconf 84' lang='lat' dir='ltr'><strong><em>super</em></strong></span> 
     </span>
    </p>
   </div>
   <div class='ocr_carea' id='block_1_128' title="bbox 2290 5675 3899 5748">
    <p class='ocr_par' dir='ltr' id='par_1_128' title="bbox 2290 5675 3899 5748">
     <span class='ocr_line' id='line_1_131' title="bbox 2290 5675 3899 5748; baseline 0.002 -21"><span class='ocrx_word' id='word_1_888' title='bbox 2290 5690 2459 5728; x_wconf 82' lang='lat' dir='ltr'><strong><em>servos</em></strong></span> <span class='ocrx_word' id='word_1_889' title='bbox 2495 5682 2613 5748; x_wconf 80' lang='lat' dir='ltr'><strong><em>tttos</em></strong></span> <span class='ocrx_word' id='word_1_890' title='bbox 2641 5676 2802 5744; x_wconf 73' lang='lat' dir='ltr'><strong><em>(Aug.</em></strong></span> <span class='ocrx_word' id='word_1_891' title='bbox 2833 5675 3029 5748; x_wconf 83' lang='lat' dir='ltr'><strong><em>respice</em></strong></span> <span class='ocrx_word' id='word_1_892' title='bbox 3057 5675 3111 5729; x_wconf 89' lang='lat' dir='ltr'><strong><em>in</em></strong></span> <span class='ocrx_word' id='word_1_893' title='bbox 3146 5690 3349 5745; x_wconf 79' lang='lat' dir='ltr'><strong><em>servos,</em></strong></span> <span class='ocrx_word' id='word_1_894' title='bbox 3383 5679 3535 5747; x_wconf 81' lang='lat' dir='ltr'><strong><em>etc.)</em></strong></span> <span class='ocrx_word' id='word_1_895' title='bbox 3572 5686 3620 5729; x_wconf 88' lang='lat' dir='ltr'><strong><em>et</em></strong></span> <span class='ocrx_word' id='word_1_896' title='bbox 3648 5676 3703 5730; x_wconf 86' lang='lat' dir='ltr'><strong><em>in</em></strong></span> <span class='ocrx_word' id='word_1_897' title='bbox 3734 5692 3899 5748; x_wconf 85' lang='lat' dir='ltr'><strong><em>opera</em></strong></span> 
     </span>
    </p>
   </div>
   <div class='ocr_carea' id='block_1_129' title="bbox 2290 5745 2850 5817">
    <p class='ocr_par' dir='ltr' id='par_1_129' title="bbox 2290 5745 2850 5817">
     <span class='ocr_line' id='line_1_132' title="bbox 2290 5745 2850 5817; baseline 0.005 -19"><span class='ocrx_word' id='word_1_898' title='bbox 2290 5754 2409 5817; x_wconf 86' lang='lat' dir='ltr'><strong><em>tua,</em></strong></span> <span class='ocrx_word' id='word_1_899' title='bbox 2435 5752 2483 5800; x_wconf 88' lang='lat' dir='ltr'><strong><em>et</em></strong></span> <span class='ocrx_word' id='word_1_900' title='bbox 2514 5745 2709 5817; x_wconf 86' lang='lat' dir='ltr'><strong><em>dirige,</em></strong></span> <span class='ocrx_word' id='word_1_901' title='bbox 2743 5752 2850 5802; x_wconf 88' lang='lat' dir='ltr'><strong><em>etc.</em></strong></span> 
     </span>
    </p>
   </div>
  </div>
