4090 6338
174 362 298 422 283

1481 351 1689 411 LIBER
1727 349 2175 411 PSALMORUM.

3382 343 3491 405 290

245 481 444 536 Lcetati
468 494 527 536 νεα
551 475 771 548 smnus:
793 494 888 550 pro
910 476 1104 544 diebus,
1134 473 1321 547 quibus
1342 488 1432 527 nos
1456 470 1789 541 Itumiliastiq:
1819 473 1871 533 Α
1972 465 2237 524 Delectati
2262 473 2388 521 sunt
2411 477 2508 536 pro
2538 443 2761 533 diebus,
2790 463 2842 518 in
2874 458 3001 535 [tlls.
3040 470 3144 518 lac.
3190 460 3267 532 in]
3290 462 3487 533 quibus

172 577 332 631 annis
352 574 539 647 quibus
567 574 785 627 vidimus
812 569 976 625 mala.

244 669 476 737 Respice
505 668 561 721 in
600 681 770 720 servos
812 674 927 719 tuos
968 673 1015 718 et
1058 663 1112 718 in
1140 678 1296 735 opera
1336 669 1423 716 tua
1455 675 1474 715 :
1530 668 1578 715 et
1625 657 1790 728 dirige

214 760 319 816 lies
350 776 551 815 eorum.

214 762 319 816 lies
350 776 551 815 eorum.

173 762 211 831 ﬁ
246 849 325 904 Et
353 852 418 904 sit
438 849 685 921 splendor
708 847 919 903 Domini
942 846 1039 902 Dei
1060 847 1223 902 nostri
1248 860 1403 917 super
1425 861 1543 912 nos,
1571 851 1618 898 et
1632 858 1790 913 opera

175 958 436 997 malum
480 952 779 996 nostrarum
831 941 997 1012 dirige
1030 955 1184 1011 super
1220 954 1311 993 nos
1355 953 1374 993 :
1408 945 1434 974 ⁸
1471 940 1537 1005 δ’(
1564 942 1612 989 et
1660 950 1789 1005 opus

174 1052 433 1090 manuum
454 1047 753 1091 nostrarum
774 1034 944 1105 dirige
979 1033 1002 1101 ζ

1902 577 2003 617 nos
2036 560 2331 616 humiliasti
2366 575 2381 615 :
2414 569 2470 615 et
2496 559 2689 625 anuis,
2722 558 2774 611 in
2817 556 3016 628 quibus
3042 555 3274 611 vidimus
3323 555 3486 610 mala.

1968 655 2200 725 Respice
2230 653 2283 707 in
2312 667 2503 709 servos
2534 660 2677 719 tuos,
2709 663 2765 707 et
2794 653 2847 705 in
2880 665 3045 720 opera
3072 659 3184 716 tua,
3216 648 3443 704 Domine
3469 664 3485 703 :

1896 755 1952 804 et
1976 746 2151 814 dirige
2180 745 2321 801 filios
2348 759 2563 800 eorum.

1966 842 2031 895 Et
2070 840 2143 894 sit
2181 837 2444 910 Splendor
2483 837 2697 892 Domini
2723 836 2819 892 Dei
2852 834 3024 891 nostri
3064 850 3230 905 super
3256 850 3356 891 nos
3392 844 3492 890 :ct

1891 948 2057 1006 opera
2084 948 2339 989 manuum
2369 940 2678 989 nostrarum
2708 930 2883 1002 dirige
2911 944 3080 1001 super
3106 944 3233 987 nos.

1568 1120 1942 1185 PSALMUS
1983 1118 2119 1183 XC.

626 1246 681 1288 σε»
720 1243 850 1287 LAUS
881 1243 1096 1286 CANTICI
1133 1244 1292 1284 mvm
1322 1227 1344 1297 ζ

256 1326 368 1394 Qui
409 1326 611 1381 habitat
650 1326 705 1380 in
749 1326 1009 1397 adjutorio
1048 1322 1335 1391 Altissimi,
1387 1320 1442 1375 in
1481 1317 1795 1391 protectione

180 1416 286 1476 Dei
322 1437 386 1475 οε-
420 1421 534 1475 cali
568 1421 593 1489 ζ
625 1418 1043 1474 commorabitur.

182 1518 243 1569 ,τ
262 1513 414 1569 Dicet
462 1513 722 1578 Domino,
761 1511 1051 1583 Susceptor
1078 1526 1217 1565 meus
1254 1522 1308 1563 σθ
1348 1524 1400 1563 es
1429 1516 1486 1563 tu
1520 1507 1542 1577 ζ
1575 1513 1623 1561 et
1649 1508 1794 1577 refu-

182 1607 333 1680 gium
363 1622 569 1674 meum,
601 1604 741 1661 Deus
771 1621 913 1660 meus
942 1603 1155 1675 sperabo
1186 1604 1241 1657 in
1267 1618 1404 1657 eum.

262 1790 529 1855 Quoniam
568 1789 678 1859 ipse
709 1785 737 1827 δ
770 1786 998 1843 liberavit
1038 1802 1116 1840 me
1154 1786 1219 1842 de
1246 1785 1430 1856 laqueo
1462 1783 1787 1850 venantium,

188 1892 238 1936 et
283 1901 315 1937 a
346 1884 497 1937 verbo
525 1898 730 1952 aspero.

265 1972 332 2027 In
363 1975 384 2043 ζ
416 1973 644 2045 scapulis
665 1974 771 2031 suis
789 1972 1108 2029 obumbrabit
1129 1972 1250 2029 tibi:
1273 1980 1321 2028 et
1344 1972 1440 2027 sub
1471 1971 1651 2043 pennis
1680 1971 1792 2043 ejus

192 2067 446 2138 sperabis.

268 2158 430 2214 Scuto
462 2159 804 2214 circumdabit
840 2168 885 2216 te
909 2159 1095 2214 veritas
1132 2164 1245 2228 ejus
1274 2174 1292 2213 :
1324 2174 1426 2213 non
1454 2156 1648 2212 timebis
1672 2172 1704 2209 a
1732 2156 1798 2210 ti-

195 2269 337 2307 more
369 2262 644 2309 nocturna.

267 2349 310 2401 Α
336 2349 526 2419 sagitta
550 2350 757 2404 volante
789 2348 840 2403 in
886 2349 989 2416 die,
1023 2367 1053 2403 ιι
1086 2350 1291 2421 negotio
1333 2346 1717 2417 perambulante
1743 2345 1796 2399 in

203 2440 453 2505 tenebris,
479 2440 541 2494 ab
563 2442 773 2494 incursu
805 2450 852 2495 et
883 2442 1137 2495 dmmonio
1170 2440 1479 2493 meridiano.
1514 2449 1535 2477 ο

274 2531 469 2585 Cadent
501 2550 532 2586 a
564 2532 721 2587 latere
748 2543 837 2587 tuo
866 2534 1037 2598 mille,
1070 2542 1115 2587 et
1142 2532 1315 2587 decent
1354 2529 1521 2585 millia
1543 2548 1574 2585 tt
1602 2528 1797 2585 dextris

208 2626 304 2680 tuis
329 2641 349 2681 :
378 2626 450 2679 ad
472 2636 521 2681 te
548 2634 719 2701 autem
748 2642 850 2682 non
877 2625 1329 2699 appropinquabit.

288 2809 649 2865 Verumtamen
685 2810 847 2865 oculis
886 2809 989 2863 tuis
1038 2806 1391 2863 considerabis
1433 2821 1451 2860 :
1494 2814 1543 2860 et
1582 2803 1802 2859 retribu-

208 2903 391 2958 tionem
414 2912 741 2973 peccatorum
764 2901 979 2957 videbis.

280 2995 542 3060 Quoniam
571 3004 626 3049 tu
648 3012 722 3062 es,
753 2993 998 3064 Domine,
1021 3009 1140 3065 spes
1163 3008 1275 3047 mea
1308 3007 1327 3047 .'
1359 2991 1682 3046 Altissimum
1711 3003 1803 3061 po-

208 3088 352 3142 suisti
370 3088 636 3157 refugium
671 3095 836 3141 tuum.

277 3178 404 3235 Non
427 3180 635 3234 accedet
663 3179 733 3234 ad
758 3190 806 3234 te
831 3178 1028 3235 malum
1069 3195 1088 3235 :
1126 3189 1175 3235 et
1202 3179 1469 3253 ﬂagellum
1499 3195 1600 3233 non
1622 3193 1805 3250 appro-

210 3273 475 3345 pinquabit
505 3274 841 3329 tabernaculo
873 3284 981 3328 tuo.

279 3368 545 3433 Quoniam
574 3366 775 3437 angelis
802 3367 909 3420 suis
934 3366 1195 3421 mandavit
1216 3366 1279 3420 de
1310 3375 1359 3421 te
1390 3382 1403 3419 :
1432 3375 1487 3420 ut
1511 3363 1806 3419 custodiant

209 3468 255 3514 te
284 3459 335 3512 in
367 3458 608 3513 omnibus
630 3459 722 3512 viis
752 3459 875 3512 tuis.

276 3548 343 3604 In
366 3550 607 3604 manibus
642 3548 921 3621 portabunt
959 3558 1006 3603 te
1030 3564 1047 3603 :
1069 3565 1132 3605 ne
1155 3553 1290 3621 forte
1318 3548 1552 3617 o/fendas
1579 3548 1647 3603 ad
1672 3548 1807 3619 lapi—

210 3642 319 3697 dem
354 3642 543 3713 pedem
571 3650 738 3695 tuum.

277 3736 453 3807 Super
465 3737 700 3809 aspidem
721 3744 769 3791 et
792 3736 1090 3791 basiliscum
1112 3734 1405 3790 ambulabis
1432 3735 1529 3795 ε’-ξΔ
1556 3743 1604 3790 et
1630 3734 1652 3804 ζ
1685 3750 1808 3789 con-

210 3829 438 3884 culcabis
480 3830 678 3884 leonem
709 3836 755 3882 et
794 3830 1091 3883 draconem.

280 3922 544 3988 Quoniam
574 3921 627 3974 in
668 3932 748 3975 me
786 3921 1040 3992 speravit,
1072 3919 1300 3974 liberabo
1331 3935 1447 3973 eum
1484 3933 1502 3971 :
1537 3927 1805 3988 protegam

212 4029 352 4080 eum,
380 4014 630 4083 quoniam
657 4013 893 4083 cognovit
932 4027 1115 4067 nomen
1143 4028 1333 4065 meum.

212 4113 257 4153 ι*
281 4106 538 4160 Clamabit
563 4104 590 4142 ά
613 4106 681 4158 ad
758 4121 858 4170 me,
884 4114 929 4159 et
951 4121 1045 4177 ego
1072 4104 1349 4159 exaudiam
1377 4118 1491 4158 eum
1516 4120 1533 4158 :
1555 4119 1671 4157 cum
1693 4102 1806 4174 ipso

212 4216 318 4253 sum
350 4200 403 4253 in
438 4199 794 4264 tribulatione,
825 4199 1041 4269 eripiam
1070 4215 1187 4253 eum
1212 4242 1227 4267 ,
1256 4206 1305 4252 et
1335 4197 1639 4270 gloriﬁcabo
1664 4212 1802 4251 eum.

280 4293 636 4366 Longitudine
663 4294 863 4348 dierum
903 4292 1110 4364 replebo
1137 4308 1253 4347 eum
1284 4307 1303 4347 :
1338 4301 1389 4347 et
1428 4290 1695 4346 ostendam
1725 4289 1808 4345 illi

213 4386 437 4441 salutare
464 4401 656 4440 meum.

2136 1235 2269 1277 uos
2300 1236 2511 1277 CANTICI
2544 1235 2703 1276 mvm
2731 1218 2861 1293 [Ms.
2894 1235 2993 1276 IPSI
3017 1217 3218 1291 DAVID].

1974 1314 2074 1382 Qui
2110 1313 2318 1370 habitat
2349 1316 2400 1370 in
2428 1316 2706 1385 adjutorio
2745 1314 3035 1382 Altissimi,
3070 1314 3125 1369 in
3154 1312 3493 1384 prolectionc

1900 1408 1999 1464 Dei
2030 1409 2154 1465 coeli
2184 1409 2631 1465 commorabitur.

1971 1500 2129 1559 Dicet
2152 1503 2382 1558 Domino
2406 1501 2531 1574 [Μδ.
2562 1501 2722 1574 Deo],
2745 1502 3043 1572 Susceptor
3071 1515 3223 1556 meus
3246 1516 3306 1557 es
3336 1509 3417 1567 tu,
3441 1509 3498 1557 et

1899 1598 2167 1669 refugium
2198 1614 2378 1655 meum
2406 1640 2421 1666 ,
2458 1598 2597 1654 Deus
2627 1614 2780 1654 meus
2812 1596 2941 1669 Ulla.
2984 1596 3110 1651 add.
3141 1594 3215 1665 et]
3260 1597 3492 1668 Sperabo

1898 1693 1951 1749 in
1980 1707 2125 1748 eum.

1970 1783 2237 1852 Quoniam
2265 1784 2380 1855 ipse
2402 1783 2654 1840 liberavit
2675 1798 2761 1840 me
2790 1781 2857 1840 de
2885 1792 2906 1821 ο
2928 1784 3123 1854 laqueo
3152 1780 3492 1849 venantium,

1901 1884 1956 1933 et
1985 1892 2016 1931 a
2048 1877 2217 1932 verbo
2245 1890 2463 1947 aspero.

1974 1967 2227 2040 Scapulis
2252 1968 2365 2025 suis
2396 1966 2744 2025 obumbrabit
2776 1967 2871 2025 tibi
2910 1984 2925 2023 :
2959 1976 3015 2024 et
3040 1967 3138 2023 sub
3162 1968 3353 2040 pennis
3378 1967 3495 2039 ejus

1828 2062 1877 2123 Β
1902 2062 2174 2135 Sperabis.

1972 2157 2143 2213 Scuto
2166 2156 2524 2214 circumdabit
2557 2166 2607 2214 te
2636 2158 2837 2215 veritas
2868 2155 2987 2227 ejus
3015 2176 3026 2211 :
3062 2172 3171 2213 non
3203 2156 3423 2213 timebis
3464 2172 3495 2212 a

1902 2251 2099 2309 timore
2126 2262 2411 2308 nocturno.

1974 2348 2015 2400 A
2060 2344 2251 2416 sagitta
2278 2346 2493 2402 volante
2535 2359 2634 2416 per
2674 2344 2851 2413 diem,
2887 2360 2917 2401 a
2956 2346 3176 2415 negotio
3205 2344 3497 2415 perambu-

1902 2439 2052 2495 lante
2084 2441 2139 2495 in
2170 2440 2411 2496 tenebris
2436 2482 2450 2506 ,
2505 2456 2535 2495 a
2565 2439 2721 2495 ruina
2763 2447 2820 2495 et
2866 2440 3139 2494 daemonio
3168 2440 3494 2495 meridiano.

1972 2532 2180 2591 Cadent
2203 2550 2231 2589 a
2256 2534 2426 2589 latere
2454 2542 2545 2589 tuo
2569 2533 2759 2599 millia,
2794 2544 2848 2587 et
2873 2532 3065 2587 decem
3094 2532 3261 2587 millia
3294 2547 3321 2586 a
3356 2533 3527 2587 dex-,

1903 2627 2004 2683 tris
2038 2626 2144 2681 tuis
2190 2643 2205 2684 :
2250 2627 2347 2681 tibi
2389 2634 2570 2682 autem
2609 2639 2716 2681 non
2755 2624 3213 2696 appropinquabit
3242 2623 3372 2697 Uis.
3403 2641 3499 2697 ap-

1901 2717 2384 2793 propinquabunt].

1977 2811 2366 2867 Verumtamen
2390 2810 2565 2866 oculis
2597 2810 2703 2866 tuis
2725 2809 3098 2867 considerabis
3133 2826 3148 2865 :
3180 2818 3236 2866 et
3265 2810 3499 2867 retribu-

1908 2902 2116 2960 tionem
2146 2912 2494 2976 peccatorum
2522 2902 2753 2959 videbis.

1977 2996 2245 3064 Quoniam
2280 3006 2337 3051 tu
2375 3012 2434 3053 es
2461 3038 2476 3063 ,
2516 2995 2773 3062 Domine,
2806 3010 2934 3067 spes
2961 3010 3079 3052 mea
3114 3013 3128 3052 :
3160 2996 3497 3053 Altissimum

1906 3089 2141 3163 posuisti
2170 3089 2438 3160 refugium
2465 3097 2640 3145 tuum.

1975 3182 2091 3239 Non
2120 3183 2379 3240 accedent
2406 3182 2469 3238 ad
2493 3192 2546 3239 te
2570 3182 2750 3238 mala:
2783 3193 2838 3239 et
2861 3182 3136 3253 ﬂagellum
3168 3199 3273 3239 non
3304 3198 3502 3254 appro-

1907 3276 2189 3349 pinquabit
2212 3275 2341 3349 [.Ms.
2366 3276 2841 3349 appropinquavit]
2867 3276 3218 3331 tabernaculo
3243 3288 3355 3330 tuo.

1979 3370 2243 3439 Quoniam
2272 3370 2481 3442 angelis
2502 3371 2616 3425 suis
2646 3369 2919 3424 mandavit
2949 3368 3076 3441 [Με.
3106 3368 3405 3441 mandabit]
3430 3368 3498 3423 de

1830 3452 1876 3515 C
1911 3472 1963 3519 te
1997 3480 2011 3521 :
2040 3471 2099 3518 ut
2129 3462 2436 3518 custodiant
2466 3472 2517 3517 te
2546 3463 2598 3516 in
2622 3460 2871 3517 omnibus
2898 3462 3004 3517 viis
3036 3462 3162 3517 tuis.

1980 3555 2039 3611 lu
2072 3554 2321 3610 manibus
2352 3552 2370 3591 τ
2399 3552 2693 3625 portabunt
2734 3562 2788 3609 te
2822 3570 2834 3607 :
2869 3568 2938 3608 ne
2978 3568 3233 3623 umquam
3260 3551 3504 3609 oll‘endas

1910 3646 1977 3702 ad
2015 3645 2251 3717 lapidem
2282 3645 2474 3715 pedem
2508 3654 2677 3698 tuum.

1983 3738 2163 3809 Super
2183 3737 2427 3808 aspidem
2459 3745 2514 3791 et
2536 3735 2847 3791 basiliscum
2867 3734 3195 3805 ambulabis,
3211 3744 3264 3791 et
3284 3735 3507 3793 concul-

1910 3829 2061 3885 cabis
2090 3829 2303 3884 leonem
2336 3837 2390 3883 et
2427 3826 2744 3883 draconem.

1981 3922 2245 3990 Quoniam
2269 3919 2323 3976 in
2350 3936 2436 3976 me
2462 3920 2722 3990 Speravit,
2751 3919 2992 3976 liberabo
3021 3934 3143 3976 cum
3177 3937 3191 3975 :
3224 3930 3503 3993 protegam

1911 4029 2034 4070 eum
2054 4053 2069 4079 ,
2100 4013 2355 4083 quoniam
2378 4013 2633 4084 cognovit
2653 4028 2851 4068 nomen
2884 4028 3087 4068 meum.

1980 4106 2267 4162 Invocabit
2312 4104 2440 4178 [Με.
2482 4104 2777 4178 invocavit]
2821 4121 2947 4172 me,
2985 4112 3042 4161 et
3083 4120 3181 4177 ego
3221 4105 3505 4162 exaudiam

1915 4214 2071 4265 eum;
2095 4214 2223 4254 cum
2252 4199 2368 4268 ipso
2393 4212 2512 4254 sum
2544 4199 2596 4254 in
2638 4198 3008 4255 tribulatione.

1985 4292 2227 4363 Eripiam
2275 4308 2441 4359 eum,
2485 4300 2541 4348 et
2590 4292 2908 4363 glorilicabo
2953 4308 3075 4349 cum
3111 4312 3122 4346 :
3168 4294 3507 4365 longitudine

1911 4386 2126 4444 dierum
2174 4387 2483 4459 adimplebo
2521 4403 2683 4457 eum,
2729 4396 2783 4444 et
2815 4386 3099 4444 ostendam
3146 4389 3223 4444 illi
3271 4389 3510 4445 salutate

1911 4497 2116 4536 meum.

1583 4572 1944 4635 PSALMUS
1988 4574 2155 4637 XCI.

528 4690 763 4733 I'SALIUS
790 4687 1003 4730 CANTICI
1024 4717 1039 4741 ,
1064 4690 1115 4730 IN
1145 4689 1234 4729 DIE
1264 4688 1502 4729 SABBATI.

281 4769 486 4827 Bonum
514 4779 584 4825 est
609 4769 844 4839 conﬁteri
867 4767 1132 4824 Domino:
1160 4778 1206 4823 et
1229 4770 1455 4839 psallere
1479 4769 1674 4823 nomini
1696 4778 1806 4836 tuo,

214 4867 497 4921 Altissime.

282 4992 309 5020 ιι
339 4983 394 5037 lu
424 4980 656 5039 Palatin.
688 4996 793 5037 ms.
822 4981 982 5036 unice
1020 4979 1316 5050 praeﬁgitur
1347 4988 1394 5033 et
1416 4979 1627 5050 copula:
1658 4996 1810 5045 veru,
1841 4986 1892 5045 1)

215 5070 308 5123 pro
337 5056 628 5121 asterisco,
660 5054 750 5122 qui
786 5061 953 5107 totam
978 5052 1117 5123 hanc
1144 5053 1437 5121 pericopen
1467 5052 1724 5105 illustrat.
1756 5051 1813 5107 ln

215 5122 374 5196 quem
411 5126 589 5179 locum
620 5125 973 5195 Augustinus,
1034 5122 1162 5196 Huc
1186 5139 1364 5196 usque,
1398 5125 1570 5192 inquit
1602 5124 1813 5196 (id‘est,

215 5192 278 5252 Et
304 5212 473 5264 opera
507 5192 760 5248 manuum
786 5206 1089 5248 nostrarum
1114 5194 1285 5263 dirige
1316 5209 1479 5258 snper
1504 5196 1645 5263 nos),
1666 5192 1815 5248 Psal—

213 5284 352 5321 mum
375 5268 541 5320 istum
567 5265 718 5319 multi
742 5267 944 5320 codices
978 5265 1162 5319 habent
1196 5280 1214 5317 :
1240 5265 1331 5318 sed
1360 5268 1413 5317 in
1442 5265 1709 5319 nonnullis
1737 5267 1815 5319 le-

215 5344 352 5409 gitur
374 5338 516 5391 alius
556 5338 768 5409 ultimus
798 5353 997 5409 versus.
1028 5336 1094 5409 Et
1130 5351 1265 5404 Opus
1299 5350 1554 5409 maturum
1604 5344 1819 5390 nostra-

217 5406 333 5463 rum
364 5410 565 5477 dirige.
614 5406 712 5461 Cui
752 5408 919 5461 versui
964 5407 1237 5477 diligentes
1278 5417 1321 5460 et
1354 5406 1490 5459 docti
1530 5416 1821 5474 praenotant

216 5482 456 5544 stellam,
493 5495 621 5545 quos
651 5478 925 5532 asteriscos
965 5489 1145 5531 vocant
1179 5493 1196 5530 :
1223 5478 1406 5547 quibus
1439 5477 1733 5547 signiﬁcant
1759 5495 1819 5531 ea

216 5567 327 5622 qua:
368 5553 423 5603 in
467 5549 690 5622 Hebraeo
752 5552 828 5602 rel
856 5549 975 5602 aliis
1018 5545 1403 5622 interpretibus,
1429 5545 1625 5601 Grauis
1671 5565 1820 5615 repe-

220 5620 451 5683 riuntur,
480 5623 535 5673 in
568 5620 914 5691 Septuaginta
948 5637 1063 5673 vero
1086 5620 1503 5691 interpretatione
1532 5636 1631 5671 non
1672 5629 1819 5674 sunt.

220 5693 436 5747 Videsis
468 5702 521 5745 et
544 5707 663 5761 qua:
690 5690 788 5743 nos
810 5693 875 5744 ad
910 5691 1071 5744 linem
1116 5690 1550 5761 llieronytniaine
1577 5692 1820 5758 epistola:

220 5765 269 5820 in
301 5774 487 5816 nostra
522 5764 841 5817 recensione
873 5763 974 5817 lit)
1003 5762 1069 5815 ad
1108 5762 1438 5830 Cyprianum
1470 5771 1819 5817 annotamus.

286 5834 313 5873 ι)
349 5834 576 5889 Rectius
605 5834 656 5887 in
684 5833 931 5887 Palatino
959 5844 1040 5886 est
1068 5848 1170 5886 ms.
1196 5831 1471 5889 liberabit:
1495 5832 1675 5890 malint
1696 5848 1823 5893 vero

221 5916 271 5967 et
293 5916 365 5980 te,
395 5919 497 5979 pro
524 5920 624 5974 me,
648 5905 793 5981 quod
824 5904 1192 5979 subsequitur,
1222 5902 1350 5977 legi.

2201 4691 2433 4732 PSALIIUS
2471 4691 2707 4741 CANTICI.
2743 4692 2793 4731 IN
2821 4691 2909 4733 DIE
2941 4691 3187 4734 SABBATI.

1988 4767 2197 4827 Bonum
2239 4780 2322 4825 est
2357 4771 2607 4826 conliteri
2638 4770 2909 4827 Domino:
2954 4782 3009 4828 ct
3038 4771 3509 4842 psallerenomini

1920 4872 2040 4929 tuo,
2070 4864 2368 4920 Altissime.

1994 4991 2016 5052 ς
2047 4981 2337 5052 Subjungit
2359 4982 2498 5037 idem
2530 4996 2630 5036 ms.
2661 4980 2748 5038 hic
2783 4982 3106 5052 Diapsalma.

1992 5048 2019 5089 ἀ
2053 5048 2229 5109 Minus
2256 5048 2394 5109 bene
2418 5054 2632 5107 obclum
2666 5054 2808 5109 hunc
2832 5048 3105 5110 Palatinus
3138 5069 3237 5110 ms.
3266 5057 3459 5111 omittit
3495 5075 3507 5110 :

1921 5134 2279 5197 rectegautem
2310 5124 2453 5195 quod
2476 5125 2720 5197 sequitur
2747 5144 2836 5195 ego
2864 5141 3159 5194 pronomen
3190 5138 3349 5183 tacet.

1995 5207 2016 5233 ε
2051 5195 2407 5252 Contincuter
2451 5195 2571 5251 cuni
2621 5197 2921 5267 Augustino
2965 5197 3261 5252 Veronens.
3317 5214 3417 5253 ms.
3449 5199 3515 5253 de

1920 5267 2213 5342 muscipula
2240 5270 2553 5342 renuntiant,
2582 5278 2626 5321 et
2649 5285 2679 5320 a
2708 5268 2853 5342 verbo
2873 5285 3077 5335 aspero.
3102 5268 3247 5342 Inter
3266 5271 3504 5342 scapulas

1921 5355 2044 5413 suas
2076 5338 2396 5413 obumbrabit
2419 5340 2624 5413 tibine}
2644 5343 2735 5393 sub
2756 5339 2854 5413 alis
2876 5342 2989 5410 ejus
3016 5341 3266 5407 sperabis.
3293 5338 3371 5398 Ac
3393 5352 3511 5413 post

1923 5409 2060 5479 duos
2081 5424 2294 5479 versus,
2320 5412 2451 5464 dena
2478 5409 2667 5472 millia,
2695 5424 2791 5479 pro
2821 5409 3015 5475 decem,
3042 5422 3148 5466 etc.

2000 5476 2019 5517 ί
2058 5478 2177 5535 Uno
2203 5483 2370 5535 verbo
2398 5480 2602 5541 tollant,
2636 5476 2733 5549 pro
2755 5480 2954 5546 tollent,
2985 5482 3514 5539 abluditVeronens.

1922 5565 2026 5606 ms.
2077 5552 2144 5605 ab
2175 5552 2512 5624 Augustino:
2545 5562 2737 5624 Ctetera
2771 5551 2885 5621 pari
2919 5563 3143 5624 uterque
3184 5554 3346 5610 habet
3381 5570 3512 5609 con-

1924 5636 2111 5687 sensu,
2146 5622 2667 5693 nequantloo/fendas
2690 5638 2707 5675 :
2731 5635 2891 5693 atque
2914 5622 3085 5679 altero
3111 5628 3179 5681 ab
3212 5627 3313 5681 hoc
3332 5643 3512 5685 versu.

1925 5708 2103 5768 eruam
2128 5710 2271 5768 eum,
2296 5710 2389 5768 pro
2413 5692 2659 5768 liberabo,
2686 5692 2899 5768 eleuet
2921 5695 2979 5768 Vin
3009 5698 3110 5751 line
3137 5698 3353 5751 eximam
3381 5700 3516 5768 (Au-

1925 5764 2171 5841 gustinus
2208 5764 2356 5841 addit
2396 5763 2546 5837 eum)
2576 5773 2624 5822 et
2669 5765 2971 5840 gloriﬁcabo
3007 5785 3123 5823 eum
3146 5808 3161 5839 ,
3198 5763 3519 5841 longitudine

1925 5833 2126 5890 dierum
2148 5834 2353 5911 replebo
2374 5851 2510 5898 eum.
