4090 6338
572 268 675 328 39!

1579 268 1636 327 S.
1686 268 2068 328 IIIERONYMI
2105 269 2341 330 DlVINA
2380 271 2853 333 BIBLIOTIIECA.

3769 288 3881 381 ξω

649 385 733 444 Ad
769 384 1191 443 annuntiamlum
1241 401 1394 444 mane
1440 386 1853 445 misericordiam
1892 398 2034 447 tuam
2070 405 2089 446 :
2127 398 2176 446 et
2202 398 2252 460 Α
2353 392 2436 449 Ad
2460 394 2896 454 annuntiandam
2923 395 3053 471 [Ms.
3085 399 3543 477 annuntiandum]
3575 419 3736 463 mane
3771 411 3879 464 mi-

570 482 831 539 ecritatem
859 490 1001 538 tuam
1032 497 1124 554 per
1148 493 1369 539 noctem.

647 572 716 628 In
744 571 1072 629 decue/tardo
1100 573 1355 647 psalterio
1376 617 1390 644 ,
1427 592 1543 631 cum
1570 576 1771 633 cantico
1796 582 1851 631 in
1878 576 2098 636 cithara.

640 668 780 751 Quia
803 668 1076 723 delectasti
1099 685 1178 723 me
1203 709 1218 734 ,
1255 667 1500 738 Domine,
1531 670 1584 724 in
1612 675 1825 741 factura
1863 680 1954 727 tua
1985 690 1999 727 :
2030 682 2081 729 et
2105 687 2167 729 σι-

577 764 602 834 ξ
626 763 680 817 in
706 762 947 833 operibus
970 779 1221 817 manuum
1251 771 1456 818 tuarum
1483 764 1775 820 cxsultabo.

644 855 813 921 Quam
849 854 1184 926 magni/iectu
1213 864 1337 910 sunt
1367 871 1525 928 opera
1550 864 1642 911 tua
1667 897 1683 924 ,
1726 854 1991 912 Domine!
2018 857 2170 913 nimis

567 947 847 1020 profunda:
875 948 1026 1019 factce
1046 956 1166 1003 sunt
1189 948 1524 1021 cogitationes
1544 957 1667 1004 tute.

646 1045 743 1102 Vir
771 1044 1023 1117 insipiens
1062 1061 1167 1100 non
1211 1055 1509 1117 cognoscet,
1543 1056 1590 1101 et
1622 1046 1815 1101 stultus
1855 1063 1960 1102 non
2009 1047 2168 1104 intel-

566 1136 687 1209 liget
709 1135 838 1192 haec.
861 1146 887 1174 ει

641 1228 771 1283 Cum
801 1229 969 1284 exorti
987 1231 1183 1301 fuerint
1210 1240 1506 1303 peccatores
1533 1231 1664 1286 sicut
1684 1235 1901 1303 fenum:
1928 1243 1977 1290 et
2005 1251 2171 1307 appa-

566 1323 763 1377 ruerint
794 1337 970 1377 omnes
995 1363 1010 1388 ,
1044 1322 1134 1393 qui
1160 1332 1441 1394 operantur
1466 1322 1809 1394 iniquitatem.

645 1415 712 1471 Ut
733 1417 986 1470 intereant
1010 1416 1064 1469 in
1094 1416 1340 1470 saeculum
1361 1414 1390 1454 δ
1418 1431 1474 1472 -t—
1503 1414 1680 1472 seaculi
1714 1417 1738 1488 ζ
1765 1427 1822 1472 ιιι
1858 1427 2032 1474 autem
2068 1416 2163 1472 AJ-

570 1507 798 1562 tissimns
825 1507 880 1561 in
899 1517 1170 1573 wternnm,
1203 1504 1449 1562 Domine.

641 1602 899 1669 Quoniam
936 1618 1050 1658 ecce
1078 1600 1276 1656 inimici
1306 1614 1327 1641 ο
1356 1601 1453 1670 tui,
1476 1599 1714 1671 Domine,
1741 1603 2027 1675 :quoniam
2053 1621 2169 1661 ecce

564 1698 766 1753 inimici
806 1698 880 1752 tui
908 1696 1145 1770 peribunt
1180 1713 1199 1753 .'
1226 1708 1272 1753 et
1301 1697 1662 1772 dispergentur
1683 1714 1858 1754 omnes
1904 1700 1996 1770 qui
2038 1716 2162 1771 ope-

561 1800 747 1845 rantur
777 1790 1120 1861 iniquitatem.

634 1878 707 1959 Et~
733 1878 1047 1934 exaltabitur
1071 1879 1207 1934 sicut
1246 1874 1512 1935 unicornis
1550 1897 1712 1936 cornu
1748 1897 1968 1937 nteant:
2006 1891 2053 1937 et
2084 1899 2165 1938 se-

559 1985 736 2032 nectus
768 1993 884 2031 mea
921 1975 975 2029 in
1007 1976 1365 2030 misericordia
1395 1973 1587 2045 uberis

634 2067 699 2123 Et
740 2069 970 2139 despexit
1005 2068 1184 2123 oculus
1214 2084 1354 2122 meus
1394 2068 1630 2123 inimicos
1655 2084 1793 2123 meos
1825 2084 1846 2127 :
1876 2083 1937 2125 σιμ
1967 2077 2015 2124 et
2052 2069 2074 2140 ζ
2105 2069 2160 2125 in

557 2163 940 2237 insurgentibus
967 2163 1019 2217 in
1047 2178 1125 2217 me
1153 2162 1558 2234 malignantibus
1583 2163 1760 2218 audiet
1799 2163 1943 2218 auris
1968 2180 2101 2218 mea.
2127 2161 2157 2201 ἀ

628 2259 810 2314 Justus
847 2267 903 2311 ut
942 2253 1117 2329 palma
1145 2256 1345 2327 florebit
1374 2271 1393 2311 :
1422 2256 1558 2310 sicut
1584 2255 1707 2329 [Ms.
1738 2252 1817 2329 ut]
1846 2255 2031 2312 cedrus
2060 2253 2157 2311 Li-

557 2352 675 2408 bani
702 2348 1151 2421 multiplicabitur.

626 2444 860 2500 Plantati
904 2443 957 2499 in
984 2441 1135 2498 domo
1168 2439 1400 2509 Domini,
1424 2441 1477 2513 in
1498 2440 1647 2496 atriis
1668 2440 1851 2496 domas
1874 2437 1974 2496 Dei
1994 2439 2158 2496 nostri

554 2537 834 2611 florebunt.

621 2630 807 2685 Adhuc
840 2626 1321 2698 multiplicabuntur
1362 2626 1417 2682 in
1459 2634 1661 2683 senecta
1703 2624 1846 2682 uberi
1881 2640 1902 2681 .°
1937 2636 1984 2681 et
2029 2623 2155 2680 bene
2217 2626 2239 2647 ⁸

550 2726 801 2798 pa'ientes
831 2730 1001 2792 erunt,
1028 2729 1084 2775 ut
1114 2720 1441 2775 annuutient.

625 2815 880 2882 Quoniam
914 2823 1085 2871 rectus
1126 2811 1381 2869 Dominus
1424 2808 1567 2867 Deus
1609 2818 1784 2867 noster
1814 2825 1835 2866 :
1859 2818 1908 2866 et
1946 2826 2052 2866 non
2077 2819 2153 2866 est

546 2909 791 2982 iniquitas
816 2908 872 2964 in
896 2924 980 2964 eo.

2275 488 2634 546 sericordiam
2669 500 2816 547 tuam
2851 510 2862 546 :
2897 503 2950 549 et
2989 493 3276 552 veritatem
3309 505 3456 553 tuam
3500 513 3598 569 per
3635 509 3879 557 noctem.

2347 580 2409 636 In
2441 591 2466 629 Β
2491 581 2835 640 decacbortlo
2857 585 3120 656 psalterio
3140 628 3156 654 ,
3184 603 3305 645 cum
3334 591 3551 647 cantico
3571 601 3628 648 et
3643 592 3877 651 cithara.

2344 672 2482 742 Quia
2515 674 2801 732 delaetusti
2831 693 2939 745 me,
2972 678 3233 748 Domine,
3270 683 3323 738 in
3348 682 3560 739 iactura
3594 692 3710 754 tua,
3738 695 3793 741 et
3825 688 3880 742 in
3935 746 3945 753 ,

2277 770 2538 840 operibus
2563 786 2822 827 manuum
2852 782 3065 828 tuarum
3093 775 3403 833 exsultabo.
3668 844 3673 851 ι

2342 863 2513 933 Quam
2545 864 2896 936 magniﬁcam
2927 874 3056 922 sunt
3083 882 3248 939 opera
3282 879 3397 935 tua,
3420 869 3681 928 Domine!
3715 872 3879 930 nimis

2270 950 2555 1025 profunda:
2586 955 2743 1012 factae
2763 970 2889 1013 sunt
2913 960 3276 1031 cogitationes
3303 973 3430 1018 tum.

2345 1045 2438 1102 Vir
2469 1048 2732 1119 insipiens
2760 1065 2871 1106 non
2896 1052 3179 1123 cognoscit
3207 1070 3222 1108 :
3247 1062 3301 1111 et
3321 1056 3529 1112 stultus
3569 1072 3677 1113 non
3709 1057 3879 1115 intel-

2269 1138 2385 1210 ligit
2415 1155 2479 1196 ea
2510 1139 2638 1213 [Ms.
2683 1140 2844 1217 inec].

2339 1230 2474 1287 Cum
2504 1234 2820 1290 exorientur
2848 1246 3169 1309 peccatores
3194 1238 3336 1296 sicut
3362 1240 3545 1297 fenum
3579 1258 3595 1299 :
3622 1254 3675 1299 et
3700 1258 3878 1315 appa-

2274 1322 2486 1380 ruerint
2525 1341 2715 1383 omnes
2746 1329 2836 1400 qui
2878 1343 3174 1400 Operamur
3200 1332 3539 1406 iniquitatem
3575 1352 3590 1391 :
3624 1343 3681 1391 ut
3704 1335 3879 1393 inter-

2272 1426 2404 1475 eant
2431 1420 2485 1476 in
2510 1426 2769 1477 saeculum
2800 1424 3009 1480 saecoli.
3652 1424 3663 1429 ’

2340 1506 2421 1567 Tu
2462 1516 2643 1569 autem
2680 1512 2997 1573 Altissimus
3035 1517 3088 1574 in
3134 1528 3399 1577 aeternum
3428 1520 3559 1596 [11s.
3588 1524 3719 1582 add.
3746 1525 3873 1600 es],

2267 1601 2519 1661 Domine.

2341 1696 2608 1763 Quoniam
2642 1715 2772 1758 ecce
2799 1699 3008 1759 inimici
3030 1704 3130 1774 tui,
3159 1703 3411 1774 Domine,
3447 1707 3472 1746 ιι
3500 1710 3756 1778 peribunt
3781 1721 3876 1768 :et

2195 1800 2242 1863 Β
2266 1784 2647 1860 dispergeutnr
2674 1807 2869 1849 ontnes
2899 1796 2990 1866 qui
3028 1806 3331 1866 operantur
3360 1797 3720 1870 iniquitatem.

2341 1880 2407 1934 Et
2437 1883 2765 1941 exaltabitur
2801 1886 2945 1944 sicut
2982 1890 3265 1947 unicornis
3307 1908 3480 1949 cornu
3527 1910 3709 1950 meum
3753 1911 3769 1957 ;
3819 1904 3877 1964 et

2267 1983 2525 2031 senectus
2557 1993 2674 2033 mea
2705 1979 2759 2034 in
2792 1980 3169 2038 misericordia
3193 1984 3367 2041 uberi.

2334 2069 2403 2124 Et
2438 2071 2680 2141 respexit
2699 2072 2892 2129 oculus
2924 2091 3077 2131 meus
3107 2076 3358 2133 inimicos
3384 2093 3538 2134 meos
3564 2100 3577 2137 :
3603 2088 3659 2135 et
3692 2078 3877 2135 insur-

2261 2173 2451 2234 gentes
2472 2167 2526 2220 in
2554 2182 2639 2221 me
2661 2167 3022 2239 malignantes
3057 2171 3265 2227 audivit
3292 2173 3440 2228 auris
3466 2190 3606 2229 mea.

2331 2256 2518 2313 Justus
2556 2267 2615 2315 ut
2650 2261 2825 2330 palma
2857 2260 3073 2318 ﬂorebit
3098 2279 3114 2330 ;
3144 2273 3202 2320 et
3247 2266 3389 2321 sicut
3434 2264 3631 2322 cedrus
3677 2264 3875 2322 Libani

2262 2344 2391 2420 [51s.
2419 2345 2651 2422 Libano]
2677 2351 3146 2422 multiplicabitur.

2332 2438 2562 2495 Plautati
2594 2440 2649 2497 in
2679 2440 2841 2498 domo
2871 2440 3111 2512 Domini,
3143 2443 3197 2500 in
3226 2445 3381 2503 atriis
3420 2445 3613 2503 domus
3648 2444 3742 2504 Dei
3774 2463 3877 2505 no-

2260 2531 2357 2588 stri
2380 2532 2670 2591 ﬂorebunt.

2331 2626 2526 2681 Adhuc
2550 2626 3051 2700 multiplicabuntur
3077 2628 3132 2686 in
3162 2640 3384 2689 senecta
3411 2631 3562 2691 uberi
3597 2652 3611 2690 :
3643 2642 3699 2691 et
3730 2628 3876 2693 bene

2263 2721 2541 2792 patientes
2566 2731 2750 2792 erunt,
2780 2734 2840 2779 ut
2867 2724 3210 2783 annuntieut.

2330 2811 2596 2881 Quoniam
2619 2815 2800 2886 justus
2823 2812 3090 2876 Dominus
3136 2816 3277 2877 Deus
3303 2828 3493 2880 noster
3518 2839 3530 2877 :
3560 2813 3614 2879 et
3645 2838 3754 2879 non
3782 2832 3874 2881 est

2258 2901 2518 2975 iniquitas
2549 2907 2601 2962 in
2629 2922 2718 2964 eo.

1927 2996 2067 3062 PSA
2079 2996 2291 3061 LMUS
2332 2995 2527 3062 XCII.

548 3124 680 3167 LAUS
711 3120 929 3165 enarret
966 3119 1065 3162 tes:
1099 3118 1347 3171 DA\‘ID,IN
1368 3117 1607 3159 DIEANTE
1625 3114 2144 3171 “ennumquam
2170 3102 2219 3167 C
2335 3113 2471 3157 uus
2500 3115 2713 3158 CANTICI
2743 3116 2841 3158 IPSI
2870 3118 3049 3173 DM'ID,
3080 3120 3131 3161 IN
3161 3103 3173 3143 ί
3208 3121 3296 3162 me
3318 3122 3460 3162 aurs:
3483 3123 3784 3180 sanarent,

977 3187 1338 3233 cINUABlTATA
1378 3190 1476 3230 EST
1508 3189 1710 3229 TEBRA.

619 3272 873 3327 Dominus
900 3270 1152 3343 regnavit,
1184 3270 1418 3323 decorem
1447 3266 1658 3322 indutus
1689 3275 1763 3322 est
1793 3282 1810 3323 :
1836 3265 2048 3322 indutus
2070 3274 2148 3322 est

545 3362 797 3422 Dominus
828 3360 1203 3437 fortitudinem,
1237 3369 1283 3416 ct
1310 3359 1579 3433 prtccintcit
1603 3375 1677 3415 se.

618 3456 822 3512 Etenim
851 3456 1075 3526 ﬁrmavit
1103 3453 1275 3509 orbem
1303 3469 1363 3509 —:~
1391 3463 1538 3509 terra:
1566 3453 1588 3523 ζ
1616 3452 1706 3523 qui
1734 3469 1835 3508 non
1856 3467 2145 3509 commore-

552 3548 710 3604 bitur.

621 3641 816 3696 Parata
842 3639 987 3694 sedes
1016 3649 1105 3693 tua
1130 3652 1195 3693 ea:
1220 3646 1342 3692 tunc
1364 3653 1384 3692 :
1405 3655 1435 3692 a
1458 3637 1646 3693 steculo
1677 3646 1732 3692 tu
1759 3654 1832 3693 es.
1867 3653 1915 3694 -:~
1952 3636 2002 3692 Ε
2035 3635 2151 3709 ζιε·

542 3726 785 3791 paverunt
823 3732 1045 3806 flumina
1068 3778 1084 3805 ,
1142 3731 1364 3788 Domine
1389 3747 1451 3787 »θ
1493 3749 1520 3788 e
1557 3732 1578 3803 ζ
1609 3731 1902 3788 levaverunt
1931 3732 2149 3804 [lumina

538 3845 708 3885 vocem
736 3843 904 3883 suam.
934 3825 953 3866 ί
990 3832 1058 3896 >κ
1086 3826 1429 3882 Eleeaveruut
1456 3827 1677 3899 [lumina
1696 3827 1889 3899 fluctus
1919 3844 2039 3883 suos
2064 3828 2085 3899 ζ
2115 3845 2148 3882 ιι

538 3924 747 3979 uocibus
772 3937 1024 3993 aquarum
1047 3919 1348 3977 multarum.

539 4018 571 4087 ι
614 4014 881 4071 Μὶναιιίιεδ
920 4014 1167 4072 elationes
1206 4013 1365 4070 maris
1399 4029 1418 4071 :
1447 4012 1696 4071 mirabilis
1724 4015 1779 4071 in
1821 4013 1940 4071 altis
1969 4012 2144 4073 Domi-

542 4131 575 4171 ιι
582 4132 662 4172 ιω.

613 4320 893 4399 {additur
918 4318 973 4376 in
999 4318 1251 4399 Palatino
1270 4332 1380 4376 m8.
1398 4314 1745 4399 ,υίαρεαίηιαο

619 4394 648 4433 δ
680 4395 835 4449 llunc
873 4408 1090 4464 quoque
1132 4391 1350 4464 obelum
1383 4390 1676 4464 Aiuem‘ms.
1708 4390 1907 4464 omittit
1934 4426 1950 4448 .
1999 4394 2059 4441 ut
2086 4394 2141 4442 et

536 4458 946 4540 quodﬁsequitur
974 4458 1153 4540 autem
1177 4460 1517 4540 adverbium.
1549 4459 1810 4540 Neutrum
1843 4458 2003 4513 bene.

617 4549 639 4577 ο
675 4526 873 4593 Deerat
903 4550 1074 4606 penes
1104 4533 1480 4606 Martiantnum
1504 4532 1579 4606 tui
1612 4543 1907 4606 pronomen
1931 4572 1952 4606 _,
1989 4526 2137 4606 Quod

548 4626 611 4666 ex
640 4610 744 4663 lide
772 4600 1117 4678 originalium
1150 4604 1433 4678 librorum,
1470 4603 1742 4678 ipsiusque
1774 4600 2134 4678 Pal_atin_i_ms.

543 4670 887 4739 sum-cimus?
906 4677 1094 4733 deerat
1110 4687 1287 4731 autem
1322 4670 1521 4751 injpso
1544 4670 1789 4728 Palatino
1814 4670 2129 4726 adverbium

539 4768 674 4807 εοεε.

614 4820 639 4861 ἀ
673 4819 957 4879 Subncctit
1001 4816 1234 4874 Palatin.
1278 4831 1379 4889 ms.
1425 4815 1777 4889 Diapsalma;
1819 4812 2135 4889 tumultero

540 4894 608 4950 ab
637 4894 742 4949 boc
773 4906 931 4947 versu
962 4891 1180 4963 praefert
1226 4887 1479 4956 sequiore
1520 4884 1715 4963 inuno,
1747 4886 1800 4939 in
1846 4886 1994 4963 atriis
2036 4884 2133 4939 Dei

540 4967 727 5033 nostri,
749 4977 883 5019 voce
909 4956 1089 5017 do'mns
1115 4968 1378 5031 expuucta
1414 4976 1426 5010 :
1451 4967 1614 5029 atque
1642 4959 1744 5033 boc
1770 4956 1988 5027 quidem
2011 4971 2128 5027 om-

542 5039 672 5093 nino
706 5030 888 5090 verius
917 5033 1070 5102 juxta
1099 5033 1261 5087 Hebr.
1300 5040 1507 5102 textum
1538 5038 1594 5085 et
1619 5030 1890 5102 Granum.

620 5117 643 5145 ε
693 5098 970 5162 Palatinus
1024 5118 1139 5159 tus.
1185 5110 1242 5158 et
1285 5100 1488 5169 Carus,
1540 5099 1748 5174 quando
1793 5098 2015 5169 fundata
2061 5107 2136 5153 est

538 5184 697 5233 terra.

616 5249 633 5287 ί
681 5245 824 5305 Satis
864 5245 1151 5318 diligenter
1187 5244 1240 5318 in
1277 5242 1469 5300 eodem
1514 5258 1616 5297 ms.
1658 5240 2042 5318 propositione

538 5334 669 5376 veru
699 5309 990 5385 transilva
1024 5318 1189 5372 verbo
1213 5317 1501 5370 levaverunt
1543 5309 1833 5368 asteriscus
1857 5309 2127 5385 praeponi.

541 5401 660 5458 tur,
683 5390 750 5445 ad
783 5389 928 5444 hunc
955 5383 1173 5443 modum
1298 5387 1338 5441 Ε
1360 5387 1396 5458 Αζ
1427 5387 1717 5458 levaverunt
1748 5383 1997 5458 flumina,
2018 5394 2125 5458 etc.

608 5453 776 5517 Silis.
810 5460 1176 5524 Veronensis,
1224 5455 1292 5511 In
1334 5453 1507 5511 decem
1561 5453 1835 5510 cordarum
1880 5453 2127 5522 psalterio

536 5549 653 5588 cum
692 5532 891 5587 cantico
921 5532 974 5584 in
1014 5528 1213 5584 cithara
1245 5543 1264 5582 :
1293 5537 1402 5582 tum
1437 5528 1595 5583 unice
1622 5542 1743 5583 cum
1789 5526 2085 5596 Augustino
2111 5566 2125 5590 ,

571 5606 658 5659 uia
687 5601 980 5670 iocundasti
1014 5616 1116 5666 me,
1149 5607 1255 5654 etc.
1281 5641 1295 5664 ,
1324 5609 1485 5669 atque
1515 5600 1692 5655 altero
1721 5598 1788 5653 ab
1819 5596 1923 5652 huc
1945 5611 2125 5664 versu,

590 5677 635 5729 ir
662 5669 966 5746 imprudens
982 5688 1083 5726 non
1107 5679 1397 5746 cognoscet,
1425 5680 1532 5728 etc.
1561 5671 1625 5726 Et
1649 5669 1978 5746 insequenti,
2001 5684 2123 5746 pro-

533 5741 808 5826 sperarunt
823 5746 984 5826 (Aug.
1001 5741 1380 5826 prospexerint)
1402 5758 1574 5797 omnes
1589 5741 2121 5826 qnio_pera_utur,etc.

608 5814 638 5855 ιι
658 5810 875 5889 Repetit
904 5810 1476 5872 bic’Verbneusis'tns.
1511 5810 1963 5885 quemadmodum
1992 5810 2123 5867 etin

2602 3189 2811 3238 QUANDO
2841 3191 3155 3232 ΙΝΙΙΔΒΙΤΔΤΔ
3187 3193 3285 3233 EST
3314 3195 3511 3235 TERRA.

2327 3262 2590 3321 Dominus
2624 3268 2891 3336 regnarit,
2923 3270 3177 3325 decorem
3209 3269 3385 3326 induit
3425 3289 3441 3326 :
3476 3271 3650 3328 induit
3680 3270 3873 3331 Domi-

2254 3369 2358 3410 nus
2381 3354 2773 3430 fortitudinem,
2801 3367 2856 3413 et
2883 3362 3171 3431 pracinxit
3195 3375 3256 3417 se
3285 3361 3560 3418 virtutem.

2337 3448 2553 3507 Etenim
2598 3452 2832 3509 ﬁrmavit
2861 3454 3049 3510 orbem
3080 3462 3243 3511 terra:
3272 3472 3286 3510 :
3320 3455 3415 3527 qui
3462 3456 3571 3512 non
3613 3472 3869 3516 commo-

2252 3550 2492 3609 rebitur.

2322 3645 2515 3701 Parata
2556 3641 2715 3699 sedes
2747 3650 2862 3713 tua,
2897 3641 3063 3709 Dens,
3090 3659 3155 3700 ex
3187 3653 3352 3702 tunc:
3385 3660 3415 3702 a
3455 3647 3662 3704 saeculo
3692 3654 3748 3704 tu
3779 3666 3868 3707 es.

2324 3736 2688 3794 Elevaverunt
2718 3733 2961 3804 ﬂumina,
2988 3735 3233 3808 Domine,
3264 3739 3618 3798 elevaverunt
3638 3742 3871 3801 ﬂumina

2249 3845 2414 3889 voces
2442 3844 2590 3900 suas,
2618 3844 2648 3885 a
2676 3829 2902 3887 vocibus
2929 3845 3190 3902 aquarum
3223 3833 3538 3892 multarum.

2322 4017 2597 4076 Mirabiles
2643 4014 2912 4075 elationes
2968 4010 3134 4076 maris
3165 4035 3181 4080 ;
3215 4018 3481 4078 mirabilis
3524 4019 3578 4078 in
3617 4021 3859 4080 excelsis

2240 4112 2522 4171 Dominus.

2242 4309 2594 4384 originalibus
2625 4318 2710 4367 est
2733 4310 2902 4384 libris
2924 4354 2939 4378 ,
2969 4309 3137 4367 verba
3158 4351 3172 4377 ,
3215 4311 3461 4383 quoniam
3488 4327 3604 4368 ecce
3644 4310 3853 4370 inimici

2241 4382 2352 4440 tui?
2373 4399 2474 4440 nec
2497 4382 2905 4438 tamenvidetur
2929 4382 3260 4453 Augustinus
3285 4383 3424 4439 hanc
3452 4386 3839 4453 repetitionem

2170 4494 2175 4499 -
2243 4455 2531 4511 verborum
2560 4454 2796 4508 novisse.
2825 4453 2958 4521 Quae
2992 4464 3287 4523 sequuntur
3315 4455 3514 4524 pariter
3547 4455 3717 4510 ferme
3742 4455 3839 4509 ba-

2242 4527 2408 4591 bcnt,
2458 4526 2512 4579 in
2553 4524 2910 4578 misericordia
2948 4526 3149 4596 pingui.
3192 4524 3262 4578 Et
3288 4526 3517 4594 respiciet
3547 4525 3731 4596 (Aug.
3758 4544 3845 4582 re-

2240 4596 2452 4667 spexit),
2485 4601 2665 4649 oculus
2696 4612 2835 4668 meus
2857 4596 3145 4668 iniuimicis
3171 4598 3327 4668 meis,
3366 4605 3412 4651 et
3452 4597 3503 4650 in
3535 4601 3607 4650 eis
3632 4599 3721 4668 qui
3750 4600 3843 4651 in-

2241 4664 2454 4740 surgunt
2483 4668 2536 4720 in
2567 4684 2646 4721 me
2666 4664 3068 4740 malignautibus
3098 4667 3268 4720 audiet
3307 4670 3453 4740 auris
3488 4684 3621 4740 mea.
3644 4664 3842 4740 'Justus

2241 4752 2297 4795 ut
2330 4737 2505 4813 palma
2525 4738 2746 4813 ﬂorebit,
2780 4737 2912 4791 sicut
2944 4738 3129 4813 cedrus
3158 4753 3275 4813 qua:
3298 4748 3371 4813 est
3396 4739 3449 4813 in
3479 4737 3678 4813 Liberae
3703 4739 3844 4810 (Αυ-

2240 4808 2383 4883 gust.
2416 4821 2557 4883 tacet
2578 4810 2795 4864 voculas
2831 4824 2945 4877 qua:
2980 4810 3077 4876 est)
3105 4810 3552 4883 multiplicabitur.
3580 4808 3721 4865 Tum
3760 4813 3845 4866 nl-

2243 4879 2359 4937 iero
2382 4882 2449 4934 ab
2480 4882 2581 4953 hoc
2609 4896 2787 4953 versu,
2822 4884 2872 4933 in
2911 4888 3113 4953 senecta
3142 4879 3324 4952 pingui
3352 4879 3640 4953 (retinetur
3669 4898 3841 4951 penes

2240 4954 2466 5024 August.
2500 4951 2737 5075 uberibet
2763 4951 3033 5020 tranquilli
3058 4951 3314 5018 erunt,’ut
3342 4951 3673 5015 annuntient,
3706 4968 3841 5024 quo-

2241 5028 2381 5075 niam
2421 5033 2592 5075 rectus
2690 5023 2892 5075 ominus
2937 5023 3067 5075 Deus
3108 5037 3253 5075 meus
3295 5039 3313 5075 :
3361 5024 3503 5075 nuod
3537 5038 3837 5075 DI’OIIHIHCII

2241 5028 2381 5079 niaut
2421 5033 2592 5076 rectus
2640 5023 2892 5075 Dominus
2937 5023 3067 5093 Deus
3108 5037 3253 5077 meus
3295 5039 3313 5076 :
3361 5024 3503 5093 quod
3537 5023 3837 5092 pronomen

2242 5095 2533 5164 Augusﬁn.
2570 5102 2774 5147 tantum
2809 5109 2912 5147 non
2951 5090 3119 5147 adiit.

2321 5166 2335 5206 ί
2383 5165 2580 5236 Eadem
2617 5180 2782 5235 penes
2819 5164 3105 5236 Augustin.
3144 5179 3207 5219 ac
3257 5164 3556 5220 \‘eronens.
3588 5178 3690 5236 ms.
3721 5168 3844 5236 epi-

2233 5242 2440 5309 graplte
2472 5254 2485 5290 :
2522 5234 2587 5309 In
2622 5234 2764 5309 diem
2790 5249 2906 5289 ante
2930 5235 3234 5309 Sabbutum,
3268 5236 3477 5309 quando
3502 5235 3723 5307 fundata
3750 5234 3834 5291 est

2234 5306 2394 5365 terra.
2428 5308 2537 5363 Sed
2568 5319 2622 5362 et
2646 5306 2766 5378 ipse
2793 5316 3098 5378 eontextusJ
3131 5307 3302 5361 induit
3329 5306 3586 5361 Dominus
3620 5310 3723 5378 fort
3747 5320 3834 5362 tu.

2232 5382 2439 5443 dinem,
2479 5386 2527 5432 et
2564 5375 2870 5450 prwcinctus
2912 5386 3008 5431 est.
3050 5375 3260 5431 Etenim
3297 5375 3629 5449 conﬁrmauit
3662 5381 3841 5434 urbem

2233 5462 2384 5507 terra:
2406 5491 2423 5517 ,
2453 5447 2680 5515 ethEt,
2714 5447 2913 5504 Parata
2948 5458 3020 5501 est
3059 5451 3199 5503 sedes
3228 5460 3337 5515 tua,
3370 5447 3526 5515 Deus,
3551 5465 3617 5503 ea:
3641 5449 3759 5515 illo,
3790 5461 3840 5505 et

2231 5541 2263 5578 a
2306 5519 2496 5576 stvculo
2528 5528 2584 5573 tu
2621 5536 2693 5572 es.
2728 5520 2866 5573 Tum
2898 5534 3005 5572 uno
3036 5519 3320 5590 interiecto
3346 5535 3525 5585 versu,
3563 5518 3834 5577 Mirabites

2231 5606 2558 5662 suspensuras
2578 5591 2761 5662 maris,
2784 5597 2918 5654 etc.,
2938 5601 2985 5644 et
3000 5632 3014 5656 ,
3036 5589 3347 5662 Testimonia
3369 5602 3458 5646 tua
3479 5592 3673 5662 credita
3695 5594 3841 5661 facta

2229 5660 2348 5720 sunt
2376 5660 2809 5735 nimis._Dontum
2845 5671 2983 5715 tuam
3014 5661 3156 5717 decet
3184 5662 3550 5735 sanctificatio,
3584 5660 3834 5732 Domine,

2229 5738 2287 5793 in
2319 5733 2690 5808 longitudinem
2716 5733 2939 5789 dierum.
