4090 6338
151 315 268 373 235

1479 315 1686 374 LIBER
1731 312 2178 374 I‘SALMORUM.

3362 315 3471 375 291

229 436 562 491 Testintonia
603 443 692 490 tua
731 433 1000 491 credibilia
1027 433 1166 506 facta
1195 444 1312 492 sunt
1337 433 1492 490 nimis
1525 452 1542 490 :
1573 435 1782 490 domum
1809 434 1862 495 Α
1964 431 2297 489 Testimonia
2323 436 2410 488 tua
2433 471 2449 500 ,
2505 429 2766 503 Domine,
2814 430 3094 490 credibilia
3146 432 3288 490 facta
3335 444 3464 491 sunt

160 540 318 586 tuam
361 531 498 586 decet
537 530 852 601 sanctitudo,
893 529 1136 601 Domine,
1178 529 1233 586 in
1272 527 1647 602 longitudinem
1672 530 1780 584 die-

154 641 308 679 rum.

1882 527 2065 582 nimis.

1952 620 2182 677 Domum
2213 630 2382 690 tuam,
2406 619 2657 692 Domine,
2681 619 2838 680 decet
2862 620 3196 690 sanctitudo,
3225 622 3279 679 in
3309 622 3483 696 longi-

1883 714 2123 769 tudinem
2154 715 2389 772 dierum.

1503 805 1866 869 PSALMUS
1908 806 2135 870 XCIII.

419 927 659 968 PSALIIUS
687 921 711 950 ⁸
739 927 838 967 IPSI
871 928 1029 968 υλνιυ
1053 955 1068 978 ,
1098 926 1312 976 οιἈιιτΑ
1336 923 1576 967 ελιιωτι.

238 1003 392 1060 Deus
421 1004 682 1059 ultiouum
709 1003 983 1075 Dominus,
1017 1003 1158 1059 Deus
1190 1003 1442 1057 ultionum
1470 1002 1622 1056 libere
1659 1003 1780 1073 egit.

239 1098 502 1154 Exnltare
544 1100 630 1171 qui
669 1099 885 1171 judicas
931 1109 1120 1154 (errant
1152 1114 1171 1154 :
1199 1098 1358 1152 redde
1398 1095 1785 1162 retributionem

167 1194 414 1263 superbis
425 1235 439 1248 .

246 1283 535 1355 Usquequo
564 1293 884 1357 peccatoi'es,
920 1283 1173 1352 Domine,
1206 1299 1464 1355 usquequo
1497 1287 1787 1350 peccatores

168 1377 546 1449 gloriabuntur
569 1379 593 1430 ?

244 1469 274 1508 ¹³
308 1471 389 1540 Et
403 1473 424 1540 ζ
457 1471 705 1541 [abuntur
726 1487 766 1527 -ξ
811 1472 905 1540 et:
941 1472 1211 1544 loquentur
1241 1471 1583 1541 iniquitatem,
1618 1472 1683 1536 }:<
1711 1467 1790 1522 lo-

173 1574 406 1636 quentur
446 1566 469 1633 ζ
496 1581 670 1619 omnes
699 1566 788 1636 qui
814 1576 1094 1637 Operantur
1117 1565 1426 1636 injustitium
1451 1564 1475 1616 Σ)

249 1656 526 1729 Papulum
557 1669 722 1726 tuum,
756 1655 997 1725 Domine,
1028 1655 1426 1711 humiliaverunt
1455 1671 1474 1709 :
1502 1661 1545 1708 et
1576 1651 1793 1707 ha'rcdi-

179 1760 342 1804 tatem
363 1765 506 1804 tuam
531 1760 856 1806 vexaverant.

261 1841 496 1896 Viduam
526 1853 574 1897 et
601 1843 852 1897 advenam
889 1841 1254 1913 interfecerunt
1279 1856 1298 1894 :
1324 1850 1372 1895 et
1401 1835 1630 1909 pupil.'os
1656 1833 1796 1890 occi-

183 1936 396 1989 derunt.

258 2028 332 2082 Et
378 2030 650 2096 dixerunt,
701 2030 824 2084 Non
868 2029 1056 2084 ridebit
1101 2029 1379 2096 Dominus,
1427 2043 1516 2081 nec
1551 2021 1799 2096 intelliget

189 2122 333 2177 Deus
353 2120 544 2178 Jacob.
575 2134 596 2161 ε

264 2211 584 2286 Intelligite,
613 2214 913 2286 insipientes
936 2215 987 2268 in
1016 2215 1210 2287 papula
1236 2230 1254 2270 :
1283 2225 1330 2270 et
1359 2214 1502 2270 stulti
1523 2211 1804 2284 aliquando

190 2309 379 2381 sapite.

267 2402 374 2466 Qui
403 2401 662 2472 plantavit
691 2418 886 2470 aurem,
917 2419 1021 2457 non
1044 2402 1214 2456 audiet
1234 2402 1259 2456 ?
1279 2410 1370 2455 aut
1395 2401 1482 2472 qui
1509 2399 1660 2469 ﬁnxit
1685 2415 1806 2451 oeu-

197 2497 329 2559 lum,
350 2513 458 2548 non
489 2495 823 2550 considerat?

272 2589 379 2655 Qui
420 2588 636 2658 corripit
665 2597 865 2660 gentes,
899 2605 998 2643 non
1028 2595 1231 2659 arguet,
1259 2586 1347 2658 qui
1374 2586 1521 2640 docet
1553 2584 1810 2638 hominem

200 2684 472 2740 scientiam
489 2686 513 2737 ?

272 2776 538 2834 Dominus
578 2778 672 2834 scit
699 2777 1037 2853 coqitationes
1062 2775 1330 2831 hominum
1357 2790 1376 2829 :
1399 2773 1644 2846 quoniam
1671 2787 1813 2826 vana:

204 2884 341 2927 Sliil.

275 2965 472 3021 Beatus
516 2963 692 3032 homo,
731 2981 880 3035 quem
901 2960 927 3000 ά
957 2977 1014 3019 -εν
1047 2971 1101 3018 tu
1128 2959 1448 3033 :erudieris,
1480 2958 1741 3015 Domine:
1769 2965 1817 3012 et

210 3059 271 3114 de
294 3058 406 3130 lege
426 3070 517 3112 tua
539 3057 779 3112 docueris
805 3073 942 3111 eum.

2124 921 2358 962 essurus
2388 921 2485 963 n>sr
2509 924 2692 974 mvro,
2713 923 2924 972 ouann
2956 905 2977 947 ί
3009 921 3249 964 SABBATI.

1964 1001 2105 1058 Deus
2155 1002 2419 1058 ultionum
2470 1003 2761 1074 Dominus,
2810 1003 2958 1060 Deus
3002 1002 3269 1058 ultionum
3321 1002 3493 1059 libere

1891 1095 2020 1167 egit.

1964 1187 2221 1244 Exaltare
2241 1186 2332 1260 qui
2354 1186 2566 1259 iudicas
2601 1197 2802 1245 terram
2837 1206 2850 1244 :
2878 1189 3048 1246 redde
3079 1189 3492 1247 retributionem

1893 1295 1978 1351 sui
1999 1282 2168 1338 erbis.

1968 1375 2261 1448 Usquequo
2305 1385 2647 1450 peccatores,
2681 1376 2932 1446 Domine,
2973 1393 3258 1451 usquequo
3302 1395 3491 1451 pecca-

1899 1477 2046 1525 tores
2075 1469 2490 1541 gloriabuntur?

1975 1569 1999 1607 Β
2023 1560 2476 1625 Pronuntiabuut,
2503 1569 2556 1616 et
2577 1561 2868 1633 loquentur
2889 1561 3249 1633 iniquitatem:
3277 1563 3500 1634 loquen-

1902 1661 1989 1709 tur
2019 1669 2208 1708 omnes
2237 1653 2328 1724 qui
2359 1664 2654 1723 operantur
2684 1655 3051 1725 injustitiam?

1829 1752 1872 1812 Β
1972 1746 2238 1816 Populum
2267 1756 2438 1816 tuum,
2475 1747 2719 1817 Domine,
2756 1748 3176 1807 liumiliavcrunt
3204 1769 3217 1806 :
3248 1762 3303 1809 ct
3331 1750 3504 1807 Incre-

1900 1841 2127 1898 ditatem
2158 1849 2308 1894 tuam
2337 1851 2692 1896 vcsaveruut.

1976 1930 2203 1985 Viduam
2236 1939 2291 1986 et
2321 1931 2587 1986 advenam
2622 1932 3039 1990 interfecerunt:
3071 1943 3122 1988 et
3148 1935 3384 2006 pupillos
3413 1951 3505 1991 oc-

1902 2024 2174 2081 cidcrunt.

1978 2117 2045 2172 Et
2075 2116 2330 2171 dixerunt
2359 2133 2372 2172 :
2403 2115 2522 2172 Non
2545 2117 2754 2174 videbit
2785 2117 3049 2175 Dominus
3076 2138 3088 2174 :
3134 2136 3308 2192 neque
3350 2122 3508 2178 intel-

1907 2209 2036 2280 liget
2063 2210 2207 2265 Deus
2233 2208 2427 2266 Jacob.

1981 2302 2266 2373 lntelligite
2297 2319 2462 2371 nunc,
2510 2305 2600 2376 qui
2654 2301 2977 2374 insipientes
3004 2307 3139 2362 estis
3171 2307 3222 2364 in
3257 2309 3460 2380 populo
3494 2327 3510 2366 :

1908 2405 1962 2452 et
1985 2395 2138 2451 stulti
2164 2395 2456 2466 aliquando
2480 2399 2674 2468 sapite.

1983 2496 2084 2564 Qui
2121 2496 2384 2568 plantavit
2414 2511 2624 2562 aurem,
2651 2512 2758 2552 non
2805 2495 3024 2552 audiet?
3068 2495 3158 2565 qui
3204 2493 3361 2550 ﬁnxit
3386 2511 3514 2549 outl-

1913 2589 2046 2655 lum,
2072 2605 2177 2644 non
2202 2590 2551 2645 considerat?
2573 2591 2661 2660 qui
2691 2590 2916 2660 corripit
2937 2597 3145 2660 gentes,
3174 2605 3279 2644 non
3302 2590 3516 2661 arguet?

1912 2682 2004 2754 qui
2035 2682 2195 2738 docet
2221 2681 2498 2738 hominem
2528 2683 2851 2738 scientiam?

1989 2777 2250 2834 Dominus
2291 2777 2441 2833 novit
2483 2776 2842 2849 cogitationes
2895 2776 3216 2835 hominum:
3249 2777 3502 2848 quoniam

1916 2886 2070 2927 vana:
2091 2879 2239 2926 sunt.

1993 2963 2191 3021 Beatus
2219 2963 2404 3033 homo,
2437 2977 2597 3034 quem
2636 2970 2692 3018 tu
2730 2960 3020 3031 erudieris,
3051 2961 3320 3019 Domine:
3357 2973 3414 3018 et
3453 2961 3524 3018 de

1921 3056 2041 3128 lege
2069 3066 2157 3112 tua
2180 3057 2430 3112 docueris
2450 3071 2596 3123 eum,
2622 3065 2680 3110 ut
2706 3054 2919 3127 mitiges
2943 3071 3066 3114 eum
3091 3071 3121 3112 a
3143 3056 3336 3112 diebus
3363 3052 3391 3093 ¹³
3414 3071 3528 3112 ma-

284 3153 354 3210 Ut
387 3153 592 3226 mitiges
617 3153 665 3208 ei
691 3171 722 3208 a
750 3152 926 3208 diebus
954 3150 1106 3206 ntalis
1139 3167 1157 3206 :
1187 3150 1346 3205 donec.
1374 3149 1608 3220 fodiatur
1637 3163 1813 3218 pecca-
1843 3137 1889 3201 C
1920 3150 2008 3218 iis,
2041 3151 2214 3207 donec
2247 3149 2483 3206 fodiatur
2511 3151 2783 3220 peccatori
2814 3149 2992 3206 fovea.

215 3250 318 3304 tori
345 3250 514 3320 forea.
1754 3281 1786 3303 κ

287 3344 428 3410 Quia
450 3360 552 3397 non
578 3342 789 3415 repellet
821 3341 1069 3399 Dominus
1097 3341 1293 3415 plebem
1314 3357 1461 3397 suam
1489 3356 1507 3394 :
1530 3349 1580 3395 et
1604 3336 1823 3394 Incredi-

227 3445 385 3489 tatrm
410 3451 565 3489 suam
588 3451 689 3488 non
721 3434 1056 3503 derelinquat.

293 3529 649 3597 Quoadusque
663 3527 1220 3599 justitia.conrertatur
1252 3524 1304 3578 in
1325 3524 1587 3594 judicium
1614 3539 1634 3578 :
1663 3532 1711 3576 et
1739 3521 1826 3593 qui

214 3621 366 3692 juxta
409 3618 596 3674 illam?
634 3635 808 3676 omnes
846 3620 935 3691 qui
975 3629 1114 3674 recto
1157 3628 1275 3674 sunt
1307 3618 1479 3673 corde.
1509 3627 1532 3655 ο
1565 3631 1627 3672 σε-
1670 3615 1830 3670 Disp-

224 3727 281 3768 SA
288 3728 356 3768 ιιι
365 3730 396 3767 ,ι
405 3751 420 3766 ο

297 3807 435 3871 Quis
462 3805 889 3884 consurget/mihi
915 3805 1156 3860 adversus
1184 3803 1564 3876 malignantes?
1589 3818 1646 3858 ρξ-
1672 3811 1761 3856 aut
1808 3803 1830 3872 ζ

228 3900 336 3970 quis
369 3899 529 3953 stabit
570 3916 770 3954 mecum
809 3899 1054 3955 adversus
1082 3909 1352 3972 operantes
1381 3899 1724 3970 iniquitatem.

304 3991 434 4046 Nisi
477 3992 600 4063 quia
638 3991 894 4048 Dominus
920 3993 1124 4066 adjuvit
1150 4009 1233 4048 me
1263 4009 1281 4048 :
1311 3993 1471 4065 paulo
1493 3993 1666 4046 minus
1694 3989 1838 4045 habi-

235 4093 386 4138 tasset
413 4085 470 4137 in
500 4085 702 4154 inferno
745 4085 922 4138 anima
948 4101 1082 4142 mea.

305 4177 370 4233 Si
398 4175 634 4230 dicebam
677 4192 695 4231 :
737 4175 912 4232 Motus
935 4187 1010 4232 est
1046 4194 1133 4250 pes
1157 4194 1320 4249 meus,
1344 4177 1704 4233 misericordia
1729 4187 1838 4248 tua,

240 4268 490 4335 Domine,
516 4270 794 4342 adjuvabat
837 4288 937 4326 nte.

313 4363 626 4418 Secundum
666 4365 1050 4420 multitudinem
1087 4365 1320 4420 doloraut
1356 4383 1586 4421 meorum
1615 4367 1667 4422 in
1693 4368 1847 4424 corde

245 4471 376 4525 meo,
415 4454 794 4512 consolationes
821 4465 922 4513 tua:
947 4457 1341 4528 laetiﬁcat-erunt
1368 4459 1596 4514 animam
1622 4477 1808 4515 nteant.

319 4669 345 4732 fl
387 4659 698 4716 Pronomen
724 4661 824 4732 ipsi
858 4661 1034 4717 Palat.
1065 4677 1169 4716 ms.
1200 4670 1360 4718 tacet.

317 4731 344 4770 δ
378 4732 512 4787 Siue
539 4732 710 4788 obelis
747 4731 1022 4788 Palatinus
1063 4749 1166 4788 ms.
1201 4744 1255 4788 ct
1284 4733 1473 4797 Carus,
1508 4735 1847 4802 E/I'abuntnr,

249 4812 292 4857 et
320 4805 630 4877 loquentur:
665 4816 776 4858 tum
823 4821 918 4872 pro
945 4814 1222 4874 Operuntur
1250 4806 1583 4877 injustitiam,
1617 4810 1857 4876 reposuit

255 4879 304 4950 iu
335 4873 541 4950 eodem
580 4890 683 4950 ms.
725 4879 943 4946 sequior
974 4873 1166 4931 manus
1207 4873 1484 4946 operantur
1509 4873 1850 4950 iniquitatem.

256 4945 521 5001 llcbraice
546 4948 706 5000 etiam
739 4945 820 5002 est
839 4955 946 5002 rm.

328 5029 348 5090 ξ
380 5017 550 5090 Addit
579 5019 663 5090 hic
697 5016 857 5073 idem'
888 5034 988 5074 ms.
1027 5016 1347 5090 Diapsalma.

324 5085 350 5124 τι
386 5090 448 5142 S.
481 5088 597 5158 ipse
633 5089 788 5142 Pater
815 5091 881 5144 ad
915 5091 1059 5146 hunc
1093 5085 1268 5145 locum
1299 5093 1350 5145 in
1376 5092 1603 5159 epistola
1626 5093 1692 5147 ad
1715 5091 1856 5148 Sun-

258 5159 425 5226 niam,
454 5169 559 5214 etc.
597 5178 612 5213 :
650 5159 836 5214 Dicitis
871 5161 923 5215 in
957 5161 1135 5217 Graeco
1166 5176 1269 5214 non
1310 5180 1435 5229 esse,
1474 5176 1529 5219 tu
1566 5185 1579 5218 :
1612 5177 1657 5218 et
1682 5181 1852 5218 vei-uin

257 5243 329 5308 e__s_t
359 5248 377 5296 ;
419 5231 511 5308 sed
541 5232 696 5308 ⁸(ψειιί
739 5233 948 5308 Latinos
989 5243 1197 5308 promer
1226 5235 1468 5308 εὐφωνίαν
1507 5237 1728 5308 positum
1753 5246 1850 5308 est.

261 5302 317 5356 Si
348 5304 486 5355 enim
517 5301 774 5366 dicamus,
809 5301 1004 5359 Beatus
1032 5301 1214 5374 homo,
1245 5301 1405 5375 quem
1437 5301 1722 5366 erudieris.
1751 5307 1829 5359 Do

263 5375 428 5436 mine,
464 5375 853 5447 compositiOnis
885 5375 1194 5447 elegantiam
1216 5394 1316 5433 non
1329 5377 1550 5431 habebit.
1573 5377 1856 5446 thuando

265 5446 470 5527 dicitur,
505 5445 754 5527 Dor-nine,
777 5454 827 5500 et
868 5445 1183 5517 apostropha
1209 5452 1268 5519 [it
1294 5449 1364 5501 ad
1398 5445 1698 5516 Dominum,
1726 5447 1857 5501 nihil

265 5525 407 5568 nocet
433 5525 626 5579 sensui,
660 5525 703 5568 si
734 5529 957 5584 ponatur
983 5530 1028 5572 et
1058 5531 1140 5584 tu.

337 5599 359 5622 ε
403 5586 663 5655 Deposuit
691 5589 911 5657 sequior
938 5606 1127 5643 ruamus
1156 5592 1208 5646 in
1241 5589 1483 5646 Palatino
1512 5605 1612 5645 ms.
1646 5606 1858 5644 conver-

277 5665 429 5710 tetur.
479 5659 582 5724 Qui
633 5658 980 5723 subsequitur
1027 5661 1256 5728 obclus,
1309 5673 1420 5717 tum
1464 5672 1518 5716 et
1558 5663 1649 5729 qui
1689 5663 1860 5714 altero

269 5743 426 5802 versu
465 5738 555 5782 aut
591 5732 876 5802 particulae
914 5733 1226 5802 prwligitur,
1261 5735 1314 5788 in
1357 5733 1548 5788 eodem
1581 5748 1682 5786 ms.
1715 5732 1862 5786 desi-

270 5798 546 5876 derantur.
585 5798 823 5874 licuique
853 5798 1160 5874 iuéequénti
1195 5798 1327 5872 alio,
1362 5803 1611 5860 habitavit
1638 5804 1858 5876 legitur,

274 5885 366 5940 pro
393 5869 692 5928 habitasset.

1876 4668 1928 4728 D

1995 3243 2131 3312 Quia
2174 3241 2305 3316 [Με.
2352 3241 2644 3314 Quoniam]
2703 3257 2811 3298 non
2841 3244 3070 3315 repellet
3116 3243 3381 3300 Dominus
3409 3244 3528 3315 ple-

1925 3337 2053 3393 bem
2078 3350 2232 3391 suam
2261 3353 2276 3393 :
2324 3345 2380 3391 et
2428 3334 2802 3390 bmreditatem
2835 3349 2988 3390 suam
3027 3351 3134 3391 non
3163 3336 3529 3408 derelinquet.

2001 3430 2363 3502 Quoadusque
2405 3429 2619 3500 iustitia
2660 3439 3013 3486 convertatur
3040 3429 3093 3485 in
3120 3430 3380 3501 judicium
3421 3447 3435 3486 :
3479 3439 3538 3488 et

1930 3527 2022 3598 qui
2053 3532 2243 3582 tenent
2267 3524 2423 3580 eam?
2465 3537 2658 3579 omnes
2704 3522 2797 3594 qui
2838 3531 2992 3579 recto
3021 3532 3149 3580 sunt
3185 3523 3374 3580 corde.
3405 3523 3535 3580 Dra-

1933 3635 2165 3676 PSALIIA.

2006 3712 2139 3781 Quis
2185 3718 2441 3782 exsurget
2483 3707 2617 3765 mibi
2655 3707 2914 3765 adversus
2963 3709 3321 3781 malignantes
3369 3711 3393 3766 ?
3442 3719 3537 3768 aut

1937 3799 2058 3880 quis
2081 3807 2248 3862 stabit
2287 3819 2501 3862 mecum
2531 3803 2794 3859 adversus
2823 3811 3111 3872 cperantcs
3151 3803 3536 3875 iniquitatem?

2009 3898 2126 3954 Nisi
2169 3897 2292 3968 quia
2327 3896 2589 3952 Dominus
2636 3894 2954 3964 adjuvasset
2988 3909 3119 3953 me:
3159 3896 3321 3967 paulo
3356 3898 3536 3953 minus

1943 3993 2283 4049 habitaverat
2315 3991 2368 4046 in
2401 3989 2613 4046 inferno
2639 3988 2820 4044 anima
2849 4004 2992 4045 mea.

2017 4087 2074 4143 Si
2098 4085 2368 4150 dicebam,
2393 4093 2570 4138 motus
2593 4092 2676 4138 cst
2699 4095 2993 4153 pcsmcus:
3019 4082 3393 4140 misericordia
3423 4092 3535 4154 tua,

1947 4180 2194 4247 Domine,
2223 4177 2514 4250 adjuvabat
2540 4192 2646 4233 me.

2026 4273 2042 4312 ί
2085 4271 2402 4330 Secundum
2452 4268 2850 4326 multitudinem
2893 4267 3146 4326 dolorum
3188 4285 3434 4328 meorum
3489 4273 3544 4329 iu

1949 4367 2114 4425 corde
2135 4380 2276 4432 meo,
2293 4364 2697 4421 consolationes
2713 4371 2838 4431 tua',
2865 4363 3114 4434 Domine,
3131 4365 3547 4424 ketilicaverunt

1953 4460 2190 4518 animam
2219 4473 2417 4515 meam.

2030 4662 2049 4702 τ
2086 4663 2323 4720 Plurium
2354 4678 2579 4718 numero
2606 4662 2744 4717 idem
2778 4677 2881 4719 ms.
2909 4673 2968 4718 ut
2999 4673 3052 4720 et
3079 4665 3391 4735 Augustin.,
3417 4669 3550 4725 Sab-

1961 4736 2216 4809 batorum.
2249 4735 2320 4790 'ln
2363 4745 2512 4809 textu
2557 4735 2916 4809 v_crba_libere
2957 4739 3098 4809 egit,
3141 4741 3279 4802 sive,
3338 4750 3392 4794 ut
3441 4745 3550 4794 Au-

1956 4815 2098 4878 gust.
2141 4808 2358 4875 ﬁdenter
2387 4807 2512 4877 egit,
2545 4807 2614 4861 ab
2648 4804 2838 4862 eodem
2881 4804 3225 4864 nisflibrarii
3267 4811 3548 4867 oscitonlia

1958 4877 2305 4934 exciderunt.

2029 4959 2054 4998 ες
2087 4949 2390 5024 Veroucus.
2427 4963 2555 5013 ms,
2575 4949 2931 5024 Bcspomleitl,
2962 4961 3010 5003 et
3039 4952 3362 5024 eloquentur:
3387 4969 3552 5024 penes

1959 5021 2187 5090 August.
2233 5021 2524 5090 loquentur.
2573 5020 2708 5074 Tum
2751 5036 2858 5075 uno
2900 5021 3183 5090 intorjecto
3223 5020 3408 5088 versu,
3460 5025 3554 5079 Vi-

1957 5093 2114 5146 duam
2154 5101 2201 5145 et
2242 5091 2470 5163 pupillos
2516 5093 2901 5162 interfecerunt,
2941 5103 2989 5147 et
3019 5093 3328 5162 proselgtum
3354 5098 3556 5150 occide-

1958 5175 2099 5218 runt.
2142 5164 2205 5217 lit
2249 5172 2369 5232 post
2411 5166 2548 5217 duos
2591 5166 2762 5225 alios,
2804 5173 2896 5218 aut
2937 5167 3024 5232 qui
3063 5164 3211 5234 ﬁngit
3246 5164 3554 5235 (Augustin.

1959 5235 2134 5305 ﬁnxit)
2169 5236 2398 5298 ovillum,
2430 5251 2531 5287 non
2564 5235 2891 5288 considerat?
2914 5235 3000 5300 qui
3029 5237 3198 5288 erudit
3229 5248 3422 5305 gentes,
3453 5257 3555 5294 non

1959 5307 2258 5378 argnet,qui
2280 5305 2424 5358 docet
2443 5305 2699 5358 hominem
2712 5307 3014 5378 sapientiam
3029 5305 3054 5356 ?
3069 5306 3290 5376 (August
3303 5308 3376 5362 in.
3395 5312 3530 5366 scien
3545 5340 3560 5352 -

1961 5377 2112 5448 tiam)
2145 5377 2396 5430 Dominus
2420 5379 2516 5429 scit
2545 5377 2897 5448 cogitationes,
2929 5384 3036 5429 ctc.

2036 5445 2060 5484 ⁸³
2095 5445 2272 5503 Ρθιιοε
2318 5445 2671 5516 Augustinum
2713 5458 2768 5502 et
2813 5445 3116 5501 Veronens.
3149 5463 3278 5514 ms.,
3308 5468 3340 5503 a
3377 5453 3557 5506 diclms

1963 5519 2205 5588 malignis
2237 5536 2255 5572 :
2289 5528 2396 5571 tum
2443 5533 2552 5570 uno
2599 5517 2883 5586 interiecto
2909 5533 3090 5584 Versu,
3118 5522 3206 5588 qui
3231 5520 3264 5572 h
3287 5523 3418 5576 .bent
3447 5542 3558 5576 eam

1972 5607 2144 5664 omnes
2167 5599 2444 5664 recto‘sunt
2463 5589 2816 5664 i:orde,alquc
2845 5590 2950 5664 alio
2983 5591 3308 5664 insequenti,
3331 5604 3419 5646 aut
3445 5596 3560 5664 quis

1969 5663 2210 5736 consistet
2247 5661 2369 5712 mihi
2405 5661 2672 5729 adversus,
2716 5669 2828 5716 etc.
2870 5659 3293 5732 deniquemox,
3334 5659 3560 5736 adjuvit,

1971 5747 2064 5800 pro
2090 5732 2401 5802 adjuvassct.

2046 5811 2060 5876 ξ
2098 5801 2426 5876 Prmponunt
2453 5801 2541 5876 liic
2569 5801 2738 5876 iidem
2761 5801 2884 5876 libri
2920 5803 3159 5876 Domine,
3191 5805 3334 5876 quod
3367 5820 3561 5864 nomen

1967 5873 2058 5932 ubi
2087 5874 2439 5947 subsequcnti
2473 5873 2820 5935 hemisticbio
2857 5875 3073 5950 legitur,
3105 5873 3304 5933 tacent.
