4090 6338
544 305 654 365 295

1548 304 1611 366 S.
1652 302 2036 366 IIIERONYMI
2075 304 2309 368 DIVINA
2349 305 2831 370 BlBLIOTllECA.

3739 310 3857 375 203

616 421 892 495 Numquid
931 421 1161 480 adliceret
1196 422 1289 479 tibi
1324 422 1472 479 sedes
1508 422 1836 496 iniquitatis,
1868 424 1956 497 qui
1997 425 2154 500 ﬁngis
2180 428 2235 488 Α
2331 425 2600 500 Numquid
2632 426 2876 484 adbmret
2902 424 3031 500 [Ms.
3063 423 3262 501 aderit]
3293 427 3391 486 tibi
3407 427 3567 486 sedes
3594 428 3857 501 iniquita-

547 515 775 573 laborem
801 516 856 571 in
883 517 1187 589 praecepto?

614 610 905 683 Captabunt
940 609 997 664 in
1035 608 1260 664 animant
1277 609 1414 683 justi
1444 626 1464 664 :
1492 616 1543 665 et
1571 608 1877 683 sanguinem
1900 609 2148 665 innocen-

545 714 650 761 tem
677 700 1114 758 condemnabunt.

614 795 683 851 Et
722 795 893 867 {actus
934 800 1009 849 est
1050 792 1178 848 mihi
1215 791 1474 852 Dominus
1513 796 1569 851 in
1593 795 1853 868 refugium
1884 802 1973 850 :et
2002 793 2144 850 Deus

546 904 688 944 meus
711 887 766 941 in
791 886 1116 960 adjutorium
1142 887 1253 958 spei
1279 904 1425 943 meas.

607 979 680 1034 Et
718 977 898 1034 reddet
943 977 1051 1034 illis
1085 979 1414 1052 iniquitatem
1442 981 1678 1053 ipsorum
1702 1022 1718 1048 ,
1759 966 1807 1035 et
1846 984 1902 1035 in
1928 977 2135 1034 malitia

537 1087 717 1129 eorum
753 1080 780 1108 ι
810 1070 1077 1144 disperdet
1117 1088 1205 1128 eos
1228 1116 1244 1145 ,
1280 1076 1347 1143 )9:
1379 1073 1648 1145 disperdet
1676 1073 1796 1129 illos
1823 1072 1845 1142 ἶ
1878 1070 2136 1128 Dominus

540 1162 686 1223 Deus
710 1172 905 1222 noster.

2255 518 2325 576 tis
2345 519 2438 591 qui
2471 520 2628 591 lingis
2650 518 2896 576 dolorem
2926 519 2980 576 in
3009 521 3320 592 praecepto?

2323 612 2629 684 Captabunt
2652 613 2705 669 in
2728 614 2962 669 animum
2981 613 3146 685 justi:
3170 624 3224 672 et
3242 616 3563 689 sanguinem
3588 616 3857 674 innocen-

2254 716 2364 765 tem
2395 707 2863 765 condemnabunt.

2321 798 2388 854 Et
2421 797 2593 856 iactus
2632 807 2719 855 est
2754 799 2885 855 mihi
2913 800 3172 858 Dominus
3199 802 3251 857 in
3280 803 3589 876 refugium:
3617 812 3675 862 et
3700 803 3853 861 Deus

2247 904 2402 948 meus
2426 890 2480 947 in
2504 891 2763 948 auxilium
2783 891 2900 963 spei
2927 907 3085 950 meas.

2312 983 2380 1040 Et
2404 983 2597 1041 reddet
2629 983 2645 1023 ί
2683 984 2794 1041 illis
2840 986 3101 1043 Dominus
3138 988 3714 1062 iniquitatesipsorum
3749 1007 3761 1045 τ
3795 999 3857 1047 et

2242 1078 2298 1133 in
2339 1077 2546 1134 malitia
2571 1091 2764 1135 eorum
2792 1078 3075 1151 dispertlet
3101 1080 3223 1139 illos
3268 1082 3533 1140 Dominus
3573 1084 3715 1140 Deus
3742 1097 3847 1140 no-

2242 1176 2379 1225 ster.

1861 1258 2223 1325 PSALMUS
2265 1261 2492 1328 XCIV.

891 1381 951 1423 ψ
997 1378 1130 1422 uos
1157 1362 1421 1421 διετίθει»
1452 1378 1553 1419 [Ps1
1582 1378 1742 1420 omo
1784 1362 1807 1431 1

618 1461 800 1520 Venite
820 1502 836 1530 ,
867 1460 1151 1517 exaltemus
1173 1458 1440 1514 Domino:
1462 1457 1754 1530 jubilemus
1781 1455 1892 1513 Deo
1916 1456 2143 1513 salutari

539 1566 742 1614 ηοεινο.

611 1650 1042 1721 Ρνιεοεοαρεηιιιδ
1072 1646 1258 1717 faciem
1282 1648 1398 1719 ejus
1444 1644 1499 1699 in
1536 1642 1859 1714 confessione
1885 1656 1903 1697 :
1940 1655 2001 1698 σξ-
2028 1649 2076 1698 et
2109 1640 2132 1710 1

539 1744 594 1799 in
618 1743 835 1815 psalmis
848 1742 1136 1813 jubilemus
1166 1740 1235 1797 ei.

2640 1367 2816 1426 imus
2852 1385 3064 1427 can-run
3099 1386 3198 1428 IP51
3237 1387 3418 1428 ωηο.

2320 1456 2515 1515 Venite
2536 1498 2554 1527 ,
2586 1460 2906 1520 exultemus
2926 1462 3161 1521 Domino
3191 1480 3207 1521 :
3230 1463 3533 1536 jubilemus
3555 1462 3667 1522 Deo
3696 1465 3850 1522 salu-

2247 1549 2349 1604 tari
2378 1548 2508 1622 [Με.
2544 1550 2826 1625 salvatori]
2850 1564 3064 1611 nostro.

2319 1643 2779 1715 Praeoccupemus
2820 1647 3012 1704 faciem
3039 1649 3160 1719 ejus
3188 1648 3245 1705 in
3275 1648 3622 1708 confessione
3654 1667 3669 1706 :
3700 1657 3758 1708 et
3788 1649 3847 1706 in

2247 1738 2476 1809 psalmis
2492 1738 2789 1810 jubilemus
2817 1740 2891 1797 ei.

611 1836 871 1903 Quoniam
896 1832 1041 1890 Deus
1067 1848 1284 1904 magnus
1309 1870 1326 1899 ,
1370 1828 1629 1886 Dominus
1656 1870 1672 1899 ,
1724 1836 1771 1885 et
1797 1844 1893 1886 rex
1921 1841 2144 1900 magnus
2174 1839 2220 1901 Β
2317 1830 2582 1900 Quoniam
2610 1831 2753 1888 Deus
2779 1847 3006 1905 magnus
3035 1833 3164 1907 [Δία.
3192 1835 3318 1891 add.
3342 1835 3450 1908 est]
3483 1834 3766 1905 Dominus,
3791 1842 3851 1893 et

536 1945 692 2001 super
713 1942 892 1983 omnes
915 1924 1062 1980 deos.
1603 1985 1624 2002 ο

611 2019 749 2087 Quia
776 2017 830 2071 in
856 2032 1013 2071 manu
1042 2017 1155 2089 ejus
1189 2025 1211 2055 ο
1243 2023 1364 2070 sunt
1394 2030 1571 2070 omnes
1600 2013 1729 2085 ﬁnes
1761 2021 1914 2069 terra:
1939 2029 1958 2069 :
1981 2023 2027 2070 et
2060 2011 2134 2068 al-

537 2113 786 2169 titudines
817 2113 1070 2167 montium
1099 2110 1266 2181 ipsius
1293 2120 1435 2165 sunt.

610 2204 638 2245 ά
673 2205 935 2273 Quoniam
975 2205 1143 2272 ipsius
1183 2212 1258 2258 est
1299 2219 1478 2274 mare,
1512 2212 1563 2258 et
1599 2202 1711 2276 ipse
1730 2201 1851 2273 fecit
1876 2200 2017 2258 illud
2045 2217 2064 2258 :
2089 2209 2139 2256 et

537 2301 729 2357 siccam
747 2314 932 2353 manus
962 2300 1078 2367 eius
1109 2299 1479 2365 formaverunt.

616 2391 800 2447 Venite
824 2433 840 2459 ,
865 2390 1172 2457 adoremus,
1201 2397 1249 2443 et
1286 2387 1654 2459 procidamus,
1681 2396 1705 2425 ο
1731 2395 1780 2443 et
1812 2386 1835 2456 1
1874 2388 2139 2459 ploremus

541 2498 663 2542 ante
689 2482 1002 2551 Dominum,
1035 2482 1124 2549 qui
1149 2480 1272 2551 fecit
1297 2496 1393 2536 nos
1420 2495 1439 2533 :
1461 2480 1588 2551 quia
1626 2479 1737 2551 ipse
1763 2488 1838 2535 est
1863 2494 1924 2536 -:—
1950 2477 2138 2536 Domi-

537 2595 638 2635 nus
670 2580 694 2649 1
729 2577 867 2633 Deus
898 2584 1095 2631 noster.
1123 2589 1137 2640 τ
2120 2644 2124 2647 Ι

609 2671 680 2727 Et
709 2686 802 2726 nos
832 2668 1056 2741 papulas
1093 2682 1302 2738 pascua?
1325 2666 1439 2738 ejus
1458 2706 1474 2732 ,
1527 2674 1579 2721 et
1618 2680 1735 2720 oves
1764 2678 1947 2719 manus
1975 2663 2087 2735 ejus
2117 2679 2138 2719 :

532 2767 693 2823 Isodie
720 2765 763 2821 si
792 2779 966 2821 vocem
989 2762 1110 2835 ejus
1140 2761 1414 2817 audieritis
1436 2800 1454 2828 ,
1493 2760 1653 2816 nolite
1694 2757 1957 2814 obdurare
1980 2759 2138 2813 corda

538 2867 732 2917 vestra.

609 2950 761 3008 Sicut
797 2949 852 3004 in
893 2944 1188 3002 irritatione
1231 2941 1518 3000 secundum
1564 2939 1701 2995 diem
1739 2939 2041 2995 tentationis
2083 2941 2138 2994 in

538 3047 764 3102 deserto.

609 3138 710 3194 Ubi
735 3141 1060 3193 tentaverunt
1089 3147 1170 3187 me
1206 3137 1378 3204 patres
1408 3128 1563 3184 vestri
1585 3169 1600 3196 ,
1641 3129 1987 3199 probaverunt
2019 3125 2038 3166 ε
2070 3141 2134 3184 ot—

535 3250 618 3289 me
643 3232 665 3300 1
697 3241 747 3287 et
771 3229 1012 3285 viderunt
1042 3242 1199 3299 opera
1229 3241 1364 3279 mea.

610 3321 975 3395 Quadraginta
1002 3320 1151 3374 antiis
1189 3317 1416 3387 oﬂ‘ensus
1453 3315 1537 3372 sui
1580 3314 1899 3387 generationi
1923 3313 2045 3382 illi,
2086 3323 2135 3370 et

537 3417 652 3473 dixi
673 3432 691 3469 :
723 3414 942 3486 Semper
965 3420 988 3461 ε
1013 3410 1068 3467 Iti
1097 3419 1273 3465 errant
1300 3408 1478 3465 corde.

608 3509 677 3563 Et
706 3507 793 3563 isti
823 3522 926 3561 non
950 3511 1295 3575 cognouerunt
1320 3501 1430 3556 eius
1462 3515 1604 3557 meas
1627 3539 1642 3566 ,
1690 3506 1748 3554 ut
1762 3498 1945 3571 juraoi
1974 3498 2028 3554 in
2049 3498 2132 3553 ira

534 3620 647 3661 mea
671 3618 690 3659 :
720 3601 768 3656 si
789 3598 1068 3656 introibant
1090 3596 1143 3651 in
1167 3594 1395 3667 requiem
1423 3609 1611 3648 meam.

2242 1938 2336 1980 rex
2357 1938 2581 1995 magnus
2601 1938 2765 1996 super
2790 1940 2981 1983 omnes
3008 1926 3164 1984 deos.

2313 2013 2580 2084 Quoniam
2625 2030 2735 2071 non
2792 2018 3023 2087 repellet
3060 2018 3326 2074 Dominus
3381 2017 3596 2090 plebem
3642 2032 3798 2074 suam
3826 2057 3845 2084 ,

2240 2109 2363 2180 quia
2388 2108 2520 2183 [Με.
2551 2108 2829 2183 quoniam]
2861 2110 2914 2167 in
2942 2126 3104 2166 manu
3132 2112 3249 2181 ejus
3271 2110 3296 2148 κ
3320 2119 3447 2167 sunt
3475 2125 3667 2166 omnes
3709 2109 3849 2166 ﬁnes

2245 2211 2405 2258 terra:
2435 2218 2450 2256 :
2479 2210 2536 2258 et
2557 2201 2868 2259 altitudines
2903 2195 3167 2258 montium
3193 2203 3310 2275 ipse
3336 2202 3621 2272 conSpicit.

2312 2293 2577 2362 Quoniam
2620 2293 2792 2364 ipsius
2830 2303 2915 2350 est
2964 2310 3135 2366 mare,
3176 2304 3232 2351 et
3270 2295 3386 2367 ipse
3433 2293 3561 2350 fecit
3588 2294 3757 2350 illud:
3787 2303 3846 2352 et

2240 2388 2450 2444 aridam
2484 2388 2851 2444 fundaverunt
2879 2403 3071 2444 manus
3096 2388 3236 2459 ejus.
3710 2460 3713 2463 _

2314 2481 2538 2550 Venite,
2581 2480 2907 2549 adoremus,
2956 2489 3013 2538 et
3058 2481 3405 2554 procidamus
3452 2490 3576 2538 ante
3620 2481 3791 2539 Deum
3821 2522 3837 2546 ,

2242 2573 2517 2647 ploremus
2554 2588 2737 2630 coram
2778 2574 3047 2641 Domino,
3087 2575 3177 2646 qui
3225 2573 3353 2631 fecit
3382 2588 3483 2629 nos
3514 2591 3530 2632 :
3564 2576 3685 2644 quia
3720 2576 3840 2646 ipse

2240 2675 2327 2723 est
2353 2665 2616 2722 Dominus
2645 2665 2789 2723 Deus
2820 2675 3038 2734 noster,
3067 2680 3171 2723 nos
3197 2674 3376 2722 autem
3411 2667 3645 2738 populus
3674 2667 3795 2737 ejus
3823 2708 3841 2736 ,

2240 2766 2298 2816 et
2326 2772 2459 2814 oves
2485 2773 2701 2830 pascuae
2730 2747 2869 2829 ejus.

2313 2849 2488 2907 Hodie
2523 2850 2570 2906 si
2613 2864 2805 2907 vocem
2851 2849 2970 2922 ejus
3010 2849 3292 2908 audieritis
3321 2867 3336 2908 :
3362 2850 3533 2910 nolite
3568 2850 3843 2910 obdurare

2240 2942 2407 3002 corda
2435 2952 2641 3002 vestra.
2932 2971 2944 2992 ι
3749 2936 3755 2942 ’

2312 3037 2469 3096 Sicut
2496 3037 2549 3093 in
2579 3036 2998 3094 exacerbatione
3027 3037 3327 3095 secundum
3355 3038 3498 3095 diem
3523 3039 3841 3096 tentationis

2241 3129 2296 3186 in
2324 3128 2545 3186 deserto
2568 3170 2585 3198 ,
2615 3128 2709 3186 ubi
2741 3137 3087 3186 tentaverunt
3118 3144 3207 3185 me
3244 3137 3427 3201 patres
3461 3130 3634 3188 vestri
3666 3147 3681 3186 :
3708 3147 3840 3204 pro-

2159 3230 2205 3296 C
2238 3220 2534 3291 baverunt,
2558 3228 2615 3277 et
2641 3221 2897 3277 viderunt
2923 3235 3089 3291 opera
3119 3235 3265 3276 mea.

2311 3312 2676 3383 Quadraginta
2699 3313 2861 3369 annis
2905 3313 3186 3385 proximus
3208 3314 3281 3370 iui
3308 3315 3644 3388 generationi
3670 3316 3837 3375 huic:

2236 3414 2293 3464 et
2319 3406 2429 3462 dixi
2453 3423 2467 3461 :
2496 3404 2723 3477 Semper
2751 3405 2807 3462 Ιιί
2834 3415 3021 3463 errant
3045 3406 3231 3463 corde.

2305 3498 2413 3570 Ipsi
2443 3513 2576 3556 vero
2606 3514 2718 3556 non
2746 3508 3124 3570 cognoverunt
3151 3502 3267 3557 vias
3297 3516 3480 3571 meas,
3517 3502 3716 3574 quibus
3739 3501 3838 3573 ju-

2233 3590 2349 3646 ravi
2381 3590 2434 3646 in
2468 3591 2547 3647 ira
2576 3605 2697 3648 mea
2734 3607 2748 3645 :
2782 3591 2826 3647 si
2858 3591 3154 3649 introibunt
3182 3593 3235 3648 in
3268 3594 3509 3667 requiem
3538 3610 3738 3652 meam.

1880 3684 2019 3746 PSA
2031 3683 2242 3747 LMUS
2287 3684 2478 3747 XCV.

535 3814 599 3859 σίν
630 3811 842 3867 QUANDO
881 3807 1057 3852 nouus
1094 3805 1502 3848 AEDIPICABATUR
1530 3803 1659 3844 rosr
1684 3801 2074 3845 CAPTIVl'l‘ATEII
2104 3786 2122 3855 ζ

1035 3878 1304 3921 οΑΝτιεωι
1326 3876 1424 3917 IPSI
1455 3875 1637 3917 ιιιινιι).

607 3963 822 4021 Cantate
848 3958 1075 4015 Domino
1093 3956 1353 4011 canticum
1375 3969 1562 4009 norum
1590 3968 1608 4006 :
1635 3961 1840 4007 cantate
1862 3950 2091 4006 Domino
2111 3992 2127 4018 ,

534 4059 700 4116 omnis
730 4064 892 4110 terra.

606 4151 822 4209 Cantate
853 4147 1075 4202 Domino
1094 4187 1112 4212 ,
1141 4140 1171 4181 ιι
1197 4158 1255 4199 -ε-
1292 4152 1339 4197 et
1374 4140 1398 4211 1
1430 4139 1710 4197 benedicite
1733 4138 1932 4195 nomini
1969 4138 2081 4210 ejus
2110 4177 2127 4206 ,

529 4242 840 4303 annuntiate
857 4241 923 4296 de
944 4239 1030 4295 die
1056 4238 1111 4294 in
1132 4237 1269 4293 diem
1293 4235 1524 4291 salutare
1553 4237 1688 4306 ejus.

603 4370 632 4400 ι
660 4356 1107 4425 Prtepositionem
1134 4351 1337 4425 prioris
1375 4349 1525 4406 verbi
1558 4348 1815 4421 disperdet
1851 4346 2133 4404 Palatinus

539 4448 646 4513 ms.
667 4429 833 4513 obolo
858 4434 1178 4513 praenatat:
1208 4512 1235 4513 η
1260 4511 1287 4513 _
1312 4507 1451 4513 wn
1490 4490 1590 4513 ,ΜΞ

607 4503 636 4544 ι’
665 4503 827 4558 Tacet
858 4499 1000 4555 idem
1025 4513 1129 4552 ms.
1155 4499 1611 4565 pronomenipsi.

615 4585 639 4615 ο
665 4574 764 4629 Hic
792 4585 1007 4641 quoque
1035 4563 1401 4621 suntverbum
1429 4563 1570 4617 idem
1605 4576 1707 4617 ms.
1743 4568 1917 4627 tacet,
1953 4575 2132 4631 neque

540 4648 596 4688 in
626 4647 743 4688 inm
774 4655 952 4688 tamen
986 4640 1177 4688 Graeco
1210 4646 1357 4688 textu
1388 4635 1640 4688 habetur.

540 4648 596 4705 in
626 4647 743 4715 ipso
774 4655 952 4696 tamen
986 4640 1177 4695 Grarco
1210 4646 1357 4691 textu
1388 4640 1640 4688 habetur.

612 4716 639 4754 ἀ
672 4714 945 4770 Immerito
968 4710 1315 4765 Martianmus
1338 4705 1651 4760 adverbium
1685 4703 1943 4771 Quoniam
1971 4703 2130 4758 ultelo

537 4787 860 4846 confuderat
894 4822 911 4850 ,
982 4781 1127 4852 quod
1170 4779 1289 4852 _lti_c
1350 4778 1585 4844 pariter,
1657 4784 1819 4852 atque
1866 4775 2132 4852 superiori

2259 3800 2527 3843 CANTICUI
2559 3782 2578 3825 ι
2606 3801 2789 3857 DAVID,
2818 3800 3028 3850 QUANDO
3055 3805 3228 3846 DOIIUS
3254 3805 3658 3847 EDIFICABATUR
3686 3804 3819 3848 POS‘I'

2831 3875 3256 3918 CAPTIVITATEIL

2305 3948 2535 4006 Cantate
2568 3949 2799 4007 Domino
2825 3952 3097 4009 canticum
3128 3970 3327 4011 novum
3351 3996 3367 4024 ,
3395 3965 3613 4015 cantate
3644 3957 3832 4015 Domi-

2236 4059 2309 4101 no
2331 4085 2344 4109 ,
2368 4042 2548 4099 omnis
2581 4053 2751 4099 terra.

2305 4134 2534 4197 Cantate
2556 4137 2791 4194 Domino
2809 4179 2824 4205 ,
2854 4148 2912 4196 et
2935 4139 3241 4199 benedicite
3269 4158 3469 4201 nomen
3491 4140 3609 4213 ejus
3627 4181 3644 4210 ,
3693 4142 3835 4199 bene

2235 4230 2486 4287 nuntiate
2512 4231 2580 4289 de
2599 4231 2687 4289 die
2713 4232 2768 4289 in
2796 4232 2939 4291 diem
2970 4236 3209 4293 salutare
3234 4238 3373 4309 ejus.

2246 4343 2540 4402 clesiarum
2567 4361 2692 4404 usu.

2312 4415 2341 4456 κ
2365 4418 2539 4501 verba
2581 4427 2699 4501 sunt
2740 4435 2949 4501 omnes,
2979 4421 3282 4501 Veronens.
3314 4439 3419 4501 ms.
3462 4441 3615 4498 aeque
3659 4437 3826 4498 atque

2234 4488 2571 4571 Augustinus
2601 4499 2780 4571 tacent
2804 4507 2820 4547 :
2847 4492 3035 4563 legunt
3061 4510 3221 4571 porro
3244 4497 3404 4567 ipsius
3418 4488 3563 4571 sun},
3596 4488 3691 4569 pro
3719 4488 3830 4571 ipse
3916 4540 3923 4547 .

2233 4560 2507 4645 conspicit.
2532 4561 2772 4645 δερ-υἱεῖ
2797 4560 3089 4645 unda-itque
3119 4560 3293 4645 altero
3319 4570 3484 4645 verba
3508 4560 3829 4645 inv-reliquis

2233 4632 2583 4707 ἀίδδβηηηηί·
2617 4632 2897 4707 "inﬁdam
2930 4632 3120 4707 (Dénes
3151 4638 3435 4707 Augustin.
3468 4642 3688 4701 additur
3712 4632 3824 4700 (ἐν-

2233 4700 2372 4771 rant)
2395 4704 2718 4789 manus’ejus
2748 4700 3012 4787 [iuuerunt
3033 4749 3061 4789 ,.
3086 4700 3266 4789 γεηῙῶ
3292 4710 3595 4789 adoremus,
3628 4700 3674 4771 et
3702 4730 3827 4789 pro-

2234 4783 2543 4847 sternamun
2569 4773 2887 4847 (Augustin.
2918 4778 3276 4845 procidamus;
3309 4780 3512 4836 fallitur
3539 4773 3827 4843 enitn'Vc-

544 4845 796 4932 proxime
827 4845 1030 4932 vei-su",
1070 4852 1121 4904 in
1169 4848 1401 4932 llebru'o
1422 4888 1437 4912 ,
1472 4845 1933 4932 jw§,.vu_cabulu
1977 4860 2130 4901 reso-
2164 4860 2211 4919 ι)
2239 4845 2498 4932 ronensis
2521 4845 2765 4932 Psalterii
2791 4847 2970 4932 editor
2994 4889 3009 4912 ,
3049 4850 3140 4932 qui
3170 4866 3297 4932 cum
3313 4866 3379 4906 eo
3407 4857 3598 4932 asserit
3642 4858 3823 4929 Angu-

552 4916 665 4987 itat.
700 4928 810 4984 Nos
834 4924 903 4980 de
923 4916 1224 4979 amovenda
1265 4918 1360 4974 illa
1412 4929 1535 4973 nota
1567 4916 1849 4971 Palatinus
1879 4916 1994 4987 ipse
2024 4932 2124 4970 ms.

545 4998 828 5059 admonuit
857 5012 872 5053 :
906 4996 957 5050 in
986 5010 1093 5064 qun
1123 5001 1385 5064 praeterea
1412 4987 1883 5064 sicca,prosiceam
1913 4988 2123 5064 legitur.

616 5083 641 5110 θ
684 5071 838 5126 llune
860 5109 878 5133 ,
908 5075 965 5122 et
993 5058 1083 5134 qui
1113 5058 1359 5134 proxime
1395 5058 1642 5134 sequitur
1668 5101 1682 5121 .
1730 5059 1951 5115 obelum
1984 5058 2125 5115 idem

546 5158 652 5201 ms.
683 5142 823 5196 ltaud
858 5130 1036 5211 tamen
1061 5130 1202 5189 nunc
1222 5142 1404 5211 recte,
1437 5130 1671 5211 omittit;
1711 5198 1724 5211 .
1769 5198 1804 5211 __

623 5212 643 5253 ί
666 5212 853 5282 Neque
893 5208 980 5282 hie
1018 5207 1154 5282 bene
1184 5207 1506 5260 asteriscuut
1547 5200 1602 5256 in
1633 5198 1881 5255 Palatino
1909 5214 2014 5255 ms.
2042 5213 2130 5255 se-

543 5286 710 5358 quiet:
732 5277 923 5358 manus
947 5277 1176 5358 induxit.
1427 5343 1439 5357 .

615 5365 641 5404 ις
672 5352 927 5409 Voculam
957 5349 1010 5403 lii
1029 5392 1043 5409 .
1076 5362 1197 5419 quae
1222 5360 1397 5416 neque
1425 5343 1480 5419 in
1501 5342 1693 5419 _Gra‘co
1718 5349 1824 5419 est,
1857 5348 1912 5396 et
1937 5339 2127 5396 subseo

538 5424 729 5502 quanti
751 5437 916 5502 versu
946 5412 1240 5502 pronomen
1270 5412 1437 5501 nicas,
1465 5412 2062 5502 idetnAms.‘igum;‘aAt..A.2

616 5495 644 5536 ιι
684 5495 904 5553 Rectius
927 5482 1049 5549 eum
1084 5491 1244 5548 obelo
1286 5488 1458 5558 ipsam
1500 5495 1554 5540 et
1594 5482 1844 5553 copulam
1895 5482 2125 5537 Palatin.

534 5565 1054 5640 maprtetermittit2
1211 5629 1253 5640 κ
1599 5628 1610 5638 ν
1679 5624 1714 5640 ﬁ
1812 5625 1824 5637 .

620 5624 637 5681 ί
676 5624 970 5696 Veronens.
1003 5635 1172 5699 liber,
1204 5629 1273 5685 Et
1302 5629 1489 5699 reddet
1511 5628 1637 5699 ipsis
1669 5624 1922 5680 Dominus
1949 5640 2133 5699 secun-

544 5718 664 5773 dum
690 5711 1010 5781 iniquitatem
1042 5696 1292 5778 (August.
1324 5698 1503 5775 opera)
1532 5696 1711 5754 eorum
1731 5738 1747 5765 ,
1771 5707 1819 5752 et
1846 5696 2129 5752 secrmdum

542 5783 797 5846 malitiam
826 5794 1038 5851 eorum,
1070 5783 1206 5851 θέο--
1270 5842 1283 5851 _
1363 5841 1398 5851 __
1428 5843 1441 5851 _
1630 5841 1643 5851 ,
1819 5840 1849 5851 Α.
1875 5837 1908 5851 ..

608 5839 881 5915 iitomaua
903 5839 1064 5922 hujus
1089 5841 1287 5908 Psalmi
1312 5841 1480 5908 editio
1518 5852 1604 5903 eSt
1628 5841 1684 5904 in
1705 5839 2019 5913 quotidi-ano
2041 5852 2125 5903 ec~

2238 4916 2436 4992 s_tinu_m
2477 4917 2789 4992 consentire
2814 4918 2867 4992 in
2892 4917 2993 4973 lmc
3014 4916 3224 4991 verbo)
3249 4922 3297 4975 ei
3334 4932 3383 4976 et
3423 4924 3679 4992 ploremus
3705 4916 3827 4984 ante

2237 4984 2523 5061 Dominum
2545 5027 2561 5053 ,
2602 4988 2689 5057 qui
2732 4988 2982 5061 fecitnos
3008 5005 3027 5044 :
3059 4984 3301 5060 quoniam
3325 4984 3436 5061 ipse
3462 5008 3536 5049 est
3570 4998 3825 5056 Dominus

2236 5054 2381 5144 Deus
2409 5066 2582 5140 noster
2613 5054 2710 5144 .‘Aet
2732 5054 2830 5113 nos
2856 5059 3028 5143 (Aug.
3067 5054 3160 5115 nos
3184 5054 3364 5144 [autem
3390 5066 3422 5144 )_
3442 5069 3663 5139 populus
3702 5054 3827 5144 pas-

2235 5141 2345 5180 cua:
2393 5130 2549 5205 ejus.
2604 5138 2654 5182 ct
2669 5145 2807 5205 _oees
2845 5130 2906 5185 'in
2954 5147 3153 5205 manus
3177 5130 3485 5205 (Augustin.
3508 5130 3827 5199 'recte'ma-

2236 5212 2398 5275 unum
2416 5198 2452 5268 ⁷)
2491 5202 2625 5275 ejus.
2669 5199 2807 5256 Tum
2853 5217 2963 5275 uno
2998 5198 3481 5275 intcrjécto'versu
3508 5250 3523 5275 ,
3568 5212 3719 5267 Sicut
3769 5217 3825 5269 in

2234 5271 2602 5345 alitnricatione
2653 5285 2673 5326 :
2722 5287 2831 5342 quo
2868 5273 2935 5327 de
2970 5271 3246 5345 vocabulo
3290 5271 3541 5345 superius
3582 5283 3823 5339 diximus

2234 5339 2523 5427 adPsalut.
2554 5357 2655 5427 ut:
2685 5339 2849 5427 atque
2888 5344 3038 5426 alibi.
3080 5345 3320 5417 Denique
3346 5339 3400 5403 i'n
3431 5349 3570 5420 line,
3618 5370 3825 5427 semper

2231 5413 2511 5487 istierrant
2530 5413 2704 5467 corde.
2734 5413 2803 5487 Et
2828 5414 3053 5487 ipsinon
3075 5413 3447 5487 cognouerunt,
3481 5413 3585 5479 ele.

2319 5480 2335 5518 ¹
2368 5481 2422 5537 1η
2451 5483 2746 5562 vet‘ouensi
2777 5480 2876 5562 tus.
2907 5480 3180 5562 Canticum
3213 5489 3312 5558 ipsi
3344 5480 3516 5546 Dauid
3538 5537 3552 5559 ,
3590 5510 3711 5562 qua:
3742 5507 3824 5552 la-

2238 5567 2363 5636 men
2395 5554 2567 5636 verba
2584 5555 2803 5636 reliqum
2832 5556 3168 5636 inscriptioni
3198 5601 3213 5624 ,
3234 5554 3303 5615 'ut
3326 5576 3407 5636 est
3433 5565 3484 5618 in
3512 5554 3819 5636 Callicano,

2239 5632 2659 5709 postponuntur.
2683 5625 2740 5681 ln
2767 5625 3106 5709 textualt'ero
3133 5646 3314 5709 versu,
3343 5631 3560 5709 (imitate
3575 5625 3819 5709 Domino;

2238 5694 2516 5750 benedicite
2535 5712 2719 5751 nomen
2740 5699 2854 5768 ejus
2870 5740 2883 5758 .
2918 5697 3042 5754 bene
3069 5694 3311 5756 nuntiate
3327 5706 3463 5759 diem
3484 5723 3547 5762 ea:
3571 5710 3654 5763 die
3673 5694 3821 5768 salu:

2240 5775 2347 5827 tare
2364 5769 2478 5845 ejus
2509 5782 2529 5825 :
2556 5769 3003 5845 quemadmodum
3033 5782 3087 5831 et
3109 5788 3277 5848 penes
3304 5774 3689 5852 Augustinum.
