4090 6338
224 298 328 356 297

230 508 439 578 papulis
471 505 739 561 mirabilia
768 507 903 576 ejus.

295 599 560 666 Quoniam
608 615 831 671 magnus
887 597 1174 668 Dominus,
1219 607 1270 654 et
1313 598 1594 656 laudabilis
1622 600 1830 657 nimis:

233 690 480 748 terribilis
509 701 535 729 ⁸
561 700 641 749 est
669 708 827 763 super
855 707 1032 747 omnes
1061 693 1204 748 deos.

300 786 569 855 Quoniam
616 801 794 843 omnes
844 786 919 841 dii
966 787 1200 859 gentium
1241 786 1502 844 dwmonia
1530 803 1550 844 :
1581 788 1834 845 Dominus

228 892 401 938 autem
426 881 582 938 caelos
604 883 748 953 fecit.

298 973 571 1046 Confessio
595 985 646 1031 et
671 976 1012 1049 pulchritudo
1039 977 1093 1032 in
1137 986 1420 1051 conspectu
1445 980 1563 1051 ejus
1592 995 1610 1034 :
1646 976 1838 1033 sancti-

229 1069 407 1122 monia
437 1077 487 1122 et
515 1069 913 1138 magnificentia
936 1069 991 1123 in
1014 1070 1431 1140 sanctiﬁcatione
1457 1073 1592 1143 ejus.
1628 1069 1656 1109 ι)

297 1164 499 1233 Alferte
540 1165 806 1235 Domino,
859 1167 1045 1238 patrita
1087 1167 1356 1238 gentium,
1389 1167 1571 1235 a/ferte
1615 1165 1839 1221 Domino

230 1259 455 1331 gloriam
500 1268 548 1315 et
579 1260 826 1316 honorem
871 1276 891 1316 :
920 1260 1104 1329 a/ferte
1132 1258 1360 1318 Domino
1390 1261 1613 1333 gloriam
1642 1259 1841 1315 nomini

232 1355 367 1426 ejus.

297 1446 501 1502 Tollite
539 1445 771 1514 hostias,
805 1456 855 1505 et
900 1448 1112 1504 introite
1156 1448 1213 1504 in
1251 1449 1391 1504 atria
1439 1449 1553 1521 ejus
1582 1447 1843 1504 :adorate

233 1538 522 1595 Dominum
546 1542 601 1596 in
624 1542 761 1597 atrio
788 1551 966 1598 sancto
990 1545 1128 1617 ejus.

302 1633 709 1690 Commoveatur
751 1654 784 1691 a
815 1636 951 1709 facie
980 1624 1096 1707 ejus
1129 1636 1374 1692 universa
1400 1644 1538 1691 terra
1564 1652 1582 1692 :
1610 1634 1764 1690 dicite
1788 1634 1843 1689 in

234 1729 475 1801 gentibus
496 1770 515 1800 ,
543 1744 605 1787 οξ-
638 1731 765 1802 quia
798 1729 820 1799 ζ
858 1729 1111 1787 Dominus
1133 1731 1388 1804 regnavit.

310 2016 525 2073 Etenim
555 2017 781 2073 correxit
801 2018 977 2075 orbem
1005 2028 1030 2061 ο
1064 2028 1237 2089 terrce,
1269 2020 1358 2093 qui
1382 2036 1483 2076 non
1509 2020 1844 2078 commovebi-

240 2120 324 2165 tur
354 2126 376 2166 :
389 2110 653 2183 judicabit
680 2110 903 2183 populos
931 2113 988 2167 in
1011 2113 1275 2185 (equitate.

312 2204 584 2260 Laztentur
607 2204 745 2273 caeli,
775 2214 823 2259 et
850 2206 1069 2261 exsultet
1091 2216 1261 2274 terra,
1298 2221 1359 2264 οξ·
1383 2224 1501 2263 cum
1532 2207 1554 2276 ζ
1579 2216 1846 2264 moveatur

243 2315 419 2367 mare,
448 2308 499 2355 et
539 2298 814 2372 plenitudo
844 2303 1003 2374 ejus:
1028 2301 1327 2374 gaudebunt
1363 2302 1531 2374 campi
1556 2344 1572 2373 ,
1604 2312 1650 2359 et
1676 2302 1850 2358 omnia

252 2410 371 2465 qua:
390 2396 446 2449 in
468 2395 541 2449 eis
571 2404 717 2452 sunt.

321 2488 471 2543 Tunc
516 2488 853 2545 exsultabant
882 2488 1055 2545 omnia
1072 2489 1216 2560 ligna
1245 2488 1492 2545 silvarum
1531 2507 1562 2545 a
1590 2490 1722 2562 facie
1749 2488 1859 2547 Do-

249 2582 414 2653 mini,
445 2583 567 2653 quia
596 2582 755 2652 venit,
781 2584 1027 2655 quoniam
1048 2583 1185 2638 venit
1214 2582 1448 2651 iudicare
1478 2592 1689 2641 terrant.

319 2758 588 2819 Judicabit
629 2764 807 2819 orbem
840 2777 901 2821 αι-
949 2761 1148 2833 terrae:
1179 2763 1233 2820 in
1275 2764 1519 2838 «equitate
1561 2780 1582 2821 :
1620 2773 1667 2821 et
1693 2781 1864 2839 popu-

255 2856 331 2912 los
358 2857 413 2912 in
440 2856 654 2912 veritate
678 2872 796 2912 sua.

1522 298 1728 357 LIBER
1764 298 2214 359 PSALMORUM.

240 452 245 453 κ
292 410 616 468 Annuntiate
660 409 796 467 inter
826 417 999 482 gentes
1037 408 1258 483 gloriam
1293 413 1455 484 ejus:
1493 413 1547 469 in
1586 414 1827 470 omnibus
1854 420 1909 481 Α

3428 299 3539 360 298

2013 424 2037 453 ο
2066 413 2397 471 Annuntiate
2420 413 2569 471 inter
2598 421 2789 486 gentes
2814 413 3047 486 gloriam
3077 415 3196 488 ejus
3223 433 3237 472 :
3267 416 3320 473 in
3358 419 3538 476 omni-

1933 509 2036 567 bus
2064 509 2280 582 populis
2311 509 2580 565 mirabilia
2609 509 2748 579 ejus.

2004 604 2273 674 Quoniam
2315 620 2542 676 magnus
2581 604 2845 660 Dominus
2879 646 2894 669 ,
2944 613 3001 662 et
3036 604 3325 663 laudabilis
3373 607 3535 664 nimis

1935 698 2066 772 [Μσ.
2086 698 2262 772 valde]
2293 716 2307 753 :
2351 698 2612 755 terribilis
2642 709 2723 755 est
2743 714 2909 771 super
2938 714 3127 756 omnes
3158 700 3309 757 deos.

2009 794 2276 863 Quoniam
2310 792 2459 865 [Ms.
2490 793 2615 864 quia
2646 791 2664 864 ]
2693 807 2882 848 omnes
2910 792 2982 847 dii
3016 795 3257 864 gentium
3285 835 3300 861 ,
3332 792 3538 851 dtemo-

1938 888 2024 945 nia
2058 904 2071 943 :
2104 888 2365 943 Dominus
2399 893 2581 942 autem
2614 887 2786 943 caelos
2813 885 2963 941 fecit.

2009 978 2296 1035 Confessio
2322 985 2378 1035 et
2393 976 2741 1049 pulchritudo
2768 978 2821 1032 in
2845 987 3139 1049 conspectu
3155 978 3277 1050 ejus
3298 996 3311 1035 :
3337 979 3542 1036 sancti-

1943 1084 2023 1133 tas
2046 1082 2099 1130 et
2128 1072 2532 1145 magniﬁcentia
2561 1072 2615 1127 in
2648 1072 3081 1129 sanctiﬁcatione
3100 1074 3241 1141 ejus.

2013 1168 2216 1227 Aﬂ‘erte
2250 1168 2514 1237 Domino,
2557 1166 2749 1238 patrize
2776 1168 3057 1238 gentium,
3087 1166 3279 1224 ali‘erte
3312 1168 3544 1224 Domino

1943 1264 2176 1337 gloriam
2220 1270 2276 1319 et
2318 1262 2633 1319 honorem:
2666 1260 2855 1317 allerte
2904 1261 3135 1318 Domino
3173 1261 3401 1331 gloriam
3444 1275 3547 1317 no-

1944 1357 2076 1413 mini
2107 1356 2246 1427 ejus.

2018 1450 2217 1506 Tollite
2255 1449 2462 1506 hostias
2487 1489 2504 1517 ,
2545 1455 2602 1505 et
2629 1447 2851 1505 introite
2878 1448 2930 1504 in
2963 1448 3100 1505 atria
3124 1448 3243 1520 ejus
3276 1466 3288 1501 :
3322 1447 3548 1505 adorate

1950 1544 2244 1601 Dominum
2276 1542 2333 1597 in
2357 1542 2480 1599 aula
2512 1550 2700 1598 saneta
2729 1542 2867 1613 ejus.

2019 1638 2445 1695 Commoveatur
2483 1652 2515 1691 a
2552 1637 2689 1693 faeie
2728 1638 2848 1709 ejus
2890 1638 3143 1694 universa
3172 1647 3316 1696 terra
3350 1639 3550 1696 :dicite

1951 1734 2006 1791 in
2064 1730 2413 1801 nationibus,
2465 1731 2728 1788 Dominus
2776 1733 3021 1804 regnavit
3072 1731 3091 1770 τ
3143 1750 3173 1789 a
3220 1734 3409 1805 ligno:
3458 1743 3551 1790 et-

1882 1828 1934 1893 B
1967 1826 2112 1884 enim
2164 1826 2405 1883 correxit
2448 1824 2635 1882 orbem
2681 1833 2873 1895 teme,
2907 1825 2996 1898 qui
3025 1840 3134 1882 non
3189 1827 3562 1884 commovebi-

1954 1930 2064 1978 tur.

2022 2012 2298 2071 Judicabit
2331 2011 2562 2085 populos
2592 2012 2648 2070 in
2690 2013 2946 2086 aequitate
2977 2025 3043 2072 τις
3072 2022 3127 2071 et
3158 2023 3349 2087 gentes
3377 2015 3432 2072 in
3461 2015 3543 2071 ira

1950 2122 2074 2165 sua.

2022 2203 2302 2261 Laetentur
2328 2203 2453 2262 cceli
2473 2245 2490 2274 ,
2521 2213 2576 2262 et
2604 2203 2844 2263 exsultet
2869 2212 3015 2263 terra
3048 2222 3073 2262 :'
3094 2215 3381 2266 moveatur
3409 2224 3561 2266 mare

1953 2308 2011 2357 et
2030 2298 2307 2371 plenitudo
2334 2299 2473 2371 ejus.

2029 2393 2357 2450 Gaudebant
2380 2392 2591 2464 campi,
2622 2402 2676 2449 et
2698 2392 2879 2450 omnia
2899 2409 3023 2465 qua:
3051 2392 3103 2451 in
3132 2394 3213 2451 eis
3235 2402 3401 2451 sunt:
3433 2402 3562 2451 tunc

1967 2485 2315 2542 exsultabunt
2361 2483 2543 2540 omnia
2594 2484 2739 2556 ligna
2770 2486 3027 2541 silvarum
3064 2495 3191 2543 ante
3228 2486 3421 2543 faciem
3462 2486 3568 2543 Do-

1971 2576 2126 2645 mini,
2167 2576 2424 2649 quoniam
2453 2575 2633 2647 venit,
2685 2576 2942 2649 quoniam
2971 2578 3123 2635 venit
3168 2577 3416 2651 judicare
3456 2586 3569 2638 ter-

1970 2686 2107 2729 ram.

1989 2755 2005 2766 ’
2041 2764 2320 2825 Judicabit
2346 2765 2536 2826 orbem
2566 2774 2729 2826 terra:
2767 2766 2821 2826 in
2863 2768 3143 2842 aequitate,
3175 2778 3232 2827 et
3258 2769 3486 2844 p0pulos
3518 2770 3572 2828 in

1969 2859 2201 2917 veritate
2228 2874 2349 2917 sua.

1597 2976 1958 3041 PSALMUS
2000 2977 2223 3043 XCVI.

262 3095 324 3138 -ι-
364 3077 390 3117 δ
435 3094 561 3137 uete
587 3095 768 3145 DM'ID,
799 3094 1009 3145 αυλιςυο
1048 3096 1225 3137 reuna
1270 3095 1389 3137 esus
1411 3094 1713 3137 nes'rrru'ra
1730 3080 1866 3150 ssr:
1899 3080 1945 3144 C
1977 3077 2005 3117 ιι
2033 3094 2266 3137 PSALIIUS
2304 3095 2489 3148 navm,
2522 3095 2735 3146 ovauoo
2772 3094 2951 3138 τειιιιΑ
2968 3096 3092 3140 usus
3130 3097 3429 3140 IlES’I'I'I‘U'I‘A
3447 3084 3568 3142 esr.

330 3171 591 3229 Dominus
630 3174 887 3247 regnavit,
929 3175 1155 3232 exsultet
1197 3184 1378 3231 terra:
1411 3175 1648 3232 laetentur
1676 3174 1862 3231 insula:

261 3267 459 3323 multa.

332 3360 536 3431 Nubes,
564 3370 614 3417 et
652 3361 822 3436 caligo
862 3361 917 3418 in
954 3361 1177 3418 circuitu
1218 3362 1332 3435 ejus
1362 3378 1383 3419 :
1411 3362 1616 3434 iustitia
1643 3372 1690 3420 et
1709 3362 1864 3437 judi-

260 3456 398 3511 cium
418 3458 677 3513 correctio
706 3458 842 3513 sedis
865 3461 998 3532 ejus.

330 3548 482 3621 Ignis
510 3560 631 3607 ante
656 3552 829 3623 ipsum
850 3552 1105 3625 prwcedet
1132 3570 1150 3610 :
1181 3561 1227 3611 et
1252 3554 1606 3627 inﬂammabit
1655 3556 1710 3611 in
1759 3553 1867 3610 cir-

262 3643 402 3698 cuitu
422 3644 660 3700 inimicos
680 3648 814 3719 ejus.

331 3737 1152 3816 Illuxerunt[Ms.adlua:erunt]
1204 3742 1420 3815 fulgura
1467 3745 1583 3817 ejus
1639 3740 1753 3797 orbi
1802 3754 1862 3797 -t—

264 3842 411 3890 terra:
443 3835 467 3904 ζ
500 3834 653 3903 vidit,
682 3844 731 3890 et
760 3846 1013 3893 commota
1042 3845 1119 3893 est
1161 3848 1319 3895 terra.

335 4025 363 4056 ⁸
410 4015 650 4073 Verbum
703 4014 1102 4073 substantivum
1150 4014 1313 4071 obelo
1343 4010 1868 4084 prmnotatPalatin.

268 4104 389 4157 ms.;
424 4090 481 4144 in
511 4088 741 4145 Hebraeo
768 4103 871 4158 pro
897 4103 963 4144 eo
993 4098 1077 4142 est
1114 4097 1220 4147 ms
1252 4127 1268 4153 ,
1295 4086 1407 4141 ille.

333 4162 362 4201 ι’
404 4160 701 4231 thjungit
728 4160 873 4215 idem
896 4174 1000 4214 ms.
1037 4158 1370 4230 Diapsalma.

341 4244 363 4273 ε
415 4235 492 4289 De
519 4228 695 4289 'mo're
724 4231 1003 4287 debuisset
1047 4228 1252 4287 nomini
1302 4241 1438 4285 terra
1471 4229 1713 4301 praiponi
1743 4228 1874 4283 obe-

271 4328 374 4394 Ius,
390 4341 571 4397 neque
592 4327 736 4382 enim
764 4326 818 4379 in
848 4324 1144 4397 archetypo
1177 4324 1266 4380 hic
1292 4324 1411 4394 plus
1436 4336 1518 4379 εει
1546 4338 1708 4395 quam
1735 4305 1865 4383 ειη.

277 4400 413 4456 Vide
444 4415 565 4468 quae
597 4399 845 4468 superius
874 4397 974 4451 hac
1003 4398 1071 4468 de
1099 4397 1455 4468 reidiximus.

340 4471 368 4509 (ί
411 4466 693 4528 Palatinus
739 4484 842 4526 ms.
880 4483 941 4525 +
995 4466 1111 4540 Ipsi
1149 4467 1342 4537 David,
1374 4478 1453 4536 et,
1510 4467 1751 4522 restituta
1800 4473 1875 4519 est

275 4564 339 4601 ει.
383 4584 403 4591 ο

346 4626 370 4654 θ
405 4616 566 4673 Prius
584 4612 731 4670 istud
756 4611 1163 4669 hemistichium
1190 4653 1204 4676 ,
1240 4611 1557 4665 Annuntiate
1586 4614 1717 4664 inter
1753 4625 1876 4679 gen-

278 4698 347 4745 tes
366 4689 597 4759 gloriam
618 4691 754 4759 ejus,
782 4696 837 4759 ut
865 4693 922 4740 et
949 4684 1079 4759 illud
1099 4692 1337 4759 quatuor
1359 4683 1559 4737 abhinc
1581 4682 1830 4759 versibus
1857 4720 1873 4745 ,

278 4754 471 4816 Tollite
491 4754 713 4820 hostias,
740 4770 787 4813 et
815 4756 1025 4810 introite
1045 4757 1098 4810 in
1125 4760 1260 4810 atria
1290 4757 1402 4826 ejus
1426 4796 1442 4819 ,
1486 4754 1627 4824 quod
1659 4754 1877 4826 sequior

280 4848 477 4890 manus
528 4828 781 4895 suffecit,
827 4828 1161 4883 Veronensis
1206 4823 1573 4896 auti’quariu’s,
1632 4823 1873 4894 ejusdem

280 4908 432 4961 vocis
475 4906 592 4977 ejus
634 4915 861 4977 recursu
889 4899 1201 4977 _dec_eptus,
1248 4897 1480 4977 solemni
1531 4898 1876 4977 librariorum

283 4979 439 5046 lapsu
466 4966 837 5045 p'rretermisit.
888 4966 1057 5046 Legit
1086 4985 1248 5046 porro
1293 4970 1409 5046 hoc
1437 4968 1558 5038 ipso
1590 4983 1748 5046 versu
1778 5007 1795 5035 ,
1824 4966 1880 5020 in

282 5041 417 5102 atrio
440 5041 621 5101 sancto
645 5092 658 5114 ,
693 5060 795 5116 pro
823 5042 946 5098 aula
968 5041 1146 5097 sancta
1164 5083 1180 5107 ,
1205 5042 1357 5116 juxta
1387 5041 1770 5116 Augustinum.

358 5119 378 5158 ί
410 5109 762 5174 Αάύιιιιι’1ιξις
791 5130 955 5170 voces
985 5131 1017 5167 a
1039 5116 1183 5186 ligno
1206 5109 1605 5186 'pleraque’alia
1632 5120 1750 5180 post
1773 5109 1882 5164 Ro-

288 5207 511 5247 manum
558 5190 750 5245 Latina
790 5186 1053 5243 Psalteria
1082 5184 1097 5253 ,
1128 5184 1451 5262 Gothicum,
1501 5184 1879 5262 Carnutense,

285 5262 839 5324 Sun-Germanense,
870 5268 1016 5319 etc..
1050 5270 1105 5313 et
1129 5255 1274 5328 quod
1306 5270 1464 5312 nemo
1487 5256 1658 5308 nescit
1679 5269 1780 5328 ,εις
1804 5255 1882 5328 rei

287 5346 443 5407 caput
488 5344 612 5407 esi,
636 5349 698 5388 ea
716 5323 899 5407 cumis
919 5372 934 5396 ,
977 5323 1172 5407 quibus
1203 5330 1284 5407 u_si
1307 5336 1433 5407 sunt
1465 5336 1677 5407 veteres
1705 5323 1883 5407 Latini

290 5395 504 5471 Patres,
542 5395 954 5464 Tertullianus.
1001 5395 1355 5470 Lactantius,
1403 5397 1681 5471 Arnobius
1708 5438 1723 5465 ,
1772 5395 1886 5451 Au-

291 5468 539 5549 gustinus
560 5519 574 5543 ,
604 5476 984 5534 Cassiodorius
1004 5516 1028 5549 ,_
1054 5472 1164 5549 Leo
1194 5468 1365 5542 papa,
1395 5480 1558 5549 atque
1589 5468 1681 5549 alii
1706 5482 1884 5549 ,_quns

294 5543 542 5607 recenset
571 5551 662 5619 qui
693 5548 837 5603 hanc
865 5547 1246 5619 translatitiam
1266 5560 1329 5597 ac
1349 5543 1515 5619 vulgo
1546 5544 1883 5619 notissimam

294 5611 720 5692 disputationem
763 5620 1033 5692 inierunt.
1066 5618 1203 5692 Sunt
1232 5629 1406 5692 porro
1439 5614 1522 5692 ha:
1552 5627 1717 5669 voces
1744 5624 1798 5668 et
1828 5611 1885 5692 in

296 5684 605 5749 Veronensi
647 5706 751 5747 ms.
791 5690 936 5761 quod
965 5690 1103 5761 nihil
1124 5684 1371 5758 equidem
1402 5684 1596 5761 mirum
1621 5695 1705 5739 est
1733 5703 1747 5738 :
1783 5684 1886 5738 mi-

299 5781 416 5821 rum
449 5768 622 5820 immo
665 5758 842 5829 esset,
883 5762 930 5815 si
955 5760 1420 5816 desiderarentur.
1456 5758 1544 5829 Ex
1578 5758 1679 5812 huc
1704 5767 1885 5811 autem

301 5837 416 5907 ipso
437 5850 686 5913 nuperus
720 5835 839 5905 ejus
870 5832 1059 5913 Editur
1086 5834 1206 5888 libri
1233 5828 1537 5913 contendit,
1570 5829 1755 5885 Italam
1785 5870 1798 5893 ,
1822 5837 1886 5913 ut

303 5920 498 5980 vocat,
526 5908 833 5963 versionem
863 5908 1150 5980 manifesto
1170 5919 1293 5963 esse
1316 5944 1331 5974 ,
1373 5918 1494 5978 quae
1521 5908 1576 5961 in
1614 5916 1682 5959 eo
1710 5908 1890 5976 conti;

582 5977 1114 6045 ΡΑτιιοι.ΧΧΙΧ.

1904 4544 1958 4606 D

2044 3174 2304 3231 Dominus
2334 3175 2618 3247 regnavit,
2662 3174 2898 3233 exsultet
2927 3183 3072 3233 terra
3104 3194 3117 3233 :
3148 3177 3397 3235 hetentur
3424 3178 3573 3236 insu-

1974 3268 2040 3324 la:
2072 3266 2276 3324 multae.

2044 3361 2247 3428 Nubes,
2276 3368 2331 3418 et
2356 3362 2532 3433 caligo
2568 3360 2624 3417 in
2669 3361 2896 3419 circuitu
2923 3361 3064 3434 ejus,
3108 3362 3317 3436 iustitia
3346 3372 3400 3421 et
3424 3365 3573 3437 judio

1974 3458 2120 3514 cium
2148 3456 2415 3513 correctio
2444 3455 2591 3512 sedis
2629 3456 2769 3526 ejus.

2046 3551 2192 3621 Ignis
2217 3558 2345 3605 ante
2370 3564 2496 3605 eum
2525 3548 2783 3622 praeibit:
2812 3558 2869 3606 et
2897 3547 3259 3607 inﬂammabit
3293 3550 3346 3608 in
3377 3551 3574 3609 circui-

1976 3650 2033 3699 tu
2073 3640 2322 3697 inimicos
2349 3638 2487 3711 ejus.

2047 3736 2351 3793 llluxerunt
2379 3734 2594 3808 fulgura
2624 3734 2742 3807 ejus
2768 3733 2888 3793 orbi
2918 3742 3078 3792 terrae
3105 3754 3117 3792 :
3142 3735 3297 3806 vidit,
3343 3746 3399 3797 et
3423 3752 3574 3798 com~

1976 3839 2123 3888 mota
2150 3837 2235 3887 est
2258 3838 2424 3886 terra.

1981 4004 2203 4062 tinetur.
2232 4001 2396 4075 Ergo,
2420 4003 2639 4075 inquam
2663 4017 2783 4074 ego,
2809 4011 2865 4059 et
2890 4016 3013 4074 qua:
3037 4002 3203 4061 modo
3233 4005 3572 4067 laudavimus

1984 4079 2116 4145 alia,
2151 4091 2326 4146 eaque
2358 4077 2587 4131 invicem
2630 4075 2849 4131 diversa
2883 4076 3141 4131 Psalteria
3169 4122 3183 4146 ,
3228 4078 3413 4135 Italam
3450 4098 3573 4137 ver-

1980 4152 2192 4205 sionem
2229 4147 2529 4215 exhibent,
2577 4146 2845 4218 siquidem
2870 4157 2924 4201 et
2955 4146 3245 4204 lectionem
3285 4149 3424 4207 hanc
3454 4167 3574 4211 ser-

1978 4232 2127 4276 vant.
2160 4219 2327 4295 Nugae
2356 4260 2371 4285 ,
2404 4218 2553 4274 addit
2574 4234 2709 4295 vero
2736 4218 2847 4281 ille,
2886 4218 3057 4285 Quare
3084 4220 3139 4295 in
3166 4220 3427 4295 Hebraico
3446 4242 3577 4295 qne-

1977 4310 2073 4364 que
2088 4301 2224 4347 textu
2243 4293 2467 4364 primum
2483 4291 2733 4346 exstitisse
2756 4306 2844 4344 eas
2862 4306 3005 4346 voces
3027 4291 3201 4364 nullus
3228 4294 3422 4351 dubito.
3448 4291 3578 4354 Haec

1978 4362 2110 4420 vero
2141 4362 2415 4419 levissima
2458 4367 2773 4426 conjectura
2828 4370 2911 4433 est
2936 4405 2952 4429 ,
2990 4377 3149 4433 quam
3182 4363 3395 4433 jamdiu
3439 4369 3573 4425 olim

1978 4436 2125 4492 docti
2149 4435 2253 4491 viri
2288 4436 2647 4489 exsufﬂarunt
2679 4453 2691 4488 ε
2744 4440 2798 4488 et
2829 4432 2919 4505 qui
2956 4432 3221 4490 Ilebraic’e
3254 4438 3466 4505 sciunt,
3520 4448 3576 4496 et

1980 4508 2224 4564 codicem
2246 4505 2569 4561 Hebraicum
2594 4512 2848 4569 tractant,
2878 4503 3048 4560 ferme
3077 4507 3237 4561 etiam
3272 4503 3460 4565 sciunt
3479 4527 3575 4567 eas

1984 4581 2057 4635 ibi
2086 4594 2249 4633 voces
2292 4593 2398 4632 non
2431 4578 2728 4634 exstitisse.
2772 4575 2879 4632 Sed
2914 4576 3030 4632 haec
3069 4581 3355 4649 persequi,
3398 4585 3575 4639 nostri

1983 4667 2094 4707 nou
2124 4659 2209 4705 est
2237 4649 2469 4704 instituti
2494 4667 2506 4703 :
2538 4650 2776 4703 maxime
2804 4663 2926 4703 eum
2956 4664 3066 4704 non
3093 4650 3254 4706 modo
3284 4666 3312 4703 a
3343 4652 3456 4708 suis
3481 4668 3577 4709 eo-

1981 4722 2227 4796 dicibus,
2262 4720 2359 4796 sed
2395 4722 2557 4796 etiam
2583 4736 2613 4775 e
2642 4719 2848 4796 Graecis
2879 4720 2897 4788 (
2929 4719 3135 4796 scilicet
3164 4722 3425 4796 omnibus
3456 4722 3477 4796 )
3513 4740 3583 4781 ea

1982 4795 2146 4849 verba
2183 4791 2439 4865 Hebraeos
2462 4793 2516 4847 in
2544 4792 2724 4848 crucis
2754 4791 2936 4847 odium
2964 4794 3198 4849 erasisse
3219 4840 3236 4865 ,
3267 4794 3370 4849 sibi
3401 4791 3581 4852 editor

1984 4866 2075 4921 ille
2098 4864 2457 4936 persuaserit.

2056 4946 2081 4985 Β
2112 4935 2307 5009 Isthmo
2328 4936 2490 4991 verba
2512 4942 2761 5009 et‘gentes
2791 4935 2953 5009 inira
2977 4952 3090 5009 sua,
3120 4950 3242 5005 quae
3271 4951 3446 5009 neque
3466 4939 3579 4999 Au-

1982 5010 2187 5080 gustin.
2240 5008 2424 5080 ianuo
2452 5007 2605 5063 novit
2640 5008 2961 5078 exemplari,
2996 5008 3295 5080 Veroneus.
3328 5007 3443 5079 ipse
3468 5029 3574 5070 ms.

1984 5078 2255 5150 reposuit.
2282 5078 2491 5136 Caetera
2518 5094 2641 5133 cum
2672 5081 2974 5148 Augustino
3018 5078 3183 5148 legit,
3221 5078 3574 5150 jocundentur

1987 5153 2120 5217 cwli,
2147 5160 2193 5205 et
2222 5152 2439 5206 exsultet
2475 5160 2634 5219 terra,
2681 5158 3057 5204 commoveatur
3080 5164 3240 5218 mare,
3285 5162 3418 5221 etc.;
3438 5165 3494 5211 et
3522 5157 3578 5214 in

1989 5224 2117 5291 fine,
2142 5224 2315 5279 orbem
2339 5233 2619 5289 terrarum,
2641 5231 2931 5293 proterret.

2060 5293 2087 5331 ιι
2131 5296 2463 5369 Augustinus
2513 5294 2591 5350 ait
2618 5291 2910 5369 {Inscribit
2950 5291 3224 5369 Psalmus,‘
3249 5294 3356 5364 Ipsi
3388 5297 3575 5369 David,

1987 5381 2111 5423 cum
2141 5365 2285 5423 terra
2312 5367 2453 5437 ejus,
2482 5374 2616 5432 etc.,
2653 5374 2824 5437 atque
2856 5365 2927 5419 ita
2955 5365 3283 5421 adamussim
3325 5369 3377 5422 in
3410 5365 3584 5426 Vero-

1990 5437 2146 5495 nensi
2172 5447 2255 5493 est
2280 5435 2382 5493 ms.
2434 5435 2889 5510 quemadmodum
2932 5438 3074 5492 etin
3119 5446 3269 5493 textu
3288 5441 3583 5510 jocunden.

1991 5520 2097 5577 tur,
2130 5525 2226 5579 pro
2251 5510 2509 5571 (celentur,
2534 5517 2587 5562 et
2604 5507 2843 5582 secundo
2867 5523 3050 5582 versu,
3075 5507 3315 5577 directio',
3348 5527 3447 5582 pro
3469 5532 3585 5570 cor-

1989 5582 2192 5657 rectio:
2243 5590 2404 5650 atque
2446 5582 2621 5657 altero
2670 5579 2739 5633 ab
2780 5579 3589 5657 hoc,“Apparuerunt'fulgura

1990 5654 2123 5721 ejus,
2156 5663 2286 5717 etc.;
2320 5651 2461 5721 quod
2490 5653 2636 5708 enim
2661 5660 2749 5705 tua
2800 5652 2854 5706 in
2904 5651 3203 5707 Vero'nensi
3237 5651 3593 5722 legiturfma-

1994 5724 2250 5801 n‘ifestum
2279 5723 2822 5801 librarii_estviti_uin.
2856 5723 3097 5801 Denique
3124 5726 3390 5795 [Iuverunt
3433 5745 3465 5781 a
3503 5736 3590 5801 fa-

1992 5797 2068 5850 cie
2097 5794 2329 5871 Domini,
2350 5813 2380 5849 a
2405 5796 2538 5871 facie
2563 5793 2773 5852 Domini
2799 5797 2966 5855 omnis
2994 5793 3152 5868 terra,
3185 5810 3285 5870 pro
3318 5793 3582 5871 terrtv,'ut

1994 5875 2079 5927 est
2112 5882 2279 5941 penes
2304 5868 2685 5944 Augustinum.

3009 5966 3085 6031 10
