  <div class='ocr_page' id='page_1' title='image "/cluster/home/n/w/nwhite01/storage/ocr_20150623/29/hvd.32044015471428/155.png"; bbox 0 0 4090 6338; ppageno 0'>
   <div class='ocr_carea' id='block_1_1' title="bbox 544 330 656 391">
    <p class='ocr_par' dir='ltr' id='par_1_1' title="bbox 544 330 656 391">
     <span class='ocr_line' id='line_1_1' title="bbox 544 330 656 391; baseline -0.009 0"><span class='ocrx_word' id='word_1_1' title='bbox 544 330 656 391; x_wconf 70' lang='lat'><strong><em>9.99</em></strong></span> 
     </span>
    </p>
   </div>
   <div class='ocr_carea' id='block_1_2' title="bbox 1550 320 2828 387">
    <p class='ocr_par' dir='ltr' id='par_1_2' title="bbox 1550 320 2828 387">
     <span class='ocr_line' id='line_1_2' title="bbox 1550 320 2828 387; baseline 0.003 -4"><span class='ocrx_word' id='word_1_2' title='bbox 1550 320 1615 383; x_wconf 88' lang='lat' dir='ltr'><strong><em>S.</em></strong></span> <span class='ocrx_word' id='word_1_3' title='bbox 1656 324 2035 384; x_wconf 76' lang='lat' dir='ltr'><strong><em>IlIERONYMl</em></strong></span> <span class='ocrx_word' id='word_1_4' title='bbox 2074 324 2311 385; x_wconf 73' lang='lat' dir='ltr'><strong><em>DIVINA</em></strong></span> <span class='ocrx_word' id='word_1_5' title='bbox 2352 326 2828 387; x_wconf 75' lang='lat' dir='ltr'><strong><em>BlBLIOTiIECA.</em></strong></span> 
     </span>
    </p>
   </div>
   <div class='ocr_carea' id='block_1_3' title="bbox 620 440 3843 516">
    <p class='ocr_par' dir='ltr' id='par_1_3' title="bbox 620 440 3843 516">
     <span class='ocr_line' id='line_1_3' title="bbox 620 440 3843 516; baseline 0 -13"><span class='ocrx_word' id='word_1_6' title='bbox 620 445 827 503; x_wconf 77' lang='lat' dir='ltr'><strong><em>Montes</em></strong></span> <span class='ocrx_word' id='word_1_7' title='bbox 849 444 979 501; x_wconf 89' lang='lat' dir='ltr'><strong><em>sicut</em></strong></span> <span class='ocrx_word' id='word_1_8' title='bbox 1002 459 1121 500; x_wconf 86' lang='lat' dir='ltr'><strong><em>cera</em></strong></span> <span class='ocrx_word' id='word_1_9' title='bbox 1146 444 1410 516; x_wconf 67' lang='lat' dir='ltr'><strong><em>ﬂuxerunt</em></strong></span> <span class='ocrx_word' id='word_1_10' title='bbox 1463 456 1527 498; x_wconf 72' lang='grc' dir='ltr'><strong><em>σε-</em></strong></span> <span class='ocrx_word' id='word_1_11' title='bbox 1567 457 1602 497; x_wconf 86' lang='grc' dir='ltr'><em>α</em></span> <span class='ocrx_word' id='word_1_12' title='bbox 1627 443 1761 515; x_wconf 79' lang='lat' dir='ltr'><strong><em>[acie</em></strong></span> <span class='ocrx_word' id='word_1_13' title='bbox 1807 441 2021 499; x_wconf 86' lang='lat' dir='ltr'><strong><em>Domini</em></strong></span> <span class='ocrx_word' id='word_1_14' title='bbox 2055 442 2079 513; x_wconf 99' lang='lat'><strong><em>1</em></strong></span> <span class='ocrx_word' id='word_1_15' title='bbox 2112 459 2144 499; x_wconf 92' lang='lat' dir='ltr'><strong><em>a</em></strong></span> <span class='ocrx_word' id='word_1_16' title='bbox 2170 445 2225 507; x_wconf 79' lang='grc' dir='ltr'><strong>Α</strong></span> <span class='ocrx_word' id='word_1_17' title='bbox 2320 444 2530 503; x_wconf 75' lang='lat' dir='ltr'><strong><em>Montes</em></strong></span> <span class='ocrx_word' id='word_1_18' title='bbox 2550 447 2698 503; x_wconf 85' lang='lat' dir='ltr'><strong><em>sicut</em></strong></span> <span class='ocrx_word' id='word_1_19' title='bbox 2735 459 2862 503; x_wconf 88' lang='lat' dir='ltr'><strong><em>cera</em></strong></span> <span class='ocrx_word' id='word_1_20' title='bbox 2890 440 3170 503; x_wconf 76' lang='lat' dir='ltr'><strong><em>ﬂuxerunt</em></strong></span> <span class='ocrx_word' id='word_1_21' title='bbox 3198 450 3327 502; x_wconf 79' lang='lat' dir='ltr'><strong><em>ante</em></strong></span> <span class='ocrx_word' id='word_1_22' title='bbox 3365 443 3561 502; x_wconf 73' lang='lat' dir='ltr'><strong><em>faciem</em></strong></span> <span class='ocrx_word' id='word_1_23' title='bbox 3591 442 3843 504; x_wconf 80' lang='lat' dir='ltr'><strong><em>Domini:</em></strong></span> 
     </span>
    </p>
   </div>
   <div class='ocr_carea' id='block_1_4' title="bbox 550 540 1325 619">
    <p class='ocr_par' dir='ltr' id='par_1_4' title="bbox 550 540 1325 619">
     <span class='ocr_line' id='line_1_4' title="bbox 550 540 1325 619; baseline -0.006 -18"><span class='ocrx_word' id='word_1_24' title='bbox 550 546 687 619; x_wconf 76' lang='lat' dir='ltr'><strong><em>facie</em></strong></span> <span class='ocrx_word' id='word_1_25' title='bbox 728 542 937 599; x_wconf 89' lang='lat' dir='ltr'><strong><em>Domini</em></strong></span> <span class='ocrx_word' id='word_1_26' title='bbox 966 540 1133 597; x_wconf 87' lang='lat' dir='ltr'><strong><em>omnis</em></strong></span> <span class='ocrx_word' id='word_1_27' title='bbox 1164 551 1325 596; x_wconf 87' lang='lat' dir='ltr'><strong><em>terra.</em></strong></span> 
     </span>
    </p>
   </div>
   <div class='ocr_carea' id='block_1_5' title="bbox 620 634 2148 711">
    <p class='ocr_par' dir='ltr' id='par_1_5' title="bbox 620 634 2148 711">
     <span class='ocr_line' id='line_1_5' title="bbox 620 634 2148 711; baseline -0.002 -15"><span class='ocrx_word' id='word_1_28' title='bbox 620 638 1067 696; x_wconf 84' lang='lat' dir='ltr'><strong><em>Anuuntiaverunt</em></strong></span> <span class='ocrx_word' id='word_1_29' title='bbox 1091 637 1209 693; x_wconf 72' lang='lat' dir='ltr'><strong><em>coeli</em></strong></span> <span class='ocrx_word' id='word_1_30' title='bbox 1224 635 1494 711; x_wconf 72' lang='lat' dir='ltr'><strong><em>justitiam</em></strong></span> <span class='ocrx_word' id='word_1_31' title='bbox 1512 636 1629 710; x_wconf 87' lang='lat' dir='ltr'><strong><em>ejus</em></strong></span> <span class='ocrx_word' id='word_1_32' title='bbox 1652 651 1673 692; x_wconf 91' lang='lat'><strong><em>:</em></strong></span> <span class='ocrx_word' id='word_1_33' title='bbox 1695 643 1743 692; x_wconf 88' lang='lat' dir='ltr'><strong><em>et</em></strong></span> <span class='ocrx_word' id='word_1_34' title='bbox 1773 634 2014 693; x_wconf 83' lang='lat' dir='ltr'><strong><em>viderunt</em></strong></span> <span class='ocrx_word' id='word_1_35' title='bbox 2037 650 2148 693; x_wconf 90' lang='lat' dir='ltr'><strong><em>om-</em></strong></span> 
     </span>
    </p>
   </div>
   <div class='ocr_carea' id='block_1_6' title="bbox 549 730 1250 808">
    <p class='ocr_par' dir='ltr' id='par_1_6' title="bbox 549 730 1250 808">
     <span class='ocr_line' id='line_1_6' title="bbox 549 730 1250 808; baseline -0.011 -16"><span class='ocrx_word' id='word_1_36' title='bbox 549 752 639 791; x_wconf 87' lang='lat' dir='ltr'><strong><em>nes</em></strong></span> <span class='ocrx_word' id='word_1_37' title='bbox 668 732 848 808; x_wconf 88' lang='lat' dir='ltr'><strong><em>populi</em></strong></span> <span class='ocrx_word' id='word_1_38' title='bbox 875 730 1096 805; x_wconf 77' lang='lat' dir='ltr'><strong><em>gloriam</em></strong></span> <span class='ocrx_word' id='word_1_39' title='bbox 1117 734 1250 805; x_wconf 89' lang='lat' dir='ltr'><strong><em>ejus.</em></strong></span> 
     </span>
    </p>
   </div>
   <div class='ocr_carea' id='block_1_7' title="bbox 621 823 2148 901">
    <p class='ocr_par' dir='ltr' id='par_1_7' title="bbox 621 823 2148 901">
     <span class='ocr_line' id='line_1_7' title="bbox 621 823 2148 901; baseline -0.005 -16"><span class='ocrx_word' id='word_1_40' title='bbox 621 828 1028 901; x_wconf 76' lang='lat' dir='ltr'><strong><em>Coufundantur</em></strong></span> <span class='ocrx_word' id='word_1_41' title='bbox 1059 841 1246 882; x_wconf 87' lang='lat' dir='ltr'><strong><em>omnes</em></strong></span> <span class='ocrx_word' id='word_1_42' title='bbox 1273 825 1361 896; x_wconf 84' lang='lat' dir='ltr'><strong><em>qui</em></strong></span> <span class='ocrx_word' id='word_1_43' title='bbox 1411 825 1639 882; x_wconf 83' lang='lat' dir='ltr'><strong><em>adorant</em></strong></span> <span class='ocrx_word' id='word_1_44' title='bbox 1681 823 1949 896; x_wconf 87' lang='lat' dir='ltr'><strong><em>sculptilia</em></strong></span> <span class='ocrx_word' id='word_1_45' title='bbox 1978 839 1998 878; x_wconf 91' lang='lat'><strong><em>:</em></strong></span> <span class='ocrx_word' id='word_1_46' title='bbox 2029 831 2053 861; x_wconf 79' lang='grc' dir='ltr'>ι</span> <span class='ocrx_word' id='word_1_47' title='bbox 2102 830 2148 877; x_wconf 88' lang='lat' dir='ltr'><strong><em>et</em></strong></span> 
     </span>
    </p>
   </div>
   <div class='ocr_carea' id='block_1_8' title="bbox 547 915 1641 996">
    <p class='ocr_par' dir='ltr' id='par_1_8' title="bbox 547 915 1641 996">
     <span class='ocr_line' id='line_1_8' title="bbox 547 915 1641 996; baseline -0.005 -20"><span class='ocrx_word' id='word_1_48' title='bbox 547 922 635 996; x_wconf 83' lang='lat' dir='ltr'><strong><em>qui</em></strong></span> <span class='ocrx_word' id='word_1_49' title='bbox 650 920 941 995; x_wconf 86' lang='lat' dir='ltr'><strong><em>gloriantur</em></strong></span> <span class='ocrx_word' id='word_1_50' title='bbox 972 920 1025 974; x_wconf 91' lang='lat' dir='ltr'><strong><em>in</em></strong></span> <span class='ocrx_word' id='word_1_51' title='bbox 1053 917 1347 974; x_wconf 77' lang='lat' dir='ltr'><strong><em>simulacris</em></strong></span> <span class='ocrx_word' id='word_1_52' title='bbox 1377 932 1439 974; x_wconf 56' lang='grc' dir='ltr'>ψ</span> <span class='ocrx_word' id='word_1_53' title='bbox 1462 917 1573 972; x_wconf 90' lang='lat' dir='ltr'><strong><em>suis</em></strong></span> <span class='ocrx_word' id='word_1_54' title='bbox 1617 915 1641 984; x_wconf 90' lang='lat'><strong><em>1</em></strong></span> 
     </span>
    </p>
   </div>
   <div class='ocr_carea' id='block_1_9' title="bbox 619 1007 2146 1085">
    <p class='ocr_par' dir='ltr' id='par_1_9' title="bbox 619 1007 2146 1085">
     <span class='ocr_line' id='line_1_9' title="bbox 619 1007 2146 1085; baseline -0.005 -15"><span class='ocrx_word' id='word_1_55' title='bbox 619 1016 844 1071; x_wconf 79' lang='lat' dir='ltr'><strong><em>Adorate</em></strong></span> <span class='ocrx_word' id='word_1_56' title='bbox 868 1030 1005 1081; x_wconf 86' lang='lat' dir='ltr'><strong><em>eum,</em></strong></span> <span class='ocrx_word' id='word_1_57' title='bbox 1037 1029 1215 1068; x_wconf 88' lang='lat' dir='ltr'><strong><em>omnes</em></strong></span> <span class='ocrx_word' id='word_1_58' title='bbox 1238 1009 1413 1085; x_wconf 83' lang='lat' dir='ltr'><strong><em>angeli</em></strong></span> <span class='ocrx_word' id='word_1_59' title='bbox 1441 1025 1503 1067; x_wconf 58' lang='grc' dir='ltr'><strong><em>-θη</em></strong></span> <span class='ocrx_word' id='word_1_60' title='bbox 1531 1009 1648 1080; x_wconf 80' lang='lat' dir='ltr'><strong><em>eius</em></strong></span> <span class='ocrx_word' id='word_1_61' title='bbox 1673 1008 1696 1079; x_wconf 85' lang='lat'><strong><em>1</em></strong></span> <span class='ocrx_word' id='word_1_62' title='bbox 1718 1007 1940 1075; x_wconf 68' lang='lat' dir='ltr'><strong><em>audivit,</em></strong></span> <span class='ocrx_word' id='word_1_63' title='bbox 1979 1015 2025 1064; x_wconf 88' lang='lat' dir='ltr'><strong><em>et</em></strong></span> <span class='ocrx_word' id='word_1_64' title='bbox 2049 1007 2146 1063; x_wconf 77' lang='lat' dir='ltr'><strong><em>ltr-</em></strong></span> 
     </span>
    </p>
   </div>
   <div class='ocr_carea' id='block_1_10' title="bbox 548 1106 939 1163">
    <p class='ocr_par' dir='ltr' id='par_1_10' title="bbox 548 1106 939 1163">
     <span class='ocr_line' id='line_1_10' title="bbox 548 1106 939 1163; baseline -0.003 0"><span class='ocrx_word' id='word_1_65' title='bbox 548 1116 657 1163; x_wconf 88' lang='lat' dir='ltr'><strong><em>tata</em></strong></span> <span class='ocrx_word' id='word_1_66' title='bbox 683 1116 754 1162; x_wconf 87' lang='lat' dir='ltr'><strong><em>est</em></strong></span> <span class='ocrx_word' id='word_1_67' title='bbox 784 1106 939 1163; x_wconf 86' lang='lat' dir='ltr'><strong><em>Sion.</em></strong></span> 
     </span>
    </p>
   </div>
   <div class='ocr_carea' id='block_1_11' title="bbox 619 1193 2143 1271">
    <p class='ocr_par' dir='ltr' id='par_1_11' title="bbox 619 1193 2143 1271">
     <span class='ocr_line' id='line_1_11' title="bbox 619 1193 2143 1271; baseline -0.008 -12"><span class='ocrx_word' id='word_1_68' title='bbox 619 1202 686 1259; x_wconf 86' lang='lat' dir='ltr'><strong><em>Et</em></strong></span> <span class='ocrx_word' id='word_1_69' title='bbox 707 1201 1095 1258; x_wconf 73' lang='lat' dir='ltr'><strong><em>exsultaverunt</em></strong></span> <span class='ocrx_word' id='word_1_70' title='bbox 1126 1198 1254 1271; x_wconf 68' lang='lat' dir='ltr'><strong><em>ﬁlias</em></strong></span> <span class='ocrx_word' id='word_1_71' title='bbox 1301 1195 1481 1266; x_wconf 77' lang='lat' dir='ltr'><strong><em>Judte,</em></strong></span> <span class='ocrx_word' id='word_1_72' title='bbox 1516 1203 1730 1269; x_wconf 80' lang='lat' dir='ltr'><strong><em>propter</em></strong></span> <span class='ocrx_word' id='word_1_73' title='bbox 1766 1193 1976 1270; x_wconf 85' lang='lat' dir='ltr'><strong><em>judicia</em></strong></span> <span class='ocrx_word' id='word_1_74' title='bbox 2030 1202 2143 1263; x_wconf 84' lang='lat' dir='ltr'><strong><em>tua,</em></strong></span> 
     </span>
    </p>
   </div>
   <div class='ocr_carea' id='block_1_12' title="bbox 547 1294 793 1351">
    <p class='ocr_par' dir='ltr' id='par_1_12' title="bbox 547 1294 793 1351">
     <span class='ocr_line' id='line_1_12' title="bbox 547 1294 793 1351; baseline 0.008 -2"><span class='ocrx_word' id='word_1_75' title='bbox 547 1294 793 1351; x_wconf 77' lang='lat' dir='ltr'><strong><em>Domine.</em></strong></span> 
     </span>
    </p>
   </div>
   <div class='ocr_carea' id='block_1_13' title="bbox 619 1386 2146 1458">
    <p class='ocr_par' dir='ltr' id='par_1_13' title="bbox 619 1386 2146 1458">
     <span class='ocr_line' id='line_1_13' title="bbox 619 1386 2146 1458; baseline -0.004 -12"><span class='ocrx_word' id='word_1_76' title='bbox 619 1391 877 1458; x_wconf 83' lang='lat' dir='ltr'><strong><em>Quoniam</em></strong></span> <span class='ocrx_word' id='word_1_77' title='bbox 910 1399 965 1444; x_wconf 94' lang='lat' dir='ltr'><strong><em>tu</em></strong></span> <span class='ocrx_word' id='word_1_78' title='bbox 995 1388 1249 1443; x_wconf 85' lang='lat' dir='ltr'><strong><em>Dominus</em></strong></span> <span class='ocrx_word' id='word_1_79' title='bbox 1291 1386 1579 1442; x_wconf 88' lang='lat' dir='ltr'><strong><em>altissimus</em></strong></span> <span class='ocrx_word' id='word_1_80' title='bbox 1605 1400 1760 1458; x_wconf 86' lang='lat' dir='ltr'><strong><em>super</em></strong></span> <span class='ocrx_word' id='word_1_81' title='bbox 1800 1399 2001 1442; x_wconf 84' lang='lat' dir='ltr'><strong><em>omnem</em></strong></span> <span class='ocrx_word' id='word_1_82' title='bbox 2042 1393 2146 1440; x_wconf 82' lang='lat' dir='ltr'><strong><em>ter—</em></strong></span> 
     </span>
    </p>
   </div>
   <div class='ocr_carea' id='block_1_14' title="bbox 537 1478 1784 1552">
    <p class='ocr_par' dir='ltr' id='par_1_14' title="bbox 537 1478 1784 1552">
     <span class='ocr_line' id='line_1_14' title="bbox 537 1478 1784 1552; baseline -0.005 -13"><span class='ocrx_word' id='word_1_83' title='bbox 537 1500 682 1551; x_wconf 86' lang='lat' dir='ltr'><strong><em>ram;</em></strong></span> <span class='ocrx_word' id='word_1_84' title='bbox 716 1483 870 1538; x_wconf 86' lang='lat' dir='ltr'><strong><em>nimis</em></strong></span> <span class='ocrx_word' id='word_1_85' title='bbox 893 1481 1148 1537; x_wconf 69' lang='lat' dir='ltr'><strong><em>exaltatus</em></strong></span> <span class='ocrx_word' id='word_1_86' title='bbox 1175 1497 1227 1536; x_wconf 89' lang='lat' dir='ltr'><strong><em>es</em></strong></span> <span class='ocrx_word' id='word_1_87' title='bbox 1255 1496 1415 1552; x_wconf 83' lang='lat' dir='ltr'><strong><em>super</em></strong></span> <span class='ocrx_word' id='word_1_88' title='bbox 1438 1495 1611 1535; x_wconf 89' lang='lat' dir='ltr'><strong><em>omnes</em></strong></span> <span class='ocrx_word' id='word_1_89' title='bbox 1637 1478 1784 1534; x_wconf 91' lang='lat' dir='ltr'><strong><em>deos.</em></strong></span> 
     </span>
    </p>
   </div>
   <div class='ocr_carea' id='block_1_15' title="bbox 614 1571 2141 1648">
    <p class='ocr_par' dir='ltr' id='par_1_15' title="bbox 614 1571 2141 1648">
     <span class='ocr_line' id='line_1_15' title="bbox 614 1571 2141 1648; baseline -0.001 -19"><span class='ocrx_word' id='word_1_90' title='bbox 614 1576 717 1644; x_wconf 85' lang='lat' dir='ltr'><strong><em>Qui</em></strong></span> <span class='ocrx_word' id='word_1_91' title='bbox 769 1575 995 1648; x_wconf 73' lang='lat' dir='ltr'><strong><em>diligitis</em></strong></span> <span class='ocrx_word' id='word_1_92' title='bbox 1020 1572 1327 1644; x_wconf 84' lang='lat' dir='ltr'><strong><em>Dominum,</em></strong></span> <span class='ocrx_word' id='word_1_93' title='bbox 1358 1573 1500 1628; x_wconf 88' lang='lat' dir='ltr'><strong><em>odite</em></strong></span> <span class='ocrx_word' id='word_1_94' title='bbox 1558 1571 1755 1627; x_wconf 79' lang='lat' dir='ltr'><strong><em>malum</em></strong></span> <span class='ocrx_word' id='word_1_95' title='bbox 1778 1588 1797 1627; x_wconf 90' lang='lat'><strong><em>:</em></strong></span> <span class='ocrx_word' id='word_1_96' title='bbox 1826 1573 2051 1629; x_wconf 87' lang='lat' dir='ltr'><strong><em>custodit</em></strong></span> <span class='ocrx_word' id='word_1_97' title='bbox 2077 1586 2141 1628; x_wconf 72' lang='grc' dir='ltr'><strong><em>αε-</em></strong></span> 
     </span>
    </p>
   </div>
   <div class='ocr_carea' id='block_1_16' title="bbox 541 1665 2146 1737">
    <p class='ocr_par' dir='ltr' id='par_1_16' title="bbox 541 1665 2146 1737">
     <span class='ocr_line' id='line_1_16' title="bbox 541 1665 2146 1737; baseline -0.003 -13"><span class='ocrx_word' id='word_1_98' title='bbox 541 1666 847 1737; x_wconf 87' lang='lat' dir='ltr'><strong><em>Dominus1</em></strong></span> <span class='ocrx_word' id='word_1_99' title='bbox 880 1667 1082 1723; x_wconf 88' lang='lat' dir='ltr'><strong><em>animas</em></strong></span> <span class='ocrx_word' id='word_1_100' title='bbox 1120 1674 1422 1724; x_wconf 88' lang='lat' dir='ltr'><strong><em>sanctorum</em></strong></span> <span class='ocrx_word' id='word_1_101' title='bbox 1450 1682 1685 1736; x_wconf 86' lang='lat' dir='ltr'><strong><em>suorum,</em></strong></span> <span class='ocrx_word' id='word_1_102' title='bbox 1740 1665 1806 1722; x_wconf 84' lang='lat' dir='ltr'><strong><em>de</em></strong></span> <span class='ocrx_word' id='word_1_103' title='bbox 1840 1683 1999 1722; x_wconf 86' lang='lat' dir='ltr'><strong><em>manu</em></strong></span> <span class='ocrx_word' id='word_1_104' title='bbox 2026 1681 2146 1737; x_wconf 88' lang='lat' dir='ltr'><strong><em>pec-</em></strong></span> 
     </span>
    </p>
   </div>
   <div class='ocr_carea' id='block_1_17' title="bbox 535 1764 1123 1821">
    <p class='ocr_par' dir='ltr' id='par_1_17' title="bbox 535 1764 1123 1821">
     <span class='ocr_line' id='line_1_17' title="bbox 535 1764 1123 1821; baseline -0.005 0"><span class='ocrx_word' id='word_1_105' title='bbox 535 1766 732 1821; x_wconf 85' lang='lat' dir='ltr'><strong><em>catoris</em></strong></span> <span class='ocrx_word' id='word_1_106' title='bbox 754 1764 988 1820; x_wconf 85' lang='lat' dir='ltr'><strong><em>liberabit</em></strong></span> <span class='ocrx_word' id='word_1_107' title='bbox 1014 1780 1123 1820; x_wconf 90' lang='lat' dir='ltr'><strong><em>eos.</em></strong></span> 
     </span>
    </p>
   </div>
   <div class='ocr_carea' id='block_1_18' title="bbox 608 1855 1853 1939">
    <p class='ocr_par' dir='ltr' id='par_1_18' title="bbox 608 1855 1853 1939">
     <span class='ocr_line' id='line_1_18' title="bbox 608 1855 1853 1939; baseline 0.002 -27"><span class='ocrx_word' id='word_1_108' title='bbox 608 1858 728 1914; x_wconf 81' lang='lat' dir='ltr'><strong><em>Lua:</em></strong></span> <span class='ocrx_word' id='word_1_109' title='bbox 751 1867 863 1914; x_wconf 89' lang='lat' dir='ltr'><strong><em>orta</em></strong></span> <span class='ocrx_word' id='word_1_110' title='bbox 889 1869 964 1914; x_wconf 88' lang='lat' dir='ltr'><strong><em>est</em></strong></span> <span class='ocrx_word' id='word_1_111' title='bbox 978 1859 1127 1931; x_wconf 88' lang='lat' dir='ltr'><strong><em>justo</em></strong></span> <span class='ocrx_word' id='word_1_112' title='bbox 1150 1872 1169 1911; x_wconf 91' lang='lat'><strong><em>:</em></strong></span> <span class='ocrx_word' id='word_1_113' title='bbox 1198 1865 1245 1939; x_wconf 69' lang='lat' dir='ltr'><strong><em>et</em></strong></span> <span class='ocrx_word' id='word_1_114' title='bbox 1283 1855 1438 1912; x_wconf 86' lang='lat' dir='ltr'><strong><em>rectis</em></strong></span> <span class='ocrx_word' id='word_1_115' title='bbox 1464 1857 1623 1913; x_wconf 86' lang='lat' dir='ltr'><strong><em>corde</em></strong></span> <span class='ocrx_word' id='word_1_116' title='bbox 1649 1858 1853 1914; x_wconf 65' lang='lat' dir='ltr'><strong><em>latitia.</em></strong></span> 
     </span>
    </p>
   </div>
   <div class='ocr_carea' id='block_1_19' title="bbox 603 1950 2137 2025">
    <p class='ocr_par' dir='ltr' id='par_1_19' title="bbox 603 1950 2137 2025">
     <span class='ocr_line' id='line_1_19' title="bbox 603 1950 2137 2025; baseline 0 -18"><span class='ocrx_word' id='word_1_117' title='bbox 603 1951 902 2018; x_wconf 79' lang='lat' dir='ltr'><strong><em>Lwtamini,</em></strong></span> <span class='ocrx_word' id='word_1_118' title='bbox 921 1952 1079 2024; x_wconf 86' lang='lat' dir='ltr'><strong><em>justi,</em></strong></span> <span class='ocrx_word' id='word_1_119' title='bbox 1104 1952 1157 2007; x_wconf 88' lang='lat' dir='ltr'><strong><em>in</em></strong></span> <span class='ocrx_word' id='word_1_120' title='bbox 1189 1950 1411 2008; x_wconf 90' lang='lat' dir='ltr'><strong><em>Domino</em></strong></span> <span class='ocrx_word' id='word_1_121' title='bbox 1435 1967 1454 2009; x_wconf 91' lang='lat'><strong><em>:</em></strong></span> <span class='ocrx_word' id='word_1_122' title='bbox 1482 1952 1863 2025; x_wconf 80' lang='lat' dir='ltr'><strong><em>etconﬁtemini</em></strong></span> <span class='ocrx_word' id='word_1_123' title='bbox 1878 1950 2137 2008; x_wconf 70' lang='lat' dir='ltr'><strong><em>memoria!</em></strong></span> 
     </span>
    </p>
   </div>
   <div class='ocr_carea' id='block_1_20' title="bbox 534 2047 1124 2118">
    <p class='ocr_par' dir='ltr' id='par_1_20' title="bbox 534 2047 1124 2118">
     <span class='ocr_line' id='line_1_20' title="bbox 534 2047 1124 2118; baseline -0.003 -15"><span class='ocrx_word' id='word_1_124' title='bbox 534 2047 962 2117; x_wconf 79' lang='lat' dir='ltr'><strong><em>sanctiﬁcationis</em></strong></span> <span class='ocrx_word' id='word_1_125' title='bbox 990 2048 1124 2118; x_wconf 85' lang='lat' dir='ltr'><strong><em>ejus.</em></strong></span> 
     </span>
    </p>
   </div>
   <div class='ocr_carea' id='block_1_21' title="bbox 2250 538 3340 597">
    <p class='ocr_par' dir='ltr' id='par_1_21' title="bbox 2250 538 3340 597">
     <span class='ocr_line' id='line_1_21' title="bbox 2250 538 3340 597; baseline -0.002 -1"><span class='ocrx_word' id='word_1_126' title='bbox 2250 554 2280 596; x_wconf 87' lang='lat' dir='ltr'><strong><em>a</em></strong></span> <span class='ocrx_word' id='word_1_127' title='bbox 2312 539 2451 597; x_wconf 80' lang='lat' dir='ltr'><strong><em>facie</em></strong></span> <span class='ocrx_word' id='word_1_128' title='bbox 2479 539 2692 597; x_wconf 83' lang='lat' dir='ltr'><strong><em>Domini</em></strong></span> <span class='ocrx_word' id='word_1_129' title='bbox 2721 538 2941 597; x_wconf 89' lang='lat' dir='ltr'><strong><em>tremuit</em></strong></span> <span class='ocrx_word' id='word_1_130' title='bbox 2962 540 3140 596; x_wconf 88' lang='lat' dir='ltr'><strong><em>omnis</em></strong></span> <span class='ocrx_word' id='word_1_131' title='bbox 3170 546 3340 596; x_wconf 87' lang='lat' dir='ltr'><strong><em>terra.</em></strong></span> 
     </span>
    </p>
   </div>
   <div class='ocr_carea' id='block_1_22' title="bbox 2323 632 3854 707">
    <p class='ocr_par' dir='ltr' id='par_1_22' title="bbox 2323 632 3854 707">
     <span class='ocr_line' id='line_1_22' title="bbox 2323 632 3854 707; baseline -0.002 -15"><span class='ocrx_word' id='word_1_132' title='bbox 2323 635 2799 693; x_wconf 81' lang='lat' dir='ltr'><strong><em>Annuntiaverunt</em></strong></span> <span class='ocrx_word' id='word_1_133' title='bbox 2825 635 2951 693; x_wconf 74' lang='lat' dir='ltr'><strong><em>etnli</em></strong></span> <span class='ocrx_word' id='word_1_134' title='bbox 2996 634 3263 707; x_wconf 83' lang='lat' dir='ltr'><strong><em>justitiam</em></strong></span> <span class='ocrx_word' id='word_1_135' title='bbox 3294 632 3415 707; x_wconf 83' lang='lat' dir='ltr'><strong><em>ejus</em></strong></span> <span class='ocrx_word' id='word_1_136' title='bbox 3446 649 3464 691; x_wconf 82' lang='lat' dir='ltr'><strong><em>t</em></strong></span> <span class='ocrx_word' id='word_1_137' title='bbox 3510 641 3568 692; x_wconf 80' lang='lat' dir='ltr'><strong><em>et</em></strong></span> <span class='ocrx_word' id='word_1_138' title='bbox 3595 633 3854 691; x_wconf 85' lang='lat' dir='ltr'><strong><em>viderunt</em></strong></span> 
     </span>
    </p>
   </div>
   <div class='ocr_carea' id='block_1_23' title="bbox 2250 727 3090 802">
    <p class='ocr_par' dir='ltr' id='par_1_23' title="bbox 2250 727 3090 802">
     <span class='ocr_line' id='line_1_23' title="bbox 2250 727 3090 802; baseline -0.005 -15"><span class='ocrx_word' id='word_1_139' title='bbox 2250 745 2441 787; x_wconf 89' lang='lat' dir='ltr'><strong><em>omnes</em></strong></span> <span class='ocrx_word' id='word_1_140' title='bbox 2473 730 2653 802; x_wconf 85' lang='lat' dir='ltr'><strong><em>populi</em></strong></span> <span class='ocrx_word' id='word_1_141' title='bbox 2685 729 2913 801; x_wconf 78' lang='lat' dir='ltr'><strong><em>gloriam</em></strong></span> <span class='ocrx_word' id='word_1_142' title='bbox 2947 727 3090 800; x_wconf 85' lang='lat' dir='ltr'><strong><em>ejus.</em></strong></span> 
     </span>
    </p>
   </div>
   <div class='ocr_carea' id='block_1_24' title="bbox 2322 792 3885 899">
    <p class='ocr_par' dir='ltr' id='par_1_24' title="bbox 2322 792 3885 899">
     <span class='ocr_line' id='line_1_24' title="bbox 2322 792 3885 899; baseline -0.002 -15"><span class='ocrx_word' id='word_1_143' title='bbox 2322 792 2736 884; x_wconf 64' lang='lat' dir='ltr'><strong><em>Confundanttir</em></strong></span> <span class='ocrx_word' id='word_1_144' title='bbox 2773 792 3103 899; x_wconf 38' lang='lat' dir='ltr'><strong><em>omnes&#39;nui</em></strong></span> <span class='ocrx_word' id='word_1_145' title='bbox 3150 825 3384 884; x_wconf 86' lang='lat' dir='ltr'><strong><em>adorant</em></strong></span> <span class='ocrx_word' id='word_1_146' title='bbox 3430 825 3747 899; x_wconf 87' lang='lat' dir='ltr'><strong><em>sculptilia:</em></strong></span> <span class='ocrx_word' id='word_1_147' title='bbox 3796 792 3885 883; x_wconf 23' lang='lat' dir='ltr'><strong><em>et.</em></strong></span> 
     </span>
    </p>
   </div>
   <div class='ocr_carea' id='block_1_25' title="bbox 2251 918 3671 993">
    <p class='ocr_par' dir='ltr' id='par_1_25' title="bbox 2251 918 3671 993">
     <span class='ocr_line' id='line_1_25' title="bbox 2251 918 3671 993; baseline 0.001 -19"><span class='ocrx_word' id='word_1_148' title='bbox 2251 918 2378 993; x_wconf 75' lang='grc' dir='ltr'><strong><em>[Με.</em></strong></span> <span class='ocrx_word' id='word_1_149' title='bbox 2413 930 2515 975; x_wconf 85' lang='lat' dir='ltr'><strong><em>lac.</em></strong></span> <span class='ocrx_word' id='word_1_150' title='bbox 2544 918 2621 993; x_wconf 92' lang='lat' dir='ltr'><strong><em>ct]</em></strong></span> <span class='ocrx_word' id='word_1_151' title='bbox 2651 920 2741 992; x_wconf 78' lang='lat' dir='ltr'><strong><em>qui</em></strong></span> <span class='ocrx_word' id='word_1_152' title='bbox 2771 919 3078 993; x_wconf 77' lang='lat' dir='ltr'><strong><em>gloriantur</em></strong></span> <span class='ocrx_word' id='word_1_153' title='bbox 3107 920 3159 977; x_wconf 91' lang='lat' dir='ltr'><strong><em>in</em></strong></span> <span class='ocrx_word' id='word_1_154' title='bbox 3199 919 3508 978; x_wconf 82' lang='lat' dir='ltr'><strong><em>simulacris</em></strong></span> <span class='ocrx_word' id='word_1_155' title='bbox 3536 920 3671 976; x_wconf 90' lang='lat' dir='ltr'><strong><em>suis.</em></strong></span> 
     </span>
    </p>
   </div>
   <div class='ocr_carea' id='block_1_26' title="bbox 2323 1010 3858 1086">
    <p class='ocr_par' dir='ltr' id='par_1_26' title="bbox 2323 1010 3858 1086">
     <span class='ocr_line' id='line_1_26' title="bbox 2323 1010 3858 1086; baseline -0.001 -17"><span class='ocrx_word' id='word_1_156' title='bbox 2323 1013 2567 1071; x_wconf 81' lang='lat' dir='ltr'><strong><em>Adorato</em></strong></span> <span class='ocrx_word' id='word_1_157' title='bbox 2586 1029 2733 1080; x_wconf 89' lang='lat' dir='ltr'><strong><em>eum,</em></strong></span> <span class='ocrx_word' id='word_1_158' title='bbox 2763 1028 2959 1071; x_wconf 90' lang='lat' dir='ltr'><strong><em>omnes</em></strong></span> <span class='ocrx_word' id='word_1_159' title='bbox 2989 1013 3173 1086; x_wconf 83' lang='lat' dir='ltr'><strong><em>angeli</em></strong></span> <span class='ocrx_word' id='word_1_160' title='bbox 3204 1013 3346 1086; x_wconf 84' lang='lat' dir='ltr'><strong><em>ejus,</em></strong></span> <span class='ocrx_word' id='word_1_161' title='bbox 3368 1013 3600 1084; x_wconf 79' lang='lat' dir='ltr'><strong><em>audivit,</em></strong></span> <span class='ocrx_word' id='word_1_162' title='bbox 3654 1018 3713 1070; x_wconf 89' lang='lat' dir='ltr'><strong><em>et</em></strong></span> <span class='ocrx_word' id='word_1_163' title='bbox 3758 1010 3858 1068; x_wconf 70' lang='grc' dir='ltr'><strong><em>ιω-</em></strong></span> 
     </span>
    </p>
   </div>
   <div class='ocr_carea' id='block_1_27' title="bbox 2250 1106 3856 1183">
    <p class='ocr_par' dir='ltr' id='par_1_27' title="bbox 2250 1106 3856 1183">
     <span class='ocr_line' id='line_1_27' title="bbox 2250 1106 3856 1183; baseline 0 -20"><span class='ocrx_word' id='word_1_164' title='bbox 2250 1116 2359 1165; x_wconf 86' lang='lat' dir='ltr'><strong><em>tata</em></strong></span> <span class='ocrx_word' id='word_1_165' title='bbox 2387 1108 2515 1181; x_wconf 78' lang='lat' dir='ltr'><strong><em>[Ms.</em></strong></span> <span class='ocrx_word' id='word_1_166' title='bbox 2558 1107 2875 1183; x_wconf 86' lang='lat' dir='ltr'><strong><em>jocundata]</em></strong></span> <span class='ocrx_word' id='word_1_167' title='bbox 2912 1117 2996 1166; x_wconf 89' lang='lat' dir='ltr'><strong><em>est</em></strong></span> <span class='ocrx_word' id='word_1_168' title='bbox 3042 1108 3177 1167; x_wconf 86' lang='lat' dir='ltr'><strong><em>Sion</em></strong></span> <span class='ocrx_word' id='word_1_169' title='bbox 3203 1117 3305 1173; x_wconf 80' lang='lat' dir='ltr'><strong><em>:,et</em></strong></span> <span class='ocrx_word' id='word_1_170' title='bbox 3343 1108 3762 1167; x_wconf 79' lang='lat' dir='ltr'><strong><em>essultaverunt</em></strong></span> <span class='ocrx_word' id='word_1_171' title='bbox 3790 1106 3856 1163; x_wconf 85' lang='lat' dir='ltr'><strong><em>li-</em></strong></span> 
     </span>
    </p>
   </div>
   <div class='ocr_carea' id='block_1_28' title="bbox 2250 1201 3451 1275">
    <p class='ocr_par' dir='ltr' id='par_1_28' title="bbox 2250 1201 3451 1275">
     <span class='ocr_line' id='line_1_28' title="bbox 2250 1201 3451 1275; baseline -0.002 -16"><span class='ocrx_word' id='word_1_172' title='bbox 2250 1203 2336 1259; x_wconf 70' lang='lat' dir='ltr'><strong><em>lia:</em></strong></span> <span class='ocrx_word' id='word_1_173' title='bbox 2360 1201 2537 1272; x_wconf 77' lang='lat' dir='ltr'><strong><em>ludzc,</em></strong></span> <span class='ocrx_word' id='word_1_174' title='bbox 2562 1211 2787 1275; x_wconf 82' lang='lat' dir='ltr'><strong><em>propter</em></strong></span> <span class='ocrx_word' id='word_1_175' title='bbox 2818 1202 3023 1275; x_wconf 82' lang='lat' dir='ltr'><strong><em>judicia</em></strong></span> <span class='ocrx_word' id='word_1_176' title='bbox 3055 1209 3169 1270; x_wconf 87' lang='lat' dir='ltr'><strong><em>tua,</em></strong></span> <span class='ocrx_word' id='word_1_177' title='bbox 3199 1202 3451 1261; x_wconf 85' lang='lat' dir='ltr'><strong><em>Domine.</em></strong></span> 
     </span>
    </p>
   </div>
   <div class='ocr_carea' id='block_1_29' title="bbox 2319 1385 3850 1459">
    <p class='ocr_par' dir='ltr' id='par_1_29' title="bbox 2319 1385 3850 1459">
     <span class='ocr_line' id='line_1_29' title="bbox 2319 1385 3850 1459; baseline -0.002 -15"><span class='ocrx_word' id='word_1_178' title='bbox 2319 1388 2588 1458; x_wconf 82' lang='lat' dir='ltr'><strong><em>Quoniam</em></strong></span> <span class='ocrx_word' id='word_1_179' title='bbox 2620 1395 2675 1442; x_wconf 91' lang='lat' dir='ltr'><strong><em>tu</em></strong></span> <span class='ocrx_word' id='word_1_180' title='bbox 2705 1401 2767 1445; x_wconf 88' lang='lat' dir='ltr'><strong><em>es</em></strong></span> <span class='ocrx_word' id='word_1_181' title='bbox 2799 1385 3059 1442; x_wconf 89' lang='lat' dir='ltr'><strong><em>Dominus</em></strong></span> <span class='ocrx_word' id='word_1_182' title='bbox 3095 1385 3399 1443; x_wconf 87' lang='lat' dir='ltr'><strong><em>altissimus</em></strong></span> <span class='ocrx_word' id='word_1_183' title='bbox 3424 1400 3591 1459; x_wconf 84' lang='lat' dir='ltr'><strong><em>super</em></strong></span> <span class='ocrx_word' id='word_1_184' title='bbox 3618 1400 3850 1443; x_wconf 88' lang='lat' dir='ltr'><strong><em>omnem</em></strong></span> 
     </span>
    </p>
   </div>
   <div class='ocr_carea' id='block_1_30' title="bbox 2250 1478 3662 1552">
    <p class='ocr_par' dir='ltr' id='par_1_30' title="bbox 2250 1478 3662 1552">
     <span class='ocr_line' id='line_1_30' title="bbox 2250 1478 3662 1552; baseline -0.004 -11"><span class='ocrx_word' id='word_1_185' title='bbox 2250 1492 2489 1549; x_wconf 82' lang='lat' dir='ltr'><strong><em>terram;</em></strong></span> <span class='ocrx_word' id='word_1_186' title='bbox 2522 1481 2685 1537; x_wconf 91' lang='lat' dir='ltr'><strong><em>nimis</em></strong></span> <span class='ocrx_word' id='word_1_187' title='bbox 2715 1480 2988 1537; x_wconf 76' lang='lat' dir='ltr'><strong><em>exaltatus</em></strong></span> <span class='ocrx_word' id='word_1_188' title='bbox 3009 1493 3069 1536; x_wconf 89' lang='lat' dir='ltr'><strong><em>es</em></strong></span> <span class='ocrx_word' id='word_1_189' title='bbox 3096 1493 3262 1552; x_wconf 85' lang='lat' dir='ltr'><strong><em>super</em></strong></span> <span class='ocrx_word' id='word_1_190' title='bbox 3290 1492 3484 1536; x_wconf 88' lang='lat' dir='ltr'><strong><em>omnes</em></strong></span> <span class='ocrx_word' id='word_1_191' title='bbox 3509 1478 3662 1536; x_wconf 83' lang='lat' dir='ltr'><strong><em>deos.</em></strong></span> 
     </span>
    </p>
   </div>
   <div class='ocr_carea' id='block_1_31' title="bbox 2319 1578 3855 1653">
    <p class='ocr_par' dir='ltr' id='par_1_31' title="bbox 2319 1578 3855 1653">
     <span class='ocr_line' id='line_1_31' title="bbox 2319 1578 3855 1653; baseline -0.001 -16"><span class='ocrx_word' id='word_1_192' title='bbox 2319 1580 2422 1650; x_wconf 84' lang='lat' dir='ltr'><strong><em>Qui</em></strong></span> <span class='ocrx_word' id='word_1_193' title='bbox 2451 1580 2673 1653; x_wconf 88' lang='lat' dir='ltr'><strong><em>diligitis</em></strong></span> <span class='ocrx_word' id='word_1_194' title='bbox 2700 1579 3010 1648; x_wconf 74' lang='lat' dir='ltr'><strong><em>Dominum,</em></strong></span> <span class='ocrx_word' id='word_1_195' title='bbox 3054 1579 3208 1636; x_wconf 82' lang='lat' dir='ltr'><strong><em>edite</em></strong></span> <span class='ocrx_word' id='word_1_196' title='bbox 3239 1587 3263 1618; x_wconf 80' lang='lat'><strong><em>°</em></strong></span> <span class='ocrx_word' id='word_1_197' title='bbox 3314 1578 3514 1635; x_wconf 88' lang='lat' dir='ltr'><strong><em>malum</em></strong></span> <span class='ocrx_word' id='word_1_198' title='bbox 3546 1596 3561 1635; x_wconf 86' lang='lat'><strong>:</strong></span> <span class='ocrx_word' id='word_1_199' title='bbox 3609 1579 3855 1637; x_wconf 84' lang='lat' dir='ltr'><strong><em>custodit</em></strong></span> 
     </span>
    </p>
   </div>
   <div class='ocr_carea' id='block_1_32' title="bbox 2248 1673 3853 1748">
    <p class='ocr_par' dir='ltr' id='par_1_32' title="bbox 2248 1673 3853 1748">
     <span class='ocr_line' id='line_1_32' title="bbox 2248 1673 3853 1748; baseline -0.002 -14"><span class='ocrx_word' id='word_1_200' title='bbox 2248 1676 2511 1735; x_wconf 85' lang='lat' dir='ltr'><strong><em>Dominus</em></strong></span> <span class='ocrx_word' id='word_1_201' title='bbox 2540 1673 2750 1731; x_wconf 89' lang='lat' dir='ltr'><strong><em>animas</em></strong></span> <span class='ocrx_word' id='word_1_202' title='bbox 2771 1688 3054 1730; x_wconf 80' lang='lat' dir='ltr'><strong><em>servorum</em></strong></span> <span class='ocrx_word' id='word_1_203' title='bbox 3076 1688 3323 1745; x_wconf 83' lang='lat' dir='ltr'><strong><em>suorum,</em></strong></span> <span class='ocrx_word' id='word_1_204' title='bbox 3352 1682 3406 1733; x_wconf 91' lang='lat' dir='ltr'><strong><em>et</em></strong></span> <span class='ocrx_word' id='word_1_205' title='bbox 3432 1673 3502 1733; x_wconf 88' lang='lat' dir='ltr'><strong><em>de</em></strong></span> <span class='ocrx_word' id='word_1_206' title='bbox 3524 1690 3689 1731; x_wconf 88' lang='lat' dir='ltr'><strong><em>manu</em></strong></span> <span class='ocrx_word' id='word_1_207' title='bbox 3718 1690 3853 1748; x_wconf 85' lang='lat' dir='ltr'><strong><em>pec-</em></strong></span> 
     </span>
    </p>
   </div>
   <div class='ocr_carea' id='block_1_33' title="bbox 2246 1765 2893 1827">
    <p class='ocr_par' dir='ltr' id='par_1_33' title="bbox 2246 1765 2893 1827">
     <span class='ocr_line' id='line_1_33' title="bbox 2246 1765 2893 1827; baseline -0.009 -1"><span class='ocrx_word' id='word_1_208' title='bbox 2246 1768 2453 1827; x_wconf 87' lang='lat' dir='ltr'><strong><em>catoris</em></strong></span> <span class='ocrx_word' id='word_1_209' title='bbox 2493 1765 2750 1823; x_wconf 79' lang='lat' dir='ltr'><strong><em>liberavit</em></strong></span> <span class='ocrx_word' id='word_1_210' title='bbox 2776 1781 2893 1822; x_wconf 91' lang='lat' dir='ltr'><strong><em>eos.</em></strong></span> 
     </span>
    </p>
   </div>
   <div class='ocr_carea' id='block_1_34' title="bbox 2168 1850 3602 1923">
    <p class='ocr_par' dir='ltr' id='par_1_34' title="bbox 2168 1850 3602 1923">
     <span class='ocr_line' id='line_1_34' title="bbox 2168 1850 3602 1923; baseline -0.001 -13"><span class='ocrx_word' id='word_1_211' title='bbox 2168 1858 2219 1921; x_wconf 83' lang='grc' dir='ltr'><strong>Β</strong></span> <span class='ocrx_word' id='word_1_212' title='bbox 2314 1852 2433 1910; x_wconf 80' lang='lat' dir='ltr'><strong><em>Lux</em></strong></span> <span class='ocrx_word' id='word_1_213' title='bbox 2457 1864 2575 1908; x_wconf 87' lang='lat' dir='ltr'><strong><em>orta</em></strong></span> <span class='ocrx_word' id='word_1_214' title='bbox 2606 1860 2690 1907; x_wconf 85' lang='lat' dir='ltr'><strong><em>est</em></strong></span> <span class='ocrx_word' id='word_1_215' title='bbox 2714 1851 2863 1923; x_wconf 84' lang='lat' dir='ltr'><strong><em>justo</em></strong></span> <span class='ocrx_word' id='word_1_216' title='bbox 2888 1870 2905 1909; x_wconf 91' lang='lat'><strong>:</strong></span> <span class='ocrx_word' id='word_1_217' title='bbox 2931 1859 2984 1908; x_wconf 90' lang='lat' dir='ltr'><strong><em>et</em></strong></span> <span class='ocrx_word' id='word_1_218' title='bbox 3008 1851 3173 1909; x_wconf 89' lang='lat' dir='ltr'><strong><em>rectis</em></strong></span> <span class='ocrx_word' id='word_1_219' title='bbox 3199 1850 3367 1910; x_wconf 89' lang='lat' dir='ltr'><strong><em>corde</em></strong></span> <span class='ocrx_word' id='word_1_220' title='bbox 3390 1851 3602 1909; x_wconf 57' lang='lat' dir='ltr'><strong><em>laetitia.</em></strong></span> 
     </span>
    </p>
   </div>
   <div class='ocr_carea' id='block_1_35' title="bbox 2316 1942 3854 2015">
    <p class='ocr_par' dir='ltr' id='par_1_35' title="bbox 2316 1942 3854 2015">
     <span class='ocr_line' id='line_1_35' title="bbox 2316 1942 3854 2015; baseline -0.001 -12"><span class='ocrx_word' id='word_1_221' title='bbox 2316 1945 2622 2012; x_wconf 72' lang='lat' dir='ltr'><strong><em>Lmtamini,</em></strong></span> <span class='ocrx_word' id='word_1_222' title='bbox 2649 1943 2804 2015; x_wconf 87' lang='lat' dir='ltr'><strong><em>justi,</em></strong></span> <span class='ocrx_word' id='word_1_223' title='bbox 2838 1942 2892 2001; x_wconf 93' lang='lat' dir='ltr'><strong><em>in</em></strong></span> <span class='ocrx_word' id='word_1_224' title='bbox 2921 1943 3152 2003; x_wconf 91' lang='lat' dir='ltr'><strong><em>Domino</em></strong></span> <span class='ocrx_word' id='word_1_225' title='bbox 3177 1962 3193 2002; x_wconf 91' lang='lat'><strong>:</strong></span> <span class='ocrx_word' id='word_1_226' title='bbox 3217 1952 3274 2003; x_wconf 91' lang='lat' dir='ltr'><strong><em>et</em></strong></span> <span class='ocrx_word' id='word_1_227' title='bbox 3292 1943 3623 2003; x_wconf 83' lang='lat' dir='ltr'><strong><em>conﬁtemini</em></strong></span> <span class='ocrx_word' id='word_1_228' title='bbox 3639 1959 3854 2003; x_wconf 87' lang='lat' dir='ltr'><strong><em>memo-</em></strong></span> 
     </span>
    </p>
   </div>
   <div class='ocr_carea' id='block_1_36' title="bbox 2244 2037 2843 2110">
    <p class='ocr_par' dir='ltr' id='par_1_36' title="bbox 2244 2037 2843 2110">
     <span class='ocr_line' id='line_1_36' title="bbox 2244 2037 2843 2110; baseline -0.007 -11"><span class='ocrx_word' id='word_1_229' title='bbox 2244 2042 2340 2099; x_wconf 75' lang='lat' dir='ltr'><strong><em>rite</em></strong></span> <span class='ocrx_word' id='word_1_230' title='bbox 2365 2038 2673 2097; x_wconf 78' lang='lat' dir='ltr'><strong><em>sanctitatis</em></strong></span> <span class='ocrx_word' id='word_1_231' title='bbox 2700 2037 2843 2110; x_wconf 78' lang='lat' dir='ltr'><strong><em>ejus.</em></strong></span> 
     </span>
    </p>
   </div>
   <div class='ocr_carea' id='block_1_37' title="bbox 1862 2176 2521 2249">
    <p class='ocr_par' dir='ltr' id='par_1_37' title="bbox 1862 2176 2521 2249">
     <span class='ocr_line' id='line_1_37' title="bbox 1862 2176 2521 2249; baseline -0.017 -1"><span class='ocrx_word' id='word_1_232' title='bbox 1862 2180 2226 2249; x_wconf 83' lang='lat' dir='ltr'><strong><em>PSALMUS</em></strong></span> <span class='ocrx_word' id='word_1_233' title='bbox 2266 2176 2521 2244; x_wconf 85' lang='lat' dir='ltr'><strong><em>XCVII.</em></strong></span> 
     </span>
    </p>
   </div>
   <div class='ocr_carea' id='block_1_38' title="bbox 892 2284 1701 2358">
    <p class='ocr_par' dir='ltr' id='par_1_38' title="bbox 892 2284 1701 2358">
     <span class='ocr_line' id='line_1_38' title="bbox 892 2284 1701 2358; baseline -0.004 -14"><span class='ocrx_word' id='word_1_234' title='bbox 892 2288 1140 2357; x_wconf 50' lang='lat' dir='ltr'><strong><em>:PSALIUS</em></strong></span> <span class='ocrx_word' id='word_1_235' title='bbox 1182 2301 1243 2343; x_wconf 82' lang='lat'><em>+</em></span> <span class='ocrx_word' id='word_1_236' title='bbox 1286 2284 1313 2325; x_wconf 72' lang='grc' dir='ltr'>δ</span> <span class='ocrx_word' id='word_1_237' title='bbox 1351 2300 1452 2344; x_wconf 76' lang='lat' dir='ltr'><strong><em>iret</em></strong></span> <span class='ocrx_word' id='word_1_238' title='bbox 1487 2300 1647 2342; x_wconf 60' lang='lat' dir='ltr'><strong><em>navrn</em></strong></span> <span class='ocrx_word' id='word_1_239' title='bbox 1679 2285 1701 2358; x_wconf 94' lang='lat'><strong><em>1</em></strong></span> 
     </span>
    </p>
   </div>
   <div class='ocr_carea' id='block_1_39' title="bbox 606 2375 2140 2452">
    <p class='ocr_par' dir='ltr' id='par_1_39' title="bbox 606 2375 2140 2452">
     <span class='ocr_line' id='line_1_39' title="bbox 606 2375 2140 2452; baseline -0.005 -13"><span class='ocrx_word' id='word_1_240' title='bbox 606 2382 823 2439; x_wconf 87' lang='lat' dir='ltr'><strong><em>Cantate</em></strong></span> <span class='ocrx_word' id='word_1_241' title='bbox 853 2381 1079 2437; x_wconf 85' lang='lat' dir='ltr'><strong><em>Domino</em></strong></span> <span class='ocrx_word' id='word_1_242' title='bbox 1126 2380 1384 2436; x_wconf 87' lang='lat' dir='ltr'><strong><em>canticum</em></strong></span> <span class='ocrx_word' id='word_1_243' title='bbox 1428 2394 1614 2436; x_wconf 87' lang='lat' dir='ltr'><strong><em>novum</em></strong></span> <span class='ocrx_word' id='word_1_244' title='bbox 1647 2396 1666 2435; x_wconf 90' lang='lat'><strong><em>:</em></strong></span> <span class='ocrx_word' id='word_1_245' title='bbox 1707 2379 1833 2452; x_wconf 89' lang='lat' dir='ltr'><strong><em>quia</em></strong></span> <span class='ocrx_word' id='word_1_246' title='bbox 1874 2375 2140 2434; x_wconf 85' lang='lat' dir='ltr'><strong><em>mirabilia</em></strong></span> 
     </span>
    </p>
   </div>
   <div class='ocr_carea' id='block_1_40' title="bbox 537 2477 680 2548">
    <p class='ocr_par' dir='ltr' id='par_1_40' title="bbox 537 2477 680 2548">
     <span class='ocr_line' id='line_1_40' title="bbox 537 2477 680 2548; baseline -0.021 -17"><span class='ocrx_word' id='word_1_247' title='bbox 537 2477 680 2548; x_wconf 56' lang='lat' dir='ltr'><strong><em>fecit.</em></strong></span> 
     </span>
    </p>
   </div>
   <div class='ocr_carea' id='block_1_41' title="bbox 604 2563 2136 2640">
    <p class='ocr_par' dir='ltr' id='par_1_41' title="bbox 604 2563 2136 2640">
     <span class='ocr_line' id='line_1_41' title="bbox 604 2563 2136 2640; baseline -0.005 -16"><span class='ocrx_word' id='word_1_248' title='bbox 604 2567 837 2624; x_wconf 84' lang='lat' dir='ltr'><strong><em>Saloavit</em></strong></span> <span class='ocrx_word' id='word_1_249' title='bbox 891 2565 989 2623; x_wconf 86' lang='lat' dir='ltr'><strong><em>sibi</em></strong></span> <span class='ocrx_word' id='word_1_250' title='bbox 1042 2565 1257 2622; x_wconf 76' lang='lat' dir='ltr'><strong><em>dextera</em></strong></span> <span class='ocrx_word' id='word_1_251' title='bbox 1283 2568 1417 2640; x_wconf 85' lang='lat' dir='ltr'><strong><em>ejus,</em></strong></span> <span class='ocrx_word' id='word_1_252' title='bbox 1478 2574 1526 2621; x_wconf 88' lang='lat' dir='ltr'><strong><em>et</em></strong></span> <span class='ocrx_word' id='word_1_253' title='bbox 1588 2563 1855 2620; x_wconf 83' lang='lat' dir='ltr'><strong><em>brachium</em></strong></span> <span class='ocrx_word' id='word_1_254' title='bbox 1898 2570 2136 2619; x_wconf 87' lang='lat' dir='ltr'><strong><em>sanctum</em></strong></span> 
     </span>
    </p>
   </div>
   <div class='ocr_carea' id='block_1_42' title="bbox 522 2662 676 2733">
    <p class='ocr_par' dir='ltr' id='par_1_42' title="bbox 522 2662 676 2733">
     <span class='ocr_line' id='line_1_42' title="bbox 522 2662 676 2733; baseline 0 -18"><span class='ocrx_word' id='word_1_255' title='bbox 522 2662 676 2733; x_wconf 79' lang='lat' dir='ltr'><strong><em>&#39;ejus.</em></strong></span> 
     </span>
    </p>
   </div>
   <div class='ocr_carea' id='block_1_43' title="bbox 608 2749 2140 2823">
    <p class='ocr_par' dir='ltr' id='par_1_43' title="bbox 608 2749 2140 2823">
     <span class='ocr_line' id='line_1_43' title="bbox 608 2749 2140 2823; baseline -0.003 -16"><span class='ocrx_word' id='word_1_256' title='bbox 608 2751 808 2807; x_wconf 87' lang='lat' dir='ltr'><strong><em>No&#39;um</em></strong></span> <span class='ocrx_word' id='word_1_257' title='bbox 841 2752 960 2823; x_wconf 81' lang='lat' dir='ltr'><strong><em>fecit</em></strong></span> <span class='ocrx_word' id='word_1_258' title='bbox 1006 2750 1261 2806; x_wconf 89' lang='lat' dir='ltr'><strong><em>Dominus</em></strong></span> <span class='ocrx_word' id='word_1_259' title='bbox 1298 2750 1524 2807; x_wconf 89' lang='lat' dir='ltr'><strong><em>salutare</em></strong></span> <span class='ocrx_word' id='word_1_260' title='bbox 1554 2766 1749 2806; x_wconf 87' lang='lat' dir='ltr'><strong><em>suum:</em></strong></span> <span class='ocrx_word' id='word_1_261' title='bbox 1778 2749 1833 2805; x_wconf 84' lang='lat' dir='ltr'><strong><em>in</em></strong></span> <span class='ocrx_word' id='word_1_262' title='bbox 1863 2755 2140 2821; x_wconf 88' lang='lat' dir='ltr'><strong><em>conspectu</em></strong></span> 
     </span>
    </p>
   </div>
   <div class='ocr_carea' id='block_1_44' title="bbox 534 2844 1520 2919">
    <p class='ocr_par' dir='ltr' id='par_1_44' title="bbox 534 2844 1520 2919">
     <span class='ocr_line' id='line_1_44' title="bbox 534 2844 1520 2919; baseline -0.003 -18"><span class='ocrx_word' id='word_1_263' title='bbox 534 2846 769 2919; x_wconf 85' lang='lat' dir='ltr'><strong><em>gentium</em></strong></span> <span class='ocrx_word' id='word_1_264' title='bbox 798 2844 1039 2901; x_wconf 77' lang='lat' dir='ltr'><strong><em>reuelauit</em></strong></span> <span class='ocrx_word' id='word_1_265' title='bbox 1054 2844 1322 2915; x_wconf 86' lang='lat' dir='ltr'><strong><em>justitiam</em></strong></span> <span class='ocrx_word' id='word_1_266' title='bbox 1352 2860 1520 2899; x_wconf 89' lang='lat' dir='ltr'><strong><em>suam.</em></strong></span> 
     </span>
    </p>
   </div>
   <div class='ocr_carea' id='block_1_45' title="bbox 606 2930 2141 3003">
    <p class='ocr_par' dir='ltr' id='par_1_45' title="bbox 606 2930 2141 3003">
     <span class='ocr_line' id='line_1_45' title="bbox 606 2930 2141 3003; baseline -0.005 -7"><span class='ocrx_word' id='word_1_267' title='bbox 606 2938 928 2996; x_wconf 85' lang='lat' dir='ltr'><strong><em>Recordatus</em></strong></span> <span class='ocrx_word' id='word_1_268' title='bbox 946 2947 1022 2993; x_wconf 87' lang='lat' dir='ltr'><strong><em>est</em></strong></span> <span class='ocrx_word' id='word_1_269' title='bbox 1048 2937 1415 2993; x_wconf 78' lang='lat' dir='ltr'><strong><em>misericordia:</em></strong></span> <span class='ocrx_word' id='word_1_270' title='bbox 1434 2952 1561 3003; x_wconf 64' lang='lat' dir='ltr'><strong><em>suae,</em></strong></span> <span class='ocrx_word' id='word_1_271' title='bbox 1594 2944 1642 2991; x_wconf 90' lang='lat' dir='ltr'><strong><em>et</em></strong></span> <span class='ocrx_word' id='word_1_272' title='bbox 1664 2932 1892 2990; x_wconf 83' lang='lat' dir='ltr'><strong><em>veritatis</em></strong></span> <span class='ocrx_word' id='word_1_273' title='bbox 1915 2949 2024 2989; x_wconf 78' lang='lat' dir='ltr'><strong><em>sate</em></strong></span> <span class='ocrx_word' id='word_1_274' title='bbox 2045 2930 2141 2989; x_wconf 81' lang='lat' dir='ltr'><strong><em>do-</em></strong></span> 
     </span>
    </p>
   </div>
   <div class='ocr_carea' id='block_1_46' title="bbox 534 3031 868 3089">
    <p class='ocr_par' dir='ltr' id='par_1_46' title="bbox 534 3031 868 3089">
     <span class='ocr_line' id='line_1_46' title="bbox 534 3031 868 3089; baseline -0.006 0"><span class='ocrx_word' id='word_1_275' title='bbox 534 3034 644 3089; x_wconf 89' lang='lat' dir='ltr'><strong><em>mui</em></strong></span> <span class='ocrx_word' id='word_1_276' title='bbox 676 3031 868 3089; x_wconf 85' lang='lat' dir='ltr'><strong><em>Israel.</em></strong></span> 
     </span>
    </p>
   </div>
   <div class='ocr_carea' id='block_1_47' title="bbox 2752 2296 3345 2345">
    <p class='ocr_par' dir='ltr' id='par_1_47' title="bbox 2752 2296 3345 2345">
     <span class='ocr_line' id='line_1_47' title="bbox 2752 2296 3345 2345; baseline -0.003 -4"><span class='ocrx_word' id='word_1_277' title='bbox 2752 2298 2988 2341; x_wconf 75' lang='lat' dir='ltr'><strong><em>PSALIIUS</em></strong></span> <span class='ocrx_word' id='word_1_278' title='bbox 3026 2298 3125 2345; x_wconf 74' lang='lat' dir='ltr'><strong><em>IP51</em></strong></span> <span class='ocrx_word' id='word_1_279' title='bbox 3163 2296 3345 2341; x_wconf 75' lang='lat' dir='ltr'><strong><em>DAVID.</em></strong></span> 
     </span>
    </p>
   </div>
   <div class='ocr_carea' id='block_1_48' title="bbox 2316 2372 3855 2455">
    <p class='ocr_par' dir='ltr' id='par_1_48' title="bbox 2316 2372 3855 2455">
     <span class='ocr_line' id='line_1_48' title="bbox 2316 2372 3855 2455; baseline -0.002 -20"><span class='ocrx_word' id='word_1_280' title='bbox 2316 2379 2541 2435; x_wconf 88' lang='lat' dir='ltr'><strong><em>Cantate</em></strong></span> <span class='ocrx_word' id='word_1_281' title='bbox 2565 2378 2797 2436; x_wconf 91' lang='lat' dir='ltr'><strong><em>Domino</em></strong></span> <span class='ocrx_word' id='word_1_282' title='bbox 2818 2380 3088 2436; x_wconf 81' lang='lat' dir='ltr'><strong><em>canticum</em></strong></span> <span class='ocrx_word' id='word_1_283' title='bbox 3112 2392 3312 2436; x_wconf 82' lang='lat' dir='ltr'><strong><em>novum</em></strong></span> <span class='ocrx_word' id='word_1_284' title='bbox 3346 2394 3361 2433; x_wconf 90' lang='lat'><strong>:</strong></span> <span class='ocrx_word' id='word_1_285' title='bbox 3390 2374 3514 2455; x_wconf 79' lang='lat' dir='ltr'><strong><em>quia</em></strong></span> <span class='ocrx_word' id='word_1_286' title='bbox 3543 2372 3675 2448; x_wconf 74' lang='grc' dir='ltr'><strong><em>[ιιε.</em></strong></span> <span class='ocrx_word' id='word_1_287' title='bbox 3706 2388 3855 2448; x_wconf 83' lang='lat' dir='ltr'><strong><em>quo-.</em></strong></span> 
     </span>
    </p>
   </div>
   <div class='ocr_carea' id='block_1_49' title="bbox 2246 2473 3200 2546">
    <p class='ocr_par' dir='ltr' id='par_1_49' title="bbox 2246 2473 3200 2546">
     <span class='ocr_line' id='line_1_49' title="bbox 2246 2473 3200 2546; baseline -0.002 -15"><span class='ocrx_word' id='word_1_288' title='bbox 2246 2474 2415 2546; x_wconf 78' lang='lat' dir='ltr'><strong><em>niam]</em></strong></span> <span class='ocrx_word' id='word_1_289' title='bbox 2445 2474 2715 2533; x_wconf 81' lang='lat' dir='ltr'><strong><em>mirabilia</em></strong></span> <span class='ocrx_word' id='word_1_290' title='bbox 2754 2475 2885 2532; x_wconf 82' lang='lat' dir='ltr'><strong><em>fecit</em></strong></span> <span class='ocrx_word' id='word_1_291' title='bbox 2916 2473 3200 2530; x_wconf 85' lang='lat' dir='ltr'><strong><em>Dominus.</em></strong></span> 
     </span>
    </p>
   </div>
   <div class='ocr_carea' id='block_1_50' title="bbox 2322 2565 3842 2641">
    <p class='ocr_par' dir='ltr' id='par_1_50' title="bbox 2322 2565 3842 2641">
     <span class='ocr_line' id='line_1_50' title="bbox 2322 2565 3842 2641; baseline -0.004 -14"><span class='ocrx_word' id='word_1_292' title='bbox 2322 2565 2342 2607; x_wconf 70' lang='grc' dir='ltr'>ί</span> <span class='ocrx_word' id='word_1_293' title='bbox 2383 2568 2626 2628; x_wconf 81' lang='lat' dir='ltr'><strong><em>Salvavit</em></strong></span> <span class='ocrx_word' id='word_1_294' title='bbox 2657 2586 2783 2629; x_wconf 86' lang='lat' dir='ltr'><strong><em>eum</em></strong></span> <span class='ocrx_word' id='word_1_295' title='bbox 2814 2569 3038 2628; x_wconf 80' lang='lat' dir='ltr'><strong><em>dextera</em></strong></span> <span class='ocrx_word' id='word_1_296' title='bbox 3087 2568 3231 2641; x_wconf 88' lang='lat' dir='ltr'><strong><em>ejus,</em></strong></span> <span class='ocrx_word' id='word_1_297' title='bbox 3275 2575 3333 2626; x_wconf 90' lang='lat' dir='ltr'><strong><em>et</em></strong></span> <span class='ocrx_word' id='word_1_298' title='bbox 3376 2565 3658 2625; x_wconf 83' lang='lat' dir='ltr'><strong><em>brachium</em></strong></span> <span class='ocrx_word' id='word_1_299' title='bbox 3710 2579 3842 2623; x_wconf 82' lang='lat' dir='ltr'><strong><em>san-</em></strong></span> 
     </span>
    </p>
   </div>
   <div class='ocr_carea' id='block_1_51' title="bbox 2242 2664 2564 2736">
    <p class='ocr_par' dir='ltr' id='par_1_51' title="bbox 2242 2664 2564 2736">
     <span class='ocr_line' id='line_1_51' title="bbox 2242 2664 2564 2736; baseline -0.003 -15"><span class='ocrx_word' id='word_1_300' title='bbox 2242 2673 2392 2721; x_wconf 90' lang='lat' dir='ltr'><strong><em>ctum</em></strong></span> <span class='ocrx_word' id='word_1_301' title='bbox 2421 2664 2564 2736; x_wconf 88' lang='lat' dir='ltr'><strong><em>ejus.</em></strong></span> 
     </span>
    </p>
   </div>
   <div class='ocr_carea' id='block_1_52' title="bbox 2314 2754 3850 2827">
    <p class='ocr_par' dir='ltr' id='par_1_52' title="bbox 2314 2754 3850 2827">
     <span class='ocr_line' id='line_1_52' title="bbox 2314 2754 3850 2827; baseline -0.005 -13"><span class='ocrx_word' id='word_1_302' title='bbox 2314 2757 2514 2814; x_wconf 88' lang='lat' dir='ltr'><strong><em>Notum</em></strong></span> <span class='ocrx_word' id='word_1_303' title='bbox 2555 2757 2685 2814; x_wconf 81' lang='lat' dir='ltr'><strong><em>fecit</em></strong></span> <span class='ocrx_word' id='word_1_304' title='bbox 2726 2755 2991 2814; x_wconf 85' lang='lat' dir='ltr'><strong><em>Dominus</em></strong></span> <span class='ocrx_word' id='word_1_305' title='bbox 3025 2754 3267 2811; x_wconf 86' lang='lat' dir='ltr'><strong><em>salutare</em></strong></span> <span class='ocrx_word' id='word_1_306' title='bbox 3295 2768 3454 2825; x_wconf 81' lang='lat' dir='ltr'><strong><em>suum</em></strong></span> <span class='ocrx_word' id='word_1_307' title='bbox 3488 2769 3505 2808; x_wconf 90' lang='lat'><strong>:</strong></span> <span class='ocrx_word' id='word_1_308' title='bbox 3555 2760 3684 2813; x_wconf 81' lang='lat' dir='ltr'><strong><em>ante</em></strong></span> <span class='ocrx_word' id='word_1_309' title='bbox 3713 2764 3850 2827; x_wconf 71' lang='lat' dir='ltr'><strong><em>cpn-</em></strong></span> 
     </span>
    </p>
   </div>
   <div class='ocr_carea' id='block_1_53' title="bbox 2243 2847 3573 2924">
    <p class='ocr_par' dir='ltr' id='par_1_53' title="bbox 2243 2847 3573 2924">
     <span class='ocr_line' id='line_1_53' title="bbox 2243 2847 3573 2924; baseline -0.005 -16"><span class='ocrx_word' id='word_1_310' title='bbox 2243 2859 2490 2924; x_wconf 87' lang='lat' dir='ltr'><strong><em>spectum</em></strong></span> <span class='ocrx_word' id='word_1_311' title='bbox 2523 2851 2764 2922; x_wconf 89' lang='lat' dir='ltr'><strong><em>gentium</em></strong></span> <span class='ocrx_word' id='word_1_312' title='bbox 2799 2848 3064 2906; x_wconf 66' lang='lat' dir='ltr'><strong><em>revelarit</em></strong></span> <span class='ocrx_word' id='word_1_313' title='bbox 3093 2847 3364 2918; x_wconf 72' lang='lat' dir='ltr'><strong><em>jusﬁtiam</em></strong></span> <span class='ocrx_word' id='word_1_314' title='bbox 3394 2861 3573 2904; x_wconf 83' lang='lat' dir='ltr'><strong><em>suam.</em></strong></span> 
     </span>
    </p>
   </div>
   <div class='ocr_carea' id='block_1_54' title="bbox 2315 2936 3852 3009">
    <p class='ocr_par' dir='ltr' id='par_1_54' title="bbox 2315 2936 3852 3009">
     <span class='ocr_line' id='line_1_54' title="bbox 2315 2936 3852 3009; baseline -0.005 -9"><span class='ocrx_word' id='word_1_315' title='bbox 2315 2943 2525 3000; x_wconf 80' lang='lat' dir='ltr'><strong><em>Memor</em></strong></span> <span class='ocrx_word' id='word_1_316' title='bbox 2551 2942 2655 2999; x_wconf 86' lang='lat' dir='ltr'><strong><em>fuit</em></strong></span> <span class='ocrx_word' id='word_1_317' title='bbox 2681 2941 3076 2999; x_wconf 67' lang='lat' dir='ltr'><strong><em>misericordia:</em></strong></span> <span class='ocrx_word' id='word_1_318' title='bbox 3097 2956 3211 2998; x_wconf 69' lang='lat' dir='ltr'><strong><em>sua:</em></strong></span> <span class='ocrx_word' id='word_1_319' title='bbox 3239 2950 3264 2990; x_wconf 74' lang='lat' dir='ltr'><strong><em>tt</em></strong></span> <span class='ocrx_word' id='word_1_320' title='bbox 3293 2939 3487 3009; x_wconf 80' lang='lat' dir='ltr'><strong><em>Jacob,</em></strong></span> <span class='ocrx_word' id='word_1_321' title='bbox 3519 2949 3575 2996; x_wconf 91' lang='lat' dir='ltr'><strong><em>et</em></strong></span> <span class='ocrx_word' id='word_1_322' title='bbox 3600 2936 3852 2995; x_wconf 80' lang='lat' dir='ltr'><strong><em>veritatis</em></strong></span> 
     </span>
    </p>
   </div>
   <div class='ocr_carea' id='block_1_55' title="bbox 2245 3034 2804 3094">
    <p class='ocr_par' dir='ltr' id='par_1_55' title="bbox 2245 3034 2804 3094">
     <span class='ocr_line' id='line_1_55' title="bbox 2245 3034 2804 3094; baseline -0.002 0"><span class='ocrx_word' id='word_1_323' title='bbox 2245 3051 2359 3094; x_wconf 70' lang='lat' dir='ltr'><strong><em>sure</em></strong></span> <span class='ocrx_word' id='word_1_324' title='bbox 2387 3034 2573 3091; x_wconf 88' lang='lat' dir='ltr'><strong><em>domui</em></strong></span> <span class='ocrx_word' id='word_1_325' title='bbox 2615 3034 2804 3093; x_wconf 89' lang='lat' dir='ltr'><strong><em>lsrael.</em></strong></span> 
     </span>
    </p>
   </div>
   <div class='ocr_carea' id='block_1_56' title="bbox 606 3079 3843 3187">
    <p class='ocr_par' dir='ltr' id='par_1_56' title="bbox 606 3079 3843 3187">
     <span class='ocr_line' id='line_1_56' title="bbox 606 3079 3843 3187; baseline -0.002 0"><span class='ocrx_word' id='word_1_326' title='bbox 606 3128 861 3184; x_wconf 76' lang='lat' dir='ltr'><strong><em>Viderunt</em></strong></span> <span class='ocrx_word' id='word_1_327' title='bbox 890 3141 1068 3183; x_wconf 77' lang='lat' dir='ltr'><strong><em>omnes</em></strong></span> <span class='ocrx_word' id='word_1_328' title='bbox 1097 3124 1303 3181; x_wconf 71' lang='lat' dir='ltr'><strong><em>tormini</em></strong></span> <span class='ocrx_word' id='word_1_329' title='bbox 1330 3131 1484 3180; x_wconf 71' lang='lat' dir='ltr'><strong><em>term</em></strong></span> <span class='ocrx_word' id='word_1_330' title='bbox 1506 3121 1737 3180; x_wconf 68' lang='lat' dir='ltr'><strong><em>salutare</em></strong></span> <span class='ocrx_word' id='word_1_331' title='bbox 1764 3120 1862 3178; x_wconf 76' lang='lat' dir='ltr'><strong><em>Dei</em></strong></span> <span class='ocrx_word' id='word_1_332' title='bbox 1886 3121 2075 3177; x_wconf 75' lang='grc' dir='ltr'><strong><em>ηοοινίο</em></strong></span> <span class='ocrx_word' id='word_1_333' title='bbox 2162 3120 2210 3186; x_wconf 88' lang='lat' dir='ltr'><strong>C</strong></span> <span class='ocrx_word' id='word_1_334' title='bbox 2315 3127 2585 3185; x_wconf 77' lang='lat' dir='ltr'><strong><em>Viderunt</em></strong></span> <span class='ocrx_word' id='word_1_335' title='bbox 2610 3142 2805 3187; x_wconf 84' lang='lat' dir='ltr'><strong><em>omnes</em></strong></span> <span class='ocrx_word' id='word_1_336' title='bbox 2835 3126 2972 3184; x_wconf 83' lang='lat' dir='ltr'><strong><em>ﬂues</em></strong></span> <span class='ocrx_word' id='word_1_337' title='bbox 3026 3134 3189 3185; x_wconf 77' lang='lat' dir='ltr'><strong><em>terra:</em></strong></span> <span class='ocrx_word' id='word_1_338' title='bbox 3209 3079 3458 3184; x_wconf 65' lang='lat' dir='ltr'><strong><em>:alutare</em></strong></span> <span class='ocrx_word' id='word_1_339' title='bbox 3494 3124 3590 3182; x_wconf 87' lang='lat' dir='ltr'><strong><em>Dei</em></strong></span> <span class='ocrx_word' id='word_1_340' title='bbox 3623 3122 3801 3181; x_wconf 87' lang='lat' dir='ltr'><strong><em>nostri</em></strong></span> <span class='ocrx_word' id='word_1_341' title='bbox 3827 3141 3843 3179; x_wconf 89' lang='lat'><strong>:</strong></span> 
     </span>
    </p>
   </div>
   <div class='ocr_carea' id='block_1_57' title="bbox 601 3215 2138 3284">
    <p class='ocr_par' dir='ltr' id='par_1_57' title="bbox 601 3215 2138 3284">
     <span class='ocr_line' id='line_1_57' title="bbox 601 3215 2138 3284; baseline -0.005 -8"><span class='ocrx_word' id='word_1_342' title='bbox 601 3221 835 3276; x_wconf 85' lang='lat' dir='ltr'><strong><em>Jubilate</em></strong></span> <span class='ocrx_word' id='word_1_343' title='bbox 863 3219 973 3276; x_wconf 88' lang='lat' dir='ltr'><strong><em>Deo</em></strong></span> <span class='ocrx_word' id='word_1_344' title='bbox 994 3220 1161 3276; x_wconf 87' lang='lat' dir='ltr'><strong><em>omnis</em></strong></span> <span class='ocrx_word' id='word_1_345' title='bbox 1190 3225 1332 3275; x_wconf 85' lang='lat' dir='ltr'><strong><em>terra</em></strong></span> <span class='ocrx_word' id='word_1_346' title='bbox 1360 3232 1380 3274; x_wconf 84' lang='lat'><strong><em>:</em></strong></span> <span class='ocrx_word' id='word_1_347' title='bbox 1428 3224 1652 3284; x_wconf 84' lang='lat' dir='ltr'><strong><em>cantate,</em></strong></span> <span class='ocrx_word' id='word_1_348' title='bbox 1703 3225 1749 3273; x_wconf 87' lang='lat' dir='ltr'><strong><em>et</em></strong></span> <span class='ocrx_word' id='word_1_349' title='bbox 1777 3215 2055 3281; x_wconf 70' lang='lat' dir='ltr'><strong><em>casultate,</em></strong></span> <span class='ocrx_word' id='word_1_350' title='bbox 2089 3224 2138 3269; x_wconf 89' lang='lat' dir='ltr'><strong><em>et</em></strong></span> 
     </span>
    </p>
   </div>
   <div class='ocr_carea' id='block_1_58' title="bbox 442 3314 770 3391">
    <p class='ocr_par' dir='ltr' id='par_1_58' title="bbox 442 3314 770 3391">
     <span class='ocr_line' id='line_1_58' title="bbox 442 3314 770 3391; baseline -0.003 -18"><span class='ocrx_word' id='word_1_351' title='bbox 442 3314 447 3317; x_wconf 70' lang='grc'><strong>’</strong></span> <span class='ocrx_word' id='word_1_352' title='bbox 537 3315 770 3391; x_wconf 89' lang='lat' dir='ltr'><strong><em>psallite.</em></strong></span> 
     </span>
    </p>
   </div>
   <div class='ocr_carea' id='block_1_59' title="bbox 606 3402 2139 3474">
    <p class='ocr_par' dir='ltr' id='par_1_59' title="bbox 606 3402 2139 3474">
     <span class='ocr_line' id='line_1_59' title="bbox 606 3402 2139 3474; baseline -0.004 -10"><span class='ocrx_word' id='word_1_353' title='bbox 606 3408 827 3464; x_wconf 83' lang='lat' dir='ltr'><strong><em>Psallite</em></strong></span> <span class='ocrx_word' id='word_1_354' title='bbox 854 3404 1077 3462; x_wconf 86' lang='lat' dir='ltr'><strong><em>Domino</em></strong></span> <span class='ocrx_word' id='word_1_355' title='bbox 1098 3406 1156 3461; x_wconf 86' lang='lat' dir='ltr'><strong><em>in</em></strong></span> <span class='ocrx_word' id='word_1_356' title='bbox 1177 3404 1398 3474; x_wconf 76' lang='lat' dir='ltr'><strong><em>cithara,</em></strong></span> <span class='ocrx_word' id='word_1_357' title='bbox 1436 3419 1497 3462; x_wconf 74' lang='grc' dir='ltr'><strong><em>-ι-</em></strong></span> <span class='ocrx_word' id='word_1_358' title='bbox 1555 3404 1611 3460; x_wconf 83' lang='lat' dir='ltr'><strong><em>in</em></strong></span> <span class='ocrx_word' id='word_1_359' title='bbox 1637 3402 1842 3459; x_wconf 74' lang='lat' dir='ltr'><strong><em>cithara</em></strong></span> <span class='ocrx_word' id='word_1_360' title='bbox 1873 3402 1898 3473; x_wconf 89' lang='lat'><strong><em>1</em></strong></span> <span class='ocrx_word' id='word_1_361' title='bbox 1929 3409 1978 3459; x_wconf 78' lang='lat' dir='ltr'><strong><em>et</em></strong></span> <span class='ocrx_word' id='word_1_362' title='bbox 2022 3418 2139 3459; x_wconf 80' lang='lat' dir='ltr'><strong><em>uoce</em></strong></span> 
     </span>
    </p>
   </div>
   <div class='ocr_carea' id='block_1_60' title="bbox 531 3497 2138 3575">
    <p class='ocr_par' dir='ltr' id='par_1_60' title="bbox 531 3497 2138 3575">
     <span class='ocr_line' id='line_1_60' title="bbox 531 3497 2138 3575; baseline -0.002 -20"><span class='ocrx_word' id='word_1_363' title='bbox 531 3500 721 3575; x_wconf 85' lang='lat' dir='ltr'><strong><em>psalmi</em></strong></span> <span class='ocrx_word' id='word_1_364' title='bbox 748 3499 804 3555; x_wconf 90' lang='lat' dir='ltr'><strong><em>in</em></strong></span> <span class='ocrx_word' id='word_1_365' title='bbox 836 3497 970 3553; x_wconf 88' lang='lat' dir='ltr'><strong><em>tubis</em></strong></span> <span class='ocrx_word' id='word_1_366' title='bbox 1003 3509 1025 3538; x_wconf 74' lang='grc' dir='ltr'><strong>ε</strong></span> <span class='ocrx_word' id='word_1_367' title='bbox 1060 3513 1123 3555; x_wconf 72' lang='grc' dir='ltr'><strong><em>-ι-</em></strong></span> <span class='ocrx_word' id='word_1_368' title='bbox 1153 3498 1436 3555; x_wconf 84' lang='lat' dir='ltr'><strong><em>ductilibus</em></strong></span> <span class='ocrx_word' id='word_1_369' title='bbox 1474 3498 1496 3569; x_wconf 89' lang='lat'><strong><em>1</em></strong></span> <span class='ocrx_word' id='word_1_370' title='bbox 1526 3506 1576 3554; x_wconf 79' lang='lat' dir='ltr'><strong><em>et</em></strong></span> <span class='ocrx_word' id='word_1_371' title='bbox 1602 3512 1724 3554; x_wconf 77' lang='lat' dir='ltr'><strong><em>voce</em></strong></span> <span class='ocrx_word' id='word_1_372' title='bbox 1762 3498 1899 3553; x_wconf 69' lang='lat' dir='ltr'><strong><em>tubae</em></strong></span> <span class='ocrx_word' id='word_1_373' title='bbox 1918 3510 2138 3552; x_wconf 69' lang='lat' dir='ltr'><strong><em>comere.</em></strong></span> 
     </span>
    </p>
   </div>
   <div class='ocr_carea' id='block_1_61' title="bbox 625 3588 2145 3667">
    <p class='ocr_par' dir='ltr' id='par_1_61' title="bbox 625 3588 2145 3667">
     <span class='ocr_line' id='line_1_61' title="bbox 625 3588 2145 3667; baseline -0.003 -19"><span class='ocrx_word' id='word_1_374' title='bbox 625 3592 856 3648; x_wconf 83' lang='lat' dir='ltr'><strong><em>Jubilate</em></strong></span> <span class='ocrx_word' id='word_1_375' title='bbox 883 3593 938 3647; x_wconf 89' lang='lat' dir='ltr'><strong><em>in</em></strong></span> <span class='ocrx_word' id='word_1_376' title='bbox 968 3601 1243 3665; x_wconf 86' lang='lat' dir='ltr'><strong><em>conspectu</em></strong></span> <span class='ocrx_word' id='word_1_377' title='bbox 1273 3593 1408 3667; x_wconf 86' lang='lat' dir='ltr'><strong><em>regis</em></strong></span> <span class='ocrx_word' id='word_1_378' title='bbox 1429 3588 1641 3647; x_wconf 88' lang='lat' dir='ltr'><strong><em>Domini</em></strong></span> <span class='ocrx_word' id='word_1_379' title='bbox 1666 3606 1686 3647; x_wconf 89' lang='lat'><strong><em>:</em></strong></span> <span class='ocrx_word' id='word_1_380' title='bbox 1712 3596 1978 3646; x_wconf 73' lang='lat' dir='ltr'><strong><em>moueatur</em></strong></span> <span class='ocrx_word' id='word_1_381' title='bbox 2001 3605 2145 3645; x_wconf 86' lang='lat' dir='ltr'><strong><em>mare</em></strong></span> 
     </span>
    </p>
   </div>
   <div class='ocr_carea' id='block_1_62' title="bbox 536 3681 2143 3758">
    <p class='ocr_par' dir='ltr' id='par_1_62' title="bbox 536 3681 2143 3758">
     <span class='ocr_line' id='line_1_62' title="bbox 536 3681 2143 3758; baseline -0.003 -17"><span class='ocrx_word' id='word_1_382' title='bbox 536 3694 587 3741; x_wconf 88' lang='lat' dir='ltr'><strong><em>et</em></strong></span> <span class='ocrx_word' id='word_1_383' title='bbox 623 3683 888 3758; x_wconf 84' lang='lat' dir='ltr'><strong><em>plenitudo</em></strong></span> <span class='ocrx_word' id='word_1_384' title='bbox 914 3685 1055 3756; x_wconf 87' lang='lat' dir='ltr'><strong><em>ejus,</em></strong></span> <span class='ocrx_word' id='word_1_385' title='bbox 1099 3684 1239 3740; x_wconf 91' lang='lat' dir='ltr'><strong><em>orbis</em></strong></span> <span class='ocrx_word' id='word_1_386' title='bbox 1270 3702 1327 3741; x_wconf 77' lang='grc' dir='ltr'><strong><em>-ε-</em></strong></span> <span class='ocrx_word' id='word_1_387' title='bbox 1363 3695 1623 3741; x_wconf 86' lang='lat' dir='ltr'><strong><em>terrarum</em></strong></span> <span class='ocrx_word' id='word_1_388' title='bbox 1648 3684 1673 3754; x_wconf 91' lang='lat'><strong><em>1</em></strong></span> <span class='ocrx_word' id='word_1_389' title='bbox 1698 3693 1748 3740; x_wconf 91' lang='lat' dir='ltr'><strong><em>et</em></strong></span> <span class='ocrx_word' id='word_1_390' title='bbox 1790 3687 1879 3756; x_wconf 84' lang='lat' dir='ltr'><strong><em>qui</em></strong></span> <span class='ocrx_word' id='word_1_391' title='bbox 1906 3681 2143 3738; x_wconf 84' lang='lat' dir='ltr'><strong><em>habitant</em></strong></span> 
     </span>
    </p>
   </div>
   <div class='ocr_carea' id='block_1_63' title="bbox 528 3778 830 3835">
    <p class='ocr_par' dir='ltr' id='par_1_63' title="bbox 528 3778 830 3835">
     <span class='ocr_line' id='line_1_63' title="bbox 528 3778 830 3835; baseline 0.003 -1"><span class='ocrx_word' id='word_1_392' title='bbox 528 3778 705 3835; x_wconf 73' lang='lat' dir='ltr'><strong><em>ineo.</em></strong></span> <span class='ocrx_word' id='word_1_393' title='bbox 826 3788 830 3792; x_wconf 69' lang='lat'>‘</span> 
     </span>
    </p>
   </div>
   <div class='ocr_carea' id='block_1_64' title="bbox 613 3868 2142 3943">
    <p class='ocr_par' dir='ltr' id='par_1_64' title="bbox 613 3868 2142 3943">
     <span class='ocr_line' id='line_1_64' title="bbox 613 3868 2142 3943; baseline -0.001 -17"><span class='ocrx_word' id='word_1_394' title='bbox 613 3869 863 3926; x_wconf 85' lang='lat' dir='ltr'><strong><em>Flumina</em></strong></span> <span class='ocrx_word' id='word_1_395' title='bbox 886 3868 1137 3943; x_wconf 85' lang='lat' dir='ltr'><strong><em>plaudent</em></strong></span> <span class='ocrx_word' id='word_1_396' title='bbox 1166 3884 1325 3925; x_wconf 88' lang='lat' dir='ltr'><strong><em>manu</em></strong></span> <span class='ocrx_word' id='word_1_397' title='bbox 1352 3869 1532 3940; x_wconf 87' lang='lat' dir='ltr'><strong><em>simul,</em></strong></span> <span class='ocrx_word' id='word_1_398' title='bbox 1576 3876 1777 3925; x_wconf 82' lang='lat' dir='ltr'><strong><em>montes</em></strong></span> <span class='ocrx_word' id='word_1_399' title='bbox 1809 3868 2142 3926; x_wconf 74' lang='lat' dir='ltr'><strong><em>exsultabant</em></strong></span> 
     </span>
    </p>
   </div>
   <div class='ocr_carea' id='block_1_65' title="bbox 535 3962 2102 4038">
    <p class='ocr_par' dir='ltr' id='par_1_65' title="bbox 535 3962 2102 4038">
     <span class='ocr_line' id='line_1_65' title="bbox 535 3962 2102 4038; baseline -0.001 -18"><span class='ocrx_word' id='word_1_400' title='bbox 535 3982 569 4020; x_wconf 89' lang='lat' dir='ltr'><strong><em>a</em></strong></span> <span class='ocrx_word' id='word_1_401' title='bbox 589 3972 861 4038; x_wconf 82' lang='lat' dir='ltr'><strong><em>conspectu</em></strong></span> <span class='ocrx_word' id='word_1_402' title='bbox 893 3962 1104 4019; x_wconf 86' lang='lat' dir='ltr'><strong><em>Domini</em></strong></span> <span class='ocrx_word' id='word_1_403' title='bbox 1134 3963 1421 4035; x_wconf 86' lang='lat' dir='ltr'><strong><em>:quoniam</em></strong></span> <span class='ocrx_word' id='word_1_404' title='bbox 1450 3964 1587 4020; x_wconf 81' lang='lat' dir='ltr'><strong><em>venit</em></strong></span> <span class='ocrx_word' id='word_1_405' title='bbox 1607 3963 1852 4038; x_wconf 88' lang='lat' dir='ltr'><strong><em>judicare</em></strong></span> <span class='ocrx_word' id='word_1_406' title='bbox 1893 3971 2102 4019; x_wconf 88' lang='lat' dir='ltr'><strong><em>terram.</em></strong></span> 
     </span>
    </p>
   </div>
   <div class='ocr_carea' id='block_1_66' title="bbox 607 4142 2142 4227">
    <p class='ocr_par' dir='ltr' id='par_1_66' title="bbox 607 4142 2142 4227">
     <span class='ocr_line' id='line_1_66' title="bbox 607 4142 2142 4227; baseline -0.001 -26"><span class='ocrx_word' id='word_1_407' title='bbox 607 4143 875 4201; x_wconf 84' lang='lat' dir='ltr'><strong><em>Judicabit</em></strong></span> <span class='ocrx_word' id='word_1_408' title='bbox 894 4142 1068 4201; x_wconf 83' lang='lat' dir='ltr'><strong><em>orbem</em></strong></span> <span class='ocrx_word' id='word_1_409' title='bbox 1093 4157 1153 4201; x_wconf 79' lang='lat'><em>+</em></span> <span class='ocrx_word' id='word_1_410' title='bbox 1189 4152 1447 4201; x_wconf 87' lang='lat' dir='ltr'><strong><em>terrarum</em></strong></span> <span class='ocrx_word' id='word_1_411' title='bbox 1528 4143 1583 4200; x_wconf 87' lang='lat' dir='ltr'><strong><em>in</em></strong></span> <span class='ocrx_word' id='word_1_412' title='bbox 1607 4142 1817 4218; x_wconf 84' lang='lat' dir='ltr'><strong><em>justitia</em></strong></span> <span class='ocrx_word' id='word_1_413' title='bbox 1831 4155 1908 4201; x_wconf 81' lang='grc' dir='ltr'><strong><em>,ἐι</em></strong></span> <span class='ocrx_word' id='word_1_414' title='bbox 1920 4142 2142 4221; x_wconf 86' lang='lat' dir='ltr'><strong><em>populos</em></strong></span> 
     </span>
    </p>
   </div>
   <div class='ocr_carea' id='block_1_67' title="bbox 530 4237 883 4309">
    <p class='ocr_par' dir='ltr' id='par_1_67' title="bbox 530 4237 883 4309">
     <span class='ocr_line' id='line_1_67' title="bbox 530 4237 883 4309; baseline -0.017 -12"><span class='ocrx_word' id='word_1_415' title='bbox 530 4237 595 4297; x_wconf 77' lang='lat' dir='ltr'><strong><em>in</em></strong></span> <span class='ocrx_word' id='word_1_416' title='bbox 618 4238 883 4309; x_wconf 80' lang='lat' dir='ltr'><strong><em>tequitate.</em></strong></span> 
     </span>
    </p>
   </div>
   <div class='ocr_carea' id='block_1_68' title="bbox 2245 3219 3851 3297">
    <p class='ocr_par' dir='ltr' id='par_1_68' title="bbox 2245 3219 3851 3297">
     <span class='ocr_line' id='line_1_68' title="bbox 2245 3219 3851 3297; baseline -0.002 -19"><span class='ocrx_word' id='word_1_417' title='bbox 2245 3220 2474 3294; x_wconf 87' lang='lat' dir='ltr'><strong><em>jubilate</em></strong></span> <span class='ocrx_word' id='word_1_418' title='bbox 2507 3220 2619 3280; x_wconf 93' lang='lat' dir='ltr'><strong><em>Deo</em></strong></span> <span class='ocrx_word' id='word_1_419' title='bbox 2647 3221 2827 3279; x_wconf 89' lang='lat' dir='ltr'><strong><em>omnis</em></strong></span> <span class='ocrx_word' id='word_1_420' title='bbox 2864 3229 3008 3297; x_wconf 81' lang='lat' dir='ltr'><strong><em>terra</em></strong></span> <span class='ocrx_word' id='word_1_421' title='bbox 3040 3236 3056 3277; x_wconf 87' lang='lat'><strong>:</strong></span> <span class='ocrx_word' id='word_1_422' title='bbox 3103 3226 3341 3292; x_wconf 84' lang='lat' dir='ltr'><strong><em>cantate,</em></strong></span> <span class='ocrx_word' id='word_1_423' title='bbox 3376 3228 3431 3287; x_wconf 82' lang='lat' dir='ltr'><strong><em>et</em></strong></span> <span class='ocrx_word' id='word_1_424' title='bbox 3469 3219 3765 3289; x_wconf 78' lang='lat' dir='ltr'><strong><em>exsultate,</em></strong></span> <span class='ocrx_word' id='word_1_425' title='bbox 3793 3228 3851 3275; x_wconf 91' lang='lat' dir='ltr'><strong><em>ct</em></strong></span> 
     </span>
    </p>
   </div>
   <div class='ocr_carea' id='block_1_69' title="bbox 2285 3314 2487 3371">
    <p class='ocr_par' dir='ltr' id='par_1_69' title="bbox 2285 3314 2487 3371">
     <span class='ocr_line' id='line_1_69' title="bbox 2285 3314 2487 3371; baseline -0.01 -1"><span class='ocrx_word' id='word_1_426' title='bbox 2285 3314 2487 3371; x_wconf 86' lang='lat' dir='ltr'><strong><em>sallite.</em></strong></span> 
     </span>
    </p>
   </div>
   <div class='ocr_carea' id='block_1_70' title="bbox 2248 3329 3850 3473">
    <p class='ocr_par' dir='ltr' id='par_1_70' title="bbox 2248 3329 3850 3473">
     <span class='ocr_line' id='line_1_70' title="bbox 2285 3329 2487 3371; baseline -0.01 -1"><span class='ocrx_word' id='word_1_427' title='bbox 2285 3329 2487 3371; x_wconf 80' lang='lat' dir='ltr'><strong><em>salute.</em></strong></span> 
     </span>
     <span class='ocr_line' id='line_1_71' title="bbox 2248 3329 3850 3473; baseline -0.001 -10"><span class='ocrx_word' id='word_1_428' title='bbox 2248 3329 2282 3387; x_wconf 66' lang='grc' dir='ltr'><strong>Ρ</strong></span> <span class='ocrx_word' id='word_1_429' title='bbox 2318 3405 2550 3464; x_wconf 84' lang='lat' dir='ltr'><strong><em>Psallite</em></strong></span> <span class='ocrx_word' id='word_1_430' title='bbox 2578 3405 2690 3463; x_wconf 88' lang='lat' dir='ltr'><strong><em>Deo</em></strong></span> <span class='ocrx_word' id='word_1_431' title='bbox 2720 3412 2911 3463; x_wconf 85' lang='lat' dir='ltr'><strong><em>nostro</em></strong></span> <span class='ocrx_word' id='word_1_432' title='bbox 2933 3405 2989 3463; x_wconf 91' lang='lat' dir='ltr'><strong><em>in</em></strong></span> <span class='ocrx_word' id='word_1_433' title='bbox 3017 3404 3250 3473; x_wconf 79' lang='lat' dir='ltr'><strong><em>cithara,</em></strong></span> <span class='ocrx_word' id='word_1_434' title='bbox 3270 3413 3327 3464; x_wconf 89' lang='lat' dir='ltr'><strong><em>et</em></strong></span> <span class='ocrx_word' id='word_1_435' title='bbox 3358 3404 3600 3473; x_wconf 84' lang='lat' dir='ltr'><strong><em>cithara,</em></strong></span> <span class='ocrx_word' id='word_1_436' title='bbox 3632 3413 3683 3461; x_wconf 88' lang='lat' dir='ltr'><strong><em>et</em></strong></span> <span class='ocrx_word' id='word_1_437' title='bbox 3712 3419 3850 3461; x_wconf 72' lang='lat' dir='ltr'><strong><em>voce</em></strong></span> 
     </span>
    </p>
   </div>
   <div class='ocr_carea' id='block_1_71' title="bbox 2248 3498 3839 3573">
    <p class='ocr_par' dir='ltr' id='par_1_71' title="bbox 2248 3498 3839 3573">
     <span class='ocr_line' id='line_1_72' title="bbox 2248 3498 3839 3573; baseline -0.003 -16"><span class='ocrx_word' id='word_1_438' title='bbox 2248 3501 2441 3573; x_wconf 86' lang='lat' dir='ltr'><strong><em>psalmi</em></strong></span> <span class='ocrx_word' id='word_1_439' title='bbox 2486 3500 2540 3557; x_wconf 93' lang='lat' dir='ltr'><strong><em>in</em></strong></span> <span class='ocrx_word' id='word_1_440' title='bbox 2566 3501 2708 3557; x_wconf 89' lang='lat' dir='ltr'><strong><em>tubis</em></strong></span> <span class='ocrx_word' id='word_1_441' title='bbox 2758 3501 3055 3558; x_wconf 88' lang='lat' dir='ltr'><strong><em>ductilibus</em></strong></span> <span class='ocrx_word' id='word_1_442' title='bbox 3100 3509 3196 3557; x_wconf 89' lang='lat' dir='ltr'><strong><em>:ct</em></strong></span> <span class='ocrx_word' id='word_1_443' title='bbox 3222 3514 3357 3557; x_wconf 76' lang='lat' dir='ltr'><strong><em>voce</em></strong></span> <span class='ocrx_word' id='word_1_444' title='bbox 3386 3498 3536 3556; x_wconf 66' lang='lat' dir='ltr'><strong><em>tuba:</em></strong></span> <span class='ocrx_word' id='word_1_445' title='bbox 3564 3513 3788 3555; x_wconf 71' lang='lat' dir='ltr'><strong><em>cornea:</em></strong></span> <span class='ocrx_word' id='word_1_446' title='bbox 3824 3514 3839 3552; x_wconf 88' lang='lat'><strong>:</strong></span> 
     </span>
    </p>
   </div>
   <div class='ocr_carea' id='block_1_72' title="bbox 2250 3594 3343 3668">
    <p class='ocr_par' dir='ltr' id='par_1_72' title="bbox 2250 3594 3343 3668">
     <span class='ocr_line' id='line_1_73' title="bbox 2250 3594 3343 3668; baseline -0.002 -15"><span class='ocrx_word' id='word_1_447' title='bbox 2250 3596 2487 3668; x_wconf 84' lang='lat' dir='ltr'><strong><em>jubilate</em></strong></span> <span class='ocrx_word' id='word_1_448' title='bbox 2512 3595 2565 3651; x_wconf 91' lang='lat' dir='ltr'><strong><em>in</em></strong></span> <span class='ocrx_word' id='word_1_449' title='bbox 2597 3604 2891 3667; x_wconf 84' lang='lat' dir='ltr'><strong><em>conspectu</em></strong></span> <span class='ocrx_word' id='word_1_450' title='bbox 2918 3596 3063 3668; x_wconf 86' lang='lat' dir='ltr'><strong><em>regis</em></strong></span> <span class='ocrx_word' id='word_1_451' title='bbox 3090 3594 3343 3651; x_wconf 47' lang='lat' dir='ltr'><strong><em>Domino.</em></strong></span> 
     </span>
    </p>
   </div>
   <div class='ocr_carea' id='block_1_73' title="bbox 2318 3684 3846 3759">
    <p class='ocr_par' dir='ltr' id='par_1_73' title="bbox 2318 3684 3846 3759">
     <span class='ocr_line' id='line_1_74' title="bbox 2318 3684 3846 3759; baseline -0.002 -15"><span class='ocrx_word' id='word_1_452' title='bbox 2318 3688 2599 3744; x_wconf 77' lang='lat' dir='ltr'><strong><em>Moventur</em></strong></span> <span class='ocrx_word' id='word_1_453' title='bbox 2625 3703 2778 3743; x_wconf 88' lang='lat' dir='ltr'><strong><em>mare</em></strong></span> <span class='ocrx_word' id='word_1_454' title='bbox 2806 3698 2862 3744; x_wconf 89' lang='lat' dir='ltr'><strong><em>et</em></strong></span> <span class='ocrx_word' id='word_1_455' title='bbox 2888 3687 3168 3759; x_wconf 88' lang='lat' dir='ltr'><strong><em>plenitudo</em></strong></span> <span class='ocrx_word' id='word_1_456' title='bbox 3195 3686 3336 3757; x_wconf 89' lang='lat' dir='ltr'><strong><em>ejus,</em></strong></span> <span class='ocrx_word' id='word_1_457' title='bbox 3372 3684 3520 3743; x_wconf 84' lang='lat' dir='ltr'><strong><em>orbis</em></strong></span> <span class='ocrx_word' id='word_1_458' title='bbox 3550 3693 3846 3753; x_wconf 86' lang='lat' dir='ltr'><strong><em>terrarum,</em></strong></span> 
     </span>
    </p>
   </div>
   <div class='ocr_carea' id='block_1_74' title="bbox 2245 3770 3181 3852">
    <p class='ocr_par' dir='ltr' id='par_1_74' title="bbox 2245 3770 3181 3852">
     <span class='ocr_line' id='line_1_75' title="bbox 2245 3770 3181 3852; baseline -0.007 -12"><span class='ocrx_word' id='word_1_459' title='bbox 2245 3790 2303 3840; x_wconf 90' lang='lat' dir='ltr'><strong><em>et</em></strong></span> <span class='ocrx_word' id='word_1_460' title='bbox 2335 3781 2576 3838; x_wconf 78' lang='lat' dir='ltr'><strong><em>universi</em></strong></span> <span class='ocrx_word' id='word_1_461' title='bbox 2604 3781 2697 3852; x_wconf 86' lang='lat' dir='ltr'><strong><em>qui</em></strong></span> <span class='ocrx_word' id='word_1_462' title='bbox 2730 3770 2980 3835; x_wconf 82' lang='lat' dir='ltr'><strong><em>habitant</em></strong></span> <span class='ocrx_word' id='word_1_463' title='bbox 3010 3780 3063 3835; x_wconf 91' lang='lat' dir='ltr'><strong><em>in</em></strong></span> <span class='ocrx_word' id='word_1_464' title='bbox 3095 3794 3181 3836; x_wconf 82' lang='lat' dir='ltr'><strong><em>ea.</em></strong></span> 
     </span>
    </p>
   </div>
   <div class='ocr_carea' id='block_1_75' title="bbox 2321 3870 3847 3948">
    <p class='ocr_par' dir='ltr' id='par_1_75' title="bbox 2321 3870 3847 3948">
     <span class='ocr_line' id='line_1_76' title="bbox 2321 3870 3847 3948; baseline -0.002 -17"><span class='ocrx_word' id='word_1_465' title='bbox 2321 3873 2570 3931; x_wconf 84' lang='lat' dir='ltr'><strong><em>Flumina</em></strong></span> <span class='ocrx_word' id='word_1_466' title='bbox 2618 3873 2879 3946; x_wconf 79' lang='lat' dir='ltr'><strong><em>plaudent</em></strong></span> <span class='ocrx_word' id='word_1_467' title='bbox 2929 3872 3058 3948; x_wconf 73' lang='grc' dir='ltr'><strong><em>[Μο.</em></strong></span> <span class='ocrx_word' id='word_1_468' title='bbox 3114 3871 3436 3946; x_wconf 83' lang='lat' dir='ltr'><strong><em>plaudeant]</em></strong></span> <span class='ocrx_word' id='word_1_469' title='bbox 3491 3870 3744 3929; x_wconf 71' lang='lat' dir='ltr'><strong><em>manilius</em></strong></span> <span class='ocrx_word' id='word_1_470' title='bbox 3790 3870 3847 3928; x_wconf 84' lang='lat' dir='ltr'><strong><em>in</em></strong></span> 
     </span>
    </p>
   </div>
   <div class='ocr_carea' id='block_1_76' title="bbox 2246 3964 3846 4041">
    <p class='ocr_par' dir='ltr' id='par_1_76' title="bbox 2246 3964 3846 4041">
     <span class='ocr_line' id='line_1_77' title="bbox 2246 3964 3846 4041; baseline -0.003 -16"><span class='ocrx_word' id='word_1_471' title='bbox 2246 3967 2505 4041; x_wconf 88' lang='lat' dir='ltr'><strong><em>idipsum,</em></strong></span> <span class='ocrx_word' id='word_1_472' title='bbox 2538 3976 2751 4024; x_wconf 80' lang='lat' dir='ltr'><strong><em>montes</em></strong></span> <span class='ocrx_word' id='word_1_473' title='bbox 2775 3968 3188 4025; x_wconf 80' lang='lat' dir='ltr'><strong><em>exsultaverunt</em></strong></span> <span class='ocrx_word' id='word_1_474' title='bbox 3213 3977 3343 4023; x_wconf 86' lang='lat' dir='ltr'><strong><em>ante</em></strong></span> <span class='ocrx_word' id='word_1_475' title='bbox 3369 3966 3562 4024; x_wconf 82' lang='lat' dir='ltr'><strong><em>faciem</em></strong></span> <span class='ocrx_word' id='word_1_476' title='bbox 3593 3964 3846 4022; x_wconf 88' lang='lat' dir='ltr'><strong><em>Domini:</em></strong></span> 
     </span>
    </p>
   </div>
   <div class='ocr_carea' id='block_1_77' title="bbox 2250 4061 3698 4135">
    <p class='ocr_par' dir='ltr' id='par_1_77' title="bbox 2250 4061 3698 4135">
     <span class='ocr_line' id='line_1_78' title="bbox 2250 4061 3698 4135; baseline -0.003 -15"><span class='ocrx_word' id='word_1_477' title='bbox 2250 4062 2504 4135; x_wconf 87' lang='lat' dir='ltr'><strong><em>quoniam</em></strong></span> <span class='ocrx_word' id='word_1_478' title='bbox 2536 4061 2705 4126; x_wconf 79' lang='lat' dir='ltr'><strong><em>venit.</em></strong></span> <span class='ocrx_word' id='word_1_479' title='bbox 2731 4061 2989 4134; x_wconf 86' lang='lat' dir='ltr'><strong><em>quoniam</em></strong></span> <span class='ocrx_word' id='word_1_480' title='bbox 3018 4061 3165 4118; x_wconf 79' lang='lat' dir='ltr'><strong><em>venit</em></strong></span> <span class='ocrx_word' id='word_1_481' title='bbox 3190 4061 3439 4133; x_wconf 59' lang='lat' dir='ltr'><strong><em>judicare</em></strong></span> <span class='ocrx_word' id='word_1_482' title='bbox 3466 4066 3698 4118; x_wconf 86' lang='lat' dir='ltr'><strong><em>terram.</em></strong></span> 
     </span>
    </p>
   </div>
   <div class='ocr_carea' id='block_1_78' title="bbox 2318 4155 3845 4231">
    <p class='ocr_par' dir='ltr' id='par_1_78' title="bbox 2318 4155 3845 4231">
     <span class='ocr_line' id='line_1_79' title="bbox 2318 4155 3845 4231; baseline -0.001 -17"><span class='ocrx_word' id='word_1_483' title='bbox 2318 4155 2808 4214; x_wconf 73' lang='lat' dir='ltr'><strong><em>iudicabitorhem</em></strong></span> <span class='ocrx_word' id='word_1_484' title='bbox 2841 4165 3006 4215; x_wconf 74' lang='lat' dir='ltr'><strong><em>term</em></strong></span> <span class='ocrx_word' id='word_1_485' title='bbox 3046 4156 3111 4231; x_wconf 84' lang='lat' dir='ltr'><strong><em>in</em></strong></span> <span class='ocrx_word' id='word_1_486' title='bbox 3161 4155 3396 4229; x_wconf 88' lang='lat' dir='ltr'><strong><em>justitia,</em></strong></span> <span class='ocrx_word' id='word_1_487' title='bbox 3437 4164 3495 4216; x_wconf 90' lang='lat' dir='ltr'><strong><em>et</em></strong></span> <span class='ocrx_word' id='word_1_488' title='bbox 3523 4157 3755 4231; x_wconf 84' lang='lat' dir='ltr'><strong><em>populos</em></strong></span> <span class='ocrx_word' id='word_1_489' title='bbox 3782 4156 3845 4213; x_wconf 93' lang='lat' dir='ltr'><strong><em>in</em></strong></span> 
     </span>
    </p>
   </div>
   <div class='ocr_carea' id='block_1_79' title="bbox 2248 4250 2527 4323">
    <p class='ocr_par' dir='ltr' id='par_1_79' title="bbox 2248 4250 2527 4323">
     <span class='ocr_line' id='line_1_80' title="bbox 2248 4250 2527 4323; baseline 0 -17"><span class='ocrx_word' id='word_1_490' title='bbox 2248 4250 2527 4323; x_wconf 71' lang='lat' dir='ltr'><strong><em>aequitate.</em></strong></span> 
     </span>
    </p>
   </div>
   <div class='ocr_carea' id='block_1_80' title="bbox 1843 4376 2533 4453">
    <p class='ocr_par' dir='ltr' id='par_1_80' title="bbox 1843 4376 2533 4453">
     <span class='ocr_line' id='line_1_81' title="bbox 1843 4376 2533 4453; baseline 0.016 -14"><span class='ocrx_word' id='word_1_491' title='bbox 1843 4376 2207 4450; x_wconf 79' lang='lat' dir='ltr'><strong><em>PSALMUS</em></strong></span> <span class='ocrx_word' id='word_1_492' title='bbox 2250 4386 2533 4453; x_wconf 81' lang='lat' dir='ltr'><strong><em>XCVIII.</em></strong></span> 
     </span>
    </p>
   </div>
   <div class='ocr_carea' id='block_1_81' title="bbox 938 4493 1743 4574">
    <p class='ocr_par' dir='ltr' id='par_1_81' title="bbox 938 4493 1743 4574">
     <span class='ocr_line' id='line_1_82' title="bbox 938 4493 1743 4574; baseline 0.009 -20"><span class='ocrx_word' id='word_1_493' title='bbox 938 4510 997 4554; x_wconf 69' lang='grc' dir='ltr'><strong><em>οξ-</em></strong></span> <span class='ocrx_word' id='word_1_494' title='bbox 1042 4511 1277 4554; x_wconf 66' lang='grc' dir='ltr'><strong><em>ιιελωιυε</em></strong></span> <span class='ocrx_word' id='word_1_495' title='bbox 1314 4493 1343 4536; x_wconf 73' lang='grc' dir='ltr'><strong>ἀ</strong></span> <span class='ocrx_word' id='word_1_496' title='bbox 1381 4513 1484 4555; x_wconf 84' lang='lat' dir='ltr'><strong><em>IPSI</em></strong></span> <span class='ocrx_word' id='word_1_497' title='bbox 1522 4515 1688 4560; x_wconf 78' lang='lat' dir='ltr'><strong><em>nmo</em></strong></span> <span class='ocrx_word' id='word_1_498' title='bbox 1720 4502 1743 4574; x_wconf 90' lang='lat'><strong><em>1</em></strong></span> 
     </span>
    </p>
   </div>
   <div class='ocr_carea' id='block_1_82' title="bbox 610 4588 2149 4671">
    <p class='ocr_par' dir='ltr' id='par_1_82' title="bbox 610 4588 2149 4671">
     <span class='ocr_line' id='line_1_83' title="bbox 610 4588 2149 4671; baseline 0.01 -26"><span class='ocrx_word' id='word_1_499' title='bbox 610 4588 866 4647; x_wconf 87' lang='lat' dir='ltr'><strong><em>Dominus</em></strong></span> <span class='ocrx_word' id='word_1_500' title='bbox 893 4590 1146 4662; x_wconf 80' lang='lat' dir='ltr'><strong><em>regnavit,</em></strong></span> <span class='ocrx_word' id='word_1_501' title='bbox 1175 4591 1474 4648; x_wconf 86' lang='lat' dir='ltr'><strong><em>irascantur</em></strong></span> <span class='ocrx_word' id='word_1_502' title='bbox 1513 4596 1701 4668; x_wconf 79' lang='lat' dir='ltr'><strong><em>pepuli</em></strong></span> <span class='ocrx_word' id='word_1_503' title='bbox 1722 4613 1742 4654; x_wconf 91' lang='lat'><strong><em>:</em></strong></span> <span class='ocrx_word' id='word_1_504' title='bbox 1769 4598 1859 4671; x_wconf 82' lang='lat' dir='ltr'><strong><em>qui</em></strong></span> <span class='ocrx_word' id='word_1_505' title='bbox 1886 4600 2030 4658; x_wconf 84' lang='lat' dir='ltr'><strong><em>sedet</em></strong></span> <span class='ocrx_word' id='word_1_506' title='bbox 2059 4620 2149 4660; x_wconf 83' lang='lat' dir='ltr'><strong><em>su-</em></strong></span> 
     </span>
    </p>
   </div>
   <div class='ocr_carea' id='block_1_83' title="bbox 538 4685 1417 4758">
    <p class='ocr_par' dir='ltr' id='par_1_83' title="bbox 538 4685 1417 4758">
     <span class='ocr_line' id='line_1_84' title="bbox 538 4685 1417 4758; baseline 0 -16"><span class='ocrx_word' id='word_1_507' title='bbox 538 4703 631 4758; x_wconf 78' lang='lat' dir='ltr'><strong><em>per</em></strong></span> <span class='ocrx_word' id='word_1_508' title='bbox 651 4685 937 4754; x_wconf 84' lang='lat' dir='ltr'><strong><em>cherubim,</em></strong></span> <span class='ocrx_word' id='word_1_509' title='bbox 970 4691 1238 4742; x_wconf 82' lang='lat' dir='ltr'><strong><em>moueatur</em></strong></span> <span class='ocrx_word' id='word_1_510' title='bbox 1257 4692 1417 4742; x_wconf 89' lang='lat' dir='ltr'><strong><em>terra.</em></strong></span> 
     </span>
    </p>
   </div>
   <div class='ocr_carea' id='block_1_84' title="bbox 620 4939 2137 5022">
    <p class='ocr_par' dir='ltr' id='par_1_84' title="bbox 620 4939 2137 5022">
     <span class='ocr_line' id='line_1_85' title="bbox 620 4939 2137 5022; baseline 0.008 -25"><span class='ocrx_word' id='word_1_511' title='bbox 620 4952 646 4981; x_wconf 73' lang='grc' dir='ltr'>α</span> <span class='ocrx_word' id='word_1_512' title='bbox 685 4939 1095 5022; x_wconf 76' lang='lat' dir='ltr'><strong><em>TacetPalatin.</em></strong></span> <span class='ocrx_word' id='word_1_513' title='bbox 1113 4956 1217 4999; x_wconf 89' lang='lat' dir='ltr'><strong><em>ms.</em></strong></span> <span class='ocrx_word' id='word_1_514' title='bbox 1242 4950 1290 5022; x_wconf 84' lang='lat' dir='ltr'><strong><em>et</em></strong></span> <span class='ocrx_word' id='word_1_515' title='bbox 1315 4943 1584 5022; x_wconf 75' lang='lat' dir='ltr'><strong><em>copulam,</em></strong></span> <span class='ocrx_word' id='word_1_516' title='bbox 1606 4962 1728 5022; x_wconf 73' lang='lat' dir='ltr'><strong><em>qum</em></strong></span> <span class='ocrx_word' id='word_1_517' title='bbox 1746 4963 1922 5022; x_wconf 84' lang='lat' dir='ltr'><strong><em>neque</em></strong></span> <span class='ocrx_word' id='word_1_518' title='bbox 1938 4950 1993 5008; x_wconf 89' lang='lat' dir='ltr'><strong><em>in</em></strong></span> <span class='ocrx_word' id='word_1_519' title='bbox 2018 4952 2137 5021; x_wconf 88' lang='lat' dir='ltr'><strong><em>ipso</em></strong></span> 
     </span>
    </p>
   </div>
   <div class='ocr_carea' id='block_1_85' title="bbox 547 5011 2139 5081">
    <p class='ocr_par' dir='ltr' id='par_1_85' title="bbox 547 5011 2139 5081">
     <span class='ocr_line' id='line_1_86' title="bbox 547 5011 2139 5081; baseline 0.006 -10"><span class='ocrx_word' id='word_1_520' title='bbox 547 5014 739 5071; x_wconf 64' lang='lat' dir='ltr'><strong><em>Graeco</em></strong></span> <span class='ocrx_word' id='word_1_521' title='bbox 769 5022 918 5069; x_wconf 79' lang='lat' dir='ltr'><strong><em>textu</em></strong></span> <span class='ocrx_word' id='word_1_522' title='bbox 967 5011 1217 5070; x_wconf 85' lang='lat' dir='ltr'><strong><em>habetur.</em></strong></span> <span class='ocrx_word' id='word_1_523' title='bbox 1257 5011 1421 5072; x_wconf 87' lang='lat' dir='ltr'><strong><em>Addit</em></strong></span> <span class='ocrx_word' id='word_1_524' title='bbox 1463 5027 1512 5073; x_wconf 88' lang='lat' dir='ltr'><strong><em>et</em></strong></span> <span class='ocrx_word' id='word_1_525' title='bbox 1557 5011 1750 5078; x_wconf 39' lang='lat' dir='ltr'><strong><em>i’n&#39;line</em></strong></span> <span class='ocrx_word' id='word_1_526' title='bbox 1778 5011 1969 5081; x_wconf 75' lang='lat' dir='ltr'><strong><em>versus</em></strong></span> <span class='ocrx_word' id='word_1_527' title='bbox 2010 5011 2139 5080; x_wconf 81' lang='lat' dir='ltr'><strong><em>Dia-</em></strong></span> 
     </span>
    </p>
   </div>
   <div class='ocr_carea' id='block_1_86' title="bbox 545 5084 2134 5163">
    <p class='ocr_par' dir='ltr' id='par_1_86' title="bbox 545 5084 2134 5163">
     <span class='ocr_line' id='line_1_87' title="bbox 545 5084 2134 5163; baseline 0.009 -25"><span class='ocrx_word' id='word_1_528' title='bbox 545 5084 768 5163; x_wconf 78' lang='lat' dir='ltr'><strong><em>psalma.</em></strong></span> <span class='ocrx_word' id='word_1_529' title='bbox 798 5084 931 5163; x_wconf 70' lang='lat' dir='ltr'><strong><em>Quae</em></strong></span> <span class='ocrx_word' id='word_1_530' title='bbox 963 5095 1221 5163; x_wconf 55' lang='lat' dir='ltr'><strong><em>praeterea</em></strong></span> <span class='ocrx_word' id='word_1_531' title='bbox 1250 5088 1604 5163; x_wconf 82' lang='lat' dir='ltr'><strong><em>subsequenti</em></strong></span> <span class='ocrx_word' id='word_1_532' title='bbox 1634 5108 1795 5147; x_wconf 82' lang='lat' dir='ltr'><strong><em>versu</em></strong></span> <span class='ocrx_word' id='word_1_533' title='bbox 1826 5097 2134 5163; x_wconf 84' lang='lat' dir='ltr'><strong><em>prouomini</em></strong></span> 
     </span>
    </p>
   </div>
   <div class='ocr_carea' id='block_1_87' title="bbox 510 5154 2139 5231">
    <p class='ocr_par' dir='ltr' id='par_1_87' title="bbox 510 5154 2139 5231">
     <span class='ocr_line' id='line_1_88' title="bbox 510 5154 2139 5231; baseline 0.009 -20"><span class='ocrx_word' id='word_1_534' title='bbox 510 5210 513 5211; x_wconf 30' lang='grc' dir='ltr'><em>ν</em></span> <span class='ocrx_word' id='word_1_535' title='bbox 545 5154 658 5231; x_wconf 77' lang='lat' dir='ltr'><strong><em>ejus</em></strong></span> <span class='ocrx_word' id='word_1_536' title='bbox 682 5154 973 5231; x_wconf 62' lang='lat' dir='ltr'><strong><em>pruﬁgitu:</em></strong></span> <span class='ocrx_word' id='word_1_537' title='bbox 994 5156 1138 5215; x_wconf 79' lang='lat' dir='ltr'><strong><em>obcli</em></strong></span> <span class='ocrx_word' id='word_1_538' title='bbox 1167 5170 1318 5226; x_wconf 84' lang='lat' dir='ltr'><strong><em>nota,</em></strong></span> <span class='ocrx_word' id='word_1_539' title='bbox 1344 5161 1396 5216; x_wconf 88' lang='lat' dir='ltr'><strong><em>iu</em></strong></span> <span class='ocrx_word' id='word_1_540' title='bbox 1427 5154 1618 5219; x_wconf 70' lang='lat' dir='ltr'><strong><em>eodem</em></strong></span> <span class='ocrx_word' id='word_1_541' title='bbox 1646 5179 1748 5221; x_wconf 82' lang='lat' dir='ltr'><strong><em>ius.</em></strong></span> <span class='ocrx_word' id='word_1_542' title='bbox 1783 5154 1838 5223; x_wconf 69' lang='lat' dir='ltr'><strong><em>ei</em></strong></span> <span class='ocrx_word' id='word_1_543' title='bbox 1862 5165 1987 5224; x_wconf 81' lang='lat' dir='ltr'><strong><em>Cari</em></strong></span> <span class='ocrx_word' id='word_1_544' title='bbox 2017 5168 2139 5225; x_wconf 88' lang='lat' dir='ltr'><strong><em>edi-</em></strong></span> 
     </span>
    </p>
   </div>
   <div class='ocr_carea' id='block_1_88' title="bbox 548 5228 1091 5285">
    <p class='ocr_par' dir='ltr' id='par_1_88' title="bbox 548 5228 1091 5285">
     <span class='ocr_line' id='line_1_89' title="bbox 548 5228 1091 5285; baseline 0 -2"><span class='ocrx_word' id='word_1_545' title='bbox 548 5228 698 5285; x_wconf 75' lang='lat' dir='ltr'><strong><em>tione</em></strong></span> <span class='ocrx_word' id='word_1_546' title='bbox 727 5228 1091 5283; x_wconf 68' lang='lat' dir='ltr'><strong><em>desuderutur.</em></strong></span> 
     </span>
    </p>
   </div>
   <div class='ocr_carea' id='block_1_89' title="bbox 613 5298 2137 5370">
    <p class='ocr_par' dir='ltr' id='par_1_89' title="bbox 613 5298 2137 5370">
     <span class='ocr_line' id='line_1_90' title="bbox 613 5298 2137 5370; baseline 0.01 -17"><span class='ocrx_word' id='word_1_547' title='bbox 613 5299 643 5339; x_wconf 68' lang='grc' dir='ltr'><strong><em>ι)</em></strong></span> <span class='ocrx_word' id='word_1_548' title='bbox 681 5298 861 5369; x_wconf 67' lang='lat' dir='ltr'><strong><em>Atque</em></strong></span> <span class='ocrx_word' id='word_1_549' title='bbox 902 5298 992 5355; x_wconf 87' lang='lat' dir='ltr'><strong><em>hic</em></strong></span> <span class='ocrx_word' id='word_1_550' title='bbox 1032 5299 1173 5356; x_wconf 87' lang='lat' dir='ltr'><strong><em>male</em></strong></span> <span class='ocrx_word' id='word_1_551' title='bbox 1203 5299 1345 5369; x_wconf 76' lang='lat' dir='ltr'><strong><em>idem</em></strong></span> <span class='ocrx_word' id='word_1_552' title='bbox 1377 5315 1482 5357; x_wconf 86' lang='lat' dir='ltr'><strong><em>ms.</em></strong></span> <span class='ocrx_word' id='word_1_553' title='bbox 1512 5320 1712 5363; x_wconf 86' lang='lat' dir='ltr'><strong><em>nomen</em></strong></span> <span class='ocrx_word' id='word_1_554' title='bbox 1758 5308 1929 5366; x_wconf 74' lang='lat' dir='ltr'><strong><em>Dauid</em></strong></span> <span class='ocrx_word' id='word_1_555' title='bbox 1978 5312 2137 5370; x_wconf 88' lang='lat' dir='ltr'><strong><em>unice</em></strong></span> 
     </span>
    </p>
   </div>
   <div class='ocr_carea' id='block_1_90' title="bbox 541 5370 1029 5439">
    <p class='ocr_par' dir='ltr' id='par_1_90' title="bbox 541 5370 1029 5439">
     <span class='ocr_line' id='line_1_91' title="bbox 541 5370 1029 5439; baseline -0.008 -9"><span class='ocrx_word' id='word_1_556' title='bbox 541 5370 703 5429; x_wconf 81' lang='lat' dir='ltr'><strong><em>Obelo</em></strong></span> <span class='ocrx_word' id='word_1_557' title='bbox 742 5378 1029 5439; x_wconf 67' lang='lat' dir='ltr'><strong><em>praenotat.</em></strong></span> 
     </span>
    </p>
   </div>
   <div class='ocr_carea' id='block_1_91' title="bbox 618 5440 2140 5522">
    <p class='ocr_par' dir='ltr' id='par_1_91' title="bbox 618 5440 2140 5522">
     <span class='ocr_line' id='line_1_92' title="bbox 618 5440 2140 5522; baseline 0.009 -24"><span class='ocrx_word' id='word_1_558' title='bbox 618 5440 1310 5522; x_wconf 10' lang='lat' dir='ltr'><strong><em>°V_Minus_‘bene_Pal_atiii.</em></strong></span> <span class='ocrx_word' id='word_1_559' title='bbox 1345 5460 1448 5501; x_wconf 85' lang='lat' dir='ltr'><strong><em>ms.</em></strong></span> <span class='ocrx_word' id='word_1_560' title='bbox 1501 5445 1589 5503; x_wconf 86' lang='lat' dir='ltr'><strong><em>hic</em></strong></span> <span class='ocrx_word' id='word_1_561' title='bbox 1644 5451 1863 5522; x_wconf 89' lang='lat' dir='ltr'><strong><em>obelum</em></strong></span> <span class='ocrx_word' id='word_1_562' title='bbox 1912 5464 2140 5522; x_wconf 82' lang='lat' dir='ltr'><strong><em>practer-</em></strong></span> 
     </span>
    </p>
   </div>
   <div class='ocr_carea' id='block_1_92' title="bbox 538 5510 2139 5585">
    <p class='ocr_par' dir='ltr' id='par_1_92' title="bbox 538 5510 2139 5585">
     <span class='ocr_line' id='line_1_93' title="bbox 538 5510 2139 5585; baseline 0.006 -13"><span class='ocrx_word' id='word_1_563' title='bbox 538 5512 729 5582; x_wconf 82' lang='lat' dir='ltr'><strong><em>mittit,</em></strong></span> <span class='ocrx_word' id='word_1_564' title='bbox 760 5521 814 5570; x_wconf 91' lang='lat' dir='ltr'><strong><em>et</em></strong></span> <span class='ocrx_word' id='word_1_565' title='bbox 836 5510 1144 5585; x_wconf 88' lang='lat' dir='ltr'><strong><em>Diapsalma</em></strong></span> <span class='ocrx_word' id='word_1_566' title='bbox 1165 5518 1214 5570; x_wconf 89' lang='lat' dir='ltr'><strong><em>in</em></strong></span> <span class='ocrx_word' id='word_1_567' title='bbox 1240 5514 1343 5571; x_wconf 86' lang='lat' dir='ltr'><strong><em>line</em></strong></span> <span class='ocrx_word' id='word_1_568' title='bbox 1365 5533 1558 5574; x_wconf 77' lang='lat' dir='ltr'><strong><em>versus</em></strong></span> <span class='ocrx_word' id='word_1_569' title='bbox 1577 5521 1849 5581; x_wconf 86' lang='lat' dir='ltr'><strong><em>subnectit</em></strong></span> <span class='ocrx_word' id='word_1_570' title='bbox 1874 5542 1889 5580; x_wconf 87' lang='lat'><strong>:</strong></span> <span class='ocrx_word' id='word_1_571' title='bbox 1913 5510 2139 5583; x_wconf 69' lang='lat' dir='ltr'><strong><em>demum</em></strong></span> 
     </span>
    </p>
   </div>
   <div class='ocr_carea' id='block_1_93' title="bbox 539 5585 2140 5711">
    <p class='ocr_par' dir='ltr' id='par_1_93' title="bbox 539 5585 2140 5711">
     <span class='ocr_line' id='line_1_94' title="bbox 539 5585 2140 5711; baseline 0.007 -68"><span class='ocrx_word' id='word_1_572' title='bbox 539 5585 897 5711; x_wconf 58' lang='lat' dir='ltr'><strong><em>subsgquenti</em></strong></span> <span class='ocrx_word' id='word_1_573' title='bbox 936 5602 1119 5659; x_wconf 84' lang='lat' dir='ltr'><strong><em>versu,</em></strong></span> <span class='ocrx_word' id='word_1_574' title='bbox 1165 5586 1393 5645; x_wconf 88' lang='lat' dir='ltr'><strong><em>Domino</em></strong></span> <span class='ocrx_word' id='word_1_575' title='bbox 1424 5593 1645 5661; x_wconf 62' lang='lat' dir='ltr'><strong><em>praefert</em></strong></span> <span class='ocrx_word' id='word_1_576' title='bbox 1672 5596 1926 5653; x_wconf 84' lang='lat' dir='ltr'><strong><em>secundis</em></strong></span> <span class='ocrx_word' id='word_1_577' title='bbox 1971 5600 2140 5664; x_wconf 84' lang='lat' dir='ltr'><strong><em>curis,</em></strong></span> 
     </span>
     <span class='ocr_line' id='line_1_95' title="bbox 539 5673 903 5711; baseline 0 0"><span class='ocrx_word' id='word_1_578' title='bbox 539 5673 638 5711; x_wconf 80' lang='lat' dir='ltr'><strong><em>oro</em></strong></span> <span class='ocrx_word' id='word_1_579' title='bbox 722 5674 903 5711; x_wconf 85' lang='lat' dir='ltr'><strong><em>onum.</em></strong></span> 
     </span>
    </p>
   </div>
   <div class='ocr_carea' id='block_1_94' title="bbox 535 5673 903 5731">
    <p class='ocr_par' dir='ltr' id='par_1_94' title="bbox 535 5673 903 5731">
     <span class='ocr_line' id='line_1_96' title="bbox 535 5673 903 5731; baseline -0.014 -16"><span class='ocrx_word' id='word_1_580' title='bbox 535 5673 638 5731; x_wconf 69' lang='lat' dir='ltr'><strong><em>pro</em></strong></span> <span class='ocrx_word' id='word_1_581' title='bbox 669 5673 903 5731; x_wconf 57' lang='lat' dir='ltr'><strong><em>Domini.</em></strong></span> 
     </span>
    </p>
   </div>
   <div class='ocr_carea' id='block_1_95' title="bbox 608 5725 2138 5815">
    <p class='ocr_par' dir='ltr' id='par_1_95' title="bbox 608 5725 2138 5815">
     <span class='ocr_line' id='line_1_97' title="bbox 608 5725 2138 5815; baseline 0.009 -31"><span class='ocrx_word' id='word_1_582' title='bbox 608 5725 640 5812; x_wconf 64' lang='grc' dir='ltr'><strong><em>ξι</em></strong></span> <span class='ocrx_word' id='word_1_583' title='bbox 678 5729 843 5815; x_wconf 78' lang='lat' dir='ltr'><strong><em>Tacet</em></strong></span> <span class='ocrx_word' id='word_1_584' title='bbox 863 5729 1005 5815; x_wconf 72' lang='lat' dir='ltr'><strong><em>idem</em></strong></span> <span class='ocrx_word' id='word_1_585' title='bbox 1035 5744 1142 5786; x_wconf 90' lang='lat' dir='ltr'><strong><em>ms.</em></strong></span> <span class='ocrx_word' id='word_1_586' title='bbox 1178 5745 1479 5815; x_wconf 74' lang='lat' dir='ltr'><strong><em>pronomen</em></strong></span> <span class='ocrx_word' id='word_1_587' title='bbox 1503 5731 1639 5805; x_wconf 87' lang='lat' dir='ltr'><strong><em>ipsi:</em></strong></span> <span class='ocrx_word' id='word_1_588' title='bbox 1668 5733 1722 5792; x_wconf 83' lang='lat' dir='ltr'><strong><em>in</em></strong></span> <span class='ocrx_word' id='word_1_589' title='bbox 1753 5743 1902 5798; x_wconf 80' lang='lat' dir='ltr'><strong><em>textu</em></strong></span> <span class='ocrx_word' id='word_1_590' title='bbox 1931 5752 2138 5815; x_wconf 85' lang='lat' dir='ltr'><strong><em>autem,</em></strong></span> 
     </span>
    </p>
   </div>
   <div class='ocr_carea' id='block_1_96' title="bbox 531 5804 1293 5873">
    <p class='ocr_par' dir='ltr' id='par_1_96' title="bbox 531 5804 1293 5873">
     <span class='ocr_line' id='line_1_98' title="bbox 531 5804 1293 5873; baseline 0.004 -22"><span class='ocrx_word' id='word_1_591' title='bbox 531 5804 622 5873; x_wconf 82' lang='lat' dir='ltr'><strong><em>qui</em></strong></span> <span class='ocrx_word' id='word_1_592' title='bbox 651 5804 795 5873; x_wconf 47' lang='lat' dir='ltr'><strong><em>sides</em></strong></span> <span class='ocrx_word' id='word_1_593' title='bbox 830 5804 976 5873; x_wconf 69' lang='lat' dir='ltr'><strong><em>legit.</em></strong></span> <span class='ocrx_word' id='word_1_594' title='bbox 1004 5818 1101 5867; x_wconf 73' lang='lat' dir='ltr'><strong><em>pro</em></strong></span> <span class='ocrx_word' id='word_1_595' title='bbox 1133 5806 1293 5857; x_wconf 87' lang='lat' dir='ltr'><strong><em>sedet.</em></strong></span> 
     </span>
    </p>
   </div>
   <div class='ocr_carea' id='block_1_97' title="bbox 603 5870 2140 5954">
    <p class='ocr_par' dir='ltr' id='par_1_97' title="bbox 603 5870 2140 5954">
     <span class='ocr_line' id='line_1_99' title="bbox 603 5870 2140 5954; baseline 0.007 -23"><span class='ocrx_word' id='word_1_596' title='bbox 603 5884 626 5913; x_wconf 76' lang='grc' dir='ltr'><strong><em>ι’</em></strong></span> <span class='ocrx_word' id='word_1_597' title='bbox 669 5870 1005 5937; x_wconf 78' lang='lat' dir='ltr'><strong><em>Veronensis</em></strong></span> <span class='ocrx_word' id='word_1_598' title='bbox 1037 5886 1164 5934; x_wconf 86' lang='lat' dir='ltr'><strong><em>cum</em></strong></span> <span class='ocrx_word' id='word_1_599' title='bbox 1194 5875 1452 5947; x_wconf 82' lang='lat' dir='ltr'><strong><em>August.,</em></strong></span> <span class='ocrx_word' id='word_1_600' title='bbox 1474 5876 1615 5935; x_wconf 80' lang='lat' dir='ltr'><strong><em>adite</em></strong></span> <span class='ocrx_word' id='word_1_601' title='bbox 1657 5881 1945 5954; x_wconf 84' lang='lat' dir='ltr'><strong><em>malignum</em></strong></span> <span class='ocrx_word' id='word_1_602' title='bbox 1977 5902 1991 5942; x_wconf 87' lang='lat'><strong>:</strong></span> <span class='ocrx_word' id='word_1_603' title='bbox 2027 5894 2140 5942; x_wconf 87' lang='lat' dir='ltr'><strong><em>tum</em></strong></span> 
     </span>
    </p>
   </div>
   <div class='ocr_carea' id='block_1_98' title="bbox 2168 4515 2225 4579">
    <p class='ocr_par' dir='ltr' id='par_1_98' title="bbox 2168 4515 2225 4579">
     <span class='ocr_line' id='line_1_100' title="bbox 2168 4515 2225 4579; baseline 0 0"><span class='ocrx_word' id='word_1_604' title='bbox 2168 4515 2225 4579; x_wconf 90' lang='lat' dir='ltr'><strong><em>D</em></strong></span> 
     </span>
    </p>
   </div>
   <div class='ocr_carea' id='block_1_99' title="bbox 2542 4514 3509 4591">
    <p class='ocr_par' dir='ltr' id='par_1_99' title="bbox 2542 4514 3509 4591">
     <span class='ocr_line' id='line_1_101' title="bbox 2542 4514 3509 4591; baseline 0 -18"><span class='ocrx_word' id='word_1_605' title='bbox 2542 4531 2777 4575; x_wconf 72' lang='lat' dir='ltr'><strong><em>PSALIUS</em></strong></span> <span class='ocrx_word' id='word_1_606' title='bbox 2815 4531 2974 4574; x_wconf 64' lang='lat' dir='ltr'><strong><em>narro</em></strong></span> <span class='ocrx_word' id='word_1_607' title='bbox 3006 4514 3134 4590; x_wconf 72' lang='grc' dir='ltr'><strong><em>[Με.</em></strong></span> <span class='ocrx_word' id='word_1_608' title='bbox 3168 4531 3266 4575; x_wconf 78' lang='lat' dir='ltr'><strong><em>trst</em></strong></span> <span class='ocrx_word' id='word_1_609' title='bbox 3307 4515 3509 4591; x_wconf 70' lang='lat' dir='ltr'><strong><em>unm].</em></strong></span> 
     </span>
    </p>
   </div>
   <div class='ocr_carea' id='block_1_100' title="bbox 2322 4608 3850 4685">
    <p class='ocr_par' dir='ltr' id='par_1_100' title="bbox 2322 4608 3850 4685">
     <span class='ocr_line' id='line_1_102' title="bbox 2322 4608 3850 4685; baseline 0.002 -20"><span class='ocrx_word' id='word_1_610' title='bbox 2322 4608 2584 4669; x_wconf 78' lang='lat' dir='ltr'><strong><em>Dominus</em></strong></span> <span class='ocrx_word' id='word_1_611' title='bbox 2628 4613 2897 4685; x_wconf 81' lang='lat' dir='ltr'><strong><em>regnavit,</em></strong></span> <span class='ocrx_word' id='word_1_612' title='bbox 2932 4612 3240 4668; x_wconf 81' lang='lat' dir='ltr'><strong><em>irascantur</em></strong></span> <span class='ocrx_word' id='word_1_613' title='bbox 3281 4611 3470 4683; x_wconf 88' lang='lat' dir='ltr'><strong><em>populi</em></strong></span> <span class='ocrx_word' id='word_1_614' title='bbox 3502 4629 3515 4666; x_wconf 89' lang='lat'><strong>:</strong></span> <span class='ocrx_word' id='word_1_615' title='bbox 3544 4609 3638 4684; x_wconf 86' lang='lat' dir='ltr'><strong><em>qui</em></strong></span> <span class='ocrx_word' id='word_1_616' title='bbox 3682 4609 3850 4670; x_wconf 85' lang='lat' dir='ltr'><strong><em>sedes</em></strong></span> 
     </span>
    </p>
   </div>
   <div class='ocr_carea' id='block_1_101' title="bbox 2242 4703 3848 4777">
    <p class='ocr_par' dir='ltr' id='par_1_101' title="bbox 2242 4703 3848 4777">
     <span class='ocr_line' id='line_1_103' title="bbox 2242 4703 3848 4777; baseline 0.001 -17"><span class='ocrx_word' id='word_1_617' title='bbox 2242 4718 2410 4775; x_wconf 85' lang='lat' dir='ltr'><strong><em>super</em></strong></span> <span class='ocrx_word' id='word_1_618' title='bbox 2434 4704 2740 4777; x_wconf 89' lang='lat' dir='ltr'><strong><em>cherubim,</em></strong></span> <span class='ocrx_word' id='word_1_619' title='bbox 2772 4714 3063 4762; x_wconf 76' lang='lat' dir='ltr'><strong><em>moveatur</em></strong></span> <span class='ocrx_word' id='word_1_620' title='bbox 3091 4712 3237 4761; x_wconf 85' lang='lat' dir='ltr'><strong><em>terra</em></strong></span> <span class='ocrx_word' id='word_1_621' title='bbox 3267 4703 3399 4777; x_wconf 71' lang='lat' dir='ltr'><strong><em>Uis.</em></strong></span> <span class='ocrx_word' id='word_1_622' title='bbox 3430 4715 3848 4764; x_wconf 80' lang='lat' dir='ltr'><strong><em>commoveatur</em></strong></span> 
     </span>
    </p>
   </div>
   <div class='ocr_carea' id='block_1_102' title="bbox 2245 4795 2440 4871">
    <p class='ocr_par' dir='ltr' id='par_1_102' title="bbox 2245 4795 2440 4871">
     <span class='ocr_line' id='line_1_104' title="bbox 2245 4795 2440 4871; baseline 0 -18"><span class='ocrx_word' id='word_1_623' title='bbox 2245 4795 2440 4871; x_wconf 84' lang='lat' dir='ltr'><strong><em>mare].</em></strong></span> 
     </span>
    </p>
   </div>
   <div class='ocr_carea' id='block_1_103' title="bbox 2240 4957 3847 5031">
    <p class='ocr_par' dir='ltr' id='par_1_103' title="bbox 2240 4957 3847 5031">
     <span class='ocr_line' id='line_1_105' title="bbox 2240 4957 3847 5031; baseline 0.003 -18"><span class='ocrx_word' id='word_1_624' title='bbox 2240 4971 2380 5013; x_wconf 74' lang='lat' dir='ltr'><strong><em>anus</em></strong></span> <span class='ocrx_word' id='word_1_625' title='bbox 2414 4957 2773 5026; x_wconf 69' lang='lat' dir='ltr'><strong><em>Veroiiensis,</em></strong></span> <span class='ocrx_word' id='word_1_626' title='bbox 2796 4959 2999 5014; x_wconf 83' lang='lat' dir='ltr'><strong><em>animus</em></strong></span> <span class='ocrx_word' id='word_1_627' title='bbox 3026 4959 3292 5031; x_wconf 87' lang='lat' dir='ltr'><strong><em>justorum</em></strong></span> <span class='ocrx_word' id='word_1_628' title='bbox 3319 4970 3552 5029; x_wconf 84' lang='lat' dir='ltr'><strong><em>suorum,</em></strong></span> <span class='ocrx_word' id='word_1_629' title='bbox 3598 4958 3665 5013; x_wconf 89' lang='lat' dir='ltr'><strong><em>de</em></strong></span> <span class='ocrx_word' id='word_1_630' title='bbox 3688 4977 3847 5018; x_wconf 88' lang='lat' dir='ltr'><strong><em>manu</em></strong></span> 
     </span>
    </p>
   </div>
   <div class='ocr_carea' id='block_1_104' title="bbox 2243 5031 3849 5103">
    <p class='ocr_par' dir='ltr' id='par_1_104' title="bbox 2243 5031 3849 5103">
     <span class='ocr_line' id='line_1_106' title="bbox 2243 5031 3849 5103; baseline 0.004 -20"><span class='ocrx_word' id='word_1_631' title='bbox 2243 5040 2569 5103; x_wconf 80' lang='lat' dir='ltr'><strong><em>peccatorum</em></strong></span> <span class='ocrx_word' id='word_1_632' title='bbox 2592 5038 2730 5085; x_wconf 84' lang='lat' dir='ltr'><strong><em>eruet</em></strong></span> <span class='ocrx_word' id='word_1_633' title='bbox 2766 5047 2851 5085; x_wconf 88' lang='lat' dir='ltr'><strong><em>eos</em></strong></span> <span class='ocrx_word' id='word_1_634' title='bbox 2882 5047 2900 5087; x_wconf 89' lang='lat'><strong><em>:</em></strong></span> <span class='ocrx_word' id='word_1_635' title='bbox 2914 5046 2986 5103; x_wconf 69' lang='lat' dir='ltr'><strong><em>ac</em></strong></span> <span class='ocrx_word' id='word_1_636' title='bbox 3012 5045 3223 5103; x_wconf 75' lang='lat' dir='ltr'><strong><em>rursum</em></strong></span> <span class='ocrx_word' id='word_1_637' title='bbox 3256 5041 3382 5103; x_wconf 75' lang='lat' dir='ltr'><strong><em>cum</em></strong></span> <span class='ocrx_word' id='word_1_638' title='bbox 3416 5031 3735 5103; x_wconf 57' lang='lat' dir='ltr'><strong><em>Augustino,</em></strong></span> <span class='ocrx_word' id='word_1_639' title='bbox 3765 5052 3849 5090; x_wconf 86' lang='lat' dir='ltr'><strong><em>re-</em></strong></span> 
     </span>
    </p>
   </div>
   <div class='ocr_carea' id='block_1_105' title="bbox 2243 5099 3590 5177">
    <p class='ocr_par' dir='ltr' id='par_1_105' title="bbox 2243 5099 3590 5177">
     <span class='ocr_line' id='line_1_107' title="bbox 2243 5099 3590 5177; baseline 0.001 -22"><span class='ocrx_word' id='word_1_640' title='bbox 2243 5099 2342 5177; x_wconf 74' lang='lat' dir='ltr'><strong><em>ctis</em></strong></span> <span class='ocrx_word' id='word_1_641' title='bbox 2368 5104 2523 5177; x_wconf 62' lang='lat' dir='ltr'><strong><em>corde</em></strong></span> <span class='ocrx_word' id='word_1_642' title='bbox 2538 5103 2871 5177; x_wconf 81' lang='lat' dir='ltr'><strong><em>jocunditas.</em></strong></span> <span class='ocrx_word' id='word_1_643' title='bbox 2898 5100 3269 5177; x_wconf 61' lang='lat' dir='ltr'><strong><em>locntrdamini</em></strong></span> <span class='ocrx_word' id='word_1_644' title='bbox 3295 5099 3451 5177; x_wconf 78' lang='lat' dir='ltr'><strong><em>justi,</em></strong></span> <span class='ocrx_word' id='word_1_645' title='bbox 3484 5099 3590 5159; x_wconf 79' lang='lat' dir='ltr'><strong><em>etc.</em></strong></span> 
     </span>
    </p>
   </div>
   <div class='ocr_carea' id='block_1_106' title="bbox 2320 5171 3846 5248">
    <p class='ocr_par' dir='ltr' id='par_1_106' title="bbox 2320 5171 3846 5248">
     <span class='ocr_line' id='line_1_108' title="bbox 2320 5171 3846 5248; baseline 0.003 -19"><span class='ocrx_word' id='word_1_646' title='bbox 2320 5172 2360 5248; x_wconf 63' lang='lat'><strong><em>‘_</em></strong></span> <span class='ocrx_word' id='word_1_647' title='bbox 2386 5171 2555 5230; x_wconf 71' lang='lat' dir='ltr'><strong><em>Unice</em></strong></span> <span class='ocrx_word' id='word_1_648' title='bbox 2575 5190 2698 5231; x_wconf 89' lang='lat' dir='ltr'><strong><em>cum</em></strong></span> <span class='ocrx_word' id='word_1_649' title='bbox 2728 5174 3030 5248; x_wconf 78' lang='lat' dir='ltr'><strong><em>Augustino</em></strong></span> <span class='ocrx_word' id='word_1_650' title='bbox 3055 5171 3385 5232; x_wconf 78' lang='lat' dir='ltr'><strong><em>Veronensis</em></strong></span> <span class='ocrx_word' id='word_1_651' title='bbox 3436 5191 3566 5242; x_wconf 73' lang='lat' dir='ltr'><strong><em>ms...</em></strong></span> <span class='ocrx_word' id='word_1_652' title='bbox 3620 5171 3846 5235; x_wconf 81' lang='lat' dir='ltr'><strong><em>Sanaoit</em></strong></span> 
     </span>
    </p>
   </div>
   <div class='ocr_carea' id='block_1_107' title="bbox 2244 5244 2698 5322">
    <p class='ocr_par' dir='ltr' id='par_1_107' title="bbox 2244 5244 2698 5322">
     <span class='ocr_line' id='line_1_109' title="bbox 2244 5244 2698 5322; baseline -0.002 -21"><span class='ocrx_word' id='word_1_653' title='bbox 2244 5245 2292 5301; x_wconf 84' lang='lat' dir='ltr'><strong><em>ei</em></strong></span> <span class='ocrx_word' id='word_1_654' title='bbox 2325 5244 2539 5322; x_wconf 49' lang='lat' dir='ltr'><strong><em>deglera</em></strong></span> <span class='ocrx_word' id='word_1_655' title='bbox 2568 5250 2698 5322; x_wconf 88' lang='lat' dir='ltr'><strong><em>eju_s.</em></strong></span> 
     </span>
    </p>
   </div>
   <div class='ocr_carea' id='block_1_108' title="bbox 2320 5313 3843 5392">
    <p class='ocr_par' dir='ltr' id='par_1_108' title="bbox 2320 5313 3843 5392">
     <span class='ocr_line' id='line_1_110' title="bbox 2320 5313 3843 5392; baseline 0.002 -19"><span class='ocrx_word' id='word_1_656' title='bbox 2320 5326 2345 5392; x_wconf 60' lang='grc' dir='ltr'>β</span> <span class='ocrx_word' id='word_1_657' title='bbox 2387 5313 2604 5392; x_wconf 67' lang='lat' dir='ltr'><strong><em>Numeri</em></strong></span> <span class='ocrx_word' id='word_1_658' title='bbox 2632 5315 2794 5392; x_wconf 77' lang='lat' dir='ltr'><strong><em>Iacob</em></strong></span> <span class='ocrx_word' id='word_1_659' title='bbox 2847 5314 3262 5392; x_wconf 74' lang='lat' dir='ltr'><strong><em>hic_abundarc_</em></strong></span> <span class='ocrx_word' id='word_1_660' title='bbox 3293 5313 3353 5374; x_wconf 90' lang='lat' dir='ltr'><strong><em>S.</em></strong></span> <span class='ocrx_word' id='word_1_661' title='bbox 3402 5321 3518 5392; x_wconf 83' lang='lat' dir='ltr'><strong><em>ipse</em></strong></span> <span class='ocrx_word' id='word_1_662' title='bbox 3574 5318 3740 5377; x_wconf 84' lang='lat' dir='ltr'><strong><em>Pater</em></strong></span> <span class='ocrx_word' id='word_1_663' title='bbox 3792 5322 3843 5377; x_wconf 89' lang='lat' dir='ltr'><strong><em>iu</em></strong></span> 
     </span>
    </p>
   </div>
   <div class='ocr_carea' id='block_1_109' title="bbox 2222 5383 3843 5460">
    <p class='ocr_par' dir='ltr' id='par_1_109' title="bbox 2222 5383 3843 5460">
     <span class='ocr_line' id='line_1_111' title="bbox 2222 5383 3843 5460; baseline 0.004 -18"><span class='ocrx_word' id='word_1_664' title='bbox 2222 5387 2407 5459; x_wconf 79' lang='lat' dir='ltr'><strong><em>epist.</em></strong></span> <span class='ocrx_word' id='word_1_665' title='bbox 2430 5387 2520 5460; x_wconf 77' lang='lat' dir='ltr'><strong><em>ad</em></strong></span> <span class='ocrx_word' id='word_1_666' title='bbox 2559 5389 2825 5460; x_wconf 72' lang='lat' dir='ltr'><strong><em>Sunuiaun</em></strong></span> <span class='ocrx_word' id='word_1_667' title='bbox 2851 5401 2903 5445; x_wconf 89' lang='lat' dir='ltr'><strong><em>ct</em></strong></span> <span class='ocrx_word' id='word_1_668' title='bbox 2932 5388 3201 5460; x_wconf 82' lang='lat' dir='ltr'><strong><em>Fretclam</em></strong></span> <span class='ocrx_word' id='word_1_669' title='bbox 3229 5383 3579 5449; x_wconf 55' lang='lat' dir='ltr'><strong><em>duci-thM</em></strong></span> <span class='ocrx_word' id='word_1_670' title='bbox 3623 5409 3721 5460; x_wconf 81' lang='lat' dir='ltr'><strong><em>pro</em></strong></span> <span class='ocrx_word' id='word_1_671' title='bbox 3752 5394 3843 5448; x_wconf 82' lang='lat' dir='ltr'><strong><em>do-</em></strong></span> 
     </span>
    </p>
   </div>
   <div class='ocr_carea' id='block_1_110' title="bbox 2250 5458 3846 5523">
    <p class='ocr_par' dir='ltr' id='par_1_110' title="bbox 2250 5458 3846 5523">
     <span class='ocr_line' id='line_1_112' title="bbox 2250 5458 3846 5523; baseline 0.004 -9"><span class='ocrx_word' id='word_1_672' title='bbox 2250 5462 2379 5523; x_wconf 84' lang='lat' dir='ltr'><strong><em>mui.</em></strong></span> <span class='ocrx_word' id='word_1_673' title='bbox 2426 5458 2592 5516; x_wconf 80' lang='lat' dir='ltr'><strong><em>liabet</em></strong></span> <span class='ocrx_word' id='word_1_674' title='bbox 2636 5476 2737 5516; x_wconf 88' lang='lat' dir='ltr'><strong><em>ms.</em></strong></span> <span class='ocrx_word' id='word_1_675' title='bbox 2789 5459 3090 5518; x_wconf 85' lang='lat' dir='ltr'><strong><em>Veroneus.</em></strong></span> <span class='ocrx_word' id='word_1_676' title='bbox 3144 5459 3347 5517; x_wconf 86' lang='lat' dir='ltr'><strong><em>domus.</em></strong></span> <span class='ocrx_word' id='word_1_677' title='bbox 3398 5463 3536 5520; x_wconf 85' lang='lat' dir='ltr'><strong><em>Tum</em></strong></span> <span class='ocrx_word' id='word_1_678' title='bbox 3570 5458 3748 5519; x_wconf 74' lang='lat' dir='ltr'><strong><em>altero</em></strong></span> <span class='ocrx_word' id='word_1_679' title='bbox 3778 5468 3846 5520; x_wconf 79' lang='lat' dir='ltr'><strong><em>ah</em></strong></span> 
     </span>
    </p>
   </div>
   <div class='ocr_carea' id='block_1_111' title="bbox 2251 5529 3848 5604">
    <p class='ocr_par' dir='ltr' id='par_1_111' title="bbox 2251 5529 3848 5604">
     <span class='ocr_line' id='line_1_113' title="bbox 2251 5529 3848 5604; baseline 0.003 -18"><span class='ocrx_word' id='word_1_680' title='bbox 2251 5529 2354 5587; x_wconf 86' lang='lat' dir='ltr'><strong><em>hoc</em></strong></span> <span class='ocrx_word' id='word_1_681' title='bbox 2383 5548 2564 5600; x_wconf 78' lang='lat' dir='ltr'><strong><em>versu,</em></strong></span> <span class='ocrx_word' id='word_1_682' title='bbox 2596 5530 2831 5604; x_wconf 84' lang='lat' dir='ltr'><strong><em>Psallite</em></strong></span> <span class='ocrx_word' id='word_1_683' title='bbox 2861 5529 3088 5588; x_wconf 87' lang='lat' dir='ltr'><strong><em>Domino</em></strong></span> <span class='ocrx_word' id='word_1_684' title='bbox 3139 5529 3443 5604; x_wconf 12' lang='lat' dir='ltr'><strong><em>ittgct&#39;lltara,</em></strong></span> <span class='ocrx_word' id='word_1_685' title='bbox 3489 5535 3543 5588; x_wconf 89' lang='lat' dir='ltr'><strong><em>in</em></strong></span> <span class='ocrx_word' id='word_1_686' title='bbox 3594 5537 3801 5591; x_wconf 75' lang='lat' dir='ltr'><strong><em>cit/rara</em></strong></span> <span class='ocrx_word' id='word_1_687' title='bbox 3828 5553 3848 5593; x_wconf 90' lang='lat'><strong><em>:</em></strong></span> 
     </span>
    </p>
   </div>
   <div class='ocr_carea' id='block_1_112' title="bbox 2249 5599 3849 5689">
    <p class='ocr_par' dir='ltr' id='par_1_112' title="bbox 2249 5599 3849 5689">
     <span class='ocr_line' id='line_1_114' title="bbox 2249 5599 3849 5689; baseline 0.002 -30"><span class='ocrx_word' id='word_1_688' title='bbox 2249 5614 2304 5659; x_wconf 87' lang='lat' dir='ltr'><strong><em>et</em></strong></span> <span class='ocrx_word' id='word_1_689' title='bbox 2332 5603 2571 5689; x_wconf 75' lang='lat' dir='ltr'><strong><em>pressius</em></strong></span> <span class='ocrx_word' id='word_1_690' title='bbox 2614 5603 2932 5689; x_wconf 71' lang='lat' dir='ltr'><strong><em>Augustino,</em></strong></span> <span class='ocrx_word' id='word_1_691' title='bbox 2984 5606 3118 5689; x_wconf 64' lang='lat' dir='ltr'><strong><em>regis</em></strong></span> <span class='ocrx_word' id='word_1_692' title='bbox 3172 5599 3401 5660; x_wconf 88' lang='lat' dir='ltr'><strong><em>Domini.</em></strong></span> <span class='ocrx_word' id='word_1_693' title='bbox 3429 5599 3849 5689; x_wconf 52' lang='lat' dir='ltr'><strong><em>&#39;Commoveatur</em></strong></span> 
     </span>
    </p>
   </div>
   <div class='ocr_carea' id='block_1_113' title="bbox 2249 5675 3847 5748">
    <p class='ocr_par' dir='ltr' id='par_1_113' title="bbox 2249 5675 3847 5748">
     <span class='ocr_line' id='line_1_115' title="bbox 2249 5675 3847 5748; baseline 0.004 -21"><span class='ocrx_word' id='word_1_694' title='bbox 2249 5690 2409 5748; x_wconf 86' lang='lat' dir='ltr'><strong><em>mare.</em></strong></span> <span class='ocrx_word' id='word_1_695' title='bbox 2437 5684 2482 5729; x_wconf 88' lang='lat' dir='ltr'><strong><em>et</em></strong></span> <span class='ocrx_word' id='word_1_696' title='bbox 2508 5675 2772 5748; x_wconf 80' lang='lat' dir='ltr'><strong><em>plenitudo</em></strong></span> <span class='ocrx_word' id='word_1_697' title='bbox 2793 5677 2924 5748; x_wconf 85' lang='lat' dir='ltr'><strong><em>ejus,</em></strong></span> <span class='ocrx_word' id='word_1_698' title='bbox 2950 5675 3084 5748; x_wconf 87' lang='lat' dir='ltr'><strong><em>orbis</em></strong></span> <span class='ocrx_word' id='word_1_699' title='bbox 3111 5683 3356 5748; x_wconf 70' lang='lat' dir='ltr'><strong><em>tert&#39;tc,__et</em></strong></span> <span class='ocrx_word' id='word_1_700' title='bbox 3386 5694 3558 5733; x_wconf 80' lang='lat' dir='ltr'><strong><em>omnes</em></strong></span> <span class='ocrx_word' id='word_1_701' title='bbox 3580 5681 3668 5748; x_wconf 87' lang='lat' dir='ltr'><strong><em>qui</em></strong></span> <span class='ocrx_word' id='word_1_702' title='bbox 3699 5678 3847 5734; x_wconf 79' lang='lat' dir='ltr'><strong><em>[utbi-</em></strong></span> 
     </span>
    </p>
   </div>
   <div class='ocr_carea' id='block_1_114' title="bbox 2247 5744 3842 5823">
    <p class='ocr_par' dir='ltr' id='par_1_114' title="bbox 2247 5744 3842 5823">
     <span class='ocr_line' id='line_1_116' title="bbox 2247 5744 3842 5823; baseline 0.005 -25"><span class='ocrx_word' id='word_1_703' title='bbox 2247 5753 2357 5799; x_wconf 88' lang='lat' dir='ltr'><strong><em>tant</em></strong></span> <span class='ocrx_word' id='word_1_704' title='bbox 2386 5747 2438 5801; x_wconf 85' lang='lat' dir='ltr'><strong><em>in</em></strong></span> <span class='ocrx_word' id='word_1_705' title='bbox 2469 5744 2525 5823; x_wconf 74' lang='lat' dir='ltr'><strong><em>eo</em></strong></span> <span class='ocrx_word' id='word_1_706' title='bbox 2548 5744 2821 5819; x_wconf 69' lang='lat' dir='ltr'><strong><em>(Augu~t.,</em></strong></span> <span class='ocrx_word' id='word_1_707' title='bbox 2848 5747 2953 5821; x_wconf 85' lang='lat' dir='ltr'><strong><em>ea).</em></strong></span> <span class='ocrx_word' id='word_1_708' title='bbox 2979 5747 3240 5820; x_wconf 80' lang='lat' dir='ltr'><strong><em>Denique.</em></strong></span> <span class='ocrx_word' id='word_1_709' title='bbox 3263 5745 3466 5806; x_wconf 74' lang='lat' dir='ltr'><strong><em>Montes</em></strong></span> <span class='ocrx_word' id='word_1_710' title='bbox 3488 5744 3842 5823; x_wconf 74' lang='lat' dir='ltr'><strong><em>exsultabant,</em></strong></span> 
     </span>
    </p>
   </div>
   <div class='ocr_carea' id='block_1_115' title="bbox 2248 5818 2909 5891">
    <p class='ocr_par' dir='ltr' id='par_1_115' title="bbox 2248 5818 2909 5891">
     <span class='ocr_line' id='line_1_117' title="bbox 2248 5818 2909 5891; baseline 0.003 -18"><span class='ocrx_word' id='word_1_711' title='bbox 2248 5833 2348 5891; x_wconf 89' lang='lat' dir='ltr'><strong><em>pro</em></strong></span> <span class='ocrx_word' id='word_1_712' title='bbox 2369 5818 2773 5888; x_wconf 71' lang='lat' dir='ltr'><strong><em>exsultarerunt,</em></strong></span> <span class='ocrx_word' id='word_1_713' title='bbox 2805 5832 2909 5877; x_wconf 89' lang='lat' dir='ltr'><strong><em>etc.</em></strong></span> 
     </span>
    </p>
   </div>
  </div>
