4090 6338
274 322 379 383 301

1582 327 1790 387 LIBER
1828 329 2273 393 PSALMORUM.

3474 342 3582 401 32

351 439 686 496 Dominusin
718 439 849 501 Sion
879 456 1138 515 magnus:
1161 450 1208 499 et
1231 442 1471 503 excelsus
1509 461 1665 518 super
1703 463 1878 504 onmes
1904 448 1959 513 Α
2055 448 2316 507 Dominus
2361 447 2417 509 in
2463 448 2596 509 Sion
2650 466 2877 526 magnus
2910 470 2925 511 :
2957 461 3013 515 et
3052 455 3309 521 excelsus
3359 470 3383 500 ο
3412 475 3577 532 super

278 534 529 608 populos.

349 626 710 696 Conﬁteantur
768 629 966 684 nomini
998 640 1081 685 tuo
1109 647 1319 704 magno,
1356 648 1395 689 σε
1450 635 1693 707 quoniam
1728 635 1751 706 1
1782 643 1882 691 ter-

274 722 425 777 ribile
465 733 511 776 et
538 732 780 777 sanctum
801 731 877 778 cst
910 738 929 777 :
952 734 998 778 et
1022 725 1186 779 honor
1216 725 1350 797 regis
1368 726 1630 797 judicium
1653 728 1841 803 diligit.

332 814 432 870 'Tu
463 817 663 886 parasti
691 816 996 872 directiones
1034 833 1051 870 :
1074 818 1339 889 juqticium
1365 830 1413 876 et
1431 822 1693 896 justitiam
1716 825 1766 878 in
1787 822 1882 878 Ja-

276 909 369 963 cob
397 919 451 962 tu
486 910 675 981 fecisti.
710 920 736 947 ⁸

349 1004 598 1061 Erultate
622 1006 905 1063 Dominum
940 1008 1103 1064 Deum
1143 1020 1402 1080 nostrum,
1435 1022 1482 1067 et
1525 1014 1740 1069 adorata
1767 1033 1883 1072 sca-

276 1096 467 1153 bellum
488 1098 683 1171 pedum
720 1102 831 1171 ejus
856 1116 873 1153 :
902 1115 953 1155 -s
987 1102 1232 1171 quoniam
1260 1102 1283 1171 1
1312 1114 1546 1159 sanctum
1569 1117 1663 1161 est.

350 1190 562 1263 Moyses
601 1201 645 1245 et
689 1193 867 1247 Aaron
897 1193 949 1247 in
993 1194 1347 1251 sacerdotibus
1379 1198 1491 1269 ejus
1518 1214 1537 1253 :
1579 1207 1627 1254 et
1670 1199 1883 1257 Samuel

275 1288 411 1363 inter
434 1304 542 1353 eos,
580 1288 669 1359 qui
711 1288 950 1342 invocant
982 1306 1165 1345 nomen
1196 1291 1327 1363 ejus.

350 1377 672 1433 lnvocabant
728 1376 1028 1447 Dominum,
1078 1390 1127 1437 et
1174 1382 1285 1451 ipse
1316 1384 1623 1441 exaudiebat
1670 1388 1878 1442 eos:iu

276 1473 523 1525 columna
550 1471 699 1525 nubis
727 1473 1030 1542 loquebatur
1066 1476 1134 1545 ad
1160 1492 1267 1531 eos.

349 1563 717 1620 Custodiebant
763 1566 1053 1622 testimonia
1095 1571 1250 1641 ejus:
1280 1577 1339 1666 ξι
1371 1580 1705 1649 ρνατεριιιιη,
1738 1572 1879 1645 quod

276 1656 413 1709 dedit
448 1656 575 1713 illis.

348 1749 573 1803 Domine
610 1749 753 1805 Deus
796 1760 989 1819 noster,
1025 1761 1080 1808 tu
1116 1754 1429 1809 rxaudirbas
1478 1773 1562 1809 eos
1596 1772 1613 1810 :
1646 1754 1788 1813 Deus
1815 1774 1871 1815 οξ-

1986 556 2175 598 omnes
2206 542 2457 614 populos.

2058 636 2429 694 Conﬂteantur
2459 638 2663 694 nomini
2706 648 2800 697 tuo
2838 656 3038 714 magno
3077 652 3132 701 et
3159 642 3409 714 terribili,
3444 662 3578 717 quo-

1986 729 2130 785 niam
2156 741 2397 786 Sanctum
2427 742 2542 799 est;
2580 742 2635 788 el.
2667 733 2841 791 honor
2869 736 3014 808 regis
3036 735 3301 807 judicium
3333 738 3528 810 diligit.

2054 822 2134 879 Tu
2182 827 2381 896 parasti
2430 826 3072 901 (equitatemzjudicium
3120 844 3173 888 et
3204 832 3473 903 jusitia‘m
3521 836 3573 897 in

1983 917 2151 974 Jacob
2186 927 2241 972 tu
2272 917 2467 973 iecisti.

2055 1008 2301 1065 Exaltate
2351 1012 2636 1068 Dominum
2689 1014 2858 1071 Deum
2911 1025 3209 1073 nostrum:
3258 1028 3312 1075 et
3357 1019 3579 1079 adorate

1982 1102 2277 1157 scabellum
2313 1104 2507 1174 pedum
2538 1105 2657 1175 ejus
2693 1126 2704 1159 :
2741 1110 2999 1179 quoniam
3034 1122 3278 1167 sanctum
3310 1126 3413 1169 est.

2054 1195 2266 1267 Moyses
2288 1204 2343 1252 et
2369 1198 2553 1255 Aaron
2587 1198 2641 1254 in
2672 1202 3051 1259 sacerdotibus
3080 1204 3197 1276 ejus
3229 1222 3242 1263 :
3269 1216 3323 1263 et
3354 1208 3577 1265 Samuel

1980 1286 2123 1361 inter
2155 1304 2272 1361 eos,
2304 1291 2395 1363 qui
2421 1292 2673 1348 invocant
2701 1310 2899 1352 nomen
2931 1296 3072 1367 ejus.

2054 1382 2381 1439 [nrocabant
2419 1384 2727 1453 Dominum,
2759 1397 2813 1443 et
2860 1390 2974 1460 ipse
3002 1391 3327 1450 exaudiebat
3356 1410 3491 1454 eos:
3524 1406 3578 1453 et

1984 1474 2039 1530 in
2072 1475 2324 1530 columna
2356 1476 2516 1532 nubis
2541 1477 2862 1549 loquebatur
2897 1482 2963 1543 ad
2989 1498 3106 1541 eos.
3564 1466 3567 1467 ν

2052 1568 2449 1626 Custodiebant
2488 1573 2793 1630 testimonia
2834 1576 2992 1646 ejus:
3038 1587 3091 1635 et
3118 1592 3390 1655 praecepta
3435 1583 3571 1654 ejus,

1981 1678 2102 1736 quae
2130 1663 2357 1719 dederat
2395 1663 2411 1702 ί
2447 1666 2572 1721 illis.

2055 1758 2285 1813 Domine
2334 1758 2479 1813 Deus
2530 1771 2741 1831 nOSIer,
2791 1770 2845 1817 tu
2876 1765 3207 1823 exaudiebas
3246 1784 3378 1826 eos:
3414 1771 3574 1839 Deus,

278 1854 328 1897 tu
362 1844 383 1913 1
414 1845 677 1917 propitius
707 1846 854 1916 fuisti
878 1848 972 1917 eis,
1002 1856 1048 1903 et
1074 1850 1326 1904 ulciscens
1355 1850 1407 1905 in
1436 1866 1491 1906 ὴ
1522 1867 1701 1908 omnes
1729 1854 1749 1923 1
1784 1854 1879 1908 ad-
1907 1861 1955 1923 Β
1988 1860 2042 1906 ιιι
2072 1849 2341 1921 propitius
2370 1849 2515 1907 fuisti
2546 1852 2671 1921 illis,
2705 1866 2758 1910 et
2790 1856 3068 1914 vindicans
3102 1860 3153 1915 in
3188 1862 3366 1917 omnia
3399 1866 3576 1921 studia

275 1936 596 1991 inventiones
617 1955 820 1995 eorum.

349 2027 603 2084 Exallate
655 2031 933 2087 Dominum
985 2031 1152 2089 Deum
1179 2042 1451 2103 nostrum,
1495 2043 1539 2089 et
1575 2036 1790 2092 adorale
1825 2039 1879 2093 in

275 2134 444 2181 monte
490 2137 673 2183 sancto
714 2131 828 2203 ejus
853 2145 873 2184 :
913 2130 1161 2203 quoniam
1199 2138 1409 2185 sanctus
1450 2129 1708 2189 Dominus
1743 2133 1879 2189 Deus

277 2229 466 2275 noster.

1983 1960 2194 2001 eorum.

2057 2038 2307 2095 Ex'nltate
2349 2037 2634 2095 Dominum
2666 2037 2838 2097 Deum
2870 2053 3118 2102 nostrum
3146 2091 3161 2117 ,
3188 2056 3243 2104 et
3270 2043 3495 2104 adorato
3525 2050 3578 2105 in

1983 2142 2170 2189 monte
2217 2141 2410 2190 sancto
2446 2132 2566 2204 ejus
2599 2151 2613 2189 :
2665 2135 2922 2206 quoniam
2952 2148 3172 2205 sanctus
3201 2150 3284 2197 est
3316 2141 3582 2209 Dominus

1984 2224 2131 2281 Deus
2161 2234 2370 2284 noster.

1624 2383 1987 2450 PSALMUS
2032 2383 2261 2449 XCIX.

715 2524 951 2566 PSALIUS
978 2526 1030 2566 IN
1057 2524 1436 2567 CONFESSIONE.

345 2601 579 2658 Jubilate
607 2601 742 2671 Deo,
786 2606 952 2659 omnis
995 2614 1174 2659 terra:
1216 2605 1401 2660 servite
1439 2603 1667 2659 Domino
1705 2604 1761 2659 in
1788 2603 1879 2659 la:-

278 2696 407 2752 tilia.

347 2788 573 2845 Introite
603 2791 657 2845 in
684 2801 965 2863 conspectu
996 2793 1137 2862 ejus,
1171 2794 1225 2849 in
1256 2792 1623 2849 exsultatione.

344 2882 547 2940 Scitote
571 2886 819 2953 quoniam
845 2884 1105 2942 Dominus
1139 2888 1247 2958 ipse
1272 2884 1299 2925 δ
1325 2896 1399 2943 est
1416 2884 1557 2941 Deus
1577 2902 1595 2941 .°
1616 2886 1724 2959 ipse
1755 2886 1878 2957 fecit

272 2994 382 3045 nos,
420 2990 465 3033 et
488 2995 593 3033 non
622 2979 723 3051 ipsi
761 2997 873 3034 nos.

343 3070 589 3143 Populus
636 3074 748 3143 ejus
775 3114 791 3140 ,
822 3084 872 3137 υ
901 3091 1016 3130 ores
1045 3090 1252 3147 pascua:
1286 3076 1402 3147 ejus
1427 3119 1440 3143 ,
1479 3074 1684 3130 introite
1703 3084 1879 3144 portas

276 3167 385 3237 ejus
425 3168 479 3222 in
517 3168 874 3239 confessione,
909 3170 1046 3223 atria
1073 3172 1184 3241 ejus
1213 3170 1265 3223 in
1290 3169 1495 3240 hymnis
1516 3213 1529 3239 ,
1560 3167 1878 3239 conﬁtemini

272 3262 368 3315 illi.

342 3356 580 3413 Laudate
607 3370 790 3414 nomen
817 3360 953 3429 ejus,
980 3358 1226 3429 quoniam
1253 3359 1426 3414 suavis
1458 3368 1479 3397 ο
1518 3372 1578 3412 -ξκ
1612 3366 1686 3413 est
1713 3356 1736 3425 1
1765 3356 1877 3411 Do-
1905 3357 1951 3421 C

276 3453 438 3508 minus
459 3497 475 3516 ,
508 3458 561 3510 in
593 3467 842 3511 tuter-num
883 3454 1243 3511 misericordia
1273 3459 1419 3529 ejus:
1447 3463 1493 3512 et
1521 3471 1681 3528 usque
1707 3455 1759 3510 in
1788 3470 1877 3527 ge-

275 3548 535 3605 neratione
559 3558 606 3605 et
626 3549 1006 3619 genrationem
1034 3549 1224 3604 veritas
1244 3549 1381 3619 ejus.

2302 2525 2539 2569 PSALIUS
2579 2521 2604 2561 ε
2627 2527 2787 2570 ωνω
2815 2529 2866 2577 XN
2896 2528 3270 2583 CONFESSIONB.

2053 2602 2290 2660 Jubilale
2336 2604 2489 2671 Deo,
2533 2603 2713 2662 omnis
2758 2616 2941 2663 terra:
2995 2609 3198 2667 servile
3243 2610 3475 2671 Domino
3526 2615 3583 2674 in

1983 2697 2193 2755 laetitia.

2056 2790 2260 2855 Intrate
2293 2792 2345 2848 in
2385 2802 2683 2864 conspectu
2715 2792 2834 2865 ejus
2862 2836 2877 2863 ,
2928 2795 2981 2857 in
3028 2796 3439 2857 exsultatione:
3471 2801 3579 2857 sci-

1986 2893 2098 2942 tote
2144 2885 2288 2957 quod
2310 2884 2477 2963 ills.
2512 2886 2799 2959 quoniam]
2854 2887 3115 2946 Dominus
3145 2894 3261 2961 Ipse
3285 2901 3370 2949 est
3398 2893 3580 2951 Deus:

1984 2979 2100 3051 ipse
2130 2978 2251 3034 fecit
2286 2995 2405 3047 nos,
2436 2987 2493 3033 et
2519 2995 2622 3035 non
2656 2979 2755 3052 ἱραί
2791 2996 2911 3037 nos.

2053 3072 2163 3128 Nos
2213 3084 2393 3128 autem
2438 3072 2672 3144 populus
2720 3073 2838 3142 ejus
2863 3119 2876 3145 ,
2931 3083 2985 3129 et
3022 3090 3153 3141 oves
3180 3092 3395 3148 pascua:
3420 3079 3581 3149 ejus:

1983 3167 2185 3223 intrate
2214 3174 2397 3236 portas
2420 3165 2537 3234 ejus
2569 3165 2619 3220 in
2645 3166 3007 3238 confessione,
3027 3172 3161 3225 atria
3185 3173 3304 3241 ejus
3337 3172 3388 3227 in
3422 3174 3573 3245 Itym-

1980 3262 2063 3319 nis
2089 3258 2516 3317 confessionum.

2055 3352 2290 3409 Laudate
2314 3369 2513 3410 nomen
2536 3352 2677 3424 ejus,
2693 3356 2946 3426 quoniam
2972 3353 3100 3426 ius.
3123 3355 3273 3430 quia]
3304 3357 3484 3415 suavis
3500 3369 3585 3417 est

1985 3447 2246 3504 Dominus
2269 3488 2284 3514 ,
2329 3446 2381 3503 in
2428 3455 2689 3515 asternum
2719 3446 3097 3505 misericordia
3125 3449 3282 3523 ejus:
3329 3462 3386 3509 et
3412 3468 3584 3527 usque

1979 3544 2030 3599 in
2068 3540 2324 3597 siccatum
2356 3539 2538 3609 saeculi
2568 3540 2769 3600 veritas
2794 3540 2935 3613 ejus.

1692 3707 2050 3773 PSALMUS
2092 3708 2160 3771 C.

706 3848 942 3891 essemus
976 3849 1036 3891 -ι-
1070 3850 1166 3892 ιιιει
1202 3835 1224 3905 1
1258 3850 1437 3893 omn.

344 3929 762 3985 Misericordiam
788 3941 836 3986 et
858 3930 1123 4002 judicium
1145 3931 1365 3987 cantabo
1392 3931 1522 4001 tibi,
1555 3929 1796 3987 Domine.

342 4021 579 4077 Psallam
610 4020 636 4060 ιι
665 4038 725 4079 ές
756 4040 803 4078 et
860 4024 881 4092 1
924 4023 1213 4097 intelligam
1260 4026 1314 4081 in
1364 4026 1443 4081 via
1500 4026 1872 4081 immaculata:

274 4120 475 4188 quando
500 4118 671 4172 venies
699 4117 767 4171 ad
796 4118 922 4173 me?

346 4226 387 4266 ἡ
433 4210 539 4265 Per
560 4210 583 4279 1
606 4211 934 4266 ambulabant
955 4212 1005 4266 in
1025 4212 1319 4269 innocentia
1345 4213 1515 4269 cordis
1544 4213 1663 4282 mei,
1690 4214 1743 4269 in
1765 4230 1869 4269 me-

274 4305 353 4361 dio
374 4308 559 4361 domus
585 4323 727 4361 ntere.

341 4398 464 4452 Non
498 4414 558 4453 έν
593 4416 687 4471 pro
718 4399 739 4468 1
778 4400 1026 4468 ponebam
1058 4412 1176 4457 ante
1203 4403 1378 4459 oculos
1418 4383 1554 4460 nieos
1593 4419 1701 4460 rem
1728 4404 1871 4477 inju-

273 4500 397 4547 stam
441 4508 462 4548 :
496 4493 740 4564 facientes
767 4494 1216 4566 prcevaricationes
1243 4497 1401 4553 odivi.
1566 4495 1571 4499 ’

339 4749 364 4777 ⁸
406 4740 505 4796 llic
536 4739 733 4795 iterum
783 4738 1087 4813 Diapsalma
1127 4740 1269 4797 idem
1300 4756 1403 4797 ms.
1438 4742 1591 4798 addit
1625 4761 1636 4797 :
1672 4742 1860 4799 subse-

268 4813 449 4895 quemi
480 4821 662 4866 autern
694 4827 857 4868 versu
882 4813 1123 4881 obelum,
1157 4828 1315 4885 quem
1346 4816 1554 4884 respuit
1590 4823 1645 4870 cl.
1670 4818 1855 4883 Carus,

269 4895 649 5011 "lilibi‘tirbum
682 4955 1080 5013 substantivum
1100 4998 1113 5022 ν
1146 4958 1286 5026 (ιιιθά
1320 4958 1371 5014 ί¹¹
1401 4958 1591 5014 amco
1618 4958 1858 5029 quidem’

266 5043 368 5139 11211
400 5038 581 5084 autem
610 5040 666 5085 et
697 5034 748 5083 in
783 5029 1008 5085 Hebrano
1039 5029 1125 5085 Inc
1158 5040 1394 5097 resonat,
1432 5030 1707 5085 Palatinus
1741 5047 1845 5088 IIIS.

268 5103 292 5139 λ.
318 5102 475 5139 ⁵θένε,

282 5110 325 5154 ’ς
355 5110 413 5153 ‘2."
434 5122 452 5155 ε
486 5140 498 5152 .

268 5123 292 5156 ο
331 5110 663 5247 actilievero
690 5171 831 5227 idem
862 5188 965 5247 ms.
1000 5172 1425 5247 ipsumverbum
1454 5182 1565 5241 est,
1593 5189 1745 5247 seque
1771 5184 1858 5230 at-

268 5259 370 5319 que
399 5243 620 5319 obelum
649 5259 771 5319 cum
805 5243 1158 5319 originatibus
1191 5245 1342 5300 libris
1369 5249 1599 5319 ignorat.

263 5313 299 5443 1⁷
331 5313 360 5399 (ξ
400 5316 534 5372 Sine
565 5314 726 5371 obolo
754 5358 768 5383 ,
819 5313 962 5373 haud
997 5328 1176 5373 tamen
1219 5313 1412 5385 recte;
1461 5319 1605 5374 idem
1637 5332 1739 5373 ms.
1774 5317 1861 5375 hic

281 5398 407 5443 emt.

281 5404 536 5533 egsuptus
569 5457 730 5533 habet
762 5459 1061 5516 Vcronens.
1100 5475 1202 5515 ms.
1237 5479 1248 5513 :
1277 5470 1352 5517 est
1377 5477 1533 5533 super
1565 5462 1745 5518 omnes
1766 5479 1861 5533 po—

264 5533 434 5612 pulos.
463 5529 819 5612 Conﬁteau.‘ur
874 5534 1291 5612 omnes_nomini
1345 5529 1450 5612 tuo
1486 5550 1673 5606 magno
1699 5551 1718 5589 :
1748 5529 1857 5589 tum

260 5604 409 5672 juxta
464 5606 824 5672 AuguSIinum
853 5648 867 5673 ,
921 5605 1166 5675 quoniam
1238 5604 1467 5660 terribile
1510 5604 1586 5659 et‘
1625 5616 1860 5660 sanctum

264 5686 357 5737 est,
390 5684 499 5729 etc.
550 5675 609 5727 lit
640 5678 691 5728 in
741 5675 845 5730 line
881 5677 1106 5730 alterius
1147 5676 1215 5731 ab
1262 5677 1363 5731 hoc
1411 5677 1688 5743 versiculi,
1734 5695 1863 5745 quo—

264 5748 400 5799 niam
428 5756 637 5800 sanctus
660 5758 752 5815 est,
807 5762 867 5803 ac
895 5747 1113 5817 deinde,
1140 5757 1184 5803 et
1232 5748 1444 5805 Samuel
1472 5752 1525 5804 in
1557 5752 1636 5805 his
1664 5752 1752 5823 qui
1778 5752 1859 5805 iu—

262 5828 464 5884 rorant,
496 5826 603 5871 etc.

338 5888 355 5929 τ
400 5890 600 5947 lterum
624 5904 746 5947 cum
776 5890 1078 5963 Augustino
1102 5889 1245 5949 idem
1276 5904 1379 5949 ms.
1409 5908 1422 5946 :
1450 5907 1564 5962 quin
1588 5892 1730 5949 dedit
1762 5892 1857 5949 eis.

2308 3846 2543 3888 rsawus
2574 3847 2734 3889 ιιΑιίι)
2766 3833 2893 3905 [11s.
2924 3848 3023 3891 IPSI
3055 3837 3256 3914 Dum].

2054 3924 2481 3983 Ilisericordiam
2506 3934 2560 3981 et
2582 3923 2848 3995 judicium
2885 3928 3118 3984 cantabo
3142 3926 3278 3998 tibi,
3307 3931 3536 3991 Domine
3563 3956 3575 3993 ε

1981 4021 2208 4094 psallam
2238 4063 2252 4087 ,
2300 4028 2357 4076 et
2400 4018 2701 4091 intelligam
2752 4019 2806 4078 in
2838 4029 2920 4077 via
2966 4023 3331 4097 itmnaculata,
3357 4029 3579 4099 quando

1978 4114 2167 4173 venies
2198 4113 2263 4170 ad
2293 4111 2415 4169 me?

2048 4206 2075 4245 δ
2108 4206 2559 4267 Perambulabam
2612 4205 2665 4261 in
2716 4206 3024 4263 innocentia
3077 4208 3262 4267 cordis
3317 4213 3466 4286 mei,
3520 4214 3574 4271 in

1974 4303 2157 4361 medio
2180 4302 2372 4359 domus
2406 4310 2534 4357 tuae.
3066 4360 3071 4365 .

2046 4396 2164 4453 Non
2191 4394 2561 4468 proponebam
2609 4404 2734 4451 ante
2784 4395 2972 4452 oculos
3007 4411 3160 4454 meos
3189 4413 3306 4455 rem
3348 4401 3572 4471 malam,

1975 4488 2237 4546 facientes
2296 4487 2783 4560 praevaricationes
2841 4488 3028 4546 odivi:
3085 4500 3143 4547 et
3188 4507 3298 4549 non
3344 4494 3574 4551 adhaesit

1974 4581 2109 4639 mihi
2129 4596 2225 4638 cor
2253 4595 2501 4652 pravum.

1972 4739 2194 4795 Domine
2219 4736 2359 4793 Deus
2388 4746 2581 4804 uoster,
2606 4746 2659 4791 tu
2689 4738 2946 4808 emattdisti
2990 4754 3095 4805 eos,
3121 4748 3253 4808 ete.,
3304 4740 3569 4797 vindicans

1968 4815 2021 4866 in
2052 4826 2225 4866 oumes
2265 4808 2558 4878 aﬂ'ectiones
2588 4826 2783 4869 eorum.
2817 4804 3027 4865 Deinde
3065 4804 3213 4867 Solus
3241 4804 3564 4872 ’VcrOnens.

1968 4884 2185 4939 adorate
2210 4892 2435 4936 montem
2484 4890 2717 4936 sanctum
2760 4885 2894 4955 ejus,
2927 4881 3171 4952 quoniam
3216 4896 3425 4939 sanctus
3456 4885 3566 4941 Do-

2080 4972 2159 5009 IIS.

1969 4973 2275 5083 mgni-acet
2298 5040 2421 5081 cum
2454 5023 2756 5094 Augustino
2788 5022 3086 5079 Veronens.
3120 5039 3223 5081 ms.
3256 5026 3346 5082 hic
3368 5042 3564 5085 nomen

1892 5090 1947 5153 1)
1975 5097 2178 5166 David;
2225 5098 2357 5169 legit
2381 5112 2511 5152 vero
2538 5090 2774 5169 textu
2801 5137 2815 5163 ,
2847 5097 2901 5149 in
2917 5096 3277 5169 jocunditate,
3304 5113 3403 5168 pro
3432 5099 3566 5154 la'ti-

1971 5174 2083 5227 tia:
2111 5166 2476 5245 atquefaltero
2502 5166 2921 5245 ab_hoc_ver_su,_
2950 5168 3136 5245 intrate
3159 5170 3213 5223 in
3245 5166 3422 5245 portas
3442 5175 3563 5245 ejus

1970 5246 2025 5300 in
2073 5239 2428 5313 confessione,
2480 5242 2617 5294 atria
2663 5240 2868 5313 ejusin
2902 5239 3107 5308 hymnis
3137 5242 3453 5312 confitemini
3468 5239 3563 5299 'n:

1970 5312 2205 5387 denique
2234 5316 2288 5369 in
2325 5316 2465 5387 line,
2509 5324 2555 5366 et
2583 5327 2741 5383 usque
2782 5312 3246 5383 ingenerationem
3274 5323 3321 5369 et
3348 5330 3565 5387 genera-

1966 5385 2156 5445 tionem
2182 5388 2366 5442 veritas
2393 5385 2528 5456 ejus.

2044 5459 2074 5498 ιι
2115 5459 2280 5515 iidem
2315 5452 2426 5525 pari
2453 5468 2725 5509 consensu
2760 5453 2881 5508 libri
2909 5452 3029 5520 hic,
3062 5453 3487 5526 Deambulabam,
3512 5470 3571 5514 et

1972 5532 2324 5601 subsequenti
2354 5541 2513 5601 versu
2526 5569 2553 5601 ,1
2577 5526 3058 5601 prtcuaricationem
3086 5529 3209 5582 odio
3241 5529 3420 5595 habui,
3451 5540 3561 5587 etc.

1977 5598 2201 5665 Deinde,
2253 5600 2385 5673 Cum
2419 5598 2702 5652 declinaret
2740 5614 2771 5673 a
2801 5612 2881 5651 me
2910 5599 3172 5673 malignus
3197 5645 3210 5669 ,
3247 5614 3349 5673 non
3377 5616 3570 5673 cogno-

1967 5678 2187 5739 scebam,
2219 5670 2569 5745 detrahentem
2599 5672 2837 5745 proximo
2878 5687 2973 5725 suo
2998 5670 3197 5745 occulte
3219 5712 3239 5745 ,_
3271 5672 3409 5725 hunc
3441 5670 3563 5745 ner-

1965 5746 2231 5818 sequebar.
2295 5741 2533 5816 Superbo
2555 5740 2703 5799 oculo
2724 5753 2773 5799 et
2801 5743 3085 5800 insatiabili
3116 5743 3291 5816 corde,
3321 5740 3450 5799 huic
3467 5762 3569 5800 non

1966 5833 2081 5874 com
2094 5820 2321 5874 escebar.
