4090 6338
489 344 599 407 ’505

1499 333 1560 394 S.
1605 329 1985 391 IlIEBONYMl
2023 327 2259 393 DIVINA
2296 327 2776 390 BIBLIOTIIECA.

3694 329 3800 390 504

572 463 699 521 Νοη
744 458 964 518 αάΙιωεὶι
1005 455 1134 514 mihi
1183 470 1273 512 cor
1302 467 1559 528 pravum:
1587 451 1928 508 declinantem
1953 466 1986 506 a
2015 465 2095 507 me
2119 449 2176 515 Α
2270 449 2621 506 Declinantes
2651 464 2680 502 a
2717 462 2806 507 me
2830 445 3098 519 malignos
3123 456 3234 503 non
3264 444 3669 518 agnoscebam;
3702 446 3802 505 de-

498 556 784 631 malignt‘tm
809 569 912 608 non
936 547 1322 624 coynoscebam.

567 647 939 706 Detrahentem
959 654 1152 699 secreto
1174 641 1413 714 proximo
1432 656 1548 709 suo,
1583 637 1718 694 hunc
1740 636 2097 710 persequebar.

571 741 809 814 Superbo
853 737 1042 806 oculo,
1084 745 1132 792 et
1178 735 1462 792 insatiabili
1500 734 1692 804 corde,
1731 749 1848 788 cum
1872 731 1969 789 hoc
1996 749 2100 788 non

496 834 746 894 edebam.‘

575 928 728 987 Oculi
756 927 856 983 mei
883 927 953 982 ad
978 925 1160 997 fideles
1190 932 1363 992 terrae,
1395 933 1451 978 ut
1483 923 1694 979 sedeant
1722 935 1962 977 mecum:
1989 933 2104 976 am-

499 1024 683 1080 bulans
708 1022 764 1078 in
789 1022 872 1078 via
897 1019 1252 1089 immaculata,
1283 1019 1368 1074 hic
1394 1016 1755 1080 ministrabat.

499 1183 507 1198 ’
573 1203 700 1261 Νοη
725 1200 977 1258 habitabit
1012 1199 1067 1255 in
1093 1199 1264 1254 medio
1292 1197 1474 1254 domus
1504 1211 1629 1252 mea:
1653 1209 1713 1252 -ἓ-
1741 1204 1767 1234 δ
1799 1194 1887 1267 qui
1919 1193 1940 1264 ζ
1975 1194 2100 1265 facit

496 1297 833 1370 superbiam:
873 1294 961 1366 qui
1008 1293 1236 1364 loquitur
1281 1290 1496 1362 iniqua,
1545 1305 1650 1345 non
1678 1288 1863 1344 direxit
1890 1289 1944 1344 in
1972 1304 2100 1344 con-

495 1396 676 1461 spectu
703 1387 974 1442 oculorum
1001 1399 1250 1440 meorum.

570 1480 641 1536 In
663 1479 921 1536 matutino
955 1477 1330 1548 interﬁciebam
1366 1492 1542 1534 omnes
1581 1485 1874 1550 peccatores
1909 1487 2101 1534 terra:

498 1580 560 1628 ut
583 1571 933 1644 disperderem
959 1569 1023 1626 de
1045 1569 1249 1626 civitate
1274 1566 1487 1626 Domini
1517 1585 1690 1626 omnes
1708 1578 1978 1642 operantes
2000 1570 2105 1626 ini-

495 1666 766 1737 quitatem.

2200 543 2509 600 trahentem
2551 543 2819 600 adversus
2851 542 3154 616 proximum
3185 555 3344 598 suum
3371 540 3619 614 occulte,
3652 543 3803 600 hunc

2201 637 2590 710 persequebar.

2274 729 2524 800 Superbo
2551 729 2712 786 oculo
2737 771 2752 797 .
2786 739 2843 788 et
2879 727 3173 786 insatiabili
3205 727 3414 791 corde:
3445 743 3568 786 eum
3598 729 3704 787 hoc
3728 727 3806 786 si-

2202 823 2313 880 mul
2346 837 2456 879 non
2483 821 2736 880 edebam.

2273 916 2431 975 Oculi
2453 917 2560 974 mei
2589 933 2755 990 super
2776 916 2964 975 ﬁdeles
2991 925 3174 985 terrae,
3205 915 3225 956 ί
3257 923 3316 972 ιιι
3343 915 3569 974 sedeant
3597 916 3652 973 lti
3680 931 3798 974 meo

2205 1023 2328 1070 cum
2356 1029 2371 1068 :
2404 1010 2692 1069 ambulans
2742 1009 2798 1068 in
2829 1011 2915 1068 via
2949 1009 3318 1080 immaculata,
3367 1009 3458 1069 hic
3487 1010 3621 1068 mihi
3645 1011 3809 1069 mini-

2202 1105 2434 1162 strabat.
2490 1098 2496 1103 ’
3281 1155 3292 1162 .

2275 1195 2395 1254 Νοη
2423 1197 2692 1255 habitabit
2737 1196 2791 1254 in
2823 1196 3004 1255 medio
3031 1195 3228 1255 domus
3268 1211 3405 1254 mea:
3429 1196 3524 1269 qui
3554 1198 3685 1254 iacit
3713 1211 3812 1254 su-

2203 1289 2450 1363 perbiam
2479 1309 2494 1347 :
2541 1291 2632 1362 qui
2681 1290 2928 1363 loquitur
2967 1291 3153 1364 iniqua
3176 1331 3195 1361 ,
3226 1305 3333 1348 non
3361 1290 3566 1349 direxit
3589 1291 3647 1348 in
3673 1306 3812 1350 con-

2207 1391 2402 1457 spcctu
2426 1383 2707 1440 oculorum
2740 1399 3010 1440 meorum.
3139 1397 3146 1405 '

2282 1473 2340 1532 In
2360 1475 2639 1532 matutinis
2661 1475 3059 1533 interﬁciebam
3075 1491 3269 1534 omnes
3289 1484 3602 1548 peccatores
3616 1484 3810 1534 terrae:

2208 1577 2268 1626 ut
2295 1568 2605 1641 disperdam
2635 1568 2766 1642 [ιη.
2795 1569 2924 1625 add.
2956 1569 3075 1643 eos]
3102 1570 3173 1628 de
3192 1570 3413 1630 civitate
3438 1570 3657 1630 Domini
3686 1588 3814 1630 om-

2209 1677 2308 1722 nes
2336 1663 2429 1736 qui
2457 1671 2756 1736 cperantur
2781 1662 3144 1736 iniquitatem.

1905 1825 2268 1891 PSALMUS
2311 1827 2410 1892 Cl.

499 1974 696 2020 οιιλτιο
735 1969 998 2016 PAUPEBIS
1023 1999 1038 2025 ,
1079 1968 1188 2010 ουκ
1221 1951 1251 1992 δ
1297 1968 1488 2010 ΔΝιιυε
1537 1969 1772 2020 ι’ῦειιιτ,
1813 1968 1883 2010 ετ
1923 1969 2102 2011 ΟΟΒΑΙΙ

2220 1969 2408 2012 ORATIO
2437 1963 2462 2004 Β
2493 1968 2747 2012 PAUPEBIS
2767 1996 2784 2022 ,
2807 1967 2915 2010 CUI!
2956 1966 3232 2010 ANXIATUS
3259 1968 3455 2011 FUERI‘I‘
3475 1998 3491 2025 ,
3530 1970 3603 2012 B'l'
3633 1969 3814 2012 εοιιλιι

804 2043 1002 2086 DOIINO
1041 2040 1342 2082 EFFUDBBIT
1379 2039 1587 2082 PRECEI
1626 2037 1799 2083 80AM.

505 2119 507 2121 ’
572 2123 827 2191 Domine,
867 2119 1055 2178 exaudi
1091 2118 1381 2175 orationem
1412 2134 1576 2175 meam
1600 2134 1621 2175 :
1660 2129 1709 2176 et
1738 2116 1935 2175 clamor
1963 2134 2106 2175 nteus

497 2221 568 2278 ad
596 2229 643 2276 te
662 2218 856 2275 veniat.

572 2315 699 2372 Non
723 2320 922 2369 avertas
948 2309 1136 2384 faciem
1162 2317 1304 2365 tuam
1325 2327 1358 2366 a
1383 2327 1461 2367 me
1485 2310 1575 2366 :in
1603 2319 1626 2350 ο
1645 2325 1705 2367 -θι
1724 2325 2051 2383 quacumque
2078 2309 2102 2381 ζ

498 2409 584 2465 die
611 2406 849 2473 tribulor,
879 2404 1076 2460 inclina
1101 2403 1170 2457 ad
1191 2415 1277 2457 me
1300 2419 1475 2459 aurem
1508 2412 1672 2460 tuam.

572 2500 642 2558 1η
661 2514 984 2575 quacumque
1009 2497 1094 2553 die
1118 2497 1419 2554 invocavero
1441 2513 1499 2554 -:~
1533 2507 1581 2554 te
1601 2498 1623 2568 ζ
1653 2498 1894 2555 velociter
1917 2499 2108 2555 exaudi

500 2611 604 2652 me.

498 2720 500 2722 τ
576 2685 715 2756 Quia
744 2685 1044 2758 defecerunt
1075 2684 1210 2741 sicut
1238 2685 1416 2757 fumus
1455 2684 1562 2741 dies
1600 2685 1746 2755 mei;
1773 2694 1821 2742 et
1849 2703 1966 2743 ossa
1997 2704 2110 2746 mea

505 2781 638 2836 sicut
660 2779 908 2834 cremium
931 2786 1203 2833 aruerunt.

577 2871 867 2927 Percussus
893 2866 922 2908 ά
949 2885 1066 2924 sum
1092 2877 1146 2924 ut
1175 2869 1372 2940 fenum,
1404 2879 1451 2925 et
1476 2870 1614 2926 aruit
1645 2886 1736 2926 cor
1761 2887 1928 2928 meum
1946 2887 1966 2928 :
1985 2871 2110 2944 quia

505 2967 694 3023 oblitus
716 2979 834 3021 sum
855 2962 1122 3018 comedere
1151 2978 1336 3033 panem
1363 2979 1552 3018 meum.

577 3059 625 3116 Α
651 3073 774 3114 voce
797 3055 1018 3131 gemitus
1041 3055 1163 3124 mei,
1193 3054 1415 3111 adhaesit
1443 3072 1499 3110 os
1524 3072 1689 3112 meum
1715 3058 1861 3112 carni
1889 3073 2035 3114 mete.

511 3232 523 3243 ’
581 3243 784 3303 Similis
821 3242 990 3314 factus
1028 3257 1143 3297 sum
1177 3240 1409 3314 pelicano
1441 3240 1778 3299 solitudinis:
1803 3243 1969 3314 factus
1997 3258 2112 3298 sum

508 3339 646 3394 sicut
670 3335 973 3408 nycticoraa:
993 3332 1114 3406 lMs.
1144 3332 1460 3404 necticorax]
1487 3335 1543 3388 in
1573 3335 1857 3390 domicilio.

582 3430 833 3504 Vigilavi,
847 3437 896 3484 et
918 3429 1089 3500 factus
1109 3444 1223 3483 sum
1243 3428 1377 3482 sicut
1399 3430 1850 3498 passersolitarius
1874 3429 1928 3485 in
1950 3437 2103 3486 tecto.

577 3523 716 3580 Tota
744 3521 827 3578 die
856 3518 1238 3594 exprobrabant
1273 3519 1401 3574 mihi
1432 3519 1628 3575 inimici
1659 3521 1757 3576 mei
1786 3535 1846 3577 -t—
1880 3531 1929 3578 et
1964 3521 1986 3590 ζ
2019 3521 2110 3593 qui

506 3616 792 3674 laudabant
821 3629 924 3682 me,
953 3613 1223 3668 adversum
1243 3629 1322 3668 me
1341 3612 1618 3686 jurabant.

583 3706 718 3775 Quia
761 3704 986 3760 cinerem
1035 3711 1296 3774 tamquam
1340 3720 1525 3774 panem
1566 3703 1945 3762 manducabaut
1986 3723 2009 3764 .°
2061 3717 2110 3762 et

506 3813 533 3840 ο
559 3811 736 3873 potum
756 3813 931 3855 meum
957 3813 1074 3852 cum
1098 3799 1225 3868 fletu
1254 3797 1546 3854 miscebant.

577 3895 625 3950 Α
652 3892 788 3965 facie
819 3892 914 3946 irae
947 3898 997 3945 et
1033 3888 1410 3961 indignationis
1441 3901 1544 3948 tua:
1567 3907 1589 3948 :
1612 3894 1736 3965 quia
1758 3894 1962 3952 elevans
1990 3893 2114 3952 alli-

507 3987 621 4044 sisti
648 4002 750 4042 me.

581 4080 710 4136 Dies
754 4078 856 4135 mei
901 4078 1032 4134 sicut
1080 4077 1265 4134 untbra
1313 4078 1818 4139 declinaverunt:et
1847 4098 1942 4155 ego
1976 4083 2111 4140 sicut

507 4176 689 4247 fenum
713 4175 849 4229 arui.

581 4269 662 4326 Tu
691 4279 864 4326 autem
889 4310 905 4338 ,
937 4267 1187 4336 Domine,
1224 4267 1278 4324 in
1304 4277 1551 4325 mternum
1579 4285 1846 4343 permanes
1872 4287 1892 4328 :
1927 4281 1978 4329 et
2006 4288 2112 4330 me-

506 4362 731 4419 moriale
757 4371 904 4418 tuum
932 4361 988 4418 in
1012 4361 1391 4434 generationem
1414 4403 1430 4432 ,
1464 4372 1512 4418 et
1537 4367 1945 4436 generationem.

2574 2041 2679 2084 Ι)Εο
2709 2040 3015 2082 εηυυειιιτ
3047 2040 3259 2082 PBECEI
3283 2041 3453 2083 SUAI.

2277 2121 2546 2190 Domine,
2615 2121 2818 2180 exaudi
2879 2121 3186 2178 orationem
3233 2135 3452 2178 meam:
3500 2129 3558 2178 et
3600 2120 3815 2179 clamor

2208 2232 2366 2274 meus
2391 2216 2459 2272 ad
2485 2224 2538 2273 te
2570 2214 2877 2288 perveniat.

2278 2308 2358 2366 Ne
2385 2319 2604 2366 avertas
2639 2307 2839 2366 (aciem
2867 2315 3014 2364 tuam
3042 2321 3072 2362 a
3099 2322 3190 2365 me
3214 2324 3228 2364 :
3267 2306 3322 2364 in
3353 2321 3696 2380 quacumque
3723 2307 3815 2364 die

2210 2403 2468 2472 tribulor,
2495 2402 2698 2459 inclina
2735 2400 2804 2458 ad
2834 2417 2922 2457 me
2947 2415 3135 2458 aurem
3169 2409 3352 2457 tuam:
3380 2401 3437 2458 in
3463 2414 3811 2473 quacumque

2209 2496 2298 2555 die
2326 2497 2657 2554 invocarem
2685 2504 2759 2567 te,
2785 2494 3053 2553 volociter
3077 2494 3276 2553 exaudi
3305 2509 3417 2553 me.

2294 2678 2431 2748 Quia
2479 2678 2804 2737 deiecerunt
2849 2677 2992 2735 sicut
3044 2676 3228 2737 fumus
3269 2676 3387 2735 dies
3427 2676 3577 2734 mei:
3606 2685 3660 2732 et
3688 2688 3814 2732 ossa

2212 2789 2333 2833 mea
2365 2774 2510 2830 sicut
2540 2774 2595 2830 itt
2626 2772 2856 2830 lrixorio
2883 2771 3140 2830 eonfrixa
3168 2780 3318 2829 sunt.

2285 2869 2585 2926 Percussus
2626 2884 2746 2925 sum
2776 2868 2918 2926 sicut
2956 2867 3140 2925 fenum
3166 2908 3183 2933 ,
3223 2876 3280 2923 et
3305 2866 3448 2923 aruit
3475 2880 3574 2922 cor
3601 2863 3810 2936 meum,

2211 2965 2338 3037 quia
2368 2962 2496 3036 [Με.
2522 2960 2806 3036 quoniam]
2849 2962 3056 3019 oblitus
3099 2977 3221 3018 sum
3240 2961 3583 3040 manducare
3609 2973 3812 3031 panem

2213 3072 2430 3114 meum:
2480 3071 2513 3112 a
2543 3072 2679 3114 voce
2705 3055 2938 3129 gemitus
2967 3055 3112 3126 mei,
3145 3053 3501 3112 adbteserunt
3536 3068 3664 3111 ossa
3688 3067 3813 3109 mea

2212 3150 2364 3208 carni
2392 3166 2552 3208 meat.

2287 3244 2496 3303 Similis
2522 3245 2702 3302 factus
2753 3261 2873 3302 sum
2904 3245 3155 3317 pelicano
3193 3245 3248 3302 in
3276 3243 3572 3302 solitudine
3595 3285 3614 3314 ,
3649 3251 3707 3300 et
3734 3241 3817 3298 fa-

2136 3354 2184 3420 c
2215 3349 2336 3397 etus
2365 3355 2513 3407 sum,
2547 3337 2577 3376 ιι
2606 3339 2749 3395 sicut
2786 3339 3098 3412 nycticorax
3141 3337 3196 3394 in
3218 3337 3538 3394 domicilio:
3570 3334 3814 3408 vigilavi,

2211 3444 2269 3492 et
2297 3435 2471 3492 lactus
2493 3449 2615 3491 sum
2644 3435 2788 3491 sicut
2815 3449 3012 3505 passer
3043 3435 3059 3472 ί
3093 3433 3287 3491 unicus
3309 3435 3364 3488 in
3395 3431 3653 3488 :edilicio.

2286 3527 2422 3583 Tota
2450 3527 2542 3584 die
2585 3527 2993 3600 exprobrabant
3035 3525 3050 3578 i
3099 3542 3186 3584 me
3232 3526 3436 3584 inimici
3463 3525 3612 3582 mei:
3645 3531 3702 3582 et
3722 3522 3817 3596 qui

2215 3635 2304 3677 me
2326 3617 2640 3690 laudabant,
2675 3619 2937 3676 adversus
2967 3635 3056 3676 me
3079 3618 3356 3690 jurabant.

2289 3713 2426 3782 Quia
2471 3713 2712 3770 cinerem
2741 3713 2885 3769 sicut
2928 3727 3125 3783 panem
3163 3711 3560 3770 manducabam
3589 3728 3603 3766 :
3633 3719 3691 3768 et
3717 3724 3816 3784 po-

2217 3815 2333 3864 tum
2361 3821 2544 3863 meum
2575 3821 2698 3861 cum
2731 3805 2862 3862 ﬂetu
2890 3804 3289 3876 temperabam.

2288 3900 2491 3956 Alacie
2540 3899 2636 3956 ira:
2684 3908 2740 3957 et
2785 3897 3178 3970 indignationis
3227 3907 3374 3958 tua}:
3421 3896 3550 3970 quia
3589 3895 3816 3954 elevans

2215 3992 2410 4050 elisisti
2437 4007 2545 4048 me.

2287 4084 2413 4142 Dies
2460 4083 2568 4140 mei
2609 4083 2753 4140 sicut
2782 4068 2979 4140 umbra
3005 4081 3456 4140 declinaverunt:
3491 4087 3548 4138 ct
3571 4096 3675 4153 ego
3704 4081 3816 4139 sic-

2217 4187 2277 4236 ut
2307 4177 2435 4250 [Ms.
2464 4177 2634 4249 velut]
2675 4178 2863 4234 fenum
2893 4176 3036 4234 arui.

2291 4271 2374 4328 Tu
2427 4281 2632 4342 autem,
2681 4272 2928 4340 Domine,
2982 4270 3038 4328 in
3086 4280 3351 4329 mlernum
3400 4284 3711 4343 permanes,
3762 4279 3824 4327 et

2226 4365 2545 4424 memoriale
2578 4376 2728 4422 tuum
2755 4365 2810 4422 in
2843 4364 3104 4423 saeculum
3128 4363 3334 4421 saeculi.

591 4556 619 4586 α
658 4545 790 4604 Sine
806 4543 966 4604 obelo
991 4542 1274 4602 Palatinus
1289 4559 1393 4601 ms.
1414 4553 1469 4602 et
1488 4542 1662 4602 Carus
1680 4561 1983 4619 pronomen
2013 4548 2119 4606 hoc
2144 4547 2196 4611 Ι)
2223 4549 2420 4604 habitat
2447 4550 2499 4604 in
2531 4547 2813 4604 solitudine
2839 4588 2855 4615 ,
2904 4548 3073 4618 factus
3106 4561 3223 4600 sum
3261 4544 3396 4599 sicut
3435 4542 3736 4619 nycticoratr
3762 4542 3819 4597 in

515 4617 724 4746 leghml't‘i
746 4689 994 4747 Palatino
1015 4703 1120 4746 ms.
1151 4702 1269 4760 cum
1297 4689 1541 4745 anxiatus
1570 4689 1763 4760 fuerit,
1819 4699 1868 4747 et
1908 4692 1978 4747 ad
2011 4691 2116 4749 Do-

517 4765 721 4819 minunt
743 4778 948 4832 precem
981 4779 1041 4817 -:~
1077 4760 1134 4832 ef
1156 4759 1179 4826 ζ
1215 4761 1436 4831 fuderit.

591 4846 616 4875 ο
657 4831 833 4890 Minus
881 4843 1032 4890 recte
1084 4831 1225 4888 idem
1253 4848 1372 4902 .ms.
1418 4845 1474 4889 et
1519 4832 1692 4890 Carus
1721 4833 1938 4892 obelum
1966 4835 2116 4892 hunc

517 4906 804 5033 omilttunt.
845 4906 1210 4977 Subsequenti
1243 4917 1375 4960 vero
1402 4904 1635 4961 Palatin.
1668 4922 1774 4962 ms.
1806 4908 1958 4964 addit
1985 4907 2116 4963 Dia-

517 4995 613 5033 ma
639 4995 741 5033 ma.

558 4995 741 5034 satma.

517 4997 928 5120 p“amitfeposuit
963 5047 1185 5118 sequior
1212 5061 1410 5104 manus
1438 5047 1493 5104 in
1525 5048 1720 5106 eodem
1750 5063 1854 5106 ms.
1884 5048 2114 5107 Percus-

518 5138 608 5177 sus
631 5128 728 5176 εει.

592 5203 618 5264 ξε
661 5190 1112 5264 ΙᾷθῐῐὶγΡέΙΩῑῘηιιβ
1137 5205 1267 5258 ms.,
1296 5201 1346 5248 et
1371 5190 1615 5264 poculum
1634 5208 1826 5261 meum,
1859 5203 1966 5251 etc.

590 5262 614 5302 ί
658 5263 758 5320 Ms.
795 5263 1148 5327 Veronensis,
1192 5271 1247 5316 ut
1273 5262 1682 5319 simulsederent
1705 5281 1724 5320 .°
1753 5274 1916 5331 atque
1939 5266 2114 5323 altero

515 5350 702 5394 versu.
758 5333 879 5392 Non
921 5333 1183 5389 habitabat
1232 5334 1288 5388 in
1330 5335 1504 5389 medio
1541 5335 1728 5391 domus
1763 5352 1892 5392 mea:
1912 5337 2114 5406 faciens

513 5407 808 5480 superbiam
831 5447 848 5473 ,
895 5407 1109 5477 loquens
1157 5406 1336 5472 iniqua
1361 5421 1380 5460 :
1411 5406 1584 5480 ferme
1627 5421 1752 5463 cum
1777 5408 2107 5480 Augustino,

519 5488 580 5534 ut
605 5489 659 5535 et
683 5479 737 5534 in
763 5479 901 5546 line;
925 5494 1096 5531 omnes
1118 5486 1390 5549 aperantes
1413 5478 1757 5549 iniquitatem.

593 5561 619 5598 ε
661 5550 856 5608 Ferme
897 5563 1022 5604 cum
1053 5549 1350 5616 Augustino
1379 5548 1712 5606 Veranensis
1759 5565 1862 5606 ms.
1888 5592 1903 5615 ,
1935 5551 2116 5608 Oratio

519 5624 695 5693 inapis
721 5619 1079 5695 cum_ta‘diutn
1104 5629 1364 5695 pateretur
1395 5620 1987 5695 (August.,angeretur)
2001 5626 2115 5679 etin

517 5689 790 5765 conspectu
835 5691 1045 5746 Domini
1070 5689 1258 5758 effudit
1299 5689 1498 5765 precem
1513 5689 1696 5748 'suam.
1742 5689 1977 5765 Exaudi."
2008 5697 2115 5750 Do-

518 5766 657 5819 mine
681 5807 696 5832 ,
726 5765 1012 5819 orationem
1051 5777 1256 5834 meant:
1290 5779 1412 5816 mox
1443 5764 1575 5830 cito,
1610 5781 1707 5834 pro
1747 5764 2004 5821 velociter.
2047 5769 2115 5822 Et

519 5846 644 5903 post
691 5837 867 5906 alium
911 5848 1175 5906 versum.
1197 5831 1512 5906 Percussum
1539 5831 1624 5888 est
1642 5839 1775 5890 sicut
1807 5837 2024 5906 fenum,
2057 5848 2116 5892 et

517 5905 874 5978 subsequcnti
914 5904 1024 5961 alio
1050 5945 1066 5974 ,
1114 5903 1318 5963 Similis
1372 5909 1540 5978 factus
1575 5922 1689 5963 sum
1719 5903 1956 5978 pelicauo
1981 5903 2115 5982 {qui

2224 4622 2498 4691 parietinis
2521 4637 2538 4674 :
2566 4622 2776 4692 vigilavi
2795 4662 2811 4686 ,
2840 4615 3086 4692 etfactus
3106 4619 3400 4692 _sum_s_icut
3429 4631 3609 4692 passer
3631 4615 3823 4692 singu-

2220 4685 2348 4748 laris
2369 4693 2423 4747 in
2453 4685 2636 4750 tecto."
2668 4693 2784 4748 lluc
2812 4685 2956 4748 refer
2983 4689 3211 4746 solidam
3250 4688 3564 4758 Hieronymi
3614 4685 3809 4752 dispu-

2220 4764 2479 4820 tationem
2509 4765 2562 4820 in
2591 4765 2737 4820 hunc
2766 4778 3006 4829 versum,
3035 4777 3156 4832 quze
3185 4768 3355 4815 totum
3385 4758 3501 4814 fere
3524 4772 3816 4813 numerum

2219 4837 2572 4908 65_Epistolaa
2600 4837 2668 4890 ad
2704 4836 2967 4908 Sunniam
2993 4844 3046 4889 et
3075 4832 3347 4908 Frctelaut
3380 4837 3546 4908 tenet.

2293 4906 2320 4946 ιι
2363 4900 2437 4964 De
2467 4909 2570 4964 bac
2596 4923 2732 4963 voce
2765 4907 3073 4979 nycticoraa:
3103 4904 3253 4979 plura
3289 4900 3823 4979 disseritllierony:

2220 4997 2340 5036 mus
2387 4981 2439 5036 in
2483 4995 2581 5034 sua
2613 4979 2776 5050 epist.
2802 4970 3022 5033 'Videsis
3065 4970 3480 5031 observationes
3528 4970 3819 5027 Prodrotni

2218 5053 2390 5109 nostri
2419 5051 2484 5106 ad
2511 5049 2659 5106 hunc
2677 5051 2878 5105 locum.
2908 5049 3090 5103 ΜΑιιτ.

2298 5123 2313 5161 ί
2352 5123 2424 5178 Ita
2466 5124 2721 5193 antiquos
2752 5120 3070 5193 Latinorum
3101 5117 3320 5193 codices
3347 5116 3516 5172 luisse
3545 5113 3822 5187 interpre-

2221 5206 2360 5251 tatos
2388 5188 2635 5264 agnoscit
2669 5194 2810 5249 idem
2842 5191 3228 5264 Hieronymus.
3268 5188 3449 5264 Mur.

2295 5267 2309 5319 i
2360 5258 2563 5323 νει-οη.
2589 5281 2709 5321 cum
2745 5267 2970 5335 August.
3012 5258 3392 5329 eiprobrabant
3445 5259 3576 5314 mihi
3621 5258 3822 5335 inimici

2225 5349 2361 5406 tum,
2387 5338 2489 5393 mei
2514 5354 2533 5391 :
2562 5337 2819 5406 Quoniam
2832 5331 3065 5389 'cinerem
3093 5335 3225 5388 sicut
3257 5349 3440 5406 partem
3480 5331 3821 5406 manducavi,

2219 5422 2266 5464 et
2295 5404 2470 5482 potum
2495 5404 2661 5482 meum
2689 5423 2805 5461 cum
2832 5409 2959 5478 fletu
2990 5407 3284 5482 miscebant.
3317 5405 3358 5458 A
3402 5404 3535 5474 facie
3564 5404 3659 5482 ira:
3717 5412 3824 5482 tua:

2218 5495 2265 5537 et
2295 5477 2666 5552 indignationis
2705 5477 3098 5552 tumquouiam
3121 5477 3818 5552 elevans,.peucsmAugust.

2220 5545 2427 5608 levasti:
2448 5553 2582 5606 llinc
2630 5550 2840 5606 duobus
2866 5545 3184 5618 interjectis
3215 5545 3497 5618 versibus,
3548 5545 3630 5598 Tu
3652 5561 3776 5618 vero
3800 5583 3820 5610 ,

2219 5623 2520 5688 Domine,in
2545 5633 2790 5677 aeternum
2834 5616 3036 5685 manes,
3053 5630 3100 5674 et
3131 5616 3430 5673 memoriale
3461 5627 3612 5670 tuum
3643 5617 3703 5688 in
3731 5631 3822 5688 ge-

2220 5686 2535 5750 nerationem
2559 5703 2606 5748 et
2653 5695 3054 5764 generationem,
3083 5689 3160 5745 Tu
3189 5706 3469 5764 exsurgens
3499 5686 3822 5764 misereberis

2221 5768 2371 5832 Sion,
2391 5757 3474 5838 quoniamv'cnitlAugustinsverbumhuc
3503 5757 3667 5838 tacet)
3690 5766 3825 5811 tern-

2218 5855 2338 5911 pus,
2361 5830 2417 5896 ut
2463 5839 2754 5896 miserearis
2770 5830 3033 5914 ejuslvel
3062 5835 3132 5909 ei)
3161 5834 3406 5906 quoniam
3432 5830 3566 5887 venit
3594 5838 3818 5902 tempus.
