4090 6338
285 359 383 420 505
1376 360 1398 431 ἓ

354 474 428 531 Tu
456 490 739 550 exsurgens
768 477 1087 534 misereberis
1135 477 1267 536 Sion
1311 494 1331 539 :

285 568 480 625 serendi
508 579 535 607 λ
561 573 707 641 eius,
744 575 809 639 ῖς(
831 571 954 643 quia
974 573 1107 626 venit
1137 578 1351 645 tempus.

351 662 610 729 Quoniam
638 664 661 734 ζ
716 666 1029 735 placuerunt
1073 668 1232 721 servis
1262 667 1361 722 tuis
1394 667 1592 740 lapides
1621 671 1734 742 ejus
1760 712 1777 741 ,
1830 682 1880 729 et

285 768 425 815 terra:
450 762 566 832 ejus
593 759 992 815 miserebantur.

344 851 410 906 Et
439 851 689 908 timebunt
717 861 891 925 gentes
916 851 945 891 ι’
974 870 1157 909 nomen
1188 861 1365 921 tuum,
1396 854 1619 911 Domine
1647 872 1666 913 :
1692 867 1741 913 et
1771 874 1882 914 om-

283 961 363 999 nes
390 960 533 1016 reges
563 953 715 1000 terra:
741 946 963 1019 gloriam
992 956 1158 1002 tuam.

347 1038 484 1105 Quia
510 1038 792 1110 tediﬁcauit
821 1038 1077 1096 Dominus
1108 1038 1238 1097 Sion
1260 1055 1281 1096 :
1316 1049 1362 1096 et
1408 1041 1660 1097 videbitur
1689 1043 1742 1097 in
1768 1045 1881 1116 glo-

279 1148 355 1187 na
374 1149 489 1187 sua.

342 1224 590 1297 Respexit
648 1225 701 1280 in
747 1225 1033 1282 orationem
1079 1225 1356 1283 humilium

280 1335 471 1390 precem
502 1336 707 1376 eorum.

343 1411 657 1467 Scribuntur
684 1412 797 1469 [uec
833 1412 889 1467 in
919 1423 941 1452 ο
979 1415 1309 1486 generatione
1347 1414 1513 1471 altera
1541 1431 1562 1473 :
1584 1426 1634 1474 et
1657 1419 1879 1491 populus

279 1504 361 1576 qui
389 1506 680 1572 creabitur,
714 1505 950 1562 laudabit
977 1506 1280 1561 Dominum.

344 1598 477 1666 Quia
508 1600 774 1672 prospexit
801 1601 867 1655 de
886 1600 1088 1656 excelso
1123 1609 1300 1656 sancto
1324 1617 1418 1669 suo
1447 1617 1463 1654 :
1514 1601 1771 1659 Dominus
1814 1606 1881 1660 de

277 1694 395 1750 caelo
417 1695 472 1748 in
500 1704 697 1750 terram
730 1695 953 1767 aspexit.

346 1787 412 1843 Ut
439 1789 641 1843 audiret
666 1790 885 1862 gemitus
915 1789 1323 1861 compeditorum
1354 1805 1374 1846 :
1405 1800 1460 1847 ut
1485 1793 1706 1850 solveret
1738 1795 1878 1865 ﬁlios

274 1881 715 1954 interemptorum.

342 1973 409 2029 Ut
455 1975 762 2030 annuntient
791 1975 845 2030 in
873 1974 1009 2031 Sion
1048 1992 1235 2033 nomen
1277 1976 1490 2035 Domini
1519 1995 1539 2036 :
1587 1990 1635 2036 et
1667 1981 1877 2040 tandem

274 2067 381 2137 ejus
407 2066 462 2121 in
488 2065 808 2123 Jerusalem.

337 2158 406 2214 In
434 2160 783 2216 convenientia
822 2161 1045 2234 populos
1091 2162 1146 2219 in
1178 2180 1339 2220 unum
1362 2207 1377 2235 ,
1408 2175 1457 2222 et
1496 2182 1641 2240 reges
1684 2177 1741 2224 ut
1768 2186 1877 2226 ser-

272 2253 407 2308 viant
435 2252 685 2310 Domino.

339 2349 630 2423 Respondit
657 2352 707 2407 ei
736 2352 789 2406 in
816 2352 900 2406 via
924 2352 1129 2409 virtutis
1157 2369 1265 2410 sua:
1290 2369 1312 2411 :
1339 2356 1653 2428 paucitatem
1673 2358 1876 2415 dierum

277 2459 501 2499 meorum
528 2445 717 2500 nuntia
742 2445 891 2503 mihi.

342 2536 426 2594 Ne
483 2554 689 2596 revoces
741 2557 823 2597 me
864 2542 920 2598 in
967 2543 1187 2601 dimidio
1234 2547 1434 2603 dierum
1472 2564 1703 2607 meorum
1753 2567 1773 2607 :
1822 2552 1877 2608 in

269 2631 649 2701 generationem
677 2641 726 2689 et
753 2637 1137 2707 generationem
1166 2641 1293 2694 anni
1318 2642 1418 2698 tui.

338 2721 549 2779 Initio“
594 2741 657 2782 -ιν
688 2735 745 2781 tu
785 2727 1009 2786 Domine
1041 2730 1063 2800 ζ
1094 2741 1284 2789 terram
1315 2733 1550 2807 fundasti
1575 2751 1594 2791 :
1618 2744 1668 2793 et
1718 2753 1877 2812 opera

272 2832 511 2872 manuum
534 2826 747 2875 tuarum
779 2836 837 2877 έ-
868 2835 987 2878 sunt
1021 2824 1043 2894 ζ
1072 2826 1206 2882 caeli.

338 2906 451 2979 Ipsi
471 2911 716 2982 peribunt
737 2954 754 2981 ,
784 2922 841 2968 tu
868 2923 1042 2969 autem
1083 2933 1349 2988 permanes
1386 2935 1405 2975 :
1454 2929 1503 2977 et
1533 2938 1707 2980 omnes
1736 2923 1875 2980 sicut

276 3001 625 3057 vestimentum
652 3014 964 3062 velerascent
990 3006 1011 3080 [
1034 3008 1134 3064 Ms.
1168 3021 1492 3068 veterascunt
1518 3012 1561 3085 ].

340 3103 363 3131 ε
387 3092 452 3148 Et
472 3095 609 3150 sicut
636 3100 949 3171 opertorium
970 3102 1191 3158 mutabis
1214 3120 1321 3173 eos,
1345 3114 1392 3159 et
1419 3108 1793 3167 mutabuntur:
1820 3119 1877 3167 tu

271 3199 434 3244 autem
466 3206 528 3246 -ξ-
563 3191 747 3263 idem:
790 3195 901 3267 ipse
921 3212 1006 3266 es,
1048 3207 1095 3252 et
1121 3199 1249 3253 anni
1279 3200 1357 3255 tui
1379 3217 1480 3256 non
1505 3203 1765 3274 deﬁcient.

1406 1245 1426 1288 :
1474 1238 1522 1284 et
1552 1246 1652 1285 non
1691 1231 1880 1303 sprevit

1613 366 1819 425 LIBER
1858 371 2302 435 PSALMORUM.

1386 480 1507 550 quia
1538 489 1735 553 tempus
1779 487 1878 543 mi-

2051 496 2132 552 Tu
2160 506 2458 567 exsurgens
2486 491 2837 551 misereberis
2878 492 3010 552 Sion
3041 509 3053 548 :
3086 493 3212 567 quia
3240 493 3392 553 venit
3436 504 3576 553 tem-

3468 377 3577 438 306

1982 601 2086 659 pus
2106 586 2397 645 miserendi
2426 586 2564 658 ejus.

2051 680 2186 750 Quia
2245 681 2381 755 [Μδ.
2442 679 2740 755 quoniam]
2801 680 3207 754 beneplacitum
3267 680 3578 741 habuerunt

1980 773 2123 828 servi
2146 773 2221 828 tui
2246 771 2455 845 lapides
2479 771 2601 843 ejus
2626 791 2638 826 :
2667 781 2720 829 et
2752 770 2769 811 τ
2804 780 2965 830 terrae
2993 773 3113 844 ejus
3141 774 3572 833 miserebuntur.

2053 867 2123 924 Et
2169 867 2436 924 timebunt
2483 877 2676 938 gentes
2719 883 2917 925 nomen
2963 876 3140 938 tuum,
3188 869 3469 927 Domine:
3521 878 3580 927 et

1980 974 2173 1017 omnes
2198 975 2354 1032 rcges
2385 969 2546 1016 terra:
2575 960 2804 1031 gloriam
2834 970 3006 1017 tuam.

2052 1053 2319 1124 Quoniam
2378 1052 2671 1109 tedilieabit
2727 1052 2870 1126 [Ms.
2923 1053 3244 1128 :edilicavit]
3311 1054 3576 1113 Dominus

1980 1146 2113 1204 Sion
2144 1165 2157 1201 :
2190 1157 2245 1203 et
2274 1146 2547 1203 videbitur
2574 1147 2629 1203 in
2660 1148 2947 1219 majestate
2974 1163 3095 1205 sua.

2055 1241 2124 1298 Et
2155 1241 2396 1312 respexit
2421 1242 2477 1297 in
2502 1242 2779 1299 orationes
2808 1257 3108 1316 pauperum
3144 1260 3158 1299 :
3189 1251 3246 1301 et
3273 1259 3383 1302 non
3411 1259 3569 1317 spre-

1979 1333 2059 1391 vit
2088 1347 2281 1405 preces
2307 1348 2517 1390 eorum.

2052 1425 2372 1485 Scribuntur
2412 1427 2528 1484 huic
2567 1427 2622 1484 in
2647 1426 2997 1500 generatione
3033 1428 3204 1486 altera

1981 1519 2065 1577 lus
2087 1520 2180 1592 qui
2209 1520 2506 1589 creabitur,
2538 1520 2784 1577 laudabit
2811 1521 3123 1578 Dominum.

2052 1612 2321 1682 Quoniam
2354 1612 2640 1683 prospexit
2660 1612 2729 1669 de
2750 1612 2969 1670 excelso
2995 1620 3188 1670 sancto
3216 1627 3316 1672 suo
3346 1631 3359 1671 :
3392 1614 3575 1672 Domi-

1980 1721 2083 1762 nus
2105 1704 2173 1761 de
2204 1704 2345 1763 cmlo
2375 1705 2432 1761 in
2460 1714 2661 1763 terram
2693 1707 2997 1777 prospexit.

2052 1799 2124 1858 Ut
2156 1800 2365 1856 audiret
2394 1800 2653 1873 gemitum
2681 1799 3079 1856 vinculatorum
3110 1817 3124 1856 :
3156 1808 3213 1858 et
3230 1800 3407 1858 solvat
3433 1799 3576 1859 ﬁlios

3248 1446 3261 1486 :
3304 1438 3361 1487 et
3399 1444 3577 1505 popu-

1905 1896 1954 1960 B
1980 1891 2461 1965 interemptorum.

2052 1988 2123 2045 Ut
2151 1988 2505 2043 annuntietur
2533 1988 2585 2043 in
2632 1986 2764 2043 Sion
2803 2002 3005 2044 nomen
3043 1987 3257 2045 Domini
3308 2005 3323 2044 :
3368 1994 3425 2045 et
3457 1987 3577 2048 laus

1978 2083 2098 2155 ejus
2127 2085 2184 2138 in
2215 2081 2542 2138 Jerusalem.

2048 2175 2105 2230 In
2132 2173 2503 2232 convertenda
2529 2173 2757 2247 populos
2778 2173 2834 2232 in
2856 2188 3047 2243 unum,
3077 2182 3134 2232 et
3170 2189 3343 2247 regna
3369 2182 3430 2232 ut
3458 2190 3578 2233 ser-

1978 2269 2128 2325 viant
2159 2267 2413 2324 Domino.

2048 2362 2353 2437 Respondit
2400 2363 2451 2419 ei
2495 2363 2549 2419 in
2583 2363 2667 2419 via
2700 2372 2725 2412 8
2777 2363 2998 2421 virtutis
3049 2378 3186 2431 suae,
3243 2363 3576 2434 paucitatem

1977 2455 2192 2512 dierum
2221 2471 2469 2513 meorum
2498 2455 2718 2513 euuntia
2746 2456 2878 2512 mihi
2911 2474 2923 2511 :
2953 2466 3009 2512 et
3041 2471 3109 2512 ne
3138 2470 3363 2512 revoces
3391 2472 3478 2513 me
3520 2456 3579 2513 in

1976 2550 2205 2607 dimidio
2235 2550 2448 2608 dierum
2484 2566 2755 2620 meorum,
2787 2550 2841 2607 in
2893 2550 3157 2608 saeculum
3206 2551 3394 2608 seaculi
3445 2550 3575 2607 anni

1980 2647 2081 2701 tui.

2050 2738 2208 2794 Initio
2233 2745 2438 2795 terram
2478 2746 2537 2796 tu
2564 2737 2821 2812 fundasti,
2864 2737 3119 2807 Domine,
3162 2746 3221 2796 et
3246 2753 3418 2811 opera
3457 2754 3575 2795 ma-

1978 2850 2146 2892 nuum
2174 2844 2387 2891 tuarum
2420 2844 2548 2891 sunt
2572 2834 2724 2893 cmli.

2050 2927 2155 3000 Ipsi
2187 2926 2461 3000 peribunt,
2495 2938 2550 2983 tu
2582 2937 2764 2985 autem
2792 2929 3163 3002 permanebis,
3198 2937 3255 2986 et
3278 2942 3473 2986 omnes
3512 2936 3577 2986 ut

1977 3021 2366 3077 vestimentum
2432 3028 2771 3078 veterascent
2818 3020 2968 3094 [Με.
3020 3019 3464 3093 veterascunt]:
3520 3027 3580 3078 et

1978 3115 2121 3171 sicut
2158 3114 2495 3184 opertorium
2527 3114 2765 3170 mutabis
2794 3128 2913 3183 eos,
2946 3123 3003 3170 et
3031 3114 3406 3170 mutabuntur.

2050 3205 2133 3262 Tu
2163 3214 2345 3262 autem
2373 3204 2515 3261 idem
2542 3205 2661 3277 ipse
2688 3219 2771 3274 es,
2810 3216 2869 3262 et
2889 3206 3018 3262 anni
3049 3204 3130 3262 tui
3154 3221 3265 3262 non
3290 3205 3574 3263 deﬁcient.

339 3280 467 3335 Filii
493 3299 759 3340 servorum
799 3294 1007 3343 tuorum
1034 3289 1337 3346 habitabant
1361 3307 1379 3347 :
1419 3301 1468 3348 et
1496 3310 1667 3349 semen
1696 3313 1873 3351 eorum
1899 3286 1947 3351 C
2050 3299 2177 3356 Filii
2204 3313 2491 3356 servorum
2520 3308 2739 3355 tuorum
2763 3298 3144 3357 inhabitabunt
3168 3298 3280 3357 ibi:
3309 3306 3365 3356 et
3388 3312 3576 3357 semen

274 3379 323 3434 in
346 3380 595 3437 uetulum
622 3382 897 3457 dirigetur.

1976 3410 2166 3456 eorum
2194 3395 2250 3451 in
2283 3393 2543 3452 sacculum
2569 3393 2759 3452 saeculi
2782 3392 3074 3467 dirigetur.

1655 3509 2016 3579 PSALMUS
2056 3513 2185 3579 cn.
2248 3599 2254 3605 ε

817 3615 881 3659 αι-
922 3617 1019 3660 IP81
1064 3604 1088 3674 ζ
1131 3619 1316 3663 mvlo.

341 3699 568 3759 Benedic
588 3743 606 3771 ,
644 3701 820 3760 an’ma
842 3717 959 3758 mea
984 3744 999 3772 ,
1021 3701 1245 3760 Domino
1263 3719 1284 3760 :
1308 3713 1358 3761 et
1385 3706 1558 3762 omnia
1585 3723 1703 3780 qua:
1738 3708 1879 3769 intra

279 3813 351 3852 me
372 3808 522 3866 sunt,
547 3798 746 3854 nomini
771 3808 950 3855 sancto
978 3800 1114 3872 ejus.
1784 3870 1787 3873 η

344 3891 571 3949 Benedic
600 3935 615 3960 ,
665 3893 843 3950 animo
892 3909 1047 3963 mea,
1094 3893 1319 3951 Domino
1344 3935 1360 3964 ,
1399 3903 1447 3951 et
1496 3895 1604 3953 noli
1648 3896 1880 3955 oblivisci

280 4003 451 4043 omnes
480 3988 848 4044 retributiones
877 3989 1011 4061 ejus.

350 4078 453 4145 Qui
476 4079 795 4151 propitiatur
814 4080 1049 4136 omnibus
1074 4080 1430 4153 iniquitatibus
1447 4082 1546 4137 luis
1573 4098 1593 4139 :
1616 4083 1707 4156 qui
1730 4092 1876 4140 sanat

283 4189 452 4228 omnes
474 4170 806 4242 inﬁrmitates
834 4181 972 4230 tuas.

356 4266 457 4335 Qui
493 4266 701 4322 redimit
727 4267 793 4321 de
822 4266 1029 4322 interitu
1055 4266 1211 4321 vitam
1251 4274 1392 4322 tuam
1418 4283 1437 4323 :
1480 4258 1568 4339 qui
1598 4276 1808 4325 coronat
1834 4278 1881 4326 te

284 4363 335 4414 in
364 4361 723 4416 misericordia
744 4369 792 4416 et
821 4360 1258 4418 miserationibus.

352 4507 378 4535 ι
402 4498 543 4575 Male
569 4498 741 4554 Palat.
772 4514 873 4575 ms.
907 4498 1214 4575 pronomini
1238 4503 1355 4573 ejus
1376 4499 1591 4557 obelum
1616 4501 1873 4575 praeﬁgit,

286 4578 477 4641 cetera
500 4569 621 4624 sine
650 4571 918 4625 asterisco
940 4571 1087 4641 legit.

354 4640 379 4678 ι’
408 4641 682 4697 Secundis
703 4641 851 4696 curis
876 4640 1176 4712 repositum
1205 4642 1259 4699 in
1282 4643 1452 4700 Palat.
1482 4652 1570 4700 est
1594 4659 1697 4699 ms.
1729 4644 1876 4700 time-

286 4712 404 4766 bunt
432 4725 606 4783 gentes
636 4729 818 4767 nomen
846 4713 1054 4769 Domini
1081 4730 1099 4767 :
1129 4714 1197 4768 ad
1227 4715 1478 4771 Grtecum
1524 4716 1729 4771 codicis
1754 4717 1882 4771 Alc-

285 4784 531 4840 xandrini
552 4826 571 4853 ,
595 4787 675 4863 frgi
700 4783 814 4863 ibim
841 4787 902 4842 τὸ
944 4783 1345 4863 inopemque.
1377 4787 1687 4863 Insequenti
1717 4788 1879 4841 etiam

287 4871 474 4929 versu,
522 4856 837 4929 ardi/icabit,
867 4871 964 4928 pro
991 4856 1297 4927 uidi/ienuit,
1330 4856 1553 4929 prmfer’t
1602 4857 1746 4913 idem
1777 4875 1880 4915 ms.

288 4927 501 5001 (ζωαὶ-(ξ.
533 4927 872 5001 οἰκοδομήσει.

361 5011 383 5073 ﬁ
406 4998 562 5073 idem
594 4998 721 5065 msJ,
747 5001 797 5054 in
819 5000 1195 5071 generationem
1219 5002 1458 5073 alterum.

358 5066 385 5107 ἀ
406 5069 609 5135 Unice,
649 5085 751 5127 nec
793 5066 973 5144 tamen
1001 5080 1146 5127 recte
1170 5114 1183 5139 ,
1212 5066 1510 5144 pronomen
1542 5080 1597 5126 tu
1627 5072 1682 5127 in
1711 5071 1886 5129 Palat.

290 5157 388 5196 ms.
418 5157 554 5197 veru
585 5142 1014 5198 transverberat.

361 5211 381 5235 ‘
408 5211 597 5285 Neque
652 5213 741 5271 hic
766 5222 915 5271 recte
942 5212 1087 5285 apud
1132 5214 1332 5271 Carum
1374 5215 1443 5271 Et
1486 5215 1683 5285 copula
1728 5215 1889 5272 obelo

292 5294 663 5352 praenotatur,
694 5300 725 5340 a
764 5301 873 5356 quo
919 5300 1115 5341 nomen
1162 5286 1301 5341 idem
1326 5296 1443 5343 tum
1490 5287 1681 5345 eximit
1714 5286 1890 5345 Palat.

293 5371 393 5410 ms.
422 5357 516 5425 qui
540 5366 597 5412 et
627 5356 681 5412 in
714 5357 818 5412 line
843 5356 996 5412 addit
1033 5356 1361 5427 Diapsalma.

367 5427 654 5514 ‘_August.
683 5435 741 5484 et
764 5427 1069 5514 Veronens:
1090 5445 1201 5514 ius.
1228 5430 1474 5514 pulveris,
1502 5446 1600 5502 pro
1622 5439 1774 5514 terra:
1793 5472 1809 5499 ,
1841 5441 1899 5514 et

292 5508 413 5575 post
440 5498 610 5575 unum
652 5514 906 5575 versum,
936 5498 1189 5555 videbitur
1221 5498 1275 5575 in
1304 5502 1476 5575 gloria
1500 5498 1613 5560 ina.
1652 5498 1898 5571 Respexit

291 5573 342 5647 in
370 5570 955 5647 orationemﬁumilium
980 5612 995 5637 ,
1017 5580 1067 5627 et
1096 5589 1199 5647 non
1228 5570 1457 5647 despexit
1479 5592 1678 5647 precem
1698 5570 1895 5633 eorum.

294 5642 601 5715 Scribuntur
652 5640 763 5698 haec
806 5643 863 5715 in
917 5640 1564 5715 generationem'alteram
1598 5664 1611 5702 :
1644 5646 1710 5701 Et
1738 5662 1898 5712 mox,

298 5714 557 5788 Qitoniam
582 5714 845 5788 prospexit
870 5712 933 5769 eti
953 5712 1058 5769 alto
1090 5727 1267 5770 sancto
1288 5734 1380 5772 suo
1399 5760 1413 5785 ,
1459 5728 1565 5774 etc.
1620 5719 1857 5788 Denique
1882 5759 1899 5784 ,

300 5783 367 5838 Ut
411 5783 616 5859 audiret
665 5783 909 5856 gemitum
953 5783 1407 5858 compeditorum,
1456 5798 1509 5844 ut
1553 5791 1715 5845 solvat
1763 5783 1903 5859 filios

300 5876 328 5908 τί
352 5858 752 5925 ortiﬁcatorum.

336 5936 343 5941 ‘
374 5937 396 5974 ε
414 5928 654 5986 Rursum
675 5928 1044 6002 cumjAugust.
1070 5929 1216 5990 idem
1247 5947 1380 6007 ms.,
1404 5933 1459 5988 in
1480 5934 1560 5989 via
1582 5932 1904 6006 fortitudinis

2382 3626 2616 3670 essemus
2655 3610 2782 3687 [Ms.
2826 3609 2951 3685 lPSl]
2988 3626 3171 3669 nmo.

2055 3707 2313 3777 Benedic,
2352 3705 2534 3762 anima
2571 3719 2713 3776 mea,
2761 3705 3074 3775 Dominum,
3126 3712 3183 3762 et
3225 3705 3408 3763 omnia
3438 3704 3579 3763 inte-

1983 3805 2127 3862 riora
2158 3817 2281 3861 mea
2310 3815 2513 3859 nomen
2534 3807 2787 3857 sanctum
2815 3799 2952 3871 ejus.

2056 3897 2315 3965 Benedic,
2347 3895 2529 3951 anima
2559 3907 2704 3958 mea,
2732 3892 3025 3949 Dominum
3056 3909 3069 3947 :
3102 3900 3159 3951 et
3193 3890 3306 3949 noli
3330 3892 3579 3952 oblivisci

1983 4004 2178 4048 omnes
2208 3987 2601 4046 retributiones
2627 3986 2765 4057 ejus.

2056 4082 2163 4151 Qui
2205 4079 2469 4152 propitius
2497 4079 2556 4134 lit
2591 4078 2851 4135 omnibus
2894 4077 3270 4147 iniquitatibus
3298 4077 3406 4135 tuis
3437 4095 3452 4134 :
3483 4080 3577 4151 qui

1986 4184 2141 4234 sanat
2168 4187 2361 4230 omnes
2389 4172 2679 4244 languores
2705 4179 2847 4227 tuos.

2030 4270 2161 4339 “Qui
2191 4266 2219 4307 ιι
2246 4267 2465 4324 redimit
2496 4265 2563 4321 de
2602 4265 2827 4321 interitu
2866 4264 3032 4321 vitam
3064 4271 3211 4321 tuam
3243 4281 3255 4319 :
3289 4264 3381 4337 qui
3418 4263 3584 4322 satiat

1991 4364 2044 4420 in
2075 4363 2236 4419 bonis
2261 4360 2593 4417 desiderium
2624 4367 2797 4417 tuum.

1983 4520 2123 4569 suat,
2166 4505 2498 4577 exiguitatem
2529 4503 2733 4557 dierum
2763 4501 3269 4577 meoruriiannuntia
3322 4501 3478 4568 mihi,
3522 4519 3587 4577 ne

1911 4574 1960 4636 ι)
1986 4593 2187 4630 revoces
2226 4573 2306 4631 me
2333 4576 2511 4645 (quod
2564 4588 2866 4643 pronomen
2896 4589 2925 4628 a
2954 4573 3263 4629 Veronens.
3303 4589 3405 4627 ms.
3439 4575 3587 4628 exci-

1985 4648 2062 4701 dit
2090 4648 2107 4715 )
2139 4649 2194 4701 in
2224 4647 2441 4701 dimidio
2471 4647 2674 4701 dierum
2702 4662 2933 4701 meorum
2960 4646 3013 4699 in
3041 4645 3393 4714 generatione,
3425 4654 3470 4697 et
3500 4662 3589 4715 gr-

1986 4714 2247 4773 neratione
2296 4718 2315 4788 (
2356 4718 2667 4787 Augustin.,
2697 4716 3132 4788 generationum)
3192 4716 3316 4788 anni
3372 4715 3467 4768 tui.
3510 4714 3587 4788 In

1988 4790 2274 4859 principio,
2306 4787 2554 4855 Domine,
2605 4799 2796 4842 terram
2844 4788 3107 4860 fundasti,
3154 4787 3269 4860 ubi_
3296 4787 3582 4860 Augustin.

1985 4855 2234 4917 ordinem
2268 4862 2546 4928 impressa:
2575 4859 2661 4915 hic
2688 4855 2938 4915 lectionis
2967 4859 3206 4927 praefert.
3229 4856 3435 4912 Caetera
3470 4855 3591 4926 pari

1987 4932 2167 4988 demto
2193 4948 2493 4997 consensu,
2520 4943 2573 4985 tu
2602 4941 2774 4986 autem
2805 4946 3071 4999 permanes
3092 4974 3105 4998 ,
3139 4939 3186 4982 et
3216 4944 3389 4983 omnes
3418 4928 3584 4991 sicut,

1990 5014 2098 5061 etc.
2126 5005 2211 5071 Et,
2245 5003 2322 5058 Tu
2344 5021 2460 5059 vero
2484 5004 2620 5057 idem
2644 5004 2753 5075 ipse
2773 5020 2846 5059 es.
2874 5004 3097 5058 Demum
3126 5010 3403 5071 posuemo
3429 5013 3595 5055 versu

1988 5091 2152 5132 voces
2174 5077 2243 5131 ibi
2270 5086 2323 5131 et
2346 5075 2523 5130 διεσαιὶ
2555 5080 2757 5141 pariter
2782 5084 2981 5129 tacent.

2066 5146 2391 5203 hlnversum
2425 5148 2477 5202 in
2533 5147 2777 5203 Romana
2815 5144 3048 5200 editione
3099 5142 3293 5197 borum
3339 5154 3600 5197 versuum

1994 5219 2241 5275 ordinem
2269 5219 2603 5274 Veronensis
2639 5219 2791 5288 juxta
2819 5215 3181 5288 Augustinum
3211 5228 3313 5269 ms.
3346 5214 3414 5288 ad
3446 5212 3597 5288 hunc

1995 5290 2248 5349 modum.
2275 5284 2990 5361 {paucis‘quoduemutatis
3036 5284 3247 5350 verbis,
3292 5285 3531 5361 restituit
3577 5299 3595 5339 :

1995 5361 2100 5430 Qui
2146 5355 2361 5417 redimet
2420 5362 2484 5417 de
2525 5355 2851 5431 corruptione
2898 5359 3055 5431 vitam
3110 5355 3444 5431 tuam:_q_ui
3503 5372 3591 5431 ro-

1998 5428 2148 5489 ronat
2199 5444 2245 5488 te
2292 5435 2347 5487 in
2389 5428 2718 5487 miseratione
2768 5440 2814 5485 et
2864 5430 3240 5483 misericordia.
3296 5429 3399 5495 Qui
3446 5428 3605 5482 satiat

2001 5508 2053 5560 in
2084 5505 2229 5560 bonis
2259 5504 2569 5559 desiderium
2591 5512 2737 5556 tuum
2768 5517 2785 5555 :
2834 5500 3160 5555 renovabitur
3204 5500 3337 5555 sicut
3364 5500 3557 5570 aquilw
3583 5537 3600 5563 ,

2001 5587 2107 5633 etc.
2140 5576 2341 5632 Deinde
2368 5575 2515 5630 solus
2542 5574 2880 5646 Veronensis
2897 5613 2911 5639 ,
2938 5573 3185 5646 injuria‘m
3211 5570 3599 5646 accipientibus.

2005 5648 2174 5721 Notas
2221 5648 2384 5721 [egisti
2412 5648 2522 5721 vias
2551 5656 2663 5721 tuas
2696 5644 2899 5721 Moysi,
2948 5640 3058 5701 εἰσ.
3090 5640 3384 5721 Miseraton
3414 5640 3606 5721 et_mi-

2005 5713 2229 5793 sericors'
2268 5718 2552 5793 Dominus,
2603 5713 2912 5789 longanintis
2965 5724 3013 5771 et
3043 5714 3262 5769 multum
3316 5713 3608 5793 misericor-

2008 5790 2109 5844 diw
2138 5807 2156 5844 :
2183 5806 2291 5861 quo
2329 5789 2550 5848 demum
2598 5784 2875 5863 postremo
2918 5802 3078 5845 versu
3123 5802 3248 5845 cum
3304 5784 3612 5856 Augustino

2010 5866 2302 5921 consentit.
