4090 6338
489 363 598 429 307

1491 366 1551 425 S.
1594 360 1973 423 llIERONYMl
2011 358 2248 421 DIVINA
2287 360 2765 431 BlBLiO’l‘HECA.

3689 338 3800 418 se,

564 482 671 557 Qui
711 478 875 561 replet
920 485 976 543 in
1025 485 1173 542 bouis
1192 480 1507 541 desiderium
1532 490 1722 538 tuum:
1770 476 2097 536 renovabitur
2122 476 2173 542 Α
2274 477 2378 548 Qui
2409 488 2636 535 coronat
2666 476 2796 535 tein
2821 475 3174 534 miseratione
3194 481 3250 533 et
3271 471 3644 533 misericordia
3668 489 3684 531 :
3710 489 3798 532 re-

492 592 548 639 ut
570 582 760 655 aquilte
789 584 1039 656 juventus
1065 588 1175 635 tua.

567 666 792 729 Faciens
839 669 1222 727 misericordias
1265 667 1553 735 Dominus,
1590 676 1637 724 et
1682 665 1939 741 judicium
1987 666 2098 721 o’m—

496 769 645 824 nibus
674 767 927 835 iniuriam
956 760 1291 840 patientibus.
1318 772 1345 801 α

564 860 739 918 Notas
770 859 891 935 fecit
920 860 1032 916 vias
1055 875 1177 916 suas
1206 856 1381 932 Moysi
1403 873 1422 913 :
1446 855 1573 931 ﬁliis
1616 854 1787 913 Israel
1811 854 2098 913 voluntates

494 972 640 1012 suas.

569 1048 849 1107 Miserator
909 1054 960 1105 et
1013 1045 1306 1104 misericors
1355 1042 1643 1111 Dominus,
1698 1040 2008 1114 longanimis
2048 1050 2098 1100 et

492 1146 713 1204 multum
732 1142 1043 1199 misericors.

564 1236 691 1295 Non
713 1237 767 1292 in
793 1239 1094 1309 perpetuum
1115 1232 1401 1290 irascetur:
1429 1226 1590 1301 neque
1609 1228 1663 1286 in
1685 1226 1935 1287 alernum
1956 1244 2095 1285 com-

490 1330 799 1388 minabitur.

563 1423 690 1481 Non
743 1419 1030 1477 secundum
1075 1424 1287 1491 peccata
1332 1425 1510 1472 nostra
1550 1414 1670 1490 fecit
1723 1410 2096 1489 nobismeque

489 1517 771 1575 secundum
794 1513 1094 1587 iniquitates
1123 1520 1329 1567 nostras
1357 1508 1594 1565 retribuit
1622 1506 1789 1564 nobis.

566 1609 822 1680 Quoniam
868 1605 1152 1662 secundum
1197 1601 1528 1660 altitudinem
1568 1601 1683 1658 cali
1709 1618 1742 1656 a
1784 1610 1952 1672 terra,
1980 1615 2093 1658 cor-

491 1704 748 1762 roboravit
768 1699 1180 1757 misericordiam
1207 1712 1360 1754 suam
1385 1712 1544 1771 super
1575 1696 1808 1753 timentes
1831 1713 1908 1754 se.

2202 572 2492 630 novabitur
2521 573 2663 629 sicut
2690 572 2891 645 aquilae
2917 571 3185 643 juventus
3214 577 3328 625 tua.

2273 667 2502 725 Faciens
2533 667 2938 724 misericordias
2958 665 3223 722 Dominus
3257 681 3272 720 :
3303 672 3359 721 et
3388 662 3652 735 judicium
3676 679 3797 720 om-

2201 763 2361 819 nibus
2385 762 2639 835 injuriam
2670 762 3028 834 patientibus.

2270 855 2438 913 Notas
2467 855 2599 913 fecit
2638 856 2756 913 vias
2790 870 2919 913 suas
2950 853 3121 927 Moysi
3154 869 3168 908 :
3203 852 3329 910 illiis
3378 848 3547 911 Israel
3599 853 3801 910 volun-

2203 957 2341 1006 tates
2371 964 2498 1006 suas
2511 988 2525 1004 .

2268 1042 2578 1099 Misericors
2605 1050 2661 1099 et
2684 1040 2972 1100 miseratur
3000 1039 3292 1111 Dominus,
3330 1038 3545 1115 patiens
3571 1048 3628 1099 et
3656 1040 3802 1098 mul-

2202 1147 2314 1195 tum
2348 1138 2683 1194 misericors.

2269 1228 2389 1287 Non
2419 1229 2474 1287 in
2503 1228 2665 1287 linem
2696 1222 2965 1286 irascetur
2998 1243 3015 1289 ;
3059 1239 3239 1299 neque
3269 1218 3325 1283 in
3357 1230 3627 1283 mternum
3656 1222 3799 1283 indi-

2196 1325 2478 1400 gnabitur.

2266 1418 2388 1477 Non
2413 1416 2713 1476 secundum
2752 1422 2975 1490 peccata
3003 1421 3193 1471 nostra
3223 1411 3354 1470 fecit
3382 1410 3541 1469 nobis
3566 1428 3582 1467 :
3617 1425 3801 1486 neque

2196 1512 2494 1571 secundum
2519 1511 2836 1583 iniquitates
2863 1516 3078 1566 nostras
3107 1505 3364 1564 retribuit
3385 1505 3566 1561 nobis.

2267 1608 2403 1679 Quia
2433 1606 2562 1682 [illa
2594 1603 2871 1680 quoniam]
2901 1603 3200 1661 secundum
3231 1599 3577 1657 altitudinem
3600 1598 3725 1657 caeli
3758 1614 3789 1654 a

2198 1711 2365 1772 terra,
2415 1700 2760 1759 conﬁrmavit
2817 1698 3080 1754 Dominus
3143 1691 3577 1751 misericordiam
3636 1694 3793 1749 suam

2196 1808 2365 1868 super
2393 1792 2649 1850 timentes
2669 1806 2819 1849 eum.

564 1886 827 1954 Quantum
863 1880 1020 1937 distat
1062 1887 1204 1936 ortus
1246 1878 1310 1934 ob
1356 1877 1653 1935 occidente:
1699 1876 1850 1951 longe
1892 1879 2014 1953 fecit
2058 1882 2091 1936 ἁ
2117 1866 2167 1946 Β
2265 1866 2539 1956 Quantum
2568 1885 2739 1941 distat
2778 1883 2965 1940 oriens
2989 1881 3060 1940 ab
3089 1879 3117 1921 ιι
3149 1894 3348 1940 occasu
3382 1896 3395 1935 :
3440 1878 3714 1954 elanguit
3763 1892 3795 1933 ει

490 1977 634 2035 nobis
656 1974 955 2048 iniquitates
978 1980 1203 2029 nostras.

558 2068 831 2139 Quomodo
882 2066 1150 2121 miseretur
1208 2070 1353 2133 pater
1401 2062 1665 2135 ﬁliorum,
1717 2064 1960 2122 misertus
2015 2074 2093 2125 est

492 2164 747 2221 Dominus
774 2159 1071 2218 timentibus
1092 2170 1168 2227 se,
1190 2157 1436 2231 quoniam
1460 2157 1573 2229 ipse
1604 2158 1841 2232 cognovit
1876 2159 2095 2234 ﬁgmen-

493 2271 604 2314 tum
631 2267 887 2311 nostrum.

561 2349 889 2408 Recordatus
911 2355 983 2403 est
1001 2389 1017 2417 ,
1072 2345 1314 2419 quoniam
1333 2342 1507 2416 pultis
1530 2352 1750 2403 sumus:
1781 2346 1933 2402 homo
1960 2334 2096 2405 sicut

488 2448 666 2522 [eitum
691 2443 799 2501 dies
826 2445 938 2518 ejus
961 2457 981 2498 :
1021 2446 1281 2512 tamquam
1307 2442 1407 2512 ﬂos
1457 2439 1573 2513 agri
1599 2439 1677 2495 sic
1705 2440 1982 2511 efﬂorebit.

562 2609 818 2680 Quoniam
846 2607 1058 2681 spiritus
1102 2604 1434 2675 pertransibit
1476 2604 1531 2660 in
1576 2604 1704 2674 illo,
1737 2614 1784 2662 et
1824 2622 1929 2663 non
1965 2607 2091 2665 sub-

485 2704 671 2762 sistet:
694 2713 740 2759 et
768 2718 872 2758 non
894 2708 1165 2774 cognoscet
1180 2699 1411 2771 amplius
1436 2699 1603 2755 locum
1626 2716 1801 2758 suum.

559 2797 927 2854 Misericordia
952 2803 1128 2852 autem
1155 2792 1370 2850 Domini
1408 2793 1475 2850 ab
1502 2802 1726 2863 talento,
1757 2802 1808 2851 et
1848 2811 2010 2868 usque
2034 2794 2091 2853 in

493 2901 743 2949 teternum
772 2904 929 2957 super
948 2888 1184 2943 timentes
1209 2902 1348 2947 eum.

556 2981 627 3038 Et
657 2980 861 3052 iustitia
877 2977 1024 3036 illius
1065 2978 1122 3034 in
1149 2976 1287 3048 ﬁlios
1321 2976 1583 3050 ﬁliorum,
1627 2975 1709 3034 his
1753 2978 1844 3051 qui
1890 2988 2093 3037 seruant

489 3085 850 3136 testamentum
879 3075 1020 3148 ejus.

562 3168 629 3227 ls't
666 3182 919 3226 mutares
960 3172 1086 3222 sunt
1124 3163 1495 3223 mandatorum
1541 3164 1732 3239 ipsius,
1776 3164 1848 3222 ad
1895 3166 2094 3239 facien-

482 3268 812 3414 “gentili...
839 3354 894 3408 in
920 3350 1048 3408 ctelo
1076 3349 1276 3424 parauit
1316 3349 1493 3408 sedem
1534 3368 1690 3409 suam
1711 3367 1734 3410 :
1772 3360 1823 3410 et
1867 3371 2086 3429 regnum

485 3452 648 3529 ipsius
678 3447 910 3505 omnibus
939 3442 1292 3500 dominabitur
1311 3458 1332 3500 :
1358 3442 1387 3484 δ

550 3542 845 3602 Benedicite
871 3541 1117 3625 Domino,
1142 3556 1315 3599 omnes
1335 3540 1510 3614 angeli
1537 3543 1653 3617 ejus
1673 3558 1693 3599 :
1721 3550 1956 3617 potentes
1980 3546 2085 3602 vir-

480 3650 609 3712 tute,
637 3641 880 3713 facientes
908 3635 1118 3693 verbum
1144 3635 1309 3705 illius,
1332 3632 1403 3692 ad
1427 3636 1741 3695 audiendam
1768 3655 1941 3695 vocent
1966 3657 2078 3698 ser-

479 3749 689 3792 monum
712 3734 845 3805 ejus.

549 3826 847 3885 Benedicite
888 3822 1136 3892 Domino,
1187 3838 1361 3879 omnes
1408 3824 1621 3883 virtutes
1659 3824 1810 3897 ejus:
1859 3827 2085 3882 ministri

481 3928 616 4000 ejus,
646 3922 735 3995 qui
765 3919 938 3992 facitis
960 3916 1275 3973 uoluntatem
1302 3918 1434 3990 ejus.

545 4017 843 4076 Benedicito
872 4013 1092 4071 Domino
1122 4012 1295 4069 omnia
1323 4029 1481 4087 opera
1506 4017 1642 4088 ejus,
1685 4019 1741 4075 in
1770 4020 1911 4077 omni
1957 4019 2073 4078 loco

475 4112 839 4176 dominationis
866 4112 1003 4183 ejus,
1036 4107 1266 4178 benedic,
1304 4108 1479 4165 anima
1510 4126 1644 4182 mea,
1673 4110 1919 4175 Domino,

2111 3273 2159 3340 C

2198 1979 2357 2037 nobis
2379 1977 2694 2051 iniquitates
2721 1981 2961 2034 nostras.

2267 2074 2420 2131 Sicut
2446 2072 2737 2129 miseretur
2768 2078 2921 2141 pater
2945 2067 3094 2136 ﬁliis,
3134 2066 3207 2124 ita
3234 2064 3364 2141 [Δις.
3394 2062 3496 2139 sic]
3537 2060 3797 2121 misertus

2195 2172 2280 2226 est
2322 2166 2585 2223 Dominus
2628 2163 2952 2221 timentibus
3001 2176 3108 2218 se:
3161 2160 3291 2233 quia
3338 2156 3466 2234 [ιιι.
3512 2156 3793 2232 quoniam]

2195 2263 2313 2334 ipse
2333 2260 2459 2317 fecit
2487 2259 2806 2331 ﬁgmentum
2832 2264 3106 2312 nostrum.

2267 2352 2560 2417 Memento,
2585 2348 2832 2417 Domine,
2866 2347 3010 2421 quod
3044 2347 3220 2420 pulvis
3244 2348 3437 2403 sumus
3454 2389 3469 2415 ,
3492 2343 3657 2402 liom‘o
3682 2345 3794 2402 sie-

2194 2456 2255 2504 ut
2310 2446 2437 2522 [Ms.
2472 2444 2769 2519 tamquam]
2799 2442 2983 2499 fenum
3005 2442 3125 2498 dies
3155 2440 3276 2512 ejus
3301 2440 3321 2515 [
3343 2436 3446 2494 Ms.
3483 2437 3667 2512 illius]
3694 2455 3710 2494 :
3737 2443 3795 2494 et

2192 2540 2336 2599 sicut
2364 2539 2467 2597 llos
2493 2539 2606 2611 agri
2638 2538 2713 2595 ita
2743 2535 3011 2594 eillorebit
3044 2534 3172 2610 [51s.
3208 2531 3469 2605 ﬂorebit].

2263 2636 2401 2706 Quia
2448 2632 2670 2708 spiritus
2712 2632 3031 2708 pertransiit
3064 2632 3134 2687 ab
3173 2642 3261 2707 eo,
3286 2638 3344 2687 et
3381 2634 3492 2685 non
3540 2625 3695 2685 erit:
3737 2633 3795 2684 et

2192 2744 2302 2787 non
2323 2734 2615 2801 cognoscet
2643 2725 2875 2797 amplius
2904 2724 3083 2781 locum
3117 2738 3300 2780 suum.
3710 2736 3715 2741 ·

2264 2819 2636 2879 Misericordia
2666 2828 2847 2876 autem
2871 2816 3089 2874 Domini
3116 2832 3143 2871 a
3174 2815 3379 2873 swculo
3403 2822 3508 2885 est,
3537 2822 3593 2872 et
3612 2829 3790 2887 usque

2192 2914 2249 2973 in
2277 2913 2538 2973 saeculum
2564 2910 2750 2969 szeculi
2777 2927 2942 2984 super
2971 2911 3232 2967 timentes
3265 2924 3413 2967 eum.

2264 3005 2560 3077 Etjustitia
2588 3004 2710 3077 ejus
2743 3017 2913 3075 super
2940 3002 3084 3059 ﬁlios
3129 3000 3389 3069 ﬁliorum,
3425 2999 3790 3057 custodienti-

2190 3101 2295 3161 hus
2337 3106 2721 3157 testamentum
2775 3098 2896 3170 ejus
2934 3112 2950 3153 :
3000 3102 3058 3154 et
3105 3095 3371 3153 memoria
3422 3095 3789 3152 retinentibus

2195 3193 2449 3252 mandata
2476 3193 2616 3267 ejus,
2645 3203 2703 3250 ut
2727 3190 2933 3251 faciant
2959 3205 3046 3250 ea.

2262 3376 2528 3434 Dominus
2553 3373 2608 3431 in
2633 3373 2776 3432 coelo
2801 3370 3014 3445 paravit
3040 3368 3225 3428 sedem
3254 3383 3409 3426 suam
3432 3383 3448 3424 :
3475 3375 3533 3425 et
3559 3380 3787 3439 regnum

2186 3471 2306 3545 ejus
2332 3469 2577 3528 omnium
2606 3466 2998 3525 dominabitur.

2258 3561 2574 3622 Benedicite
2604 3560 2917 3628 Dominum,
2945 3572 3140 3625 omnes
3168 3556 3345 3629 angeli
3368 3556 3509 3628 ejus,
3537 3562 3791 3627 potentes

2182 3662 2383 3719 virtute
2403 3656 2495 3731 qui
2522 3655 2696 3714 facitis
2725 3654 2954 3715 verbum
2984 3652 3127 3725 ejus,
3154 3650 3223 3711 ad
3248 3649 3571 3713 audiendam
3596 3664 3790 3709 vocem

2181 3767 2497 3810 sermonum
2526 3751 2665 3820 ejus.

2252 3844 2565 3905 Bettedieite
2608 3840 2922 3905 Dominum.
2964 3852 3158 3895 omnes
3183 3836 3410 3897 virtutes
3435 3834 3596 3906 ejus:
3630 3833 3791 3892 mini-

2178 3937 2278 3991 stri
2308 3936 2450 4006 ejus,
2478 3934 2568 4005 qui
2602 3932 2778 3987 facitis
2806 3930 3137 3985 Voluntatem
3171 3928 3305 3999 ejus.

2253 4029 2564 4087 Benedicile
2582 4026 2872 4087 Dominum
2892 4023 3072 4083 omnia
3097 4039 3263 4095 opera
3285 4023 3404 4096 ejus
3425 4024 3479 4082 in
3500 4020 3647 4080 omni
3667 4024 3789 4079 loco

2173 4125 2558 4187 dominationis
2587 4121 2744 4204 ejus:
2790 4120 3036 4188 benedic,
3072 4120 3247 4181 anima
3282 4132 3422 4187 inea,
3476 4117 3784 4175 Dominum.

1836 4232 2200 4308 PSALMUS
2242 4241 2378 4308 Cll!
2391 4285 2405 4301 .

1028 4345 1092 4386 -ι-
1120 4344 1220 4387 Ipsi
1250 4339 1272 4370 ε
1300 4332 1507 4403 eum:
1738 4388 1749 4395 ,

536 4426 785 4494 Benedic,
810 4423 987 4485 anima
1015 4440 1151 4493 mea,
1186 4423 1447 4483 Domino:
1483 4426 1708 4487 Domine
1735 4430 1877 4505 Deus
1906 4451 2075 4508 meus,

469 4523 836 4598 magniﬁcatus
862 4537 918 4577 es
941 4519 1285 4577 vehementer.

532 4616 920 4688 Confessionem
943 4621 994 4670 et
1036 4614 1273 4670 decorem
1315 4614 1575 4673 induisti:
1622 4622 1840 4681 amictus
1881 4625 2076 4685 lumine

468 4711 603 4770 sicut
633 4710 950 4768 vestimento.

2676 4350 2700 4379 θ
2728 4353 2967 4397 Ρειιιιυε
2992 4352 3092 4395 11³81
3117 4352 3300 4395 ωνω.

2254 4434 2524 4504 Benedic,
2570 4435 2754 4497 anima
2797 4447 2941 4501 mea,
2991 4433 3317 4489 Dominum:
3369 4428 3598 4489 Domine
3641 4430 3789 4487 Deus

2181 4544 2358 4595 meus.
2386 4527 2762 4601 magniﬁcatus
2788 4542 2849 4584 es
2878 4528 3256 4585 vehementer.

2255 4622 2667 4681 Conlessionem
2690 4629 2749 4680 et
2765 4622 3019 4679 decorem
3044 4619 3267 4679 induisti
3292 4639 3306 4677 :
3338 4617 3570 4676 amictus
3597 4619 3784 4676 lumen

2185 4719 2327 4780 sicut
2352 4721 2760 4779 vestimentum.

532 4805 837 4863 Eutendens
864 4802 1050 4863 ctutum
1076 4802 1209 4861 sicut
1238 4802 1424 4877 pellem
1446 4821 1466 4863 :
1490 4807 1578 4881 qui
1597 4810 1724 4882 tegis
1743 4812 1892 4885 aquis
1912 4832 2070 4890 supe-
2102 4772 2155 4836 υ
2849 4809 2994 4869 sicut
3036 4809 3276 4882 pellem:
3324 4807 3421 4881 qui
3464 4803 3485 4848 ί
3535 4805 3667 4880 tegit
3723 4806 3780 4864 in

463 4900 608 4957 riora
631 4904 768 4975 ejus.

534 4995 635 5065 Qui
662 4994 813 5070 ponis
836 4992 1021 5049 nubem
1042 4996 1311 5050 ascensum
1335 4998 1520 5051 tuum:
1544 4992 1636 5069 qui
1656 4996 1894 5056 ambulas
1917 5017 2075 5075 super

460 5107 659 5166 pennas
682 5098 970 5148 ventorum.

529 5210 558 5242 ι
586 5200 753 5258 Addit
772 5199 955 5271 Palat.
972 5212 1078 5256 ms.
1112 5197 1445 5271 Diapsalma.

526 5271 557 5351 _b
585 5271 900 5351 lterum_hic
928 5269 1238 5351 Diapsalma
1266 5271 1698 5351 P_:_tla_tinus_ms._
1734 5276 2053 5351 subiungit:

454 5344 836 5424 subsequentis
865 5342 1045 5424 autem
1075 5342 1329 5424 versiculi
1351 5345 1526 5403 altero
1554 5342 1902 5407 hemistlelfio
1929 5342 2056 5424 pro;

452 5431 660 5547 agment
684 5415 829 5472 illius
854 5415 1074 5488 sequior
1101 5429 1171 5471 ex
1214 5415 1407 5473 eodem
1453 5432 1556 5473 ms.
1604 5433 1798 5477 manus
1847 5415 2055 5484 temere

452 5504 481 5546 a
527 5504 634 5547 rasr
668 5528 681 5543 .

451 5497 681 5547 abrasit.

524 5573 547 5640 ς
578 5560 887 5640 _Pronomen
918 5555 1595 5640 dumtaxatipsifalatin.
1630 5578 1734 5620 ms.
1757 5565 1991 5640 jugulat.

518 5630 545 5672 ἀ
576 5633 777 5708 lterum
823 5645 948 5708 cum
992 5629 1294 5708 Augustino
1342 5631 1641 5708 Veronens.
1694 5629 2048 5708 πιέζομα-

2177 4910 2335 4982 aquis
2359 4908 2645 4981 superiora
2672 4907 2810 4978 ejus.

2248 5003 2350 5076 Qui
2398 5001 2552 5074 ponit
2588 4999 2787 5057 nubem
2833 5011 3121 5056 ascensum
3168 5008 3368 5053 suum:
3413 4991 3508 5067 qui
3534 4992 3783 5053 ambulat

2177 5111 2342 5171 super
2369 5108 2580 5170 pennas
2605 5104 2915 5153 ventorum.

2160 5206 2527 5269 Misericbrdia
2569 5226 2686 5267 vero
2732 5210 2942 5266 Domini
2988 5226 3022 5264 a
3063 5204 3254 5264 steculo
3302 5218 3463 5276 usque
3503 5204 3565 5261 in
3606 5216 3773 5259 stecu-

2161 5283 2269 5355 lttm
2320 5300 2477 5355 super
2514 5284 2747 5339 timentes
2793 5298 2911 5338 eum
2946 5297 2966 5337 :
2998 5277 3548 5355 _unoquginterjecto
3579 5290 3788 5355 _versu,

2162 5344 2420 5431 Dominus
2477 5356 2674 5429 parebit
2733 5344 3355 5431 (Attgustinus_'aliique
3401 5344 3668 5431 paravit)

2158 5425 2285 5482 caelo
2315 5420 2559 5483 thronum
2591 5420 2754 5483 suum‘
2767 5437 2814 5482 et
2836 5420 3054 5497 riguum
3073 5423 3213 5497 ejus,
3233 5420 3368 5487 etc.;
3391 5420 3772 5497 otiosequettti

2160 5498 2301 5568 alio,
2348 5509 2577 5574 potentes
2622 5492 3015 5574 fortitudinem,
3059 5492 3555 5574 facient_es_oerbu_m
3601 5492 3718 5565 ejus
3747 5507 3767 5546 .'

2158 5581 2218 5626 ut
2244 5564 2305 5647 et
2329 5564 2547 5647 demum
2567 5615 2582 5640 ,
2613 5564 2856 5647 facientes
2892 5564 3209 5647 voluntatem
3236 5564 3402 5639 ipsius
3421 5607 3436 5631 ,
3457 5571 3565 5647 etc.

2233 5652 2257 5679 ε
2284 5642 2342 5699 In
2361 5637 2658 5701 Verone'nsi
2687 5659 2790 5699 ms.
2820 5656 3016 5697 nomen
3037 5637 3277 5695 Psalmus
3293 5652 3399 5692 non
3416 5644 3520 5699 est;
3539 5641 3626 5691 est
3637 5649 3768 5690 vero

444 5715 555 5763 tum
607 5700 1125 5791 distat‘oricn‘sdab‘
1143 5702 1404 5791 occidente
1424 5745 1438 5770 ,
1465 5707 1639 5791 _tonge
1679 5711 1800 5791 fecit
1820 5700 2048 5791 'av'nobis
2152 5711 2207 5769 in
2237 5721 2388 5791 textu
2415 5700 2567 5791 nimis
2722 5712 3210 5791 vehementerjuxta
3235 5708 3771 5791 augustinttmmtet

444 5785 653 5857 peccata
682 5785 902 5857 nostran:
947 5782 1059 5856 tum
1091 5771 1301 5857 duobus
1345 5776 1414 5829 ab
1454 5771 1846 5857 _bocirersibus
1895 5786 2047 5841 solus
2151 5785 2294 5857 quod
2320 5785 2584 5857 sequitur,
2598 5771 3011 5857 circumantictus
3032 5771 3198 5857 lucem
3220 5771 3353 5857 δὴ·μῖ
3382 5779 3760 5857 uestimentum.

442 5845 805 5926 Veronensis;
834 5845 1098 5926 Quoniam
1114 5846 1645 5926 spiritus_pertransiit
1667 5854 1724 5926 iu
1745 5869 1804 5907 eo
1821 5899 1835 5923 ,
1860 5861 1909 5908 et
1926 5859 2047 5926 jam

2228 5856 2246 5896 ί
2277 5848 2500 5913 Rectius
2529 5848 2702 5913 ferme
2730 5856 2873 5912 idem
2905 5870 3006 5913 ms.
3030 5855 3084 5910 in
3112 5853 3351 5909 secunda
3378 5865 3608 5921 persona
3638 5848 3755 5921 tneo

441 5936 547 5976 non
590 5920 708 5988 erit,
752 5925 859 5976 etc.
893 5924 1054 5988 atque
1085 5916 1279 5975 iterum
1329 5916 1500 5980 ferme
1543 5936 1665 5977 cum
1700 5916 2003 5996 Augustino
2026 5966 2044 5997 ,

2205 5942 2261 5987 to
2288 5926 2466 5998 affert,
2504 5929 2593 6005 qui
2638 5930 2889 6002 protegis,
2938 5936 2994 5984 et
3043 5939 3194 5990 mox,
3245 5922 3335 5994 qui
3381 5916 3535 5995 ponis
3587 5919 3774 5975 nubem
