4090 6338
485 321 589 379 5H

1510 314 1570 372 S.
1612 312 2003 373 HIERONYMI
2042 314 2279 374 DIVINA
2317 315 2805 377 BIBLIOTHECA.

3703 322 3813 382 ’519

558 437 679 492 Hoc
701 436 843 491 mare
868 448 1109 507 magnum
1136 439 1186 488 et
1217 430 1508 503 spatiosum
1538 440 1565 469 ⁸
1598 448 1659 488 σε-
1682 432 1919 487 manibus
1947 434 1969 503 1
1994 434 2103 489 illic
2128 438 2181 502 Α
2280 434 2395 491 iloc
2430 450 2580 492 mare
2622 450 2874 509 magnum
2913 446 2969 495 et
3009 435 3349 510 spatiosum:
3392 436 3512 495 illic
3549 436 3680 512 [Mm
3717 438 3814 513 ibi]

486 532 715 603 reptilia,
749 545 966 601 quorum
990 544 1092 583 non
1122 536 1199 583 est
1228 543 1490 584 numerus.

566 624 832 681 Animalia
860 622 1055 696 pusilla
1080 638 1198 677 cum
1240 621 1465 693 magnis,
1500 620 1613 676 illic
1656 637 1809 678 naves
1836 631 2103 693 pertrans-

493 720 665 778 ibunt.
1016 764 1023 769 .

563 814 737 868 Draco
764 812 860 868 iste
886 828 1038 884 quem
1064 810 1303 884 formasti
1327 810 1398 865 ad
1427 808 1763 865 illudendum
1790 808 1838 864 ei
1860 823 1878 863 :
1927 810 2102 865 omnia

491 924 528 965 a
556 916 602 963 te
628 914 946 977 exspectant,
978 914 1034 960 ut
1059 904 1149 961 des
1176 903 1285 960 illis
1311 919 1483 959 escam
1510 902 1565 957 in
1595 910 1847 974 tempore.

562 1092 737 1147 Dante
762 1100 807 1147 te
829 1091 940 1147 illis
965 1090 1248 1163 colligent:
1279 1089 1542 1163 aperiente
1580 1096 1629 1143 te
1667 1081 1880 1144 manum
1929 1095 2099 1162 luam,

496 1201 561 1242 +
597 1186 773 1241 omnia
802 1186 825 1254 1
860 1183 1211 1256 implebuntur
1237 1182 1484 1238 bonitate.

502 1308 505 1313 -
565 1280 838 1336 Avertente
857 1287 1034 1335 autem
1054 1288 1101 1333 te
1123 1278 1331 1349 faciem,
1362 1274 1709 1331 turbabuntur
1725 1291 1746 1333 :
1771 1277 1975 1347 auferes
1994 1278 2105 1349 spi-

494 1376 653 1432 ritum
682 1390 884 1442 eorum,
910 1384 961 1428 et
990 1371 1256 1443 deficient,
1286 1378 1336 1427 et
1364 1370 1417 1426 in
1446 1368 1711 1443 puluerem
1747 1388 1901 1429 suum
1936 1388 2107 1428 rever-
2140 1440 2154 1455 Α

498 1478 692 1526 tentur.

502 1572 505 1575 '
565 1563 786 1618 Emittes
816 1559 1073 1634 Spiritum
1100 1568 1265 1628 tuum,
1294 1568 1342 1615 et
1364 1558 1674 1615 creabantur
1696 1574 1716 1614 :
1746 1566 1795 1615 et
1834 1558 2102 1615 renovabis

496 1660 687 1732 facient
712 1668 883 1724 terrae,

568 1753 654 1810 Sit
682 1753 1095 1825 gloria‘Domini
1126 1753 1183 1809 in
1212 1752 1457 1809 steculum
1480 1767 1500 1807 :
1541 1749 1805 1807 laetabitur
1845 1746 2105 1807 Dominus

498 1847 556 1902 in
582 1846 823 1919 operibus
853 1849 983 1903 suis.

2206 528 2442 599 reptilia,
2474 544 2708 601 quorum
2737 545 2843 585 non
2870 539 2955 587 est
2990 545 3270 599 numerus,
3312 529 3569 587 animalia
3610 530 3808 602 pusilla

2205 616 2233 659 ἀ
2263 628 2319 677 et
2343 635 2561 693 magna,
2591 621 2701 678 illic
2732 636 2897 681 naves
2924 623 3356 696 pertransibunt.

2278 808 2455 867 Draco
2481 809 2585 867 iste
2613 822 2774 882 quem
2800 806 3048 864 formasti
3079 806 3148 863 ad
3179 805 3519 864 illudendum
3558 806 3611 861 ei
3638 824 3650 861 :
3692 820 3817 862 om-

2206 901 2297 961 nia
2324 918 2356 959 a
2387 912 2439 959 te
2477 910 2815 974 exspectant,
2858 901 3108 972 Domine,
3147 911 3205 958 ut
3250 912 3309 959 tu
3346 901 3444 959 des
3483 915 3667 958 escam
3708 902 3820 960 illis

2206 996 2264 1053 in
2294 1004 2563 1069 tempore.
2622 1018 2625 1021 ·

2279 1080 2452 1146 Dante
2476 1097 2550 1156 te,
2581 1088 2655 1145 illi
2679 1088 2974 1162 colligent}:
3010 1089 3292 1162 aperiente
3320 1096 3374 1145 te
3396 1102 3616 1145 manum
3640 1096 3819 1158 tuam,

2207 1184 2389 1243 omnia
2418 1182 2778 1253 replebantur
2807 1184 3077 1240 ubertate.
3376 1176 3379 1177 ⁷

2279 1280 2575 1334 Avertente
2621 1287 2803 1334 autem
2851 1284 2905 1333 te
2950 1274 3143 1331 faciem
3197 1283 3363 1341 tuam,
3410 1272 3815 1330 turbabuntur:

2208 1369 2424 1428 auferes
2450 1370 2702 1442 spiritum
2733 1384 2946 1437 eorum,
2973 1378 3027 1424 et
3056 1367 3333 1434 deficient,
3360 1376 3416 1424 et
3445 1368 3499 1423 in
3534 1366 3818 1438 pulverem

2207 1476 2365 1519 suum
2392 1470 2737 1522 revertentur
2762 1460 2893 1536 [Ms.
2923 1458 3361 1533 convertentur].

2283 1558 2487 1614 Emitte
2516 1557 2779 1628 Spiritum
2811 1566 2985 1622 tuum,
3015 1564 3071 1612 et
3100 1554 3453 1623 creabuntur,
3482 1562 3539 1611 et
3579 1567 3819 1612 renova-

2118 1686 2153 1701 ιι
2208 1653 2293 1710 bis
2321 1652 2451 1728 [Ms.
2480 1649 2787 1725 innovabis]
2815 1651 3007 1707 faciem
3035 1658 3220 1707 terras.

2281 1746 2366 1804 Sit
2386 1746 2558 1819 gloria
2587 1744 2804 1801 Domini
2834 1745 2888 1800 in
2926 1743 3237 1815 {saeculum
3278 1728 3504 1801 saeculi»:
3548 1742 3822 1801 laetabitur

2211 1841 2471 1898 Dominus
2498 1841 2552 1896 in
2582 1839 2836 1911 operibus
2864 1838 3000 1895 suis.

576 1941 681 2009 Qui
726 1942 935 2013 respicit
964 1950 1185 2009 terram,
1216 1948 1264 1997 et
1311 1956 1368 1997 -ε-
1395 1939 1425 1980 ιι
1461 1940 1591 2013 facit
1621 1954 1734 1997 eam
1764 1940 1789 2011 1
1836 1948 2051 1996 tremere
2078 1954 2100 1996 :
2127 1939 2179 2001 B
2276 1936 2379 2007 Qui
2427 1934 2649 2006 respicit
2702 1943 2925 2002 terram,
2980 1931 3191 1990 etfacit
3235 1946 3359 1990 eam
3385 1931 3673 1990 tremere':
3706 1933 3802 2005 qui

501 2034 591 2106 qui
623 2034 792 2106 tangit
823 2045 1018 2091 montes
1041 2079 1055 2105 ,
1085 2046 1132 2091 et
1156 2035 1433 2109 fumigant.

504 2128 513 2149 '
574 2125 807 2181 Cantabo
844 2126 1071 2184 Domino
1109 2128 1163 2183 in
1213 2128 1319 2183 vita
1361 2144 1473 2183 mea
1504 2144 1525 2185 :
1574 2128 1799 2202 psallam
1839 2126 1949 2184 Deo
1996 2143 2107 2183 meo

506 2220 761 2293 quamdiu
782 2236 920 2275 sum.

576 2311 880 2367 Jucundum
910 2313 977 2369 sit
1005 2312 1051 2369 ei
1075 2313 1336 2386 eloquium
1362 2313 1534 2371 meum
1564 2330 1695 2386 :ego
1737 2330 1855 2370 vero
1877 2312 2107 2369 delecta-

504 2405 599 2461 bor
620 2407 674 2459 in
695 2403 940 2462 Domino.

577 2494 839 2566 Deficiant
854 2506 1191 2568 peccatoresa
1217 2498 1378 2569 terra,
1402 2510 1453 2558 et
1473 2501 1634 2574 iniqui
1650 2501 1727 2558 ita
1752 2510 1807 2558 ut
1834 2517 1939 2557 non
1959 2500 2062 2558 sint
2086 2514 2107 2557 :

506 2590 748 2661 benedic,
779 2594 956 2651 anima
982 2610 1097 2651 mea
1124 2637 1140 2667 ,
1180 2595 1425 2655 Domino.

2210 2031 2384 2101 tangit
2415 2036 2653 2097 montes,
2685 2036 2741 2084 et
2771 2026 3136 2099 fumigabunt.

2283 2120 2529 2178 Cantabo
2583 2120 2812 2176 Domino
2861 2118 2916 2175 in
2949 2118 3059 2175 vita
3085 2132 3207 2176 mea
3238 2134 3254 2177 :
3281 2118 3510 2192 psallam
3538 2119 3653 2179 Deo
3682 2135 3811 2178 meo

2214 2215 2475 2289 quamdiu
2506 2228 2625 2271 ero.

2287 2309 2485 2367 Suavis
2510 2308 2580 2365 sit
2606 2307 2659 2365 ei
2690 2306 2928 2365 laudatio
2957 2324 3077 2367 mea
3095 2326 3109 2367 :
3127 2323 3228 2383 ego
3252 2324 3384 2368 vero
3412 2310 3732 2369 delectabor
3759 2312 3816 2370 in

2219 2403 2471 2460 Domino.

2288 2497 2551 2555 Deﬁciant
2576 2504 2894 2568 peccatores
2914 2511 2944 2553 a
2976 2505 3144 2565 terra,
3169 2508 3227 2556 et
3254 2496 3425 2571 iniqui
3453 2497 3585 2573 [11s.
3611 2498 3823 2573 injusti]

2212 2591 2286 2649 ita
2320 2599 2513 2647 utnon
2540 2591 2649 2647 sint
2676 2606 2691 2645 :
2724 2589 2975 2658 benedic,
3002 2590 3183 2648 anima
3210 2605 3356 2660 mea,
3390 2589 3703 2649 Dominum.

1874 2728 2239 2801 PSALMUS
2287 2727 2451 2792 CIV.

1164 2852 1454 2896 ALLELUIA.

579 2928 911 3001 Conﬁtemini
951 2928 1212 3000 Domino,
1248 2946 1306 2987 -εν
1342 2939 1392 2985 et
1424 2929 1448 3000 1
1488 2929 1719 2986 invocate
1745 2944 1933 2986 nomen
1964 2928 2113 3002 ejus:

508 3023 819 3077 annuntiate
836 3023 969 3078 inter
988 3030 1162 3096 gentes
1193 3038 1351 3095 Opera
1380 3023 1516 3096 ejus.

2853 2840 3142 2885 ALLELUIA.

2291 2922 2642 2981 Conﬂtemini
2696 2922 2955 2992 Domino,-
2997 2930 3055 2981 et
3094 2924 3345 2981 invocato
3398 2938 3598 2982 nomen
3650 2925 3822 2996 ejus:

2218 3016 2538 3075 annuntiate
2610 3016 2754 3073 inter
2802 3026 2993 3089 gentes
3052 3015 3182 3091 [Ms.
3224 3018 3293 3074 ‘in
3322 3018 3602 3092 gentibus]
3655 3034 3823 3091 opera

2219 3127 2362 3185 ejus.

514 3189 518 3193 ’
582 3205 801 3261 Cantate
832 3206 902 3274 ei,
939 3212 987 3261 et
1014 3204 1226 3278 psallite
1253 3206 1301 3261 ei
1333 3221 1353 3263 :
1385 3216 1595 3264 narrate
1635 3206 1813 3263 omnia
1851 3205 2114 3262 mirabilia
2143 3242 2191 3311 ο
2288 3207 2517 3264 Cantate
2542 3206 2617 3277 ei,
2637 3212 2693 3264 et
2720 3204 2939 3279 psallite
2967 3204 3020 3263 ei
3046 3222 3060 3261 :
3092 3212 3314 3263 narrate
3341 3205 3527 3263 omnia
3551 3204 3824 3263 mirabilia

512 3303 648 3370 ejus.

585 3391 907 3447 Laudamini
926 3393 984 3450 in
1021 3393 1227 3450 nomine
1247 3402 1427 3450 sancto
1458 3397 1570 3469 ejus
1598 3410 1618 3451 :
1644 3395 1845 3452 (tutetur
1867 3410 1955 3450 cor
1975 3409 2116 3467 qua:-

513 3486 736 3541 rentium
763 3485 1066 3543 Dominum.

590 3579 817 3646 Querite
833 3579 1139 3651 Dominum,
1170 3590 1220 3638 et
1245 3583 1626 3654 confirmamini
1654 3585 1906 3657 :quterite
1928 3586 2116 3658 faciem

514 3677 629 3747 ejus
658 3692 877 3747 semper.
910 3688 932 3717 ο

596 3771 905 3825 Mementote
927 3770 1246 3827 mirabilium
1267 3772 1381 3845 ejus
1401 3787 1516 3844 qua:
1531 3772 1651 3845 fecit
1683 3788 1701 3827 :
1724 3772 1963 3845 prodigia
1980 3774 2112 3845 ejus,

515 3873 565 3919 et
586 3863 791 3936 judicia
822 3865 929 3919 oris
956 3866 1087 3937 ejus.

586 3958 779 4013 Semen
804 3958 1067 4013 Abraham
1110 3959 1240 4013 servi
1278 3959 1391 4032 ejus
1424 3977 1442 4015 :
1465 3960 1562 4030 ﬁlii
1601 3959 1764 4015 Iacob
1793 3961 1938 4016 electi
1978 3964 2113 4030 ejus.

519 4049 547 4113 ε
596 4049 723 4119 Ipse
755 4050 1006 4105 Dominus
1043 4050 1182 4105 Deus
1214 4062 1416 4120 noster,
1452 4053 1505 4106 in
1540 4054 1775 4108 universa
1807 4061 1944 4109 terra
1966 4056 2117 4126 judi-

516 4161 599 4198 αα
624 4160 756 4213 ejus.

588 4237 795 4293 Memor
820 4238 916 4308 fuit
948 4239 1002 4293 in
1030 4239 1274 4295 sarculum
1301 4242 1596 4297 testamenti
1626 4241 1748 4297 sui:
1774 4242 1910 4297 uerbi
1928 4283 1942 4310 ,
1973 4242 2114 4314 quod

515 4330 780 4385 mandavit
804 4331 859 4385 in
881 4331 1025 4387 mille
1051 4335 1428 4404 generationes.

2223 3319 2362 3376 ejus.

2294 3397 2617 3457 Laudamini
2658 3398 2713 3455 in
2752 3396 2975 3454 nomine
3029 3402 3221 3452 sancto
3278 3394 3442 3467 ejus:
3476 3392 3825 3477 laetetureor

2222 3492 2587 3567 qumrentium
2616 3492 2926 3548 Dominum.
3319 3502 3329 3509 '

2293 3585 2533 3654 Qumrite
2589 3585 2904 3652 Dominum,
2932 3590 2990 3640 et
3033 3580 3053 3623 ί
3088 3580 3493 3640 conﬁrmamini
3535 3596 3552 3639 :
3593 3580 3825 3655 quaerite

2222 3677 2419 3735 faciem
2451 3677 2569 3748 ejus
2592 3690 2833 3747 semper.
3784 3677 3815 3696 ‘

2292 3774 2619 3831 Mementote
2647 3771 2975 3829 mirabilium
3006 3770 3148 3843 ejus,
3180 3784 3303 3844 quae
3355 3768 3489 3827 fecit
3519 3786 3533 3827 :
3565 3766 3818 3843 prodigia

2220 3876 2273 3924 et
2297 3866 2501 3937 judicia
2522 3867 2635 3922 oris
2662 3865 2806 3936 ejus.

2288 3961 2488 4018 Semen
2515 3958 2790 4015 Abraham
2820 3958 2964 4015 servi
2988 3955 3250 4028 ejus:lilii
3280 3956 3450 4013 Jacob
3479 3955 3642 4012 electi
3673 3953 3811 4023 ejus.

2290 4055 2411 4124 Ipse
2438 4064 2461 4101 ιε
2495 4053 2759 4109 Dominus
2807 4052 2947 4107 Deus
2996 4057 3232 4107 noster:
3264 4049 3319 4105 in
3367 4047 3624 4105 universa
3676 4056 3821 4104 terra

2213 4148 2416 4220 judicia
2443 4147 2584 4218 ejus.

2287 4243 2491 4300 Memor
2540 4241 2639 4296 fuit
2686 4240 2740 4296 in
2793 4240 3055 4296 saeculum
3117 4239 3427 4296 testamenti
3475 4238 3557 4295 sui
3591 4254 3606 4293 :
3637 4237 3816 4309 verbi,

2212 4336 2359 4408 quod
2390 4335 2671 4392 mandavit
2696 4336 2749 4391 in
2782 4335 2932 4393 mille
2958 4335 3373 4409 generationes.

587 4525 615 4552 ⁸
636 4513 833 4593 Deque
862 4516 952 4593 hic
977 4528 1124 4593 recte
1154 4518 1398 4593 asterisei
1428 4531 1609 4593 notam
1640 4520 1782 4578 idem
1814 4536 1917 4578 ms.
1950 4522 2110 4578 omit-
2137 4524 2192 4586 Ι)
2214 4532 2267 4579 et
2298 4522 2649 4593 subsequenti
2678 4537 2868 4586 versu,
2890 4520 3141 4593 quamdiu
3164 4521 3274 4574 vivo
3301 4519 3609 4593 (Augustin.
3621 4518 3821 4593 ,sum).

513 4587 597 4642 tit.
633 4587 862 4659 Sanctus
906 4591 1019 4659 ipse
1062 4590 1221 4646 Pater
1261 4592 1424 4657 epist.
1472 4592 1540 4647 ad
1585 4592 1848 4649 Sunniam
1886 4603 1941 4649 et
1980 4595 2112 4649 Fre-

508 4659 703 4714 telam:
729 4658 935 4732 Dicitis,
960 4662 1131 4731 inquit
1149 4704 1162 4723 .
1187 4663 1239 4715 in
1263 4662 1468 4731 Gra'co,
1494 4664 1763 4732 manibus,
1788 4683 1889 4720 non
1911 4665 2111 4731 haberi,

508 4742 559 4784 et
585 4748 677 4795 ego
704 4731 838 4783 novi.
876 4731 981 4785 Sed
1008 4750 1071 4788 ea:
1100 4733 1361 4788 Hebraico
1389 4745 1435 4789 et
1480 4731 1847 4793 Theodotibnis
1891 4738 2115 4792 editione

507 4802 563 4856 in
581 4802 938 4874 Septuaginta
958 4804 1051 4859 sub
1073 4806 1316 4859 asterisco
1348 4808 1581 4861 additum
1606 4818 1700 4863 est.

581 4871 608 4911 δ
643 4871 847 4928 lteruin
880 4876 1055 4930 minus
1086 4885 1232 4931 recte
1262 4877 1535 4932 Palatinus
1565 4893 1668 4934 IIIS.
1692 4880 1893 4937 etCari
1921 4879 2110 4946 editio,

509 4943 580 4999 ad
610 4961 724 5018 eam
744 4959 1046 5018 pronomen
1077 4948 1235 5003 unice
1262 4947 1944 5018 confodiendum,obelum
1972 4943 2114 5007 hunc

510 5016 865 5072 transferunt.
898 5017 1066 5074 Addit
1119 5030 1384 5090 praeterea
1414 5021 1651 5076 Palatin.
1687 5016 1741 5078 in
1774 5022 1883 5079 ﬁne
1919 5038 2113 5079 versus

510 5086 845 5139 Diansalma.

570 5105 845 5158 rapsatma.

513 5172 613 5283 “ne.
648 5163 828 5283 Izztsque
861 5160 948 5217 hic
970 5162 1023 5217 in
1048 5162 1172 5218 libri
1200 5162 1325 5219 albo
1358 5163 1668 5237 Diapsalma
1700 5165 1928 5238 apponit
1956 5165 2115 5221 Pala-

542 5246 613 5283 lll.
648 5246 756 5284 ms.

579 5301 607 5338 ά
639 5300 1128 5379 νεγοηθηδξξηῐηςη
1163 5306 1357 5377 pusilla
1388 5324 1505 5361 cum
1547 5309 1770 5379 magnis,
1806 5318 1915 5363 tum
1962 5307 2112 5377 juxta

503 5370 1030 5455 augustinumtillic
1052 5370 1202 5455 naves
1230 5380 1605 5455 commeabunt.
1633 5370 1815 5455 'Draeo
1854 5381 1941 5455 hic
1962 5370 2115 5451 quem

504 5444 704 5513 ﬁnxisti
750 5445 819 5498 ad
850 5446 1174 5522 illudendum
1196 5453 1266 5506 eis
1286 5451 1618 5522 (Augustin.,
1650 5452 1770 5521 ci):
1803 5444 2036 5505 omnia'a
2069 5461 2115 5507 te

504 5524 826 5593 exspectant:
864 5517 1100 5587 Domine,
1128 5530 1181 5575 ut
1208 5517 1427 5577 des-illivs
1458 5517 1627 5577 cibum
1662 5517 1717 5578 in
1759 5533 1987 5593 tempore
2023 5539 2115 5593 0p-

502 5597 747 5669 portuno.
780 5588 954 5669 Dante
980 5602 1027 5646 te
1054 5595 1148 5669 eis,
1177 5594 1427 5669 colligunt
1458 5588 1993 5667 (Augustinuspcum
2024 5588 2116 5647 de-

504 5656 644 5736 deris
670 5659 1036 5736 eis,_col_ligent
1055 5663 1098 5732 ),
1128 5656 1389 5736 aperiente
1413 5656 1605 5720 auten;
1618 5678 1664 5720 te
1702 5656 1915 5721 manum
1949 5678 2110 5736 tuam,

502 5730 740 5785 universa
762 5730 1108 5804 implebuntur
1136 5730 1381 5792 bonitate.

505 5868 520 5886 ε
575 5804 974 5886 ξ’ῌΑετιιμθΔΙρὶε
1019 5806 1176 5875 juxta
1226 5809 1597 5886 Augustinum
1646 5808 1947 5886 Veronens.
2001 5824 2110 5864 ms.

496 5871 675 5933 ἁπλῶς
702 5871 862 5931 habet
896 5876 948 5931 in
992 5871 1263 5935 aeternum.
1315 5871 1475 5950 Tum,
1507 5882 1597 5953 qui
1639 5882 1825 5951 aspicit
1871 5890 2063 5947 terram
2095 5896 2113 5934 .'

2218 4595 2406 4720 ignavis
2431 4591 2497 4651 sit
2522 4597 2569 4652 ei
2594 4595 2875 4667 disputatio
2896 4591 3011 4646 mea
3032 4609 3051 4647 :
3080 4609 3174 4664 ego
3202 4602 3372 4647 autem
3411 4591 3742 4663 jocundubor
3770 4596 3825 4645 in

2276 4683 2466 4720 ommo.

2276 4683 2466 4723 OllilllO.

2294 4737 2312 4776 ί
2359 4738 2663 4795 Veronens.
2684 4752 2815 4800 ms..
2839 4735 3257 4791 conroboramini
3282 4752 3301 4791 :
3336 4736 3388 4789 in
3421 4750 3583 4806 quem
3633 4734 3819 4806 locum

2216 4809 2274 4866 S.
2323 4810 2681 4880 Augustinus,
2734 4825 2897 4870 quem
2943 4821 3110 4876 penes
3146 4819 3230 4880 est
3269 4804 3664 4880 confortamini,
3702 4804 3823 4859 Hoc

2216 4884 2373 4948 enim,
2400 4878 2592 4954 inquit,
2624 4878 2687 4935 de
2717 4878 3659 4954 (irrmco_e.tpressiusinterpretatum
3709 4887 3818 4954 est3

2215 4954 2444 5024 quamvis
2469 4948 2675 5007 uerbum
2699 4953 2869 5005 minus
2893 4948 3137 5024 Latinum
3162 4951 3414 5024 videatur.
3451 4949 3606 5024 Unile
3632 4957 3688 5002 et
3716 4948 3819 5024 alii

2217 5019 2433 5080 codices
2482 5025 2707 5088 habent,
2750 5022 3133 5091 conﬁrmamini
3160 5038 3177 5076 :
3208 5022 3322 5090 alii,
3378 5019 3813 5091 corroboraniini.

2217 5096 2581 5179 subsequcnli
2631 5109 2789 5150 versu
2850 5090 3051 5164 pariter
3120 5093 3244 5165 plus
3306 5092 3508 5149 habent
3578 5090 3823 5163 prodigia

2213 5177 2351 5233 ejus,
2383 5177 2489 5223 etc.

2235 5185 2521 5294 Juﬁs’Aﬁltclit
2550 5239 2853 5295 Veroucus.
2879 5252 2981 5291 ms.
3005 5244 3100 5291 est.
3127 5235 3281 5305 Legit
3326 5250 3457 5292 vero
3502 5236 3655 5306 juxta
3686 5232 3824 5306 7Au~

2216 5311 2512 5379 gustinum,
2540 5312 2593 5363 in
2623 5310 2763 5365 omni
2792 5322 2926 5363 terra
2957 5323 2977 5363 :
3002 5317 3115 5363 tum
3163 5308 3349 5374 habet,
3384 5305 3587 5361 Mentor
3618 5305 3719 5377 fuit
3766 5306 3821 5358 in

2217 5390 2485 5447 internum,
2515 5383 2603 5437 ubi
2661 5381 2945 5451 Augustin.
2980 5381 3065 5433 cui
3098 5380 3361 5451 impressa
3387 5380 3546 5434 lectio
3575 5379 3626 5431 in
3656 5392 3825 5430 διενεκ-

2221 5455 2326 5505 lum
2357 5454 2638 5524 probatur,
2670 5450 2791 5517 Atii,
2814 5451 3007 5521 inquit,
3038 5450 3241 5504 codices
3267 5450 3455 5524 habent
3477 5453 3527 5504 in
3546 5457 3818 5514 internum,

2218 5522 2439 5594 quodex
2461 5524 2896 5595 ambigqurwco
2915 5525 3112 5594 factum
3131 5531 3228 5575 est.
3254 5522 3817 5595 Subsequentiversu,

2220 5588 2570 5668 etjuramenti
2600 5588 2693 5650 vsui
2713 5667 2718 5668 ν
2740 5596 2847 5668 ipsi
2867 5588 3041 5668 Isaac,
3075 5603 3122 5647 et
3153 5596 3334 5647 statuit
3365 5588 3497 5646 illud
3524 5594 3621 5663 ipsi
3654 5588 3821 5644 Jarob

2217 5666 2270 5719 in
2284 5665 2618 5739 prmceptum,
2640 5678 2686 5721 et
2704 5667 2803 5739 ipsi
2819 5665 2985 5739 Israel
3009 5665 3061 5718 in
3081 5674 3459 5739 testamentum,
3476 5674 3583 5719 etc.
3597 5706 3611 5729 ,
3626 5678 3821 5739 quem-

2220 5733 2508 5793 nd'nmdu'm
2558 5746 2615 5794 et
2658 5733 2731 5793 ab
2754 5737 3060 5806 Augustino
3106 5735 3348 5803 lectum,
3404 5752 3511 5790 non
3567 5733 3820 5806 equidem

2222 5808 2314 5864 ubi
2342 5809 2492 5864 locus
2544 5812 2645 5865 iste
2680 5805 3024 5878 promuntur,
3059 5807 3157 5862 sed
3190 5808 3279 5864 ubi
3315 5809 3582 5878 repetitur
3612 5805 3667 5860 in
3699 5805 3817 5875 ipsa

2223 5881 2603 5949 Enarralione,
2634 5882 2976 5951 perspicuum
3021 5886 3128 5935 est.
