3994 6324
194 310 284 369 515
1438 314 1645 373 LIBER
1684 316 1725 376 P

1849 316 2126 381 .MORUM.

3342 334 3451 397 514

255 424 389 492 Quod
416 422 663 496 disposuit
703 424 773 481 ad
814 424 1118 485 Abraham:
1154 435 1202 484 ct
1230 428 1520 502 juramenti
1560 432 1644 489 sui
1678 434 1749 489 ad
1774 436 1825 499 Α
1922 436 2437 513 Quoddisposuitad
2452 440 3060 516 Abraham,juramenti
3078 445 3162 505 sui
3178 446 3244 504 ad
3265 446 3447 507 Isaae:

194 516 342 572 Isaac.

251 611 308 666 Et
324 611 493 665 statuit
531 611 666 667 illud
704 610 869 669 Iacob
898 614 951 670 in
993 626 1353 689 pra'ceptum:
1385 626 1431 675 et
1481 618 1653 677 Israel
1697 622 1751 676 in

192 714 513 760 testamentum
538 714 815 760 internum.

246 801 414 855 Dicens
440 817 458 855 :
480 799 597 856 Tibi
621 802 759 859 dabo
786 812 977 860 terrant
1002 805 1280 878 Chanaan,
1313 810 1603 883 funiculum
1636 813 1745 870 hce-

187 894 387 950 reditatis
413 906 609 952 vestrte.
645 905 673 935 ⁸

243 986 355 1041 Cum
371 997 532 1042 essent
561 1005 771 1046 numero
801 990 960 1059 brevi,
976 994 1298 1064 paucissimi,
1319 1004 1367 1053 et
1406 998 1591 1055 incola:
1612 1000 1744 1070 eius.

241 1079 299 1134 Et
352 1084 753 1148 pertransierunt
800 1086 866 1141 de
902 1097 1053 1158 gente
1084 1088 1138 1143 in
1181 1101 1404 1161 gentem,
1429 1108 1489 1149 +
1523 1103 1572 1149 ct
1605 1095 1626 1163 ζ
1684 1096 1749 1151 de

182 1189 313 1244 regno
334 1173 401 1228 ad
425 1176 676 1246 populum
701 1177 949 1237 alterunt.
1277 1218 1283 1247 ι

239 1266 347 1321 Non
375 1268 580 1339 reliquit
612 1270 871 1327 hominem
904 1289 1087 1329 nocere
1128 1276 1201 1331 eis
1234 1284 1326 1333 :et
1354 1279 1604 1351 corripuit
1651 1296 1747 1352 pro

180 1358 237 1413 eis
255 1375 403 1433 reges.

237 1450 396 1506 Nolite
416 1460 629 1525 tangere
658 1456 878 1513 christos
903 1474 1040 1515 meos
1068 1476 1087 1515 .'
1109 1469 1159 1516 et
1185 1458 1213 1499 δ
1241 1476 1301 1517 4-
1332 1463 1387 1518 in
1424 1462 1446 1532 ζ
1479 1464 1743 1537 prophetis

179 1545 281 1601 meis
301 1547 451 1602 nolite
476 1548 779 1624 malignari.

181 1650 186 1659 '
236 1636 295 1692 Et
319 1640 502 1695 vocavit
530 1643 723 1713 {ornem
743 1661 896 1719 super
911 1655 1102 1703 terram
1135 1664 1195 1705 ψ
1237 1659 1286 1707 et
1318 1652 1338 1720 ζ
1372 1668 1521 1708 omne
1563 1653 1744 1725 ﬁrma-

177 1741 366 1787 mentum
385 1735 537 1805 panis
567 1738 828 1793 contriuit.

232 1822 361 1879 illisit
404 1837 525 1883 ante
568 1845 659 1886 eos
704 1830 870 1887 virum
897 1849 917 1889 :
946 1834 1001 1889 in
1044 1852 1247 1893 servum
1298 1841 1623 1899 venundatus
1657 1851 1735 1900 est

175 1913 359 1989 Ioseph.

230 2008 631 2071 llumiliaverunt
667 2018 723 2073 in
765 2021 1099 2092 compedibus
1134 2026 1291 2096 pedes
1341 2008 1494 2101 ejus,
1541 2031 1737 2102 ferrum

174 2107 428 2173 pertransiit
448 2119 469 2147 ε
508 2113 738 2169 animam
770 2116 883 2187 ejus
912 2132 932 2171 :
955 2119 1119 2174 donec
1155 2122 1345 2178 veniret
1372 2124 1575 2179 verbum
1598 2126 1733 2196 ejus.

232 2400 488 2473 Eloquium
520 2404 736 2463 Domini
766 2408 1109 2481 inﬂammavit
1151 2429 1267 2469 eum
1298 2416 1479 2473 :misit
1520 2434 1641 2490 rex,
1689 2428 1739 2477 et

171 2494 293 2550 solvit
309 2513 433 2566 eum,
467 2501 718 2573 princeps
739 2506 1078 2577 papulormn,
1098 2519 1148 2562 et
1171 2511 1367 2567 dimisit
1381 2529 1520 2570 eum.

227 2586 485 2647 Constituit
527 2611 647 2649 eum
681 2596 949 2655 dominum
989 2601 1176 2659 domus
1202 2621 1328 2674 sum,
1370 2614 1419 2662 et
1452 2608 1739 2683 principem

172 2688 313 2738 omnis
340 2688 683 2756 possessionis
703 2708 835 2748 sure.

232 2777 289 2833 Ut
344 2782 573 2837 erudiret
622 2786 881 2858 principes
926 2791 1036 2862 ejus
1082 2791 1216 2848 sicut
1255 2795 1586 2869 semetipsum
1636 2814 1657 2855 :
1690 2806 1737 2855 et

169 2888 288 2929 senes
313 2876 421 2947 ejus
447 2878 784 2946 prudentiam
812 2880 1039 2940 doceret.

231 2966 286 3020 Et
315 2968 530 3024 intravit
595 2970 768 3030 Israel
799 2973 826 3013 (1
862 2992 913 3034 -ξ
959 2978 1013 3033 in
1041 2978 1063 3049 ζ
1094 2976 1393 3054 ίεθμριαηι
1424 2998 1443 3037 :
1488 2992 1537 3039 et
1575 2982 1735 3041 Iacob

168 3062 316 3117 accola
333 3065 427 3135 [ait
457 3070 517 3122 in
543 3077 682 3125 terra
708 3069 895 3127 Cham.

224 3156 283 3211 Et
320 3162 459 3216 auxit
512 3164 767 3235 populant
813 3185 965 3224 suum
1005 3169 1325 3230 vehementer
1354 3190 1375 3231 :
1416 3182 1466 3230 et
1506 3175 1735 3246 ﬁrmauit

166 3264 258 3305 eum
276 3269 421 3326 super
441 3258 684 3314 inimicos
710 3263 848 3334 ejus.

1854 533 2047 589 statuit
2069 535 2196 591 illud
2227 535 2397 593 Jacob
2425 537 2477 594 in
2503 548 2834 613 praceptum
2868 551 2963 599 :et
3002 542 3169 601 Israel
3204 544 3257 600 in
3287 554 3453 603 testa-

1854 634 2096 685 mentum
2122 636 2410 688 aeternum.

1924 818 2125 878 Dieens
2170 836 2186 878 :
2224 821 2345 880 Tibi
2384 822 2528 882 dabo
2566 830 2769 882 terram
2805 824 3086 894 Chanaan,
3148 824 3451 884 funiculum

1854 914 2191 975 bmreditatis
2220 928 2442 977 vestras.

1923 1008 2059 1066 Cum
2089 1021 2275 1069 essent
2308 1022 2331 1051 ο
2366 1014 2418 1069 in
2444 1029 2673 1071 numero
2716 1014 2895 1082 brevi,
2932 1015 3266 1086 paucissimi,
3290 1026 3342 1071 ct
3367 1015 3453 1072 itt-

1850 1104 1987 1159 colte
2017 1105 2069 1160 in
2097 1122 2159 1162 ea
2192 1124 2205 1161 :
2236 1116 2293 1164 et
2318 1109 2756 1179 pertransierunt
2777 1109 2846 1167 de
2873 1119 3037 1181 gente
3063 1110 3373 1183 ingentem,
3395 1120 3452 1168 et

1849 1196 1918 1255 de
1942 1214 2110 1272 regno
2136 1202 2203 1258 ad
2239 1203 2503 1275 populum
2526 1204 2785 1263 alterum.

1918 1292 2038 1349 Non
2097 1296 2349 1367 permisit
2400 1296 2680 1355 hominem
2708 1312 2909 1359 nocere
2931 1302 3011 1358 eis
3043 1316 3061 1361 ς
3093 1309 3152 1360 et
3180 1300 3448 1374 corripuit

1849 1401 1947 1457 pro
1971 1388 2053 1445 eis
2080 1404 2257 1462 reges.

1918 1480 2098 1539 Nolite
2148 1492 2375 1555 tangere
2411 1484 2651 1545 cbristos
2687 1502 2846 1547 meos
2889 1506 2904 1545 :
2952 1498 3010 1548 et
3062 1487 3118 1546 in
3165 1488 3446 1561 prophetis

1848 1576 1985 1632 meis
2013 1576 2184 1633 nolite
2213 1579 2523 1650 malignari.
2948 1640 2949 1643 η

1920 1668 1986 1725 Et
2006 1670 2220 1727 vocavit
2259 1671 2460 1730 famem
2490 1689 2654 1746 super
2682 1683 2927 1732 terram:
2961 1676 3091 1751 [Μο.
3126 1684 3229 1734 tac.
3280 1675 3356 1752 et]
3389 1685 3446 1736 et

1847 1776 2016 1821 omne
2045 1763 2445 1822 ﬁrmamentum
2476 1766 2631 1839 panis
2668 1767 2944 1827 contrivit.

1767 1931 1818 1995 Β
1922 1946 2068 2004 Misit
2105 1956 2234 2005 ante
2260 1962 2359 2005 eos
2387 1947 2567 2007 virum
2591 1949 2723 2023 [01s.
2779 1951 3106 2027 hominem],
3138 1954 3194 2011 in
3223 1965 3441 2014 servum

1845 2041 2191 2098 venundatus
2214 2050 2302 2099 est
2328 2042 2530 2115 Joseplt
2557 2060 2571 2099 :
2603 2043 3041 2103 bumiliaverunt
3085 2048 3140 2104 in
3168 2049 3444 2120 compedi-

1841 2133 1941 2190 bus
1971 2133 2141 2206 pedes
2164 2137 2283 2205 ejus
2311 2152 2325 2191 :
2353 2135 2555 2193 ferrum
2584 2139 2943 2210 pertransivit
2974 2138 2993 2178 ί
3025 2140 3266 2197 animam
3294 2142 3439 2214 ejus,
3526 2196 3531 2201 .

1840 2225 2017 2284 donec
2045 2226 2251 2283 veniret
2302 2227 2529 2285 verbum
2576 2229 2742 2300 ejus:
2779 2228 3060 2303 eloquium
3112 2231 3331 2290 Domini
3358 2232 3442 2291 in-

1841 2320 2141 2377 ﬂammavit
2171 2336 2320 2379 eum.

1912 2414 2056 2472 Misit
2083 2430 2201 2484 rex,
2238 2423 2291 2472 et
2323 2416 2485 2474 solvit
2514 2430 2682 2479 eum;
2715 2418 2971 2493 princeps
3003 2420 3352 2494 potrulorum,
3381 2430 3439 2481 et

1840 2505 2050 2564 dimisit
2065 2524 2216 2566 eum.

1913 2603 1980 2659 Et
2006 2602 2133 2675 [.its.
2167 2613 2267 2659 tac.
2300 2604 2376 2678 et]
2403 2604 2686 2662 constituit
2722 2622 2845 2663 eum
2900 2607 3183 2666 dominum
3243 2608 3440 2667 domus

1839 2713 1977 2765 suae,
2001 2706 2059 2755 et
2084 2698 2381 2771 principem
2405 2700 2583 2757 omnis
2620 2701 2988 2773 possessionis
3019 2720 3153 2759 sum.

1913 2793 1983 2851 Ut
2022 2793 2271 2850 erudiret
2310 2793 2584 2866 principes
2626 2809 2755 2852 suos
2801 2796 2944 2853 sicut
2968 2796 3096 2871 [Με.
3132 2799 3206 2853 ita
3238 2796 3441 2872 ιιι]ευί-

1840 2904 1997 2962 psunt
2031 2908 2046 2947 :
2075 2898 2131 2946 et
2159 2898 2184 2938 8
2207 2890 2456 2947 seniores
2481 2905 2612 2945 suos
2644 2890 2991 2959 prudentiam
3022 2892 3272 2949 doceret.

1912 2984 1979 3039 Et
2012 2983 2237 3039 intravit
2267 2982 2433 3039 Israel
2453 2981 2510 3039 in
2540 2982 2833 3058 eEgyptum
2861 2993 2949 3043 :et
2973 2984 3145 3043 Jacob
3175 2984 3439 3042 habitavit

1842 3076 1898 3133 in
1925 3086 2070 3133 terra
2091 3074 2283 3133 Cham.

1914 3171 1980 3227 Et
2006 3171 2157 3228 ausit
2194 3171 2456 3244 populum
2501 3186 2662 3228 suum
2710 3169 2873 3228 nimis
2906 3186 2921 3226 :
2950 3177 3006 3228 et
3035 3166 3065 3209 δ
3091 3168 3437 3227 conﬁrmavit

1840 3278 1963 3321 cum
1990 3279 2155 3336 super
2182 3264 2432 3322 inimicos
2462 3267 2606 3337 ejus.

222 3344 461 3403 Convertit
507 3366 595 3406 cor
632 3368 834 3423 eorum,
883 3365 936 3410 ut
970 3357 1175 3414 adirent
1208 3359 1463 3433 populum
1491 3362 1606 3434 eius
1636 3378 1655 3418 :
1681 3374 1730 3420 et
1760 3336 1807 3403 (ἶ
1908 3355 2189 3415 Convertit
2216 3372 2312 3414 cor
2350 3336 2565 3428 eorum,
2606 3367 2665 3415 ut
2704 3357 2921 3415 odirent
2951 3357 3207 3432 populum
3254 3356 3372 3430 ejus
3412 3372 3429 3415 :

163 3438 312 3495 dolum
336 3444 566 3515 facerent
593 3446 646 3501 in
676 3464 848 3505 servos
878 3452 1013 3524 ejus.

218 3579 243 3656 ξ
276 3582 515 3656 Alterum
547 3583 855 3656 Diapsalma
879 3588 1019 3644 idem
1046 3603 1148 3645 ms.
1182 3598 1429 3647 annotat.
1462 3590 1601 3647 Tum
1652 3590 1730 3645 al-

162 3654 303 3733 terius
331 3654 398 3711 ab
427 3658 538 3712 hoc
567 3654 1102 3733 versiculipriorem
1128 3660 1195 3715 Et
1217 3664 1473 3733 cupulam
1495 3663 1727 3727 ὀϐιλίζιι.

216 3722 420 3803 {Carus
444 3735 497 3803 et
526 3729 803 3797 copulam,
837 3722 1115 3787 l‘alatiuus
1145 3748 1247 3787 ms.
1293 3722 1725 3803 subsequentem

158 3795 341 3871 obclum
361 3840 376 3862 ,
407 3795 850 3871 minus—uterque
872 3813 1043 3869 recte,
1076 3806 1352 3860 omittunt.

218 3867 315 3951 fin
347 3880 502 3951 recto
523 3871 735 3951 anima,_
749 3867 1176 3951 j'uxta‘Grtccum
1208 3880 1238 3936 ἠ
1265 3876 1443 3951 ψυχή,
1476 3876 1726 3948 aliosque

158 3935 347 4010 Latinos
372 3941 563 4006 libros,
597 3935 818 4010 prmiért
837 3945 1105 4001 Palatinus
1133 3935 1235 4001 ms.

213 4006 234 4045 ἀ
260 4010 381 4091 Sine
408 4006 801 4091 obolo-legitur
827 4015 880 4071 in
899 4019 1091 4073 eodem
1123 4035 1224 4073 ms.
1256 4020 1311 4076 in
1337 4035 1444 4091 quo
1466 4019 1726 4076 etsubse-

154 4085 311 4155 quanti
339 4085 518 4138 versui
555 4083 862 4155 Diapsalma
892 4091 1251 4144 subnectitur.
1278 4083 1536 4146 Neutrum
1564 4092 1722 4147 bene.

214 4163 234 4189 ε
259 4153 467 4231 Δνςιξοη.
494 4172 598 4212 ms.
616 4153 742 4231 ipsi,
764 4174 862 4228 pro
888 4160 961 4213 in.
989 4159 1331 4217 Rceolendus
1351 4178 1513 4231 porro
1539 4173 1594 4219 et
1618 4162 1730 4217 Au-

152 4226 322 4291 gustini
368 4229 519 4282 locus
553 4246 568 4281 :
603 4226 865 4284 Nonnulli
902 4243 1076 4285 autem
1123 4234 1324 4289 codices
1353 4226 1578 4299 habent,
1624 4251 1729 4288 non

152 4298 441 4373 pattcissitni
474 4308 531 4354 et
561 4300 777 4373 incolae,
836 4303 925 4356 sed
979 4306 1337 4373 paucissimos
1394 4315 1449 4360 et
1494 4306 1726 4361 incolas.

156 4365 237 4447 ζ]
263 4380 471 4447 apparet
497 4387 604 4437 eos,
628 4371 716 4442 qui
742 4372 842 4425 ista
872 4375 943 4428 ita
973 4365 1295 4447 interpretati
1324 4385 1461 4443 sunt,
1490 4376 1727 4431 Crtccant

151 4441 284 4520 [uisse
304 4443 615 4520 locutionem
634 4441 855 4520 secutos,
884 4462 1002 4520 qua:
1030 4441 1303 4517 transferri
1325 4466 1427 4503 non
1449 4441 1640 4520 potest
1671 4448 1725 4501 in

150 4507 383 4577 Latinum,
414 4514 523 4590 nisi
550 4531 667 4590 curn
696 4532 757 4569 ea
774 4507 1114 4581 absurditate,
1166 4507 1282 4586 qua:
1334 4507 1482 4590 ferri'
1503 4521 1715 4573 omnino

150 4596 234 4634 non
254 4588 432 4649 possit.
459 4584 523 4641 Si
550 4587 687 4659 enim
711 4594 873 4642 totam
900 4589 1065 4658 ipsam
1097 4584 1410 4645 locutionem
1435 4591 1714 4659 transferre

149 4668 388 4723 conentur,
413 4657 604 4711 dicturi
631 4674 832 4724 sumus,
858 4657 997 4715 loco
1011 4677 1132 4716 esse
1156 4662 1277 4716 illos
1304 4677 1535 4717 numero
1565 4657 1714 4717 brevi

151 4727 489 4799 paucissimos
522 4740 575 4783 et
596 4729 805 4786 incolas
833 4731 884 4785 in
913 4747 997 4787 ea.
1018 4732 1171 4799 Quod
1201 4743 1371 4789 autent
1390 4738 1460 4787 ait
1482 4732 1719 4797 Grtvcus,

148 4791 192 4849 In
224 4813 290 4875 eo
338 4814 464 4856 esse
491 4800 635 4865 illos,
668 4802 767 4855 hoc
786 4812 857 4856 est
885 4791 1108 4871 Latin},
1139 4805 1273 4860 Cum
1322 4814 1509 4861 essent
1543 4822 1554 4857 :
1585 4791 1723 4875 quod

146 4869 452 4948 verbum_non
482 4881 646 4948 potest
672 4888 821 4948 casus
848 4869 1170 4948 accusatiuus
1190 4878 1356 4948 sequi,
1375 4879 1463 4930 sed
1486 4869 1723 4929 nomina-

149 4937 275 5017 [ξι-ιη.
307 4942 435 5008 Quis
479 4937 613 4998 enim
658 4946 821 5011 dicat,
851 4944 978 5000 Cum
1002 4958 1165 5001 essent
1194 4937 1579 5017 pa'ucissitttos?
1607 4948 1718 5012 sed,

145 5007 257 5065 Cum
282 5007 468 5087 essent
513 5007 842 5087 paucissimi.
876 5017 1134 5087 Sequitur
1189 5007 1240 5073 in
1271 5020 1463 5074 eodem
1494 5034 1594 5074 ms.
1630 5007 1720 5073 :et

147 5086 444 5163 transiet-urg
468 5086 531 5141 de
558 5096 707 5163 gente
732 5089 785 5142 in
816 5086 1038 5163 gentem,
1069 5090 1135 5145 de
1186 5107 1342 5163 regno
1368 5091 1423 5144 in
1462 5092 1713 5163 populum

144 5156 364 5213 alterum.
399 5156 663 5234 Tunt_:sed
689 5156 882 5234 arguit,
914 5176 1014 5234 pro
1034 5171 1082 5215 et
1103 5156 1371 5234 corripuit,
1405 5156 1711 5232 et'm'oligne

144 5242 294 5305 φθαῖεν
320 5246 420 5305 pro
448 5229 727 5305 malignari
754 5229 775 5286 Ξ
809 5229 1011 5302 quibus
1038 5234 1175 5289 locis
1220 5229 1291 5289 ab
1319 5229 1711 5305 Augustiniana

146 5294 355 5353 lectione
388 5294 603 5367 longqu
628 5302 763 5357 abit.

208 5368 441 5447 '_llabet_
477 5373 812 5429 Veronensis
863 5389 965 5430 ms.
1016 5376 1068 5430 in
1114 5386 1265 5433 recto
1288 5378 1483 5439 anima,
1511 5393 1614 5447 qua
1646 5378 1715 5434 de

143 5438 354 5497 lectione
373 5445 443 5498 ad
473 5447 780 5513 Oppositam
809 5448 1117 5503 columnam
1140 5450 1397 5503 diximus.
1432 5438 1570 5504 Tum
1602 5450 1715 5505 clo-

144 5514 299 5587 onium
331 5513 546 5569 Domini
572 5516 751 5586 ignivit
777 5534 915 5585 eum,
961 5536 1066 5587 quo
1094 5520 1163 5575 de
1183 5520 1353 5575 verbo
1383 5520 1619 5577 diximus
1646 5522 1713 5577 ad

144 5582 478 5663 [sonusiam
513 5582 844 5663 Augustinus
876 5582 927 5644 in
975 5582 1115 5663 hunc
1176 5594 1373 5657 locum,
1431 5594 1713 5663 Eloquium

143 5651 335 5711 Domini
366 5651 724 5733 inﬂammavit
774 5675 901 5733 eum
931 5678 944 5715 :
975 5662 1056 5718 vel
1092 5666 1229 5733 quod
1252 5651 1413 5733 magis
1444 5666 1506 5719 de
1536 5651 1713 5721 Crteco

141 5740 423 5806 cupressum
445 5731 534 5785 alii
559 5730 761 5786 codices
789 5732 1001 5803 habent,
1027 5730 1313 5805 Eldquium
1333 5730 1546 5791 Domini
1576 5737 1713 5808 igni-

140 5808 205 5850 Vit
231 5816 351 5853 cum
364 5842 377 5854 .

201 5879 223 5914 ιι
263 5871 508 5930 Pressius
536 5874 604 5931 ad
631 5872 877 5935 Crtecum
906 5876 1047 5936 idem
1088 5892 1218 5948 ms.,
1251 5888 1297 5935 et
1335 5880 1561 5937 seniores
1589 5882 1706 5951 ejus

1838 3458 1894 3509 et
1920 3451 2105 3507 dolum
2137 3450 2380 3507 iacerent
2408 3450 2461 3506 in
2490 3464 2681 3508 servos
2708 3451 2853 3523 ejus.

1836 3588 2089 3660 sapientes
2115 3587 2325 3660 faceret.
2359 3584 2531 3653 Quam
2572 3601 2673 3659 ego
2717 3585 3004 3660 lectionem
3047 3586 3117 3643 ab
3146 3587 3434 3660 Augustini

1836 3655 2193 3730 Enarratiojte
2216 3655 2583 3730 Veronensem
2610 3655 2997 3730 antiquarium
3028 3660 3189 3714 velim
3214 3655 3425 3730 descri-

1833 3735 2029 3803 psisse.
2094 3726 2328 3803 Grtt’cus,
2370 3728 2563 3803 inquit,
2602 3726 2782 3803 habet,
2821 3728 3317 3803 Etsenioresejus
3344 3746 3436 3785 sa-

1833 3798 2091 3873 pientiam
2123 3799 2364 3873 doceret.
2401 3798 2557 3873 Quod
2599 3800 2739 3873 omni
2792 3800 2945 3873 modo
2981 3801 3051 3855 ad
3095 3798 3301 3855 verbum
3356 3803 3433 3856 ita

1830 3869 1936 3929 diei
1960 3878 2151 3941 posset,
2178 3869 2437 3941 Erudiret
2458 3871 2732 3938 principes
2753 3871 2873 3940 ejus
2900 3872 3428 3941 sicutsctnetipsutn,

1828 3958 1884 4002 et
1911 3944 2158 3999 seniores
2186 3940 2305 4019 eius
2326 3940 2600 4019 sapientes
2629 3942 2852 4019 taceret.
2879 3943 3264 4019 Ilpschurc'pou;
3286 3944 3434 3999 enim

1832 4017 2014 4083 habet,
2066 4027 2203 4083 quos
2244 4011 2429 4088 dicere
2467 4012 2706 4067 solemus
2732 4011 2999 4088 seniores,
3034 4030 3139 4068 non
3166 4015 3429 4088 γέροντας,

1832 4090 1883 4145 itl
1916 4096 2018 4147 est.
2060 4100 2219 4139 senes
2248 4098 2262 4137 :
2294 4086 2498 4157 σοφίσαι
2549 4092 2751 4157 autem,
2792 4085 2953 4157 quod
2994 4100 3102 4139 uno
3130 4085 3294 4141 verbo
3325 4087 3430 4140 La-

1836 4162 1948 4215 tine
1994 4158 2096 4211 dici
2132 4172 2237 4210 non
2266 4156 2478 4227 potest,
2509 4170 2538 4209 a
2569 4156 2834 4227 sapientia
2886 4157 3088 4212 dictum
3146 4166 3253 4219 est,
3308 4172 3431 4224 qua:

1834 4229 2221 4307 atsgatoetlrzece~
2244 4226 2446 4307 dicitur
2473 4243 2486 4307 ξ
2510 4226 2670 4307 nona
2701 4228 3015 4307 prudentia,
3039 4243 3160 4307 qua:
3190 4229 3430 4307 φρρνηᾳις

1835 4297 2156 4373 appellatur.
2189 4298 2449 4368 Sequitur
2474 4297 2527 4373 in
2552 4297 2883 4373 eodetnms.
2916 4315 2931 4354 :
2965 4298 3034 4373 Et
3062 4297 3293 4373 introibit
3345 4299 3434 4354 ls-

1834 4366 1945 4429 τάξι
1977 4375 2029 4427 in
2062 4366 2374 4441 ﬂigi/ptum,
2413 4379 2462 4423 et
2487 4366 2658 4423 Iacob
2684 4368 2933 4425 habitavit
2962 4372 3016 4425 in
3053 4380 3192 4424 terra
3216 4370 3428 4427 Chana-

1832 4464 1938 4511 am,
1969 4458 2067 4515 pro
2093 4440 2275 4515 Chatti.
2302 4441 2417 4515 Qua
2435 4440 2519 4515 Ade
2550 4442 2783 4515 lectione
2832 4444 3025 4498 iterum
3049 4442 3384 4512 Augustinus
3412 4461 3427 4497 :

1825 4517 1951 4583 llic,
1971 4511 2177 4585 inquit,
2206 4513 2526 4583 apertissime
2547 4511 2970 4585 demonstrarunt
2994 4524 3091 4579 est,
3131 4511 3195 4568 de
3235 4515 3430 4570 semine

1821 4589 1982 4644 Cham
2003 4583 2103 4656 ﬁlii
2129 4584 2263 4651 Noe,
2294 4586 2443 4655 cujus
2479 4584 2765 4657 printitivus
2798 4586 2901 4657 fuit
2931 4583 3180 4657 Chanaan
3207 4626 3223 4649 ,
3272 4602 3427 4640 escor-

1820 4671 1926 4714 tam
1949 4653 2110 4729 fuisse
2138 4656 2291 4729 etiam
2321 4653 2496 4729 gentes
2513 4653 2919 4729 _/Eggpti_orutn.
2958 4656 3189 4711 Proinde
3219 4658 3273 4729 in
3302 4657 3424 4727 qui-

1828 4733 1922 4787 bus
1943 4725 2206 4785 codicibus
2235 4725 2333 4781 hoc
2361 4726 2475 4779 loco
2504 4725 2695 4797 legitur
2724 4726 3004 4794 Chanaan,
3044 4725 3425 4783 emendandum

1828 4813 1929 4858 est.
1957 4801 2147 4856 Melius
2160 4810 2330 4851 autent
2353 4797 2753 4867 interpretatum
2774 4810 2870 4867 est,
2904 4801 3088 4855 accola
3118 4799 3240 4860 fuit,
3269 4815 3426 4868 quam

1826 4876 1959 4930 sicut
1981 4873 2075 4928 alii
2097 4871 2298 4942 codices
2321 4868 2526 4942 habent,
2558 4868 2902 4937 inltahitavit,
2942 4870 3082 4942 quod
3108 4870 3424 4942 tantumdem

1827 4957 1976 5011 esset,
2008 4948 2052 5001 si
2074 4955 2118 4997 et
2141 4939 2316 4996 incola
2343 4940 2623 5007 diceretur,
2650 4941 2783 5011 nihil
2805 4944 2941 4996 enim
2957 4939 3122 4995 aliud
3139 4941 3419 5011 signiﬁcat.

1828 5010 1973 5072 Nam
2002 5018 2231 5083 idipsutn
2274 5021 2348 5066 est
2382 5014 2590 5068 verbum
2615 5013 2669 5067 in
2692 5010 2877 5069 Greece
2897 5015 2997 5068 ista
3024 5012 3162 5075 loco,
3185 5010 3324 5082 quad
3348 5021 3420 5066 est

1824 5100 1872 5166 et
1898 5091 2155 5166 superius,
2176 5088 2267 5166 ubi
2296 5086 2491 5166 dictum
2513 5094 2607 5151 est,
2638 5084 2976 5166 Baucissinti,
3006 5092 3053 5137 et
3076 5082 3261 5138 incola:
3284 5086 3421 5166 ejus.

1817 5156 1988 5217 Porro
2018 5162 2274 5232 intelligis
2304 5199 2319 5224 ,
2351 5156 2572 5232 Lector,
2603 5158 2842 5232 noluisse
2869 5156 3238 5232 Veronensum
3279 5156 3425 5232 anti-

1815 5236 2066 5303 quarium
2099 5225 2314 5289 bic'loei
2346 5229 2761 5303 Augustiniana:
2792 5228 3080 5284 sententia:
3108 5240 3173 5281 ac
3197 5225 3418 5283 lectioni

1820 5308 2045 5361 obseaui
2058 5346 2072 5360 .

1892 5322 2158 5433 ἰθίιςὲἓυο
2187 5377 2381 5432 iterum
2408 5374 2711 5428 Veronens.
2734 5368 2925 5438 codex,
2980 5368 3052 5425 Et
3099 5370 3415 5441 eonfortauit

1820 5468 1955 5505 eum.
1981 5451 2118 5504 Tum
2140 5446 2485 5515 subsequenti
2502 5460 2683 5506 versu,
2703 5451 2759 5496 ut
2781 5444 2973 5498 odisset
2996 5444 3244 5515 populant
3272 5445 3407 5514 ejus,

1824 5534 1869 5576 et
1887 5522 2221 5578 insidiaretur
2246 5521 2297 5572 in
2321 5517 2479 5571 seruis
2505 5517 2640 5587 ejus,
2665 5528 2802 5587 quas
2830 5515 3096 5571 lectiones
3128 5523 3317 5584 utpote
3342 5516 3411 5568 ah

1823 5594 1905 5650 his
1930 5608 2064 5663 quas
2111 5590 2390 5667 proferunt
2441 5586 2767 5667 Latinilibrj
2794 5588 2884 5667 alii
2916 5587 3413 5667 omnes-diversas.

1820 5677 1876 5719 ttt
1902 5658 2189 5719 etultas'id
2224 5674 2391 5730 genus
2419 5674 2585 5729 saepe,
2614 5658 2755 5713 haud
2780 5658 3063 5716 debuisset
3087 5658 3208 5727 ejus
3228 5658 3342 5730 edit
3368 5674 3407 5711 r

1817 5734 2060 5792 Psalterii
2086 5728 2650 5796 tacitusdissimulare,
2674 5746 2796 5786 cum
2824 5731 2890 5786 ad
2912 5746 3004 5787 eas
3027 5728 3401 5799 exponendas,

1813 5821 1936 5877 quas
1986 5803 2285 5882 nihi_l__iere
2326 5811 2474 5867 sunt,
2526 5802 2793 5882 ‘Hebrteos
2834 5803 3058 5882 codices
3084 5814 3135 5856 et
3160 5799 3406 5882 gemens,

1814 5869 1980 5936 iintno
2010 5888 2064 5935 et
2092 5875 2402 5946 Chatti-stos,
2435 5885 2490 5933 et
2511 5875 2803 5943 Arabicos,
2834 5875 3104 5939 Persicos,
3137 5869 3406 5940 Ethiopi-
