4090 6338
213 351 252 407 5
265 352 350 409 I7
1545 344 1750 403 LIBER
1790 342 2237 402 PSALMORUM.
3448 339 3479 395 ἴ
3486 339 3554 398 18

292 468 571 537 Quoniam
600 487 793 526 memor
813 468 911 541 fuit
942 466 1079 522 verbi
1110 465 1276 522 sancti
1312 463 1392 520 sui
1419 477 1436 519 :
1472 476 1531 519 -=.—
1567 461 1705 534 quod
1751 460 1846 515 Ita-
1874 462 1928 523 Α
2021 460 2155 529 Quia
2183 466 2391 516 memor
2424 456 2521 514 fuit
2542 457 2695 515 veriti
2723 455 2899 513 sancti
2925 455 3008 513 sui
3036 473 3047 509 :
3072 454 3217 528 quod
3237 454 3449 514 loculus
3470 467 3553 515 est

199 562 332 617 buit
384 568 407 636 ζ
436 566 501 621 ad
532 565 793 621 Abraham
822 580 1038 637 puerum
1067 578 1237 616 suum.
1954 554 2019 609 ad
2049 554 2319 610 Abraham
2350 568 2575 626 puerum
2605 568 2785 608 suum.

286 656 383 711 Et
424 659 595 713 eduxit
636 660 887 730 populum
933 672 1083 712 suum
1127 654 1181 710 in
1225 652 1609 710 exsultatione:
1643 665 1701 705 -ξ-
1737 657 1784 704 et
1818 650 1839 719 ζ
2022 648 2093 705 Et
2118 647 2306 704 eduxit
2328 648 2581 719 papnlum
2607 661 2764 703 suum
2797 646 2850 702 in
2873 644 3236 729 exsultatione
3268 660 3283 700 :
3330 651 3387 700 et
3429 643 3543 701 ele-

200 751 432 809 electos
458 769 576 807 suos
606 754 660 808 in
692 753 899 808 lmiitia.
1949 744 2226 811 closfsuos
2256 742 2308 796 in
2332 740 2543 797 laetitia.

297 842 382 898 Et
405 845 539 899 dedit
565 845 673 902 illis
697 846 927 918 regiones
955 843 1213 917 gentium:
1240 848 1287 895 et
1316 837 1516 895 labores
1532 834 1840 910 populorum
2020 835 2085 890 Et
2113 832 2260 890 dedit
2288 833 2366 890 eis
2396 834 2647 905 regiones
2667 832 2909 905 gentium
2944 849 2957 886 :
2990 838 3045 889 et
3071 830 3287 887 labores
3313 830 3540 902 populo-

201 943 602 1011 possederunt.
1944 942 2064 983 rum
2097 926 2481 997 possederunt.

293 1034 379 1090 Ut
408 1035 704 1091 custodiant
723 1032 1127 1109 justiﬁeationes
1156 1030 1267 1102 ejus
1294 1043 1312 1085 :
1342 1034 1388 1084 et
1420 1026 1580 1099 legem
1608 1026 1721 1096 ejus
1756 1040 1838 1080 re-
2015 1020 2088 1076 Ut
2114 1019 2427 1077 custodiant
2464 1017 2885 1089 iustiﬁcationes
2921 1017 3041 1090 ejus
3070 1034 3084 1073 :
3116 1024 3174 1074 ct
3211 1016 3389 1087 legem
3419 1013 3537 1085 ejus

196 1129 463 1197 quirant.
1946 1114 2253 1187 exquirant.
2284 1112 2587 1170 ALLELUIA.

1602 1296 1966 1363 PSALMUS
2014 1296 2139 1361 CV.

2598 1429 2882 1473 ΑΒΜ-ΒΗΜΛ.
3190 1468 3197 1476 ,

2009 1511 2359 1569 Conﬁtcmini
2392 1510 2645 1579 Domino,
2678 1510 2936 1581 quoniam
2962 1502 2989 1545 ά
3019 1506 3191 1563 bonus
3226 1522 3239 1561 :
3270 1503 3529 1577 quoniam

1937 1605 1989 1662 in
2014 1607 2273 1663 smculum
2303 1604 2684 1662 misericordia
2715 1603 2855 1675 ejus.

285 1719 426 1784 Quis
445 1718 685 1789 loquetur
707 1690 963 1788 potentias
994 1711 1247 1767 Domini?
1275 1707 1484 1765 auditas
1517 1704 1670 1778 faciet
1721 1718 1831 1758 om-
2007 1700 2139 1768 Quis
2189 1700 2441 1771 loquetur
2485 1697 2757 1769 potentias
2803 1693 3054 1752 Domini?
3098 1690 3309 1750 auditas
3368 1691 3531 1749 faciet

202 1828 313 1867 nes
347 1810 529 1864 laudes
555 1810 710 1880 ejus?
1862 1846 1907 1880 λ
1933 1806 2122 1847 omnes
2147 1790 2332 1848 laudes
2360 1790 2515 1862 ejus?

283 1846 882 1971 ἓξέιτᾶξίῖῐίοάίηηι
909 1898 1208 1974 judicium;
1248 1904 1296 1951 et
1337 1891 1536 1966 faciunt
1568 1886 1831 1963 justitiam
1862 1846 1908 1926 Β
2008 1885 2159 1943 Beati
2212 1888 2301 1957 qui
2332 1846 2647 1942 custodiunt
2688 1882 2951 1955 judicium
2989 1899 3001 1937 :
3034 1889 3088 1939 et
3130 1878 3336 1938 faciunt
3367 1877 3530 1950 lusti-

1941 1976 2043 2034 tias
2070 1975 2197 2051 [Ms.
2225 1975 2514 2050 justitiam]
2546 1977 2600 2033 in
2633 1975 3071 2046 omnitempore.

2009 2069 2282 2126 Memento
2313 2069 2484 2125 nostri
2513 2112 2527 2138 ,
2561 2068 2822 2134 Domine,
2875 2066 2927 2121 in
2964 2061 3305 2136 bencplacito
3341 2061 3526 2136 populi

1938 2162 2012 2218 tui
2046 2178 2059 2217 :
2093 2171 2147 2218 et
2179 2162 2338 2217 visita
2370 2177 2469 2218 nos
2500 2160 2554 2216 in
2584 2160 2807 2216 salutari
2842 2167 2955 2215 tuo.

2007 2253 2089 2310 Ad
2139 2252 2427 2310 videndum
2474 2253 2529 2308 in
2563 2251 2809 2309 bonitate
2838 2252 3136 2307 electorum
3166 2257 3381 2304 tuorum
3416 2265 3429 2302 :
3460 2247 3529 2303 ad

1938 2347 2229 2403 laetandum
2264 2349 2316 2403 in
2349 2347 2533 2403 laetitia
2561 2346 2739 2419 gentis
2765 2355 2893 2417 tute,
2920 2356 2978 2402 ut
3004 2345 3244 2401 lauderis
3267 2358 3389 2399 cum
3420 2342 3531 2398 luc-

1936 2441 2165 2498 reditate
2198 2450 2313 2497 tua.

2004 2532 2358 2590 Peccavimus
2385 2547 2509 2591 cum
2530 2531 2777 2605 patribus
2797 2529 3001 2588 nostris
3028 2546 3042 2585 :
3069 2529 3269 2600 injuste
3293 2529 3525 2601 egimus,

1934 2621 2268 2697 iniquitatem
2298 2624 2546 2682 fecimus.

2003 2719 2193 2776 Patres
2220 2722 2398 2776 nostri
2429 2723 2480 2776 in
2513 2719 2751 2793 Egypto
2780 2734 2888 2775 non
2934 2717 3330 2775 intellexerunt
3356 2716 3523 2772 mira-

1933 2811 2062 2869 bilia
2096 2812 2225 2887 [Ms.
2273 2814 2636 2889 admirabilia]
2676 2823 2763 2871 tua
2798 2833 2811 2869 :
2844 2823 2899 2870 et
2937 2822 2959 2851 ο
3012 2829 3119 2869 non
3158 2812 3379 2869 fuerunt
3406 2826 3520 2868 nte-

1934 2920 2115 2962 mores
2144 2906 2507 2964 multitudinis
2534 2907 2925 2964 misericordia:
2956 2915 3083 2962 ture.

2008 2999 2077 3056 Et
2105 2996 2125 3035 ί
2179 3000 2530 3058 irritaverant
2579 3001 2938 3058 ascendentes
2979 3001 3033 3054 in
3070 2998 3315 3061 Rubrum
3345 3012 3526 3068 mare,

845 1439 872 1469 ⁸
900 1446 1187 1489 Αιιπιυιλ.

279 1528 621 1601 Con/itemini
668 1527 912 1593 Domino,
955 1526 1203 1596 quoniam
1246 1522 1410 1579 bonus
1438 1537 1456 1577 :
1486 1518 1732 1593 quoniam
1780 1516 1835 1571 in

195 1624 470 1677 swculum
503 1621 858 1675 misericordia
884 1624 1021 1692 ejus.

200 1994 265 2049 in
298 1995 443 2049 omni
474 2004 719 2067 tempore.

285 2088 551 2144 Memento
576 2087 761 2152 nostri,
787 2084 1027 2152 Domine,
1055 2082 1109 2139 in
1142 2079 1464 2154 beneplacito
1504 2074 1682 2150 populi
1713 2073 1829 2130 tui:

204 2185 373 2239 visita
400 2201 493 2238 nos
519 2185 572 2237 in
603 2183 826 2238 salutari
857 2189 964 2236 tuo.

281 2276 372 2330 Ad
394 2276 668 2330 videndum
684 2276 737 2329 in
761 2274 986 2329 bonitate
1006 2271 1281 2326 electorum
1298 2278 1499 2322 tuorum
1524 2281 1543 2320 :
1563 2262 1630 2319 ad
1649 2262 1826 2317 lauan-

201 2369 339 2423 dum
352 2370 406 2423 in
421 2369 600 2424 laetitia
612 2367 777 2440 gentis
790 2376 909 2436 tuae,
928 2375 983 2419 ut
1000 2363 1226 2419 lauderis
1242 2378 1358 2416 cum
1377 2359 1670 2414 litereditate
1684 2352 1828 2409 tua.b

284 2527 621 2583 Peccavimus
666 2542 784 2581 cum
830 2525 1062 2598 patribus
1109 2522 1340 2577 nostris:
1378 2520 1575 2592 injuste
1604 2517 1822 2590 egimus,

201 2623 551 2693 iniquitatem
578 2622 811 2693 fecimus.

282 2713 479 2769 Patres
504 2714 667 2768 nostri
695 2714 748 2767 in
781 2713 1015 2785 Egypto
1038 2727 1140 2765 non
1170 2706 1533 2764 intellrzcerttnt
1564 2703 1828 2761 mirabilia

202 2814 300 2861 tua
320 2823 338 2861 :
355 2823 457 2861 non
478 2808 685 2876 fuerunt
708 2823 950 2862 mentores
965 2803 1311 2860 multitudinis
1324 2800 1691 2856 misericordia:
1704 2808 1823 2855 tute.

279 2986 357 3042 Et
383 2988 713 3043 irritaverant
739 2988 1070 3043 ascendentes
1098 2996 1119 3024 ο
1152 2988 1217 3057 >ε<
1245 2985 1299 3040 in
1328 2999 1468 3039 mare
1501 2984 1523 3054 ζ
1553 2999 1694 3039 mare
1716 2982 1827 3039 Ru-

232 3080 411 3135 bftmt.

290 3171 364 3226 Et
394 3171 608 3227 saluauit
636 3186 723 3226 eos
744 3178 952 3243 propter
976 3184 1159 3225 nomen
1185 3184 1337 3224 suum
1358 3184 1379 3223 :
1410 3176 1467 3223 ut
1494 3175 1671 3223 notam
1694 3169 1828 3240 [ace-

212 3275 299 3321 ret
328 3266 607 3337 potentiam
639 3281 809 3321 suam.

279 3358 354 3412 Et
382 3360 636 3429 increpuit
676 3374 819 3414 mare
860 3357 1116 3425 Rubrum,
1162 3363 1210 3410 et
1257 3354 1572 3410 exsiccatum
1610 3364 1725 3410 est:
1770 3362 1818 3411 et

199 3450 427 3505 deduxit
452 3466 536 3504 eos
563 3451 615 3504 in
644 3451 841 3522 abyssis
870 3451 1001 3504 sicut
1028 3450 1082 3503 in
1110 3448 1336 3503 deserto.

280 3542 354 3596 Et
383 3545 596 3598 suleavit
620 3562 707 3599 eos
734 3544 797 3598 de
822 3561 977 3599 manu
1016 3543 1345 3599 odientium:
1391 3550 1439 3597 et
1480 3542 1695 3597 redemit
1738 3558 1823 3599 eos

202 3636 275 3690 de
305 3652 462 3690 manu
490 3637 710 3690 inimici.

281 3731 353 3787 Et
398 3733 598 3801 operuit
639 3749 773 3803 aqua
824 3731 1127 3785 tribulantes
1177 3745 1300 3789 eos:
1350 3745 1483 3783 unus
1523 3744 1588 3784 ea:
1617 3730 1689 3785 eis
1716 3745 1818 3786 non

200 3826 478 3880 remansit.

795 3885 826 3909 ν

203 3968 262 4014 et
292 3958 601 4027 insequenti
633 3972 817 4019 versu.
852 3956 991 4028 quod
1018 3956 1085 4011 ad
1112 3957 1393 4022 Abraham,
1428 3958 1795 4027 prmtermisso

202 4032 375 4085 verbo
404 4033 603 4084 locutus
640 4042 715 4084 est
741 4073 755 4096 ,
806 4029 947 4100 quod
993 4045 1170 4098 neque
1218 4028 1448 4084 habetur
1487 4030 1540 4085 in
1579 4030 1793 4086 Grmco.

203 4104 368 4163 Tum,
419 4103 616 4156 labores
641 4102 953 4168 populorum
994 4102 1289 4156 lucreditate
1330 4104 1682 4167 possederunt.
1728 4101 1795 4157 Ut

198 4173 499 4230 custodiant
516 4173 919 4245 justiﬁcationes
951 4182 1065 4245 tuas
1093 4216 1108 4238 ,
1140 4181 1185 4226 et
1212 4172 1393 4245 legem,
1435 4180 1521 4227 etc
1553 4213 1569 4240 ,
1609 4173 1792 4243 tacito,

199 4248 350 4311 ιμιοά
401 4250 453 4299 in
498 4243 603 4300 line
647 4245 916 4311 habetur,
954 4244 1199 4299 Alleluia.
1230 4243 1471 4314 Longius
1508 4245 1796 4301 iterumab

202 4319 537 4387 Augustino.

282 4385 623 4444 iGctninum
655 4397 734 4442 est
762 4387 813 4442 in
839 4387 1082 4441 Palatino
1114 4403 1215 4442 ms.
1245 4385 1495 4442 Alleluia.

276 4458 307 4499 ι’
337 4460 535 4514 δυὺιιίι
564 4458 649 4514 hic
679 4459 819 4513 idem
854 4473 955 4512 ms.
992 4459 1314 4527 L’iapsalnta.

282 4542 305 4569 ε
336 4531 514 4586 Mirm:
556 4532 695 4585 bene
739 4530 882 4585 idem
928 4544 1031 4584 ms.
1069 4531 1224 4584 unice
1263 4531 1315 4582 in
1349 4529 1790 4600 praepesitionem

202 4606 475 4658 asterisco
506 4600 759 4655 illustrat.
794 4603 978 4668 Neque
1008 4602 1094 4656 hic
1124 4611 1322 4666 tamen,
1353 4602 1449 4655 sed
1481 4601 1793 4666 statim,ubi

202 4674 452 4757 secundo
481 4674 679 4755 dicitur
710 4672 965 4757 margin
997 4688 1063 4727 eo
1089 4673 1411 4755 exeniplari,
1447 4673 1589 4741 (ιυυά
1614 4675 1790 4757 _hal)c-
1822 4697 1866 4757 ο

206 4746 302 4801 bat
330 4745 660 4815 Augustinus
690 4744 759 4797 ob
791 4747 998 4810 oculos,
1029 4743 1320 4799 asteriscus
1354 4744 1788 4815 praeponebatur.

206 4818 406 4881 Codex,
433 4816 642 4888 inquit,
670 4832 819 4883 quem
846 4815 1114 4878 intuebar,
1142 4816 1213 4869 sic
1245 4815 1457 4888 habebat
1490 4816 1578 4888 (Et
1613 4817 1793 4871 irrita-

204 4898 407 4944 verunt
437 4886 791 4942 ascendentes
835 4888 886 4940 in
925 4903 1095 4959 mare,
1128 4902 1279 4959 mare
1300 4886 1616 4959 illubrnm),
1650 4888 1794 4943 ciliis

240 4962 413 5013 uiden
447 4959 648 5013 duobus
672 4960 833 5015 verbis
866 4958 1094 5027 ultimis,
1124 4958 1260 5027 quod
1289 4958 1484 5012 dictum
1517 4958 1620 5028 est,
1656 4976 1795 5013 mare

263 5030 479 5095 ubrum,
518 5030 671 5085 stella
716 5035 884 5102 fuerat
934 5039 1256 5097 praenotata;
1296 5046 1396 5097 qua
1436 5030 1797 5101 signiﬁcantur

206 5119 322 5172 qua
345 5103 401 5155 in
426 5102 478 5156 11
485 5101 647 5157 εὸνωο
676 5112 824 5168 sunt,
849 5111 897 5158 et
926 5102 980 5156 in
1001 5102 1426 5172 interpretatione
1455 5102 1798 5173 Septuaginta

208 5191 313 5229 non
334 5183 474 5227 821M.

281 5244 307 5283 ἀ
340 5245 398 5300 lu
433 5244 732 5299 Veronensi
765 5244 1031 5300 Psalterio
1051 5284 1067 5308 ,
1099 5245 1341 5306 quoniam
1383 5244 1573 5298 bonum
1599 5254 1671 5298 est
1699 5262 1718 5299 :
1745 5255 1801 5301 et

211 5325 334 5387 post
361 5315 499 5371 duos
522 5330 736 5387 Versus,
766 5314 999 5384 Domine,
1024 5318 1077 5371 in
1100 5315 1233 5371 bono
1258 5315 1451 5387 placito
1470 5318 1660 5387 p0pulo
1684 5327 1793 5372 tuo.

284 5397 310 5425 ο
340 5387 401 5443 S.
444 5387 559 5512 ipse
606 5386 765 5442 Pater
806 5388 969 5456 epist.
1010 5388 1076 5442 ad
1117 5386 1409 5452 Sunniam,
1452 5386 1585 5449 etc},
1610 5387 1795 5444 Dicitis

284 5459 350 5512 od
373 5457 426 5511 in
490 5457 637 5512 ’ναντο
660 5458 955 5512 inveneritis
978 5475 996 5512 :
1023 5458 1088 5512 Et
1120 5476 1227 5512 non
1258 5458 1471 5512 fuerunt
1500 5475 1788 5512 memores.

212 5459 350 5529 quod
373 5457 426 5511 in
458 5457 637 5513 (ἐνωτο
660 5458 955 5512 inveneritis
978 5475 996 5513 :
1023 5458 1088 5514 Et
1120 5476 1227 5514 non
1258 5458 1471 5513 fuerunt
1500 5475 1788 5516 memores.

212 5532 277 5584 Et
305 5531 603 5601 conjunctio
629 5533 893 5601 superﬂua
920 5540 1013 5584 est.

246 5644 251 5647 .
283 5602 304 5641 ί
339 5600 487 5656 Idem
512 5600 811 5656 Veronens.
846 5616 971 5666 tns.,
1003 5603 1411 5655 amaricaverunt
1438 5604 1790 5671 ascendentes,

211 5682 345 5739 etc.,
371 5673 441 5727 de
465 5688 571 5742 quo
604 5687 701 5726 nos
728 5673 893 5728 verbo
919 5672 1156 5727 diximus
1182 5676 1454 5740 superius.
1481 5689 1578 5729 nec
1600 5676 1787 5731 semel.

218 5744 328 5797 line
356 5754 533 5797 autem
578 5744 698 5798 loco
743 5745 912 5814 ipsius
954 5755 1035 5799 est
1065 5743 1123 5799 S.
1164 5743 1340 5798 Patris
1380 5745 1602 5814 insignis
1637 5762 1783 5801 reco-

214 5814 377 5869 lenda
418 5815 690 5884 sententia
716 5829 748 5870 e
776 5817 936 5870 toties
982 5816 1194 5870 laudata
1237 5815 1395 5884 epist.
1430 5818 1495 5869 ad
1527 5818 1787 5871 Sunniam

214 5894 268 5942 et
295 5885 594 5945 Fretelam.
628 5883 695 5942 In
717 5887 919 5955 eodem,
950 5886 1016 5945 Et
1042 5883 1399 5945 irritaverant
1434 5889 1789 5945 ascendentes

1932 3101 1986 3148 et
2011 3092 2264 3149 liberavit
2290 3108 2385 3149 eos
2414 3102 2637 3166 propter
2660 3107 2858 3149 nomen
2887 3106 3043 3148 suum
3091 3108 3105 3147 :
3139 3100 3198 3149 ut
3227 3098 3409 3146 notam
3436 3088 3509 3145 ta-

1932 3194 2086 3243 ceret
2109 3185 2189 3243 eis
2211 3186 2515 3258 potentiam
2545 3200 2723 3243 suam.

1998 3364 2063 3421 Et
2094 3365 2395 3437 increpavit
2419 3380 2572 3423 mare
2603 3363 2846 3421 Rubrum
2874 3410 2887 3436 ,
2921 3373 2976 3420 et
3003 3363 3265 3420 siccatum
3292 3368 3379 3419 est
3412 3376 3424 3417 :
3459 3364 3516 3417 et

1924 3457 2117 3515 eduxit
2144 3475 2238 3516 eos
2267 3459 2319 3515 in
2346 3459 2504 3531 aquis
2533 3461 2719 3515 multis
2741 3461 2886 3515 sicut
2912 3459 2969 3514 in
3000 3457 3243 3514 deserto.

1998 3552 2063 3607 Et
2094 3553 2346 3609 liberavit
2396 3568 2492 3609 eos
2519 3552 2588 3609 de
2627 3570 2787 3608 manu
2828 3551 3128 3607 odientium
3157 3593 3172 3619 ,
3202 3556 3256 3604 et
3288 3544 3521 3603 redemit

1927 3660 2023 3701 eos
2048 3645 2118 3701 de
2140 3659 2303 3700 manu
2335 3644 2681 3700 inimicorum
2714 3662 2727 3698 :
2758 3655 2813 3700 ct
2839 3643 3052 3714 operuit
3083 3657 3223 3714 aqua
3254 3638 3509 3695 tribu'an-

1928 3746 2008 3793 tes
2029 3753 2147 3803 eos,
2175 3753 2314 3793 unus
2344 3754 2411 3793 ex
2437 3736 2516 3793 eis
2545 3753 2649 3793 non
2676 3737 2956 3794 remansit.

3456 3841 3504 3863 -ΓΟ

1902 3959 1952 4013 in
1986 3972 2157 4023 mare,
2189 3972 2338 4014 mare
2362 3956 2631 4014 Rubrttm.
2681 3960 2789 4015 Pro
2830 3975 2928 4029 quo
2957 3959 3012 4014 in
3038 3956 3219 4015 Gnaeo
3249 3957 3498 4013 invenisse

1900 4047 2007 4111 vos.
2031 4028 2208 4111 dic-itis
2237 4072 2251 4096 ,
2298 4035 2384 4087 καὶ
2426 4037 2802 4111 «apeiria:pr
2835 4048 2848 4086 :
2900 4043 2948 4111 et
3003 4032 3195 4103 putatis
3232 4029 3439 4111 verbum
3467 4045 3494 4082 e

1900 4102 2051 4155 verbo
2088 4102 2270 4155 debere
2313 4100 2587 4172 transferri
2618 4148 2632 4171 ,
2654 4100 2723 4159 'et
2753 4100 3212 4159 amaricavcrunt.
3246 4100 3353 4157 Sed
3385 4101 3495 4154 hinc

1901 4173 2252 4244 interpretatio
2284 4174 2621 4230 ambulationi
2656 4174 2938 4229 consimilis
2969 4183 3042 4229 est
3064 4215 3079 4239 ,
3103 4176 3209 4228 sive
3231 4172 3492 4244 annihila-

1900 4243 2045 4323 tioni.
2079 4244 2254 4323 Legite
2280 4244 2533 4323 Ezechiel,
2562 4258 2608 4323 et
2630 4249 2889 4302 invenietis
2912 4247 3344 4323 παραπίκρασμόν
3370 4243 3495 4323 irrit

1905 4317 2278 4390 tati_onetnl,'et
2308 4317 2775 4373 exacerbationem
2803 4315 3001 4388 semper
3032 4315 3329 4390 expressum
3360 4332 3376 4369 .'
3404 4315 3493 4369 ubi

1903 4386 2265 4466 dicitur,_oixog
2280 4394 2720 4466 Trapeztftxpaivoott.
2746 4390 2799 4466 id
2816 4386 3118 4466 estglomu's
3128 4403 3481 4466 exasperatus.

1902 4462 2205 4529 Augustino
2225 4461 2406 4514 autem
2424 4461 2474 4514 in
2502 4461 2659 4529 nujus
2678 4462 2875 4516 Psnlmi
2896 4462 3271 4525 EnarratiOne,
3302 4475 3489 4530 quem-

1870 4531 2189 4586 admodum
2247 4538 2304 4586 et
2342 4532 2462 4603 aliis
2516 4548 2635 4600 quae
2686 4547 2849 4603 supra
2898 4542 3081 4586 notata
3114 4541 3273 4594 sunt,
3325 4534 3487 4598 locis,

1904 4603 2124 4675 minime
2152 4603 2383 4675 verbum
2426 4602 2557 4658 illud
2585 4602 2893 4675 diSplicuit,
2926 4604 3143 4675 Plures,
3174 4602 3364 4675 inquit,
3397 4617 3484 4675 co-

1900 4674 2057 4745 dices,
2087 4690 2213 4743 quos
2238 4674 2491 4742 inspicere
2523 4672 2686 4744 potui,
2718 4686 2763 4731 et
2794 4675 2989 4745 Grazci,
3017 4685 3062 4729 et
3087 4674 3260 4730 Latini
3291 4674 3364 4745 sic
3390 4672 3486 4727 Ita-

1897 4744 2009 4799 bent
2042 4761 2085 4820 :_
2096 4742 2159 4799 Et
2204 4742 2586 4820 it‘ritavcrunt,
2616 4746 2692 4801 vel
2715 4748 2852 4820 quod
2885 4742 3172 4820 expressius
3205 4748 3268 4799 de
3305 4742 3484 4820 Gra'co

1897 4826 1969 4871 est
2001 4831 2019 4870 :
2050 4817 2116 4872 Et
2154 4816 2593 4872 amaricaverunt
2621 4816 2982 4875 ascendentes
3016 4820 3067 4873 in
3102 4818 3288 4873 Rubro
3317 4816 3474 4873 mari.

1900 4886 2115 4959 Yidesis
2144 4898 2201 4945 et
2222 4903 2343 4959 quze
2372 4888 2439 4943 ad
2464 4890 2768 4958 oppositam
2790 4890 3084 4947 Gallicana:
3104 4889 3365 4945 editionis
3392 4902 3483 4940 cn-

1898 4957 2138 5034 lumnam
2179 4957 2550 5034 observamus.
2585 4960 2757 5017 Porro
2797 4966 3040 5034 sequitur
3072 4963 3123 5016 in
3154 4960 3343 5034 eodem
3376 4974 3478 5016 ms.

1900 5039 1946 5083 et
1980 5032 2149 5086 salvos
2180 5032 2297 5103 fecit
2329 5047 2416 5087 eos
2436 5074 2451 5098 ,
2497 5047 2594 5102 pro
2620 5031 2890 5101 liberavit,
2930 5044 2983 5090 et
3012 5041 3067 5087 ut
3093 5042 3271 5087 notam
3291 5031 3481 5103 faceret

1902 5100 2189 5190 potentiam
2214 5119 2390 5190 suam,
2423 5100 2732 5190 abéqueleis
2775 5100 3093 5188 pronomine
3126 5100 3475 5190 Aintermcd‘io.

1914 5173 2062 5248 l‘um,
2093 5184 2142 5228 et
2164 5176 2343 5230 eduxit
2369 5191 2455 5230 eos
2480 5172 2569 5246 per
2606 5172 2863 5248 abyssum,
2895 5177 3056 5239 sicut,
3089 5183 3221 5233 etc.,
3254 5172 3341 5248 ubi
3373 5175 3482 5248 Au-

1899 5246 2169 5314 gustinus,
2202 5248 2447 5319 quidam,
2480 5244 2692 5316 inquit,
2738 5244 2956 5319 volentes
2986 5248 3139 5319 istum
3177 5244 3479 5319 versiculum

1900 5324 2063 5370 totum
2104 5316 2448 5389 interpretari,
2482 5319 2741 5382 dixerunt,
2788 5320 2850 5389 Et
2890 5318 3078 5373 eduxit
3117 5332 3211 5372 eos
3241 5317 3295 5372 iu
3326 5316 3479 5387 aquis

1899 5389 2123 5461 multis:
2152 5388 2273 5461 qua:
2312 5389 2572 5461 Romana:
2599 5388 2851 5461 editionis
2881 5398 2965 5461 est
3006 5390 3187 5444 lectio.
3240 5389 3479 5458 Denique

1896 5458 1947 5512 in
1980 5458 2338 5516 eodem'msa
2373 5462 2442 5533 Et
2469 5458 2635 5533 salvos
2668 5459 2789 5533 fecit
2824 5460 2992 5533 eosjde
3018 5477 3172 5515 manu
3197 5476 3372 5513 eorum
3393 5462 3480 5531 qui

1902 5547 1985 5586 eos
2015 5533 2252 5597 oderunt,
2284 5542 2328 5585 et
2353 5532 2564 5584 redemit
2586 5546 2670 5584 eos
2698 5531 2762 5586 de
2792 5531 2947 5587 manu
2978 5534 3194 5599 inimici,
3223 5541 3267 5585 et
3295 5548 3477 5600 coope-

1899 5605 2022 5668 ruit,
2052 5602 2363 5675 ctc.,quod
2396 5604 2572 5675 ipsum
2600 5612 2841 5658 amatum
2872 5616 2954 5660 est
2988 5605 3314 5675 llipponensi
3365 5604 3479 5669 epi-

1897 5688 2062 5748 scopo
2084 5714 2098 5738 ,
2149 5672 2247 5728 ubi
2268 5676 2345 5728 ait
2377 5690 2389 5726 :
2420 5672 2579 5748 [Iuno
2618 5689 2821 5748 versum
2850 5693 2940 5748 per
2974 5672 3245 5730 circuitum
3267 5675 3478 5748 quidam

1898 5743 2213 5815 interpretati
2235 5756 2372 5809 sunt,
2404 5745 2555 5798 verba
2582 5747 2749 5800 minus
2782 5743 2971 5801 Latina
2998 5749 3212 5802 vitantes
3244 5762 3261 5800 :
3287 5747 3351 5800 Et
3370 5745 3479 5799 sal-

1898 5830 1993 5891 vos
2034 5815 2165 5891 fecit
2193 5831 2302 5891 eos
2328 5818 2397 5873 de
2427 5830 2587 5891 manu
2618 5833 2815 5891 eorum
2862 5821 2953 5891 qui
2998 5823 3228 5877 oderant
3262 5832 3375 5875 cos.
3411 5816 3478 5872 Et

1896 5886 2128 5943 redemit
2152 5902 2247 5945 eos
2272 5886 2339 5951 de
2369 5904 2533 5946 manu
2558 5889 2784 5962 inimici,
2814 5886 2919 5949 etc.
