4090 6338
575 322 683 382 519

1576 319 1636 378 S.
1677 319 2065 380 HIERONYMI
2105 320 2343 381 DIVINA
2383 321 2861 384 BIBLIOTHECA.

3665 293 3673 296 ’
3772 323 3893 383 seu

645 439 716 497 Et
743 416 1122 498 crediderunt“
1151 439 1206 496 in
1230 437 1392 497 verbis
1420 437 1532 511 eius
1553 452 1572 494 :
1597 446 1645 494 et
1682 436 2028 494 laudauerunt
2058 437 2173 494 ιαιι-
2198 439 2254 502 Δ
2351 443 2418 500 Et
2449 443 2808 501 crediderunt
2835 445 2887 500 in
2919 443 3098 503 verbis
3125 444 3261 519 ejus,
3292 452 3348 503 et
3376 451 3740 504 cantaverunt
3762 441 3893 498 lau-

575 535 695 591 dem
721 537 857 607 ejus.

647 627 762 684 Cito
790 643 851 684 -t—
880 631 1110 699 fecerunt
1144 627 1166 697 ζ
1196 626 1344 683 obliti
1388 631 1509 682 sunt
1549 640 1765 698 operum
1801 625 1915 697 ejus
1945 640 1966 681 :
1997 631 2047 680 et
2071 639 2178 680 non

573 723 931 778 sustinuerunt
951 719 1234 778 consilium
1249 721 1384 792 ejus.

648 815 719 871 Et
745 816 1122 889 concupierunt
1143 813 1618 886 concupiscentiam
1639 813 1694 869 in
1723 813 1927 870 deserto
1952 828 1972 869 :
1999 821 2047 868 et
2068 821 2179 869 ten-

574 919 809 966 taverunt
833 909 1002 966 Deum
1024 909 1079 965 in
1106 909 1378 979 inaquoso.

653 1002 726 1060 Et
750 1004 894 1060 dedit
923 1004 996 1060 eis
1026 1003 1324 1075 petitionem
1360 1003 1595 1075 ipsorum
1627 1018 1648 1058 :
1675 1014 1725 1060 et
1755 1002 1893 1059 misit
1918 1003 2178 1060 saturita-

579 1105 679 1152 tem
710 1097 766 1152 in
789 1097 989 1152 animas
1010 1112 1208 1152 eorum.
1708 1089 1712 1092 ’

649 1190 719 1246 Et
747 1192 1084 1248 irritaverunt
1113 1189 1332 1263 Moysen
1381 1189 1436 1246 in
1479 1190 1664 1247 castris
1686 1232 1701 1260 ,
1732 1191 1910 1248 Aaron
1938 1200 2178 1248 sanctum

577 1281 814 1339 Domini.

648 1375 843 1449 Aperta
883 1384 960 1432 est
997 1384 1156 1448 terra,
1180 1384 1234 1434 et
1299 1376 1574 1450 deglutivit
1618 1375 1876 1433 Datlian:
1905 1380 2178 1450 etoperuit

577 1466 606 1508 ι)
632 1484 792 1539 super
815 1470 1266 1544 congregationem
1287 1470 1504 1528 Abiron.

652 1561 723 1618 Et
741 1564 934 1619 exarsit
964 1564 1100 1636 ignis
1139 1562 1195 1619 in
1233 1579 1502 1638 synagoga
1541 1579 1720 1620 eorum
1742 1579 1762 1620 :
1783 1566 2000 1638 ﬂamma
2030 1582 2175 1623 com-

575 1657 739 1715 bussit
768 1667 1084 1729 peccatores.

654 1766 718 1808 αξ-
752 1750 822 1806 Et
846 1751 868 1821 ζ
894 1751 1126 1824 fecerunt
1155 1751 1376 1808 vitulum
1412 1753 1466 1808 in
1487 1751 1664 1810 Horeb
1697 1762 1786 1810 :el
1830 1754 2178 1810 adoraverunt

577 1843 844 1915 sculptile.

654 1937 725 1994 Et
746 1948 1074 1995 mutaverunt
1099 1937 1322 2012 gloriam
1342 1956 1492 1997 suam
1531 1940 1586 1997 in
1605 1941 2006 1998 similitudinem
2030 1943 2180 2000 vituli

577 2030 893 2087 comedentis
915 2032 1116 2103 fenum.

653 2123 818 2179 Obliti
839 2133 960 2179 sunt
982 2123 1172 2197 Deum,
1199 2127 1293 2199 qui
1315 2127 1535 2185 salvavit
1556 2144 1666 2195 eos,
1688 2129 1778 2202 qui
1807 2129 1931 2202 fecit
1960 2145 2180 2203 magna-

578 2214 653 2270 lia
699 2216 757 2271 in
799 2215 1060 2289 .Egypto,
1087 2218 1347 2276 mirabilia
1367 2221 1424 2276 in
1448 2229 1589 2278 terra
1616 2220 1805 2292 Citam,
1835 2221 2095 2279 terribilia
2124 2225 2181 2279 in

581 2308 715 2364 mari
737 2307 940 2366 Rubro.

650 2399 722 2456 Et
745 2401 900 2471 dixit,
924 2410 982 2458 ut
1002 2401 1321 2476 disperderet
1335 2421 1423 2462 eos
1445 2422 1467 2464 :
1493 2407 1541 2465 si
1573 2418 1596 2449 ο
1620 2425 1724 2466 non
1751 2409 1962 2484 Moyses
1988 2411 2181 2483 electus

580 2496 694 2568 ejus
719 2496 940 2553 stetisset
965 2497 1018 2551 in
1039 2498 1420 2572 confractione,
1442 2503 1497 2558 in
1525 2513 1804 2577 conspectu
1828 2509 1966 2581 ejus.

655 2587 726 2644 Ut
770 2597 1024 2646 averteret
1075 2590 1211 2647 iram
1239 2595 1376 2666 ejus,
1407 2610 1473 2650 ne
1514 2596 1834 2670 disperderet
1859 2613 1921 2656 σξ-
1950 2615 2037 2656 eos
2084 2598 2182 2670 :et

579 2695 676 2751 pro
699 2680 870 2737 nihilo
891 2681 1184 2740 habuerunt
1214 2694 1408 2741 terram
1435 2686 1853 2746 desiderabilem.

653 2771 780 2830 Non
821 2773 1153 2832 crediderunt
1200 2776 1347 2834 verbo
1373 2781 1510 2852 ejus,
1541 2788 1590 2836 et
1621 2793 2074 2840 murmuraverunt
2124 2784 2181 2840 in

582 2868 938 2926 tabernaculis
966 2873 1075 2926 suis
1099 2885 1118 2925 :
1134 2887 1240 2927 non
1254 2887 1315 2928 σξ-
1333 2888 1396 2929 ea:
1411 2872 1434 2942 ζ
1449 2874 1731 2931 audierunt
1748 2891 1922 2933 vocem
1941 2877 2179 2935 Domini.

653 3023 682 3064 ά
713 3025 783 3081 Et
807 3025 1025 3084 elevavit
1049 3044 1266 3086 manum
1293 3047 1443 3087 suam
1471 3049 1630 3105 super
1660 3049 1768 3105 eos,
1800 3044 1857 3092 ut
1886 3047 2182 3112 prosterne-

582 3125 662 3173 ret
682 3133 768 3173 eos
787 3118 844 3174 in
871 3119 1104 3176 deserto.

652 3210 723 3266 Et
753 3220 809 3266 ut
845 3212 1093 3287 dejiceret
1123 3231 1293 3273 semen
1337 3233 1518 3275 eorum
1545 3220 1598 3277 in
1628 3223 1926 3283 nationibus
1953 3243 1973 3284 :
1994 3238 2043 3286 et
2067 3232 2178 3290 dis-

581 3311 815 3374 pergeret
835 3319 922 3360 eos
951 3305 1006 3359 in
1035 3308 1355 3379 regionibus.

616 3488 628 3500 .
653 3395 722 3451 Et
746 3397 938 3453 initiati
974 3409 1095 3457 sunt
1120 3399 1444 3478 Beelpltegor
1471 3423 1492 3463 :
1523 3415 1574 3463 et
1605 3410 1943 3472 comederunt
1969 3419 2177 3490 sacriﬁ-

579 3499 664 3544 cia
686 3499 1025 3548 mortuorum.

655 3583 726 3638 Et
749 3586 1083 3644 irritaverant
1103 3606 1218 3646 eum
1244 3591 1300 3648 in
1319 3593 1771 3657 adinz'entionibus
1801 3603 1909 3659 suis
1937 3619 1962 3660 θ
1978 3612 2026 3661 et
2046 3605 2184 3662 mul-

583 3679 822 3749 tiplicata
850 3689 926 3736 est
954 3681 1010 3736 in
1035 3683 1109 3738 eis
1138 3685 1322 3742 ruina.

653 3771 725 3870 lit
766 3776 902 3830 stetit
955 3776 1200 3849 Phineus,
1251 3790 1300 3838 et
1354 3783 1587 3856 placavit
1623 3803 1644 3846 :
1671 3798 1720 3846 et
1767 3793 1984 3850 cessavit
2021 3813 2182 3870 quas-

585 3867 742 3922 satio.

657 3958 725 4014 Et
750 3970 1042 4034 reputatum
1067 3974 1144 4022 est
1169 3966 1298 4046 eilin
1315 3969 1605 4044 justitiam,
1632 3974 1686 4031 in
1729 3980 2114 4050 generationem
2137 3992 2184 4039 et

585 4057 973 4124 generationem
999 4074 1159 4131 usque
1183 4061 1238 4116 in
1264 4065 1656 4138 sempiternum.

659 4143 728 4199 Et
754 4146 1090 4205 irritaverunt
1121 4161 1146 4189 θ
1179 4169 1242 4209 +
1286 4171 1404 4210 eum
1439 4156 1556 4226 :ad
1601 4177 1768 4232 aquas
1811 4166 2184 4224 contradictio-

588 4238 668 4292 nis
697 4253 718 4292 :
744 4247 790 4293 et
821 4251 1034 4298 vexatus
1081 4253 1160 4299 est
1198 4245 1408 4319 Moyses
1451 4261 1664 4324 propter
1683 4271 1793 4325 eos,
1825 4260 1950 4330 quia
1973 4276 2183 4316 exacer-

588 4330 830 4388 bavcrunt
856 4335 1097 4406 spiritum
1116 4339 1258 4410 ejus.

2280 535 2379 593 des
2408 536 2528 608 ejus
2572 555 2588 595 :
2623 535 2643 575 τ
2671 538 2781 594 cito
2827 539 3104 607 fecerunt,
3154 549 3212 596 et
3262 540 3420 596 obliti
3469 547 3600 595 sunt
3644 552 3888 610 operum

2279 632 2422 704 ejus,
2453 639 2510 690 et
2539 648 2649 690 non
2676 635 3054 694 sustinuerunt
3081 635 3373 695 consilium
3402 637 3549 708 ejus.

2349 815 2418 873 Et
2445 817 2843 890 concupierunt
2867 815 3009 892 [11s.
3036 815 3461 890 concupiscent]
3484 817 3895 890 concupiscen-

2281 913 2411 968 tiam
2442 912 2496 969 in
2524 912 2745 969 deserto
2779 929 2794 968 :
2821 920 2879 968 et
2907 921 3263 968 tentaverunt
3301 911 3472 967 Deum
3503 911 3558 965 in
3605 910 3891 966 siccitate.

2351 1002 2421 1060 Et
2441 1003 2590 1061 dedit
2609 1003 2693 1061 eis
2716 1003 3006 1076 petitiones
3031 1018 3252 1060 eorum:
3279 1013 3337 1060 et
3363 1002 3524 1060 misit.
3539 1003 3892 1060 saturitatem

2281 1098 2336 1155 in
2375 1099 2585 1156 animas
2613 1113 2828 1155 eorum.

2353 1191 2423 1248 Et
2471 1191 2826 1248 irritaverunt
2851 1189 3072 1265 Moysen
3111 1190 3168 1248 in
3196 1190 3426 1260 castris,
3454 1197 3512 1248 et
3540 1190 3722 1247 Aaron
3751 1203 3892 1246 san-

2278 1292 2426 1342 ctum
2457 1284 2694 1341 Domini.

2350 1378 2553 1450 Aperta
2581 1387 2668 1435 est
2694 1386 2838 1435 terra
2864 1418 2882 1446 ,
2909 1385 2967 1434 et
2993 1373 3283 1450 deglutivit
3309 1373 3522 1431 Datban
3547 1388 3562 1432 :
3587 1381 3644 1431 et
3663 1373 3892 1446 operuit

2279 1487 2444 1546 super
2469 1488 2796 1547 synagogam
2827 1473 3054 1530 Abiron.

2351 1567 2570 1624 Exarsit
2595 1567 2736 1637 ignis
2762 1566 2815 1622 in
2843 1579 3119 1639 synagoga
3145 1578 3338 1622 eorum
3362 1579 3378 1619 :
3407 1571 3463 1620 et
3491 1561 3708 1619 llamma
3727 1576 3890 1618 eom-

2278 1639 2459 1696 bussit
2495 1648 2832 1710 peccatores.

2355 1732 2425 1788 Et
2471 1735 2723 1790 fecerunt
2749 1730 2979 1788 vitulum
3025 1729 3298 1788 inﬂoreb
3327 1727 3468 1804 [Με.
3498 1726 3720 1785 Clioreb
3738 1726 3786 1799 ],
3828 1732 3891 1782 et

2205 1843 2259 1909 Β
2283 1827 2646 1884 adoraverunt
2671 1825 2961 1896 sculptile:
2987 1833 3046 1882 et
3072 1830 3421 1881 mutaverunt
3444 1821 3678 1894 gloriam
3698 1834 3886 1888 suam,

2283 1920 2338 1977 in
2364 1917 2774 1976 similitudinem
2802 1916 2965 1974 vituli
2997 1917 3379 1974 manducantis
3408 1914 3616 1972 fenum.

2354 2013 2422 2069 Et
2447 2011 2592 2086 [11s.
2637 2021 2740 2066 tac.
2777 2009 2885 2083 Et]
2911 2010 3068 2067 obliti
3103 2019 3232 2066 sunt
3263 2009 3432 2065 Deum
3459 2047 3476 2075 ,
3500 2006 3591 2080 qui
3631 2006 3891 2063 liberavit

2281 2119 2379 2163 eos
2407 2121 2422 2160 :
2453 2105 2546 2177 qui
2587 2103 2717 2161 fecit
2759 2104 3031 2175 magnalia
3077 2104 3133 2159 in
3184 2100 3459 2175 Egypto,
3504 2101 3774 2158 mirabilia
3827 2100 3887 2157 in

2283 2206 2429 2255 terra
2449 2196 2617 2254 Cbam
2637 2238 2652 2267 ,
2675 2195 2936 2253 terribilia
2968 2195 3021 2252 in
3046 2195 3183 2252 mari
3212 2195 3418 2252 Rubro.

2354 2429 2422 2486 Et
2445 2427 2605 2497 dixit,
2633 2433 2695 2483 ut
2715 2425 3059 2500 disperderet
3080 2440 3201 2496 eos,
3224 2425 3274 2482 si
3301 2439 3408 2481 non
3436 2423 3652 2498 Moyses
3673 2423 3888 2482 electus

2282 2521 2403 2594 ejus
2433 2521 2680 2578 stetisset
2707 2520 2763 2577 in
2793 2519 3171 2577 contractione
3213 2518 3268 2575 in
3300 2527 3599 2588 conspectu
3637 2516 3794 2589 ejus,
3825 2528 3889 2574 ut

2282 2623 2558 2672 averteret
2587 2622 2614 2663 ε
2637 2613 2776 2670 iram
2802 2613 2944 2685 ejus,
2979 2629 3049 2670 ne
3077 2611 3424 2684 disperderet
3447 2626 3565 2669 eos.

2355 2709 2425 2764 Et
2445 2723 2543 2781 pro
2573 2705 2749 2765 nibilo
2779 2706 3088 2764 habuerunt
3117 2715 3322 2764 terram
3353 2703 3799 2774 desiderabilem,
3828 2713 3892 2763 et

2283 2817 2392 2860 non
2422 2801 2777 2859 crediderunt
2821 2801 2879 2858 in
2907 2801 3092 2859 verbis
3115 2800 3238 2872 ejus
3267 2819 3282 2858 :
3311 2811 3366 2858 et
3403 2810 3887 2858 murmurarerunt

2285 2897 2340 2953 in
2371 2895 2735 2953 tabernaculis
2784 2895 2939 2965 suis,
2993 2908 3098 2951 nec
3145 2892 3294 2974 [με.
3341 2891 3482 2966 non]
3519 2892 3888 2950 exaudierunt
3936 2919 3938 2921 >

2283 3004 2476 3048 vocem
2505 2987 2742 3045 Domitii.
3210 3036 3214 3042 ,

2357 3083 2423 3138 Et
2443 3080 2674 3138 elevavit
2698 3095 2915 3136 manum
2946 3094 3103 3137 suam
3135 3093 3301 3151 super
3321 3077 3437 3148 eos,
3481 3089 3541 3134 ut
3568 3087 3888 3151 prosterne-

2285 3184 2368 3232 ret
2395 3188 2490 3232 eos
2517 3173 2660 3247 [31s.
2687 3171 2842 3246 illos]
2871 3172 2927 3229 in
2954 3170 3210 3239 deserto;
3239 3181 3296 3228 et
3319 3181 3380 3228 ut
3400 3170 3666 3242 dejiceret
3691 3187 3883 3228 semen

2204 3241 2252 3308 ο
2285 3283 2474 3325 eorum
2516 3241 2572 3323 in
2621 3241 2963 3337 nationibus,
2994 3273 3051 3322 et
3084 3264 3425 3337 dispergeret
3458 3241 3558 3322 eos
3601 3263 3657 3320 in
3705 3264 3887 3336 regio-

2285 3361 2470 3418 uibus.

2357 3456 2425 3512 Et
2452 3454 2760 3512 consecrati
2789 3462 2919 3512 sunt
2942 3453 3312 3529 Beelpltegor:
3335 3460 3394 3512 et
3419 3450 3888 3510 manducaverunt

2283 3548 2550 3608 sacriﬁcia
2589 3556 2947 3606 mortuorum.

2357 3645 2428 3702 Et
2457 3641 2486 3682 ιι
2515 3644 2876 3701 irritaverunt
2898 3657 3024 3700 eum
3049 3641 3104 3699 in
3132 3639 3328 3701 studiis
3355 3637 3474 3697 suis
3497 3656 3512 3697 :
3535 3647 3594 3698 et
3625 3637 3891 3712 multipli-

2286 3747 2406 3796 cata
2437 3746 2526 3795 est
2553 3738 2607 3793 in
2639 3737 2720 3794 eis
2741 3737 2921 3793 ruina.

2361 3834 2522 3892 Stetit
2549 3832 2806 3899 Phinees,
2839 3838 2896 3888 et
2921 3829 3190 3900 exoravit,
3217 3827 3530 3915 et‘eessavit
3562 3827 3843 3901 quassatio
3871 3844 3886 3884 :

2288 3938 2344 3986 et
2379 3935 2689 3999 reputatum
2723 3936 2808 3985 est
2837 3926 2915 3982 illi
2945 3925 3014 3982 ad
3037 3925 3309 3998 justitiam
3336 3967 3352 3996 ,
3384 3939 3413 3978 a
3447 3923 3803 3997 generatione
3834 3927 3887 3980 in

2289 4021 2702 4096 generationem
2735 4034 2906 4092 usque
2932 4019 2986 4076 in
3015 4018 3298 4076 saeculum.

2364 4167 2436 4222 Et
2472 4131 2824 4222 irritaverunt
2849 4177 2974 4220 eum
3004 4162 3070 4218 ad
3097 4177 3266 4235 aquas
3296 4161 3748 4220 contradictionis
3781 4181 3796 4219 :
3835 4171 3892 4220 et

2292 4265 2519 4316 vexatus
2540 4264 2628 4313 est
2647 4257 2862 4328 Moyses
2887 4265 3110 4328 propter
3131 4270 3248 4323 eos,
3275 4255 3402 4328 quia
3425 4257 3891 4314 exacerbaverunt

2293 4355 2545 4427 spiritum
2569 4352 2711 4424 ejus,
2742 4359 2798 4407 et
2821 4349 3070 4408 distinxit
3095 4350 3151 4406 in
3180 4350 3338 4406 labiis
3363 4351 3496 4407 suis.

663 4500 989 4590 ξνῐνιιξςηςςίιο
1032 4503 1379 4590 Ματιξιιρωιιξ
1422 4508 1584 4590 obolo
1629 4513 1685 4590 in
1728 4521 2176 4590 praepositionem
2205 4522 2630 4587 Dsaluritatem,
2660 4526 2767 4574 etc.
2803 4515 2873 4590 Et
2898 4517 2951 4572 in
2980 4516 3647 4590 iram_rniseruntMoysen,
3674 4529 3807 4586 ete.;
3835 4527 3891 4576 ct

591 4572 909 4657 conlpderat
932 4615 955 4657 ε
993 4591 1112 4657 qua;
1134 4588 1189 4657 e_t
1223 4578 1530 4657 luculenter
1557 4584 1609 4639 in
1641 4572 1873 4644 llebrmd
1893 4572 2181 4650 'ééi'iéiiii

590 4647 1032 4734 γςιῖῐζιηξιοᾲείῃο
1058 4647 1388 4734 o‘belnapud
1410 4650 1608 4734 Carum
1637 4657 1845 4734 pridem
1876 4647 2179 4734 legebath

593 4722 650 4796 ut
679 4726 734 4768 et
762 4731 933 4800 ‘nune
975 4717 1032 4772 in
1067 4717 1312 4800 Palatino
1351 4733 1449 4800 _e_s_t
1494 4740 1598 4800 ms.
1637 4717 1806 4800 Legit
1849 4717 2186 4795 autemﬁiste

593 4785 832 4908 izlvnqzbis
852 4789 980 4860 suis,
1009 4805 1106 4860 pro
1131 4794 1270 4861 eius,
1301 4793 1561 4868 additque
1588 4799 1642 4854 in
1669 4785 1776 4858 iure
1799 4785 2187 4882 versus-bid;

591 4872 782 4912 satma.

667 4927 1177 5020 gl'lie‘verouPalat.
1211 4951 1312 4991 ms.
1345 4924 1406 4993 et'
1427 4938 1597 5020 εἴπης
1630 4945 1773 5003 male
1807 4955 2038 5020 uterque
2059 4951 2188 5009 obe-

595 4999 1098 5082 lum_pr:npos_itioni
1124 5023 1280 5082 super
1308 5013 1611 5082 praeﬁgunt.

671 5072 958 5163 :Dlegandi
1000 5072 1322 5163 particulam
1350 5072 1522 5163 Palat.
1555 5101 1659 5163 ms.
1682 5089 1843 5163 obelo
1887 5101 2186 5163 prtenotat,

597 5150 718 5233 tum!
742 5146 892 5233 addit
919 5148 972 5201 in
1003 5146 1123 5233 line
1153 5165 1346 5233 versus
1376 5153 1683 5233 Diapsalma
1713 5177 1732 5216 :
1756 5146 2186 5233 denique,“ut'et

597 5217 954 5305 (Barinei‘titio,
986 5221 1090 5305 qui
1137 5217 1492 5305 subsequeuti'
1534 5246 1694 5305 versu
1745 5217 2190 5305 eoispronomini

601 5288 916 5360 praeligitur,
949 5288 1166 5349 obelnm
1199 5288 1391 5353 nescit.
1427 5301 1580 5357 Haud
1612 5312 1781 5360 recte.

673 5354 1034 5450 fuljequebic
1063 5363 1187 5434 jure
1221 5366 1396 5450 .PaJat.
1427 5354 1530 5450 ius.
1554 5354 1910 5450 Et'yoeulam
1951 5379 2189 5450 ὸϐελὶζει,

600 5438 656 5485 et
676 5430 1025 5519 sttblseqneuti
1054 5430 1237 5519 yet-sui
1267 5437 1574 5519 Diapsalma
1593 5430 1889 5519 subiungit.

675 5509 700 5538 θ
732 5501 876 5585 Ideni
901 5519 1028 5571 ms.,
1051 5501 1385 5567 irritaverunt'
1403 5515 1474 5569 ad
1499 5501 1711 5586 aquam:
1732 5501 1927 5578 utiliori
1942 5537 2169 5581 numero

605 5576 1054 5682 ati'jtitqlipspneurn
1089 5587 1413 5682 pronqmi’ne
1434 5570 2124 5664 atqdéb‘bkiii'éib’dhlii;
2137 5570 2190 5596 ν’

855 5645 1201 5735 \Zeronetisis,
1225 5645 1620 5735 festinaverunt,
1636 5645 1765 5732 pro
1783 5645 2145 5735 ciib’fé'c'ér'iint
2173 5683 2193 5721 :

609 5715 830 5800 quodet
857 5715 1400 5800 August._prb_batur,
1429 5732 1521 5786 ubi
1548 5715 1622 5788 ait
1647 5715 2196 5794 {nisi'é'éaic'éi'i'iiiétl

609 5786 1068 5875 ligibiliushajbent
1099 5786 1516 5875 festinaverunt,

607 5866 779 5917 altero
822 5862 893 5918 ab
949 5864 1052 5920 hoc
1104 5881 1286 5939 versu,
1316 5862 1583 5940 petitiones
1627 5862 1889 5951 ipsorum;
1907 5862 2196 5939 e‘t’immisit

2290 4595 2344 4652 in
2375 4591 2624 4664 sequenti
2651 4589 3076 4664 alio_,_absorbuit
3109 4588 3335 4664 Dat/ian,
3363 4600 3410 4644 et
3445 4588 3707 4664 cooperuit
3735 4610 3891 4664 synn-

2288 4659 2473 4738 gogam
2502 4663 2718 4727 Abiron,
2752 4659 3036 4738 Etexarsit
3055 4661 3367 4738 ignis,etc._;_
3391 4671 3447 4717 et
3475 4659 3690 4738 flamma
3710 4659 3888 4738 incen-

2287 4731 2946 4810 dit’peccatoressquibus
2991 4731 3162 4810 [crine
3201 4731 3641 4791 omnibus'locis
3681 4737 3751 4792 ab
3779 4736 3890 4792 Au-

2287 4803 2860 4883 gustinianalectiOne
2887 4803 3162 4860 dissentit.

2363 4891 2388 4929 ε
2418 4880 2476 4936 In
2520 4877 2737 4950 eodem
2763 4892 2896 4946 ms.,
2926 4886 2983 4930 ut
3028 4884 3276 4950 averteret
3301 4877 3364 4932 ab
3395 4877 3785 4950 indignatione,
3811 4879 3891 4932 ira

2289 4953 2406 5020 eius
2437 4967 2500 5006 ne
2525 4947 2869 5020 disperderet,
2893 4956 3001 5003 etc.
3029 4948 3210 5018 Atque
3239 4948 3314 5020 ita
3353 4947 3574 5017 quidem
3624 4949 3894 5020 praeferre

2289 5017 2388 5081 Gr.
2423 5017 2740 5078 Vaticanum
2765 5017 3038 5084 codicem,
3066 5017 3214 5089 saepe
3241 5019 3498 5075 laudatus
3525 5017 3706 5076 editor
3738 5031 3894 5076 notat

2290 5095 2543 5170 adductis
2571 5092 2756 5148 verbis
2781 5107 2794 5143 :
2822 5105 2923 5170 nec
2949 5101 3123 5170 tamen
3146 5092 3529 5170 animadvertit
3555 5094 3890 5170 ὀργῆςμιυοςι

2292 5166 2362 5222 ibi
2396 5166 2614 5237 legitur,
2641 5180 2754 5237 non
2773 5163 2932 5229 recti,
2955 5163 3053 5219 sed
3081 5164 3303 5237 genitiyi
3330 5178 3452 5237 esse
3477 5163 3661 5237 casus,
3689 5163 3887 5221 ac’sub

2291 5237 2397 5293 alia
2429 5233 3137 5309 interpunctionesensum,
3167 5236 3232 5309 ab
3255 5235 3609 5309 indignatione
3634 5237 3738 5309 ira;
3753 5238 3887 5308 ejus,

2293 5325 2380 5372 ne,
2401 5318 2508 5364 etc.
2529 5307 2891 5376 Subsequenti
2919 5321 3103 5374 versu,
3127 5307 3270 5364 idem
3293 5307 3426 5373 ms.,
3443 5324 3548 5362 non
3563 5307 3890 5362 crediderunt

2295 5382 2444 5436 verbo
2467 5383 2601 5453 ejus.
2632 5381 2806 5448 Atque
2846 5379 2954 5435 alio
2990 5378 3319 5450 insequenti,
3353 5390 3409 5434 ut
3437 5380 3682 5453 dejiceret
3706 5395 3798 5453 eos
3831 5380 3886 5433 in

2294 5450 2516 5518 deserto,
2547 5459 2678 5516 elc.;
2709 5461 2784 5519 et,
2817 5467 2988 5506 semen
3031 5467 3205 5522 eorum
3225 5453 3280 5506 in
3307 5450 3566 5522 gentibus,
3596 5464 3649 5506 ut
3681 5451 3884 5522 disper-

2297 5525 2438 5594 deret
2465 5539 2551 5578 eos
2577 5525 2629 5578 in
2662 5522 2978 5594 regionibus.
3013 5521 3315 5593 Numquam
3346 5523 3460 5580 iere
3491 5537 3613 5578 cum
3655 5521 3884 5594 August.

2369 5593 2568 5668 hidem
2600 5613 2727 5668 ms.,
2781 5595 2845 5650 Et
2903 5596 3326 5668 escacerbnverunt
3371 5612 3487 5650 eum
3536 5593 3887 5668 in__adinven.

2296 5667 2520 5722 tionibus
2566 5663 2722 5732 suis,’
2744 5681 2852 5722 etc.
2911 5663 2979 5719 Et
3008 5667 3145 5720 stetit
3183 5667 3399 5736 Phineo,
3429 5674 3538 5722 etc.
3571 5664 3638 5720 Et
3669 5666 3887 5732 deputa-

2299 5747 2411 5792 tum
2455 5746 2529 5792 est
2574 5742 2620 5793 ei
2665 5741 2734 5794 ad
2750 5737 3097 5812 justitiamin
3125 5739 3473 5808 generatione,
3501 5747 3549 5791 et
3569 5736 3890 5812 generatione

2300 5826 2458 5879 usque
2478 5811 2531 5864 in
2559 5807 2823 5866 saxulum.
2851 5807 2918 5862 Et
2944 5810 2996 5862 in
3018 5807 3154 5862 iram
3182 5813 3429 5868 miserunt
3458 5824 3593 5876 eam,
3627 5807 3892 5878 etc.,quia

2297 5881 2762 5939 inamaricaveruut
2783 5881 3023 5952 spiritum
3049 5883 3182 5954 ejus.
