4090 6338
178 338 291 402 32!

1490 334 1700 397 LIBER
1736 333 2180 396 PSALMORUM.

3379 342 3489 405 522

251 458 340 516 Et
364 458 597 516 distinxit
625 472 687 515 +
720 457 775 514 in
802 456 825 527 ζ
860 455 1012 513 labiis
1047 456 1156 514 suis
1187 471 1206 514 :
1236 471 1340 513 non
1366 455 1785 530 disperdiderunt
1811 458 1867 522 Α
1962 454 2080 510 Νοη
2099 452 2763 526 disperdideruntgentes,
2786 468 2921 528 quas
2941 456 3307 532 dixerat[Ms.
3327 460 3484 533 dixit]

174 564 386 626 gentes,
413 570 545 623 quas
574 552 710 607 dixit
736 551 994 607 Dominus
1017 550 1146 607 illis.

251 644 337 699 Et
372 644 637 701 commixti
677 651 799 700 sunt
835 645 971 700 inter
998 652 1195 716 gentes,
1221 652 1274 699 et
1304 643 1593 698 didicerunt
1632 658 1789 715 apera

174 753 395 806 eorum,
423 747 472 793 et
513 731 805 793 servierunt
846 735 1181 808 sculptilibus
1229 753 1408 792 eorum
1439 752 1458 791 :
1489 745 1538 792 et
1589 737 1788 807 factum

173 839 255 885 est
289 831 397 886 illis
418 832 472 885 in
506 830 847 887 scandalum.

252 921 334 978 Et
353 923 751 978 immolaverunt
772 920 915 993 ﬁlios
940 937 1084 990 suos,
1107 931 1154 979 et
1182 922 1319 993 ﬁlias
1348 939 1469 980 suas
1494 922 1787 980 dwmoniis.

255 1024 289 1053 λ
309 1014 379 1070 Et
405 1013 704 1083 eluderunt
748 1015 1053 1088 sanguinem
1084 1017 1403 1072 innocentem
1429 1032 1449 1072 :
1478 1015 1789 1089 sanguinem

172 1106 416 1178 ﬁliorum
443 1123 683 1173 suorum,
714 1116 764 1162 et
792 1108 1025 1177 ﬁliarum
1059 1123 1120 1165 +
1151 1124 1370 1164 suarum
1404 1108 1422 1179 ζ
1450 1125 1582 1180 quas
1618 1108 1786 1162 sacri-

172 1201 468 1272 ﬁcaverunt
495 1200 833 1274 seulptilibus
858 1200 1134 1261 Chanaan.

253 1296 331 1351 Et
353 1296 545 1367 infecta
589 1305 665 1352 est
705 1307 843 1352 terra
873 1297 928 1352 in
967 1298 1325 1370 sanguinibus,
1358 1307 1404 1354 et
1428 1300 1790 1354 contaminata

175 1398 256 1444 est
290 1390 346 1445 in
374 1388 617 1462 operibus
644 1405 826 1446 eorum
852 1406 869 1445 :
900 1400 949 1445 et
972 1390 1219 1462 fornicati
1240 1401 1357 1447 sunt
1383 1391 1437 1449 in
1460 1392 1788 1449 adinventio-

173 1482 338 1538 nibus
366 1485 493 1538 suis.

256 1575 331 1632 Et
358 1575 385 1617 δ
412 1578 581 1634 iratus
606 1587 685 1634 est
702 1582 881 1651 furore
902 1577 1159 1634 Dominus
1185 1578 1239 1635 in
1264 1580 1515 1652 populum
1546 1597 1717 1649 suum,
1742 1590 1790 1639 et

176 1667 516 1725 abominatus
537 1677 613 1727 est
634 1671 992 1727 hmeditatem
1012 1688 1183 1729 suam.

1892 547 2156 605 Dominus
2184 548 2326 605 illis:
2351 557 2409 605 et
2428 550 2706 606 commixti
2734 560 2864 607 sunt
2891 551 3034 608 inter
3061 561 3250 623 gentes
3278 553 3403 626 [Ms.
3431 558 3485 614 in

1889 641 2203 714 gentibus],
2229 651 2285 699 et
2311 643 2619 703 didicerunt
2646 660 2813 718 opera
2844 662 3032 703 eorum
3051 691 3065 715 ,
3097 659 3152 705 et
3174 650 3488 707 servierunt

1891 734 2239 805 sculptilibus
2266 750 2480 806 eorum,
2514 748 2567 794 et
2590 738 2793 795 factum
2815 749 2900 795 est
2930 740 3039 798 illis
3064 744 3115 797 in
3147 741 3487 802 scandalum.

1962 920 2032 979 Et
2062 922 2483 980 immolaverunt
2520 923 2662 981 lilios
2701 938 2830 981 suos
2859 933 2913 982 et
2944 925 3088 983 tilias
3122 942 3248 984 suas
3278 928 3487 987 daemo-

1892 1014 2029 1071 niis:
2062 1024 2116 1072 et
2147 1016 2456 1073 effuderunt
2484 1019 2801 1089 sanguinem
2845 1020 3225 1089 innocentem,
3265 1026 3485 1095 sangui-

1891 1124 2014 1164 nem
2044 1108 2276 1165 ﬁliorum
2309 1125 2532 1166 suorum
2562 1121 2619 1167 et
2642 1112 2895 1183 ﬁliarum,
2924 1123 2947 1151 ε
2972 1130 3108 1187 quas
3136 1116 3483 1175 sacriﬁcave-

1890 1211 2019 1258 runt
2044 1202 2388 1274 sculptilibus
2416 1201 2696 1260 Chanaan.

1962 1292 2166 1351 Iniecta
2197 1306 2280 1353 est
2309 1306 2451 1352 terra
2490 1298 2545 1353 in
2587 1298 2974 1370 sanguinibus,
3021 1308 3078 1357 et
3119 1301 3486 1360 contaminata

1891 1398 1975 1447 est
2004 1389 2057 1447 in
2087 1390 2349 1462 operibus
2374 1405 2585 1447 eorum.
3388 1380 3393 1383 λ

1965 1574 2032 1632 Et
2057 1574 2313 1633 fornicati
2344 1585 2469 1633 sunt
2492 1576 2545 1633 in
2563 1576 3036 1636 observationibus
3061 1581 3210 1637 suis:
3240 1590 3294 1638 et
3319 1582 3489 1641 iratus

1892 1676 1977 1724 est
1996 1668 2180 1724 animo
2205 1668 2463 1725 Dominus
2495 1669 2548 1725 in
2581 1670 2837 1743 populum
2864 1686 3044 1743 suum,
3070 1682 3124 1731 et
3148 1674 3491 1733 abominatus

1892 1768 1978 1818 est
2007 1760 2377 1818 bmreditatem
2408 1776 2585 1819 suam.

258 1858 329 1916 Et
356 1860 574 1916 tradidit
600 1877 689 1917 eos
713 1862 769 1918 in
792 1876 977 1919 manus
999 1863 1232 1937 gentium
1264 1878 1284 1919 :
1310 1872 1360 1919 et
1383 1862 1640 1921 dominati
1668 1876 1789 1923 sunt
1820 1865 1868 1930 B
1964 1856 2036 1913 Ει
2074 1856 2297 1913 tradidit
2333 1872 2431 1914 808
2469 1858 2521 1913 ill
2569 1873 2766 1916 manus
2806 1862 3089 1933 gentium:
3132 1873 3188 1921 et
3224 1863 3489 1923 dominati

180 1966 390 2022 eorum,
418 1955 511 2023 qui
541 1954 765 2010 oderunt
794 1971 901 2012 eos.

258 2046 330 2101 Et
354 2048 731 2104 tribulauerunt
754 2064 839 2104 eos
858 2048 1059 2104 inimici
1081 2065 1277 2116 eorum,
1305 2058 1353 2105 et
1377 2050 1641 2109 ltumiliati
1666 2063 1788 2111 sunt

180 2141 280 2195 sub
302 2142 543 2198 manibus
569 2158 749 2197 eorum
777 2158 796 2197 :
823 2159 959 2215 stupe
984 2140 1218 2199 liberavit
1244 2160 1349 2199 eos.

255 2235 376 2307 Ipsi
394 2244 569 2290 autem
598 2236 1029 2291 exacerbaverunt
1061 2251 1110 2292 οξ
1144 2254 1261 2293 eum
1289 2238 1382 2308 :in
1408 2242 1626 2298 consilio
1652 2258 1750 2298 suo
1768 2258 1789 2299 .°

181 2337 233 2383 et
256 2327 521 2383 humiliati
549 2338 673 2382 sunt
696 2328 750 2383 in
776 2329 1136 2401 iniquitatibus
1165 2332 1296 2387 suis.

258 2421 337 2477 Et
382 2420 507 2475 vidit
552 2438 670 2477 cum
716 2420 1094 2479 tribularentur
1122 2438 1142 2480 :
1168 2434 1215 2479 et
1257 2425 1459 2482 audiuit
1502 2428 1788 2485 orationem

183 2532 393 2570 eorum.

258 2606 339 2663 Et
367 2626 556 2666 memor
592 2612 694 2682 fuit
739 2610 1026 2666 testamenti
1054 2612 1135 2668 sui
1167 2626 1187 2668 :
1216 2622 1264 2668 et
1292 2612 1528 2684 paenituit
1554 2630 1671 2671 eum
1709 2631 1789 2673 se-

182 2703 419 2757 cundum
438 2702 824 2760 multitudinem
851 2706 1221 2761 misericordia:
1238 2722 1366 2762 suae.

264 2794 339 2850 Et
360 2796 499 2850 dedit
527 2811 613 2851 eos
638 2796 694 2852 in
728 2797 1142 2867 misericordias,
1172 2798 1227 2854 in
1254 2810 1531 2872 conspectu
1558 2800 1789 2857 omnium

181 2890 281 2961 qui
313 2899 554 2962 ceperant
575 2906 682 2946 eos.
716 2901 739 2931 ο

261 2978 455 3038 Salvos
476 2998 569 3037 nos
599 2984 705 3055 fac,
734 2982 955 3053 Domine
1001 2983 1141 3041 Deus
1189 2998 1404 3042 noster:
1434 2995 1483 3043 et
1530 3004 1787 3062 congrege

182 3093 286 3132 nos
315 3076 379 3131 de
405 3077 724 3134 nationibus.

264 3166 340 3225 Ut
358 3170 699 3241 confiteantur
728 3171 927 3235 nomini
967 3185 1146 3231 sancto
1172 3183 1261 3231 tuo
1288 3188 1307 3231 :
1332 3183 1381 3233 et
1410 3176 1694 3250 gloriemur
1734 3176 1788 3233 in

182 3260 354 3317 laude
379 3273 485 3320 tua.

258 3352 582 3415 Benedictus
618 3359 873 3417 Dominus
897 3361 1036 3419 Deus
1061 3360 1231 3419 Israel
1254 3381 1286 3419 α
1316 3365 1529 3434 swculo,
1553 3373 1600 3421 et
1628 3379 1789 3436 usque

180 3450 240 3505 in
271 3452 520 3507 seculum
551 3470 569 3510 :
599 3463 646 3510 et
668 3454 694 3492 ά
721 3455 856 3511 dicet
879 3458 1049 3512 onmis
1075 3458 1322 3531 populus,
1352 3454 1515 3527 Fiat,
1550 3474 1610 3515 ἐν
1638 3460 1729 3528 ﬁat
1760 3457 1783 3527 ζ

1798 3266 1867 3343 ’(2

1892 1959 2019 2008 sunt
2050 1965 2240 2008 eorum
2259 1993 2272 2019 ,
2306 1950 2398 2022 qui
2422 1950 2656 2011 oderunt
2680 1967 2798 2010 eos.

1968 2044 2037 2100 Et
2063 2044 2464 2101 tribulaverunt
2496 2061 2594 2102 eos
2624 2044 2829 2103 inimici
2861 2063 3083 2117 eorum,
3114 2057 3170 2105 et
3213 2048 3487 2106 humiliati

1891 2146 2021 2195 sunt
2043 2137 2143 2195 sub
2172 2138 2423 2195 manibus
2453 2155 2650 2196 eorum
2675 2156 2690 2196 :
2720 2155 2868 2213 sape
2893 2137 2915 2178 ⁸
2949 2141 3202 2198 liberavit
3226 2158 3344 2200 eos.

1906 2288 1913 2294 ς
1964 2233 2071 2304 Ipsi
2111 2243 2293 2291 autem
2330 2234 2802 2291 exa'cerbaverunt
2831 2250 2956 2293 eum
2994 2237 3050 2292 in
3086 2238 3319 2296 consilio
3347 2254 3487 2295 suo:

1891 2337 1947 2387 et
1976 2326 2245 2385 ltumiliati
2275 2339 2404 2386 sunt
2433 2329 2488 2386 in
2512 2331 2630 2387 suis
2659 2330 3055 2402 iniquitatibus.

1964 2423 2034 2479 Et
2059 2423 2305 2495 respexit
2325 2438 2444 2494 eos,
2466 2439 2587 2481 cum
2612 2424 3034 2483 tribularentur:
3061 2443 3185 2485 cum
3207 2429 3493 2487 exaudiret

1891 2518 2172 2574 orationes
2200 2534 2413 2574 eorum.

1964 2610 2032 2667 Et
2070 2626 2281 2669 memor
2320 2612 2425 2669 fuit
2474 2612 2782 2670 testamenti
2818 2614 2943 2671 sui:
2975 2625 3028 2671 et
3063 2618 3315 2689 paenituit
3354 2635 3481 2677 eum

1892 2704 2192 2761 secundum
2223 2705 2626 2763 multitudinem
2656 2705 3051 2765 misericordiae
3077 2724 3212 2779 sua),

1964 2799 2034 2856 Et
2070 2800 2218 2858 dedit
2259 2816 2358 2859 eos
2401 2803 2454 2859 in
2495 2801 2932 2875 misericordias,
2966 2805 3019 2863 in
3042 2817 3337 2881 conspectu
3369 2827 3485 2869 om-

1892 2892 2041 2949 nium
2067 2895 2161 2966 qui
2185 2909 2283 2952 eos
2303 2906 2584 2968 ceperant.

1964 2986 2157 3045 Salvos
2188 3003 2289 3044 nos
2317 2988 2419 3058 lac,
2456 2988 2683 3045 Domine
2713 2987 2859 3047 Deus
2888 2998 3105 3059 noster,
3138 3001 3193 3049 et
3222 3009 3488 3068 congrcga

1892 3097 1993 3139 nos
2015 3082 2085 3140 de
2106 3082 2452 3139 nationibus:
2477 3091 2540 3139 ut
2558 3082 2917 3141 conﬁteantur
2935 3086 3141 3143 nomini
3160 3098 3348 3145 sancto
3363 3100 3455 3146 tuo
3473 3136 3487 3163 ,

1891 3185 1947 3235 et
1972 3176 2262 3250 gloriemur
2287 3176 2341 3235 in
2370 3176 2530 3235 laude
2558 3186 2670 3235 tua.

1968 3362 2294 3423 Benedictus
2344 3363 2607 3425 Dominus
2639 3366 2785 3425 Deus
2832 3367 3000 3427 Israel
3055 3385 3085 3426 a
3139 3372 3363 3440 sarculo,
3404 3388 3495 3432 us-

1896 3475 2001 3532 que
2027 3462 2079 3517 in
2108 3462 2400 3519 smculum:
2431 3471 2486 3520 et
2505 3462 2668 3521 dicite
2691 3463 2868 3521 omnis
2891 3465 3145 3536 populus,
3170 3466 3287 3525 Fiat
3308 3468 3418 3526 ﬁat.

1599 3551 1960 3619 PSALMUS
2000 3553 2161 3619 CVI.

260 3702 593 3774 Con/itemini
617 3647 1155 3778 Βοηιὶιιοῖιιῐίξέιῗέἑικ
1182 3705 1348 3763 bonus
1391 3722 1410 3762 :
1451 3706 1698 3779 quoniam
1737 3710 1792 3766 in

182 3801 441 3855 secutum
474 3799 827 3856 misericordia
856 3803 990 3873 ejus.

260 3891 456 3948 Dicant
476 3894 567 3966 qui
588 3894 842 3966 redernpti
860 3903 1032 3949 sunta
1052 3893 1295 3966 Domino,
1326 3911 1457 3966 quos
1486 3897 1700 3954 redemit
1724 3898 1788 3956 de

183 4005 353 4043 manu
383 3988 581 4043 inimici
609 4004 629 4044 .'
652 3998 700 4043 et
722 3988 789 4044 de
804 3988 1096 4062 regionibus
1119 3991 1451 4061 congregavit
1478 4007 1587 4047 eos.

266 4141 295 4170 ⁸
327 4133 605 4191 Immerito
630 4135 801 4192 Palat.
831 4152 934 4211 ms.
958 4146 1009 4193 et
1031 4137 1273 4195 voculam
1305 4139 1465 4195 obolo
1493 4149 1779 4211 przcnotat,

185 4219 353 4275 quam
404 4216 587 4261 notam
624 4223 722 4278 pro
769 4208 1118 4279 subsequenti
1162 4211 1423 4267 asterisco
1473 4208 1781 4280 pronomini

186 4294 411 4354 suarum
453 4292 594 4335 novo
621 4294 810 4335 errore
844 4281 1091 4354 prmllgit.
1122 4282 1246 4354 Mox
1287 4298 1383 4351 pro
1415 4283 1607 4354 infecta
1651 4284 1782 4353 legit

186 4351 489 4421 interfecta,
521 4367 640 4421 qua:
679 4362 834 4408 vetus
862 4351 1187 4410 olim'lectio
1228 4353 1349 4409 fuit.
1388 4351 1559 4410 Carus
1585 4351 1779 4412 subse-

185 4422 414 4497 guentia
448 4425 610 4479 verba
660 4424 715 4497 in
762 4424 1101 4497 sanguinibus
1144 4441 1278 4481 veru
1326 4427 1776 4497 transverberat:

187 4494 367 4567 Palat.
402 4510 524 4565 qua:
552 4496 797 4567 sequitur
822 4494 929 4552 alia
958 4498 1011 4551 in
1039 4497 1297 4567 operibus.
1322 4496 1525 4554 Neuter
1549 4497 1703 4553 bene.

264 4565 292 4603 ι)
320 4567 523 4642 lterum
554 4566 732 4622 minus
764 4580 909 4642 recte
944 4565 1115 4624 Carus
1142 4568 1206 4642 Et
1233 4571 1482 4642 copulam
1515 4571 1726 4636 ὀϐελίζει
1761 4585 1776 4627 :

188 4651 319 4691 mox
336 4638 668 4713 Al’alat._m_s.,
687 4639 882 4713 populo
895 4656 1009 4705 suo,
1026 4641 1188 4713 proin
1204 4638 1618 4712 papulumsuum
1632 4643 1781 4713 legit.

268 4718 293 4783 ξ
318 4709 696 4783 .itlditAPalat.
720 4725 822 4766 ms.
850 4709 1181 4783 Diapsalma.

263 4776 293 4852 ᾇ
319 4779 615 4852 Palatinus
646 4796 772 4848 ms.,
802 4792 850 4837 et
879 4776 1013 4837 dicat
1042 4784 1241 4852 omnis,
1276 4793 1383 4840 etc.

265 4851 287 4870 '
313 4851 630 4926 Relativum
646 4869 774 4923 quas
800 4854 855 4909 in
900 4855 1203 4910 Veronens.
1228 4851 1343 4911 ms.
1370 4866 1475 4910 tae.
1508 4856 1551 4911 A
1587 4854 1786 4926 priori-

190 4923 300 4977 bus
330 4933 514 4978 autem
544 4923 702 4995 hujus
737 4926 1207 4998 yersiculiqverbis
1234 4942 1332 4998 per
1356 4926 1567 4982 solidos
1591 4923 1785 4983 subse-

181 5003 425 5069 qucntes
443 5005 674 5066 quatuor
703 4996 956 5069 abrasum
1002 4996 1055 5052 in
1098 5014 1165 5053 eo
1194 4996 1383 5055 codice
1415 5000 1574 5069 longa
1597 5009 1783 5055 vetus-

192 5077 313 5143 tate
331 5065 545 5143 l‘oliu’m,
569 5068 787 5137 sequior
815 5084 1007 5125 manus
1032 5071 1289 5143 restituit.
1318 5065 1543 5143 Legitur
1573 5087 1780 5143 porro;

192 5136 266 5190 Et
295 5138 564 5214 interiecta
582 5136 659 5194 est
677 5146 815 5194 terra
838 5143 893 5214 in
917 5142 1168 5213 sanguine
1188 5142 1340 5214 (ms.,
1354 5136 1699 5213 sduguinhn).
1722 5141 1785 5214 Et

193 5210 549 5285 contaminata
578 5220 651 5265 est
676 5220 819 5285 terra
857 5213 910 5267 in
950 5210 1419 5285 operibus'eorum.
1450 5210 1787 5285 Etfornicati

191 5290 315 5333 sunt
342 5282 397 5352 in
424 5281 873 5339 adinventionibus
895 5281 1022 5352 suis,
1039 5293 1086 5338 et
1111 5286 1275 5339 iratus
1293 5297 1365 5340 est
1395 5285 1475 5339 ira
1508 5281 1785 5350 Dominus,

195 5361 305 5426 etc.
339 5351 497 5407 Nunc
525 5355 721 5410 iterum
757 5355 907 5425 juxta
937 5351 1329 5426 Augustinum,
1362 5358 1476 5412 sive
1516 5358 1605 5424 qui
1663 5371 1787 5411 eum

196 5422 314 5496 fere
347 5426 696 5496 continenter
725 5422 1009 5496 describit,
1029 5422 1459 5483 Cassiodorium.
1492 5422 1590 5483 Est
1639 5428 1788 5482 enim

199 5494 390 5569 harum
432 5494 723 5569 ﬁdejussor
764 5494 1057 5553 lectionum
1088 5498 1145 5555 S.
1189 5500 1476 5569 cpiscOpus
1522 5500 1574 5553 in
1608 5499 1778 5554 Euar-

197 5567 430 5639 t_atione.
464 5565 549 5622 lbi
575 5584 591 5623 :
614 5568 683 5623 Et
714 5568 1000 5625 interfecta
1032 5582 1115 5624 est
1138 5565 1283 5626 terra
1319 5565 1775 5639 in’sanguinilius.

198 5634 536 5705 Putarrmus,
573 5640 772 5710 inquit,
805 5642 1075 5714 scriptoris
1116 5658 1358 5709 errorem,
1389 5634 1602 5714 eumque
1627 5644 1782 5714 idice-

197 5724 372 5784 remus
405 5727 524 5784 pro
577 5728 636 5766 eo
682 5713 817 5782 quod
867 5722 962 5776 est,
994 5711 1213 5784 iniecta.
1237 5716 1442 5784 fecisse,
1472 5711 1777 5782 interfecta,

197 5779 625 5857 nisiltaberemus
656 5779 954 5854 bene/icium
984 5781 1099 5849 Dei,
1126 5786 1215 5857 qui
1238 5779 1547 5857 'Scripturas
1576 5803 1696 5841 suas
1729 5779 1785 5840 in

199 5854 377 5910 multis
409 5854 603 5930 linguis
632 5871 741 5913 esse
774 5859 967 5929 voluit,-
996 5854 1147 5933 atque
1177 5859 1247 5915 ita
1276 5854 1387 5917 esse
1406 5859 1674 5932 scriptum,
1702 5857 1786 5918 1η-

1970 3707 2316 3767 Conﬁtemini
2347 3654 2899 3784 Domino‘flqati‘gi‘am
2936 3723 2962 3763 ες
2986 3712 3159 3771 bonus
3188 3732 3204 3775 ς
3237 3719 3489 3790 quoniam

1900 3805 1954 3863 in
1979 3807 2239 3862 saeculum
2269 3803 2639 3861 misericordia
2668 3805 2806 3877 ejus.

1971 3899 2160 3955 Dicant
2182 3912 2324 3954 nunc
2337 3898 2431 3970 qui
2444 3899 2712 3970 redempti
2728 3908 2895 3955 sunta
2911 3898 3160 3969 Domino,
3181 3916 3317 3972 quos
3336 3903 3468 3962 rede

1898 3992 2073 4052 mitde
2091 4008 2254 4051 manu
2278 3993 2481 4050 inimici
2501 4010 2518 4053 :
2540 3992 2673 4051 etde
2688 3994 3000 4066 regionibus
3014 3998 3489 4068 congregaviteos.

1889 4136 2117 4196 teriecta
2165 4141 2251 4191 est
2295 4139 2444 4204 terra
2498 4130 2552 4186 in
2591 4130 2982 4204 isanguinibus,
3019 4133 3263 4204 inspectis
3297 4134 3491 4191 Graecis

1887 4208 2169 4273 codicibus,
2225 4203 2535 4275 videremus.
2587 4203 2651 4257 Et
2686 4203 2859 4275 paulo
2908 4203 3176 4275 post:,Et
3240 4207 3492 4265 fornicati

1885 4291 2013 4339 sunt
2037 4281 2090 4335 in
2118 4274 2592 4332 adinventionibus
2614 4273 2748 4330 suis.
2772 4274 2889 4330 Has
2909 4273 3041 4329 dicit
3066 4277 3481 4346 ndinventiones,

1884 4371 2013 4426 quas
2043 4350 2214 4426 στωρᾷ
2240 4346 2628 4426 ξπιτηᾷξύμῳτα
2654 4346 2942 4426 appellant.
2975 4346 3115 4400 Nam
3150 4349 3249 4402 hoc
3279 4355 3490 4426 uerbum

1885 4417 1959 4481 est
1989 4427 2043 4480 in
2084 4419 2348 4477 codicibus
2395 4417 2611 4485 Grtccis,
2637 4417 2696 4473 et
2727 4417 2825 4491 hoc
2871 4417 3008 4491 loco,
3033 4430 3081 4473 et
3110 4421 3378 4491 superius,
3404 4423 3493 4477 ubi

1885 4498 2080 4553 dictant
2108 4501 2206 4561 est,
2241 4491 2595 4561 lrritaverunt
2622 4504 2745 4545 eum
2771 4489 2824 4544 in
2846 4490 3327 4548 adinventionibus
3352 4489 3488 4550 suis.

1893 4569 2151 4638 Denique,
2179 4563 2268 4638 ubi
2299 4560 2725 4638 dicitur,_lratus
2774 4569 2857 4616 cst
2905 4562 2985 4616 ira
3039 4561 3327 4638 Dominus,
3365 4565 3481 4622 lucc

1892 4632 2065 4695 notat:
2102 4632 2649 4704 Noluerunlhguidatn‘
2667 4632 2975 4704 interpretes
3022 4635 3186 4688 nostri
3212 4636 3346 4688 iram
3389 4653 3487 4704 po-

1891 4729 2030 4776 nere,
2060 4711 2115 4764 in
2138 4723 2198 4762 eo
2235 4705 2371 4776 quod
2395 4702 2605 4777 Graecus
2631 4702 2779 4757 habet
2802 4705 2961 4777 θυμός
2983 4720 3002 4759 :
3032 4705 3124 4777 sed
3151 4705 3365 4776 quidam
3390 4702 3488 4777 ipo-

1890 4776 2108 4837 suerunt
2136 4786 2390 4841 mentem;
2418 4775 2628 4846 quidam
2656 4790 2775 4830 vero
2800 4775 3237 4848 indignationem,
3271 4775 3486 4848 quidam

1888 4855 2121 4909 animum
2140 4848 2463 4920 interpretati
2493 4856 2631 4901 sunt.

1966 4924 1985 4964 ί
2020 4924 2077 4980 1η
2107 4916 2297 4977 eodem
2329 4934 2432 4973 ms.
2456 4933 2589 4990 sa’pe
2609 4918 2743 4973 eruit
2764 4933 2873 4973 eos.
2900 4916 3016 4989 Ipsi
3037 4928 3209 4974 autem
3239 4920 3488 4976 innmari-

1887 5004 2125 5053 cauerunt
2154 5008 2268 5047 eum
2307 4991 2359 5044 in
2388 4991 2606 5047 consilio
2644 5007 2758 5056 suo,
2789 4999 2837 5044 et
2864 4990 3125 5044 Itumiliuti
3151 5003 3271 5045 sunt
3299 4994 3350 5044 in
3382 4994 3488 5046 ini.

1888 5066 2171 5140 quitatibus
2193 5065 2321 5120 suis.
2347 5060 2418 5115 Et
2444 5062 2687 5140 respexit,
2711 5079 2826 5140 cum
2851 5061 3245 5140 tribu/urentur,
3274 5077 3377 5140 ctc.
3418 5065 3485 5119 Et

1892 5132 2015 5209 post
2046 5153 2208 5193 unum
2240 5148 2456 5209 versum
2495 5150 2507 5186 :
2534 5132 2599 5186 Et
2625 5135 2769 5209 dedit
2791 5150 2895 5209 _eos
2942 5133 2996 5186 in
3050 5133 3488 5209 misericordiam,

1892 5204 1945 5266 in
1971 5219 2244 5283 conspectu
2266 5205 2636 5283 omniunt,__qui
2662 5205 3057 5283 captivauerant_
3074 5219 3160 5257 eos
3189 5204 3488 5283 {deniqtte,

1892 5276 2148 5355 congrega
2175 5276 2361 5355 ηοερρ
2383 5276 2621 5355 gentibus
2647 5284 2722 5342 ut,
2749 5286 2888 5355 etc.:
2917 5276 3058 5355 quod
3091 5283 3148 5355 et
3181 5276 3491 5355 Augustino

1894 5345 2135 5409 notatum
2166 5360 2250 5406 est
2275 5345 2667 5418 ibi,'Cottgrega
2701 5363 2793 5400 nos
2824 5346 2886 5398 de
2916 5345 3237 5415 nationibus,
3272 5345 3379 5415 uel,
3411 5351 3486 5405 si-

1894 5436 1984 5482 cut
2009 5426 2103 5480 alii
2127 5422 2343 5479 codices
2363 5418 2566 5473 lubent
2586 5459 2600 5480 ,
2633 5418 2696 5471 de
2725 5418 2981 5488 gentibus.

1962 5506 1989 5545 ε
2027 5497 2162 5553 Cum
2193 5490 2493 5560 Augnsdno
2522 5488 2847 5544 Veronensis
2875 5504 2976 5544 ms.
3011 5531 3028 5555 ,
3079 5491 3324 5560 quoniam
3370 5508 3496 5546 sua-

1888 5568 1965 5624 vis
1993 5578 2089 5623 est.
2114 5568 2208 5629 Et,
2238 5563 2428 5617 Dicant
2453 5565 2543 5635 qui
2584 5561 2834 5635 redempti
2871 5572 2988 5615 sunt
3017 5578 3050 5615 a
3079 5561 3305 5635 Danista
3324 5604 3339 5630 ,
3368 5581 3496 5635 quos

1889 5639 2104 5695 redemit
2134 5639 2197 5691 de
2222 5650 2378 5688 manu
2400 5632 2759 5695 inimicorum,
2792 5632 2874 5698 de,
2903 5646 3010 5689 etc.
3050 5634 3128 5687 Ab
3171 5632 3413 5698 Oriente,
3452 5647 3498 5691 ct

1896 5710 2199 5775 Occidente,
2230 5716 2277 5762 et
2305 5704 2557 5775 Aquilone
2587 5714 2635 5758 et
2666 5702 2827 5759 Mari.
2864 5706 2931 5759 Et
2961 5714 3082 5775 post
3114 5713 3239 5762 tres
3273 5720 3497 5773 versus,

1896 5783 1964 5837 Et
1986 5774 2199 5837 deduxit
2220 5774 2380 5849 eosin
2408 5777 2543 5830 viam
2571 5786 2765 5849 rectam
2796 5774 3161 5849 (ms.,recta).
3180 5787 3253 5845 ut,
3269 5789 3377 5837 etc.
3408 5777 3494 5849 Et,

1897 5854 2254 5933 Canﬁtcantur
2284 5847 2509 5912 Domino
2538 5847 2891 5909 miserationes
2920 5849 3032 5923 eius
3050 5891 3064 5919 ,
3092 5847 3198 5910 etc.
