3994 6324
1612 279 1674 338 S.
1713 276 2098 336 llIERONYMI
2135 275 2370 344 DIVINA
2411 275 2883 348 BIBLIOTHECA.

2239 402 2285 462 Λ
2388 397 2436 456 Δ
2465 397 2593 454 solis
2622 405 2744 454 ortu
2775 405 2828 453 ct
2854 409 3072 464 occasu,
3103 395 3172 451 ab
3197 395 3444 467 aquilone
3469 403 3519 453 et
3548 401 3684 454 mari.

2392 489 2718 545 Erraverunt
2749 489 2801 545 in
2826 489 3118 547 solitudine
3147 489 3201 545 in
3229 489 3464 547 siccitate
3490 507 3503 546 :
3531 490 3653 546 viam
3677 490 3823 548 civita-

2319 583 2386 640 tis
2415 583 2762 639 habitationis
2785 599 2891 640 non
2923 583 3268 640 invenerunt.

2390 679 2708 736 Esurientes
2745 690 2799 736 ct
2856 681 3102 738 sitientes
3136 699 3147 734 :
3181 680 3356 736 anima
3416 694 3586 734 eorum
3644 679 3689 735 in
3731 680 3826 754 ipsis

2316 772 2538 830 defecit.

2387 869 2456 924 Et
2479 868 2848 923 clamaverunt
2880 865 3010 940 [Με.
3036 863 3487 938 exclamaverunt]
3507 863 3565 922 ad
3585 867 3828 935 hominum,

2314 979 2438 1023 cum
2467 965 2869 1022 tribularentur
2900 983 2914 1023 :
2948 974 3000 1022 et
3021 963 3090 1022 de
3117 963 3520 1022 necessitatibus
3546 979 3708 1020 eorum
3731 963 3832 1022 libe-

2316 1062 2462 1118 ravit
2492 1075 2608 1116 eos.

2388 1154 2457 1211 Et
2479 1153 2664 1211 eduxit
2692 1167 2788 1208 eos
2830 1151 2886 1207 in
2919 1151 3060 1207 viam
3093 1160 3295 1209 rectam
3335 1168 3350 1207 :
3380 1157 3436 1205 ut
3464 1149 3597 1206 irent
3622 1148 3670 1216 in
3693 1150 3835 1208 civita-

2315 1257 2424 1305 tcm
2457 1245 2829 1304 habitationis.

2383 1338 2754 1396 Conﬁtcantur
2776 1337 3006 1392 Domino
3039 1334 3423 1393 misericordia:
3452 1334 3565 1406 ejus
3597 1379 3611 1406 ,
3646 1343 3688 1391 et
3716 1331 3838 1389 mita-

2314 1433 2440 1491 bilia
2465 1434 2583 1504 ejus
2618 1433 2740 1487 liliis
2762 1430 3062 1487 hominum.

2381 1529 2513 1599 Quia
2549 1526 2676 1600 [,bls.
2707 1524 2986 1599 quoniam]
3027 1523 3250 1592 satiavit
3291 1523 3521 1581 animam
3561 1522 3840 1580 inattetnzet

2310 1621 2548 1676 animam
2582 1619 2916 1676 esurientem
2955 1627 2978 1654 ο
3010 1617 3224 1673 satiavit
3250 1615 3427 1673 bonis.

2369 1716 2646 1772 .Scdentcs
2681 1715 2733 1770 in
2785 1711 3028 1770 tenebris
3067 1719 3123 1766 et
3151 1710 3340 1766 umbra
3390 1709 3614 1780 mortis,
3659 1707 3840 1765 vinculis

2242 1807 2288 1870 B
2319 1807 2512 1879 ligatos
2543 1807 2593 1862 in
2637 1805 2984 1862 mendicitate
3015 1810 3071 1858 ct
3099 1804 3266 1860 l'erro.

2383 1899 2521 1966 Quia
2552 1896 3017 1954 exztcerbavcrunt
3049 1894 3325 1964 elaquium
3354 1891 3560 1949 Domini
3590 1903 3675 1951 :et
3701 1889 3841 1947 consi-

2311 1995 2441 2052 lium
2474 1992 2741 2049 Altissitni
2791 1992 3165 2048 irritaverunt.

2383 2088 2451 2142 Et
2481 2085 2826 2140 ltumiliatum
2858 2092 2945 2158 est
2983 2083 3038 2139 in
3076 2080 3350 2138 laboribus
3379 2095 3476 2138 cor
3504 2095 3678 2158 eorum
3701 2119 3711 2132 .
3732 2077 3846 2133 inlit-

2305 2182 2437 2238 πιαιί
2465 2188 2624 2246 sunt,
2653 2194 2756 2236 nec
2779 2177 2879 2234 fuit
2909 2178 2998 2250 qui
3028 2175 3336 2246 adjuvaret.
3544 2157 3548 2162 ’

2379 2274 2444 2329 Ει
2469 2273 2841 2329 clamaverunt
2862 2269 2991 2344 [Με.
3016 2265 3486 2340 exclamaverunt]
3505 2266 3566 2322 ad
3592 2263 3844 2326 Dominum,

2306 2381 2432 2425 cum
2460 2366 2890 2423 tribularentur:
2917 2373 2973 2422 et
2998 2362 3066 2418 de
3098 2361 3514 2418 necessitatibus
3553 2373 3720 2416 eorum
3740 2355 3842 2410 libe-

2309 2463 2451 2518 ravit
2477 2474 2593 2516 eos.

2378 2555 2445 2610 Et
2484 2552 2669 2612 eduxit
2716 2567 2812 2610 eos
2861 2550 2929 2608 de
2983 2551 3222 2610 tenebris
3264 2560 3320 2610 et
3358 2548 3550 2606 umbra
3593 2543 3850 2602 mortiszet

2305 2647 2527 2704 vincula
2559 2663 2747 2702 eorum
2776 2645 3022 2716 diripuit.

2375 2740 2748 2797 Conlitcantnr
2775 2739 3005 2795 Domino
3035 2735 3436 2796 misericordia:
3464 2733 3604 2807 ejus,
3648 2739 3694 2787 et
3721 2727 3848 2786 mira-

2303 2835 2431 2892 bilia
2457 2836 2573 2904 ejus
2605 2833 2730 2888 ﬁliis
2758 2831 3059 2888 hominum.

2374 2927 2511 2998 Quia
2553 2927 2807 2984 contrivit
2852 2935 3036 2998 portas
3090 2939 3262 2980 aereas
3297 2942 3308 2978 :
3349 2933 3411 2986 ct
3458 2931 3634 2980 vectes
3686 2919 3852 2976 ferreos

2302 3019 2591 3091 confregit.

2373 3113 2621 3183 Suscepit
2644 3127 2739 3168 cos
2765 3111 2832 3167 de
2858 3111 2944 3166 via
2974 3110 3272 3184 iniquitatis
3299 3127 3496 3168 eorum
3531 3127 3544 3164 :
3573 3115 3767 3181 propter
3792 3104 3852 3156 in-

2222 3203 2270 3269 C
2296 3209 2536 3282 justitias
2565 3206 2693 3281 [Με.
2725 3205 3059 3278 iniquitates]
3110 3208 3254 3262 enim
3296 3222 3426 3263 suas
3458 3204 3705 3260 humiliuti
3734 3205 3848 3254 sunt.

610 286 718 346 823
1612 280 1674 338 S.
1713 280 2098 336 HIERONYMI
2135 280 2370 344 DIVINA
2411 280 2883 346 BIBLIOTHECA.
3742 280 3820 340 524

685 403 734 459 Α
759 403 881 460 satis
909 411 1023 459 ortu
1047 408 1095 462 et
1118 415 1328 468 occasu,
1353 399 1416 457 ab
1448 399 1687 470 aquilone
1707 408 1754 456 ct
1777 399 1928 454 mari.

689 497 1012 554 Erraverunt
1038 499 1092 553 in
1125 496 1403 553 solitudine
1425 501 1482 551 in
1507 495 1762 567 inaquoso
1786 509 1804 548 :
1827 493 1964 549 viatn
1993 489 2212 548 civitatis

616 595 896 652 habitaculi
920 611 1021 648 non
1049 595 1348 649 invenerunt
1373 609 1392 648 :

640 745 642 747 ,
689 686 986 744 Esurientes
1010 698 1054 744 et
1076 689 1303 743 sitientes
1329 687 1542 742 :anima
1569 701 1744 741 eorum
1765 685 1820 739 in
1843 682 1968 754 ipsis
1998 680 2207 754 defecit.

660 888 663 891 '
692 872 758 928 Et
787 871 1139 927 clamauerunt
1175 869 1244 926 ad
1293 868 1610 935 Dominum,
1641 883 1758 922 cum
1790 863 2162 921 tribulurentur
2191 877 2210 917 :

621 979 647 1006 ³·
677 983 738 1025 -ξλ-
768 978 814 1022 et
842 968 865 1036 ζ
893 968 954 1022 de
977 964 1361 1022 necessitatibus
1388 978 1567 1019 eorum
1591 960 1784 1032 eripuit
1814 974 1920 1014 eos.

691 1149 759 1204 Et
785 1147 996 1205 deduxit
1019 1163 1105 1204 eos
1133 1146 1184 1201 in
1211 1146 1346 1201 viam
1369 1153 1559 1198 rectam
1584 1158 1602 1197 :
1633 1149 1688 1196 ut
1718 1141 1848 1195 irent
1875 1139 1929 1193 in
1955 1136 2208 1192 civitatem

613 1243 966 1301 habitationis.

687 1341 1040 1409 Conﬁteantur
1068 1336 1285 1391 Domino
1326 1331 1698 1390 misericordia:
1727 1332 1838 1404 ejus
1873 1345 1890 1384 :
1919 1338 1966 1384 et
1996 1325 2209 1382 mirabi-

608 1437 679 1491 lia
710 1437 822 1506 ejus
860 1433 986 1503 ﬁliis
1016 1429 1303 1485 hominum.

685 1531 820 1596 Quia
843 1528 1050 1583 satiavit
1072 1525 1300 1579 animant
1326 1524 1556 1592 inanem,
1583 1531 1629 1579 et
1650 1521 1882 1576 animam
1899 1514 2206 1572 esurientem

607 1625 809 1680 satiavit
841 1623 1007 1677 bonis.

685 1717 930 1774 Sedetttes
953 1715 979 1754 ι)
1017 1730 1071 1770 -:~
1109 1715 1162 1768 in
1191 1714 1214 1783 ζ
1251 1712 1466 1768 tenebris
1495 1720 1542 1768 et
1569 1710 1753 1767 umbra
1773 1711 1953 1766 mortis
1971 1750 1985 1776 ,
2012 1708 2206 1763 vinctos

615 1826 678 1868 αι-
713 1812 765 1865 in
794 1811 814 1879 ζ
841 1809 1172 1866 mendicitate
1194 1816 1240 1862 et
1266 1811 1428 1879 ferro.

687 1905 824 1974 Quia
850 1903 1277 1960 exacerbaverunt
1292 1900 1499 1974 eloquia
1523 1898 1622 1958 Dei
1645 1917 1663 1961 ε
1690 1909 1737 1955 et
1761 1897 2035 1954 consilium
2063 1895 2206 1951 altis-

608 2001 726 2055 simi
749 1999 1097 2054 irritaverant.

685 2091 752 2145 Et
780 2089 1109 2144 humiliatunt
1131 2097 1203 2142 est
1230 2087 1282 2142 in
1306 2085 1565 2144 laboribus
1595 2101 1683 2141 cor
1708 2098 1926 2142 eorum:
1956 2079 2207 2152 inﬁrmati

607 2195 730 2241 sunt
760 2200 854 2238 nec
883 2183 982 2254 fuit
1008 2183 1097 2253 qui
1123 2182 1416 2253 adjuvaret.

682 2275 750 2330 Et
793 2277 1143 2329 clamauerunt
1183 2273 1252 2328 ad
1293 2271 1608 2338 Dominum,
1643 2286 1760 2326 cum
1791 2267 2203 2326 tribularentur:

607 2378 658 2426 et
684 2369 746 2424 de
769 2366 1155 2423 necessitatibus
1177 2381 1354 2420 coruus
1374 2363 1611 2420 liberavit
1633 2379 1739 2419 eos.

603 2552 626 2604 ἓ
683 2560 704 2589 ε
722 2547 790 2603 Et
820 2547 995 2603 eduxit
1021 2562 1106 2601 eos
1132 2544 1196 2602 de
1224 2545 1464 2614 tenebris,
1491 2554 1537 2600 et
1561 2543 1742 2599 umbra
1771 2539 1949 2596 mortis
1980 2547 2065 2595 :et
2088 2537 2202 2591 vin-

605 2646 724 2700 cula
744 2658 923 2698 eorum
953 2639 1198 2709 disrupit.

678 2738 1037 2808 Conﬁteantur
1063 2734 1286 2790 Domino
1312 2731 1676 2789 tttisericorditc
1705 2732 1838 2802 ejus,
1863 2737 1911 2785 et
1941 2725 2202 2783 mirabilia

600 2835 717 2906 ejus
743 2830 868 2898 ﬁliis
895 2829 1179 2882 hominum.

676 2927 813 2995 Quia
838 2924 1078 2981 contrivit
1123 2932 1300 2995 portas
1328 2936 1488 2977 (creas
1527 2936 1546 2977 :
1578 2929 1622 2978 et
1655 2928 1817 2974 vectes
1842 2919 2040 2988 lcrreos
2072 2930 2200 2970 con-

602 3023 780 3096 fregit.

675 3094 913 3185 Suscepit
945 3127 1027 3167 eos
1057 3109 1121 3165 de
1146 3111 1226 3165 via
1257 3109 1546 3181 iniquitatis
1576 3094 1752 3164 eorum
1786 3114 2036 3182 :prOptcr
2057 3105 2200 3177 inju-

601 3208 769 3263 slitios
794 3206 929 3259 enim
957 3202 983 3241 ἀ
1016 3221 1135 3259 suas
1162 3203 1425 3257 humiliati
1450 3212 1591 3257 sunt.

678 3299 894 3355 Omnem
923 3313 1091 3354 escam
1130 3295 1425 3352 abominata
1462 3305 1534 3350 est
1566 3296 1743 3349 anima
1780 3310 1955 3351 eorum
1987 3299 2076 3348 :et
2102 3308 2196 3362 ap-

600 3393 1074 3466 prOpinquaverunt
1101 3405 1259 3461 usque
1286 3389 1354 3443 ad
1379 3399 1554 3461 portas
1583 3389 1782 3442 mortis.

674 3485 741 3540 Et
766 3486 1115 3539 clamarerunt
1146 3481 1215 3535 ad
1263 3481 1578 3548 Dominum,
1624 3497 1740 3533 cum
1785 3476 2195 3533 tribularentur.’

605 3596 669 3638 +
693 3591 739 3636 et
767 3581 790 3650 ζ
825 3579 888 3634 de
918 3577 1301 3633 necessitatibus
1330 3593 1506 3632 eorum
1529 3573 1759 3630 liberavit
1780 3589 1886 3628 eos.
1914 3572 1920 3577 ’

672 3675 818 3730 Misit
843 3673 1048 3729 verbum
1071 3687 1244 3738 suum,
1270 3681 1316 3727 et
1339 3671 1539 3726 sanavit
1569 3686 1653 3726 eos
1683 3683 1702 3724 :
1729 3677 1776 3725 et
1805 3666 1996 3738 eripuit
2023 3680 2110 3721 eos
2134 3664 2198 3718 de

599 3770 977 3827 interitionibus
1007 3783 1206 3822 eorum.

670 3864 1022 3935 Conﬁteantur
1047 3860 1272 3916 Domino
1299 3858 1668 3916 misericordia:
1695 3857 1833 3929 ejus,
1863 3864 1910 3911 et
1935 3852 2195 3910 mirabilia

595 3959 710 4030 ejus
739 3957 864 4027 ﬁliis
883 3953 1171 4010 hominum.

670 4051 736 4108 Et
765 4051 1050 4120 sacriﬁcent
1072 4047 1385 4118 sacriﬁcium
1414 4044 1584 4101 laudis
1607 4060 1623 4099 :
1646 4053 1692 4100 et
1714 4043 2016 4098 annuntient
2037 4058 2193 4114 opera

591 4149 706 4219 ejus
734 4146 785 4199 in
815 4139 1178 4198 exsultatione.

670 4237 772 4304 Qui
792 4231 1104 4289 descendunt
1131 4246 1273 4286 mare
1295 4230 1349 4286 in
1377 4229 1591 4286 navibus
1623 4245 1642 4286 :
1671 4227 1916 4300 facientes
1936 4227 2190 4300 operatio-

595 4346 712 4386 nem
741 4329 792 4383 in
823 4327 968 4397 aquis
999 4325 1194 4379 multis.

666 4420 777 4493 Ipsi
805 4420 1040 4476 viderunt
1067 4433 1224 4490 opera
1248 4414 1482 4485 Domini,
1508 4425 1554 4471 et
1580 4414 1833 4472 mirabilia
1857 4419 1965 4489 ejus
1988 4415 2039 4471 in
2064 4431 2187 4488 pro-

591 4518 777 4591 fundo.

2371 3299 2601 3356 Omnem
2642 3314 2821 3356 escatn
2871 3299 3178 3354 abominata
3209 3308 3295 3355 est
3335 3299 3516 3354 anima
3544 3287 3847 3354 eornmzet‘

2297 3394 2755 3468 appropiavcrunt
2785 3408 2954 3464 usque
2993 3390 3061 3446 ad
3093 3402 3276 3462 portas
3306 3393 3520 3448 mortis.

2373 3489 2440 3544 Et
2467 3489 2838 3544 clamaverunt
2866 3486 2932 3541 ad
2967 3485 3272 3554 Dominum,
3304 3501 3429 3541 cum
3460 3483 3852 3542 tribularentur:

2301 3591 2357 3640 et
2385 3581 2452 3638 de
2484 3579 2903 3638 necessitatibus
2933 3595 3120 3636 eorum
3147 3577 3401 3636 liberavit
3427 3593 3544 3636 eos.

2371 3677 2515 3732 Misit
2543 3677 2768 3733 verbum
2801 3689 2982 3744 suum,
3009 3683 3066 3732 et
3085 3675 3298 3732 sanavit
3317 3689 3416 3734 eos
3452 3694 3466 3730 :
3497 3682 3554 3733 et
3576 3669 3758 3744 eripuit
3782 3679 3857 3724 eos

2298 3769 2367 3826 de
2393 3769 2614 3825 interitu
2647 3785 2858 3826 eorum.

2369 3861 2740 3919 Conliteantur
2763 3861 2996 3918 Domino
3032 3860 3425 3920 misericordia:
3457 3858 3578 3932 ejus
3606 3874 3621 3912 :
3646 3864 3696 3914 et
3723 3852 3858 3910 mira—

2299 3958 2426 4014 bilia
2458 3958 2578 4029 ejus
2609 3957 2732 4013 liliis
2762 3957 3065 4014 hominum.

2370 4049 2442 4106 Ut
2493 4050 2802 4106 sacrificent
2847 4050 3176 4105 sacrilicium
3221 4031 3441 4106 laudis:
3477 4056 3534 4106 et
3581 4037 3862 4100 annunticnt

2299 4157 2464 4216 opera
2499 4142 2616 4213 ejus
2647 4143 2699 4200 in
2730 4143 3111 4198 exsultatione.

2369 4234 2468 4304 Qui
2495 4234 2834 4292 descendunt
2855 4251 3005 4292 mare
3033 4234 3087 4290 in
3110 4233 3337 4292 navibus
3367 4252 3380 4291 ;
3413 4233 3676 4292 facientes
3700 4237 3864 4299 Opera-

2298 4331 2474 4387 tiones
2499 4330 2550 4386 in
2582 4332 2735 4401 aquis
2761 4329 2964 4386 multis.

2368 4424 2472 4496 Ipsi
2503 4423 2758 4482 viderunt
2780 4439 2946 4496 opera
2977 4422 3192 4482 Domini
3222 4467 3236 4494 ,
3287 4432 3345 4480 et
3396 4422 3665 4480 mirabilia
3694 4418 3796 4492 ejus
3822 4414 3864 4470 in

2293 4518 2588 4592 profundo.

665 4605 1046 4676 Πῖπίινεεδτεῑῖι
1074 4604 1288 4674 ipim“
1315 4601 1590 4676 Procellw:
1618 4613 1666 4662 et
1693 4605 1910 4660 exaltati
1939 4615 2058 4661 sunt
2083 4607 2188 4676 ρει-
2213 4586 2265 4652 Ῑ)
2293 4586 2313 4592 ’
2366 4609 2530 4678 Dixit,
2577 4618 2629 4667 et
2661 4610 2809 4666 stetit
2834 4609 3055 4681 spiritus
3079 4607 3334 4682 procella:
3361 4625 3375 4664 :
3412 4617 3472 4667 et
3503 4608 3722 4666 exaltati
3764 4611 3869 4662 sunt

587 4713 702 4761 ctus
731 4705 866 4775 ejus.

661 4843 687 4872 ⁸
706 4843 880 4898 Minus
902 4845 1048 4896 recte
1067 4837 1302 4910 Palatio.
1328 4850 1431 4892 ms.
1458 4836 1670 4910 obelum
1692 4834 1838 4910 hunc
1853 4839 2180 4910 praetermit-

589 4917 685 5042 titl:
723 4917 774 4968 in
799 4914 905 4969 line
936 4918 1134 4981 autem.
1151 4909 1531 4979 subsequentis
1562 4908 1812 4965 versiculi
1835 4907 1983 4966 addit
2005 4907 2180 4984 Diap-

589 5006 642 5042 δα
671 5005 772 5040 ηια.

584 5005 772 5044 sanna.

657 5060 685 5098 ι»
726 5059 901 5130 Atque
929 5052 1194 5130 hiemale
1213 5051 1352 5130 idem
1395 5066 1497 5107 ms.
1529 5051 1744 5130 obelnm
1773 5056 1995 5130 respuit.

663 5143 684 5169 ο
729 5123 916 5186 Denuo
939 5127 1078 5182 male
1106 5123 1332 5180 I’alatin.
1364 5139 1464 5178 tus.
1493 5134 1540 5178 et
1569 5126 1773 5180 Vocula:
1794 5123 2010 5181 oheluut
2043 5143 2182 5196 pra:-

585 5201 736 5273 ligit,
768 5201 876 5273 Aqui
938 5196 1299 5268 praepositiot‘ti
1350 5198 1730 5273 subsequentis
1769 5199 1913 5273 verbi
1963 5201 2177 5273 eduxit,

584 5269 701 5328 erat
747 5269 815 5327 de
874 5287 1023 5326 more
1079 5270 1495 5340 pra-ponendus.
1546 5269 1839 5341 Subjuttgit
1868 5286 1997 5325 vero
2046 5269 2172 5329 huic

584 5359 798 5395 uunnue
826 5345 1094 5395 versiculo
1135 5341 1456 5395 Diansalma.

623 5359 798 5397 unaue
826 5357 1094 5397 γενειςυῖο
1135 5357 1456 5397 Utansatma.

584 5359 798 5414 quoque
826 5357 1094 5397 versnewo
1135 5357 1456 5413 Utapsatma.

654 5413 680 5452 ιι
715 5416 1016 5469 Pronomen
1045 5416 1146 5466 hoe
1172 5430 1314 5477 suas,
1345 5423 1401 5466 ut
1429 5421 1482 5468 et
1510 5411 1857 5482 subsequenti
1892 5429 2050 5470 versu
2074 5415 2171 5471 ad-

585 5487 830 5557 verbium
869 5501 1054 5554 usque,
1087 5483 1315 5557 Palatiu.
1347 5499 1446 5538 tus.
1477 5497 1529 5537 et
1558 5484 1731 5539 Carus
1760 5483 1923 5540 obelo
1958 5501 2171 5557 praeno-

585 5567 718 5613 tattt.
771 5555 870 5624 Qui
909 5566 1082 5609 autent
1130 5556 1254 5610 hinc
1295 5557 1533 5622 sequitur
1615 5558 1830 5612 rmlixns
1870 5571 1917 5613 et
1959 5555 2168 5626 copula:

585 5630 805 5680 obelus.
836 5626 889 5680 in
925 5643 989 5680 eo
1028 5641 1129 5679 ms.
1162 5625 1518 5680 desideratur.
1561 5572 1864 5680 Biansalma
1903 5641 2082 5680 autent
2115 5631 2164 5680 in

583 5630 771 5700 obelus
792 5671 805 5692 ,
836 5626 893 5700 in
925 5643 989 5680 eo
1028 5641 1129 5679 ms.
1162 5625 1518 5700 desideratur,
1561 5625 1864 5700 Diapsalma
1903 5625 2082 5685 autem
2115 5631 2164 5684 in

582 5699 804 5757 alterius
848 5699 914 5752 ab
962 5712 1029 5754 eo
1076 5697 1324 5752 versiculi
1378 5699 1482 5753 line
1529 5697 1765 5756 additur.
1806 5704 1938 5767 Qum
1985 5705 2166 5758 omnia

584 5770 990 5828 ainanucnsiutn
1019 5767 1250 5840 putanda
1277 5777 1401 5824 sunt
1423 5769 1571 5827 Vitia.

656 5853 682 5884 ε
721 5842 857 5901 Cum
884 5837 1034 5914 Aug:
1061 5837 1263 5898 Veron.
1313 5839 1439 5913 Ms,
1479 5843 1704 5914 implevit
1734 5841 1901 5914 bonis,
1934 5853 1989 5902 et
2016 5859 2172 5918 mox,

2293 4706 2487 4763 ﬂuctus
2509 4706 2646 4776 ejus.

2288 4843 2626 4912 compeditos,
2652 4858 2752 4916 pro
2783 4842 3002 4916 vinculis
3043 4843 3249 4915 ligatos.
3275 4843 3441 4912 Tum,
3469 4837 3865 4916 Quoniamina-

2287 4913 2667 4970 maricaveruni
2686 4914 2889 4987 eloquia
2909 4913 3186 4975 I)omitii.et
3205 4915 3484 4970 consilium
3504 4913 3868 4987 Altissinti_ea'a—

2286 4989 2542 5041 cerbat-ert
2566 4998 2643 5042 nt.
2663 4988 2729 5043 Et
2757 4982 2807 5042 iit
2839 4987 3220 5056 subsequentis
3243 4989 3501 5043 versiculi
3531 4990 3658 5052 line,
3687 4983 3767 5055 qui
3785 4982 3866 5056 at'-_

2285 5062 2490 5129 juvaret
2519 5077 2621 5124 eos,
2659 5069 2716 5114 et
2747 5060 2971 5115 alterius
3013 5053 3369 5131 insequentis,
3404 5067 3454 5114 et
3498 5061 3562 5113 de
3601 5053 3867 5112 necessitati

2289 5131 2380 5183 bus
2428 5148 2602 5201 eorum
2653 5132 2821 5185 snlros
2853 5133 2970 5201 fecit
2998 5150 3082 5185 ros
3127 5149 3142 5185 :
3179 5131 3417 5197 Deinde,
3467 5133 3676 5186 rinculu
3711 5139 3869 5180 eorum

2288 5203 2532 5272 disrupit.
2564 5200 2916 5270 Conﬁtcttntur
2947 5203 3171 5257 Domino
3194 5205 3562 5257 miserationes
3591 5205 3721 5272 ejus,
3752 5205 3843 5250 etc.

2357 5271 2374 5311 ‘
2421 5273 2627 5328 l’ariter
2659 5277 3022 5343 Augustinus,
3057 5285 3114 5329 et
3142 5276 3475 5329 Veronensis
3518 5271 3676 5343 liber,
3727 5279 3771 5343 et
3795 5282 3870 5329 np-

2276 5337 2771 5418 propintjuatteruttt'
2790 5361 2950 5413 usque
2979 5337 3048 5418 ita
3079 5355 3255 5414 portas
3287 5344 3492 5418 mortis.
3530 5341 3601 5395 Et
3626 5337 3867 5418 exclama-

2274 5413 2454 5471 verunt
2477 5413 2490 5482 ς
2517 5423 2623 5472 etc.
2655 5417 2795 5471 Tum
2825 5418 2972 5470 solus
2997 5413 3354 5482 Veronensis,
3399 5415 3575 5468 salvos
3619 5413 3736 5485 fecit
3759 5455 3771 5474 ,
3823 5414 3870 5485 ttl

2275 5477 2548 5556 superius,
2583 5503 2680 5557 pro
2712 5489 2962 5546 liberavit.
2992 5498 3046 5542 ct
3068 5477 3418 5554 subsequenti
3453 5477 3642 5551 versn',
3674 5490 3719 5535 el
3747 5498 3781 5557 e.
3802 5477 3866 5530 uit

2275 5577 2360 5613 eos
2392 5559 2454 5612 de
2482 5555 2807 5630 corruptione
2831 5573 3030 5612 eorum.
3055 5560 3131 5613 Ac
3153 5574 3364 5613 rursum
3392 5572 3522 5611 cum
3543 5555 3866 5630 Augustino:

2276 5622 2879 5702 Cattﬁtettntttr'Domino
2904 5631 3257 5685 miserationes
3293 5632 3402 5701 ejus
3424 5672 3439 5696 ,
3484 5637 3598 5682 etc.
3636 5622 3699 5680 Et
3726 5622 3872 5702 satri-

2279 5696 2432 5773 ﬁcent
2462 5702 2810 5775 sacriﬁcium,
2852 5713 2960 5757 etc.
3016 5703 3256 5775 Denique
3278 5696 3592 5774 {facientes
3626 5696 3870 5770 oprratio-
3923 5733 3925 5740 .

2279 5790 2395 5831 nem
2411 5815 2428 5847 ,
2461 5789 2557 5848 pro
2593 5774 2935 5848 operationes.
