4090 6338
240 361 348 422 525

1535 352 1740 414 LIBER
1777 351 2221 412 PSALMORUM.

3422 346 3555 407 .526

313 484 614 541 Ascendunt
642 497 695 538 μιν
730 497 887 554 usque
917 479 937 550 1
965 479 1034 535 ad
1057 478 1230 545 ctelos,
1257 487 1304 533 et
1327 476 1642 533 descendunt
1669 490 1727 531 σθ
1763 490 1853 529 us-
1882 479 1934 538 Δ
2032 470 2350 528 Asccuduut
2383 482 2551 540 usque
2578 467 2645 524 ad
2676 466 2877 533 oculos,
2912 472 2968 523 et.
3004 464 3343 523 descendunt
3391 480 3562 539 usque

242 596 341 651 que
377 579 398 647 1
429 579 507 651 ad
531 579 740 651 abyssos
774 594 793 633 :
818 576 993 631 anima
1017 592 1192 631 eorum
1213 575 1267 629 in
1289 574 1443 628 malis
1474 571 1779 629 tabescebat.

320 672 536 727 Turbati
564 682 704 741 sunt,
739 680 785 726 et
811 672 937 726 moti
964 678 1082 726 sunt
1111 670 1241 725 sicut
1266 668 1440 726 ebrius
1471 676 1558 723 :et
1587 668 1754 723 onmis
1774 683 1858 721 sa-

244 768 443 840 pientia
474 784 651 822 eorum
682 766 926 820 devorata
968 774 1062 818 est.

330 858 402 913 Et
431 860 781 914 clamaveritnt
813 859 882 911 ad
911 856 1210 923 Dominum,
1250 873 1361 911 tum
1391 855 1755 911 tribularentur
1778 862 1859 909 :et

261 952 328 1007 de
360 951 747 1007 necessitatibus
778 968 953 1005 eorum
985 949 1163 1004 eduxit
1196 966 1302 1004 eos.

331 1060 395 1099 οξ
444 1043 514 1098 Et
562 1044 586 1111 1
633 1044 811 1097 statuit
851 1042 1137 1115 procellam
1180 1055 1231 1098 σθ
1285 1044 1396 1114 ejus
1429 1040 1451 1108 1
1483 1040 1534 1095 in
1558 1056 1739 1095 auram
1769 1054 1785 1092 :
1814 1048 1861 1094 et

248 1136 510 1194 siluerunt
538 1139 732 1208 ﬂuctus
758 1139 893 1207 ejus.

328 1240 354 1269 α
399 1230 468 1286 Et
510 1232 674 1285 lwtati
720 1240 838 1285 sunt
878 1231 999 1301 quia
1044 1230 1296 1286 siluerunt
1328 1244 1348 1285 .'
1376 1236 1423 1283 et
1462 1226 1674 1282 deduxit
1701 1239 1783 1281 eos
1809 1226 1863 1279 in

254 1336 465 1397 portum
496 1325 774 1379 uoluntatis
800 1340 995 1379 eorum.

328 1419 689 1487 Conﬁteantur
719 1417 939 1472 Domino
974 1416 1342 1473 misericordia:
1366 1417 1499 1489 ejus,
1528 1422 1574 1469 et
1604 1412 1862 1467 mirabilia

245 1515 366 1584 ejus
395 1510 523 1579 ﬁliis
553 1510 818 1565 hominum
843 1526 863 1565 :

322 1602 393 1657 Et
434 1604 662 1658 exaltant
701 1620 818 1659 eum
855 1603 908 1657 in
953 1601 1171 1657 ecclesia
1215 1599 1382 1673 plebis
1416 1615 1435 1655 :
1465 1599 1591 1654 etin
1621 1596 1866 1652 cathedra

248 1697 521 1753 seniorum
552 1694 769 1750 laudent
800 1710 933 1749 eum.

329 1789 517 1846 Posuit
556 1789 779 1862 ﬂumina
820 1790 875 1844 in
916 1790 1177 1846 desertum
1208 1805 1227 1845 :
1262 1796 1311 1843 et
1339 1788 1507 1844 exitus
1533 1801 1783 1856 aquarum
1810 1784 1865 1839 in

254 1897 419 1939 "Hm.

324 1974 543 2029 Terram
572 1977 898 2047 [ructiferam
926 1974 979 2030 in
1006 1973 1344 2049 salsuginem,
1376 1989 1406 2029 a
1432 1972 1630 2029 tnalitia
1657 1970 1862 2028 inhabi-

251 2066 474 2121 tantium
500 2066 529 2105 ι)
566 2068 619 2121 in
638 2084 721 2122 ea.

322 2159 510 2214 Posuit
548 2160 807 2215 desertum
835 2160 889 2214 in
914 2168 1101 2231 stagna
1128 2174 1383 2229 aquarum
1410 2166 1496 2214 :et
1536 2166 1731 2215 terram
1751 2157 1865 2212 sine

248 2269 392 2324 aqua
420 2254 470 2307 in
492 2254 660 2308 exitus
682 2270 957 2325 aquarum.

332 2346 407 2402 Et
428 2349 703 2404 collocavit
738 2349 845 2405 illic
872 2349 1151 2406 esurientes
1176 2357 1259 2403 :et
1290 2346 1661 2404 constituerunt
1684 2347 1859 2402 civita-

257 2450 363 2495 tem
398 2440 753 2496 habitationis.

334 2530 406 2585 Et
426 2534 805 2588 seminaverunt
826 2547 1000 2604 agros,
1023 2540 1074 2587 et
1096 2531 1458 2605 plantaverunt
1484 2529 1655 2585 vincas
1678 2544 1696 2585 :
1716 2538 1763 2585 et
1782 2533 1859 2601 [e-

254 2634 435 2679 cerunt
466 2625 695 2693 fructum
720 2624 1027 2678 nativitatis.
1192 2684 1198 2691 ,
1504 2642 1505 2645 η

332 2715 403 2770 Et
435 2717 691 2772 benedixit
710 2718 803 2782 eis,
831 2730 877 2772 et
900 2715 1226 2787 multiplicati
1245 2724 1363 2771 sunt
1385 2715 1556 2782 nimis,
1574 2724 1617 2768 et
1623 2716 1653 2787 j
1660 2722 1863 2773 untenta

256 2826 441 2865 eorum
470 2827 573 2863 non
602 2810 900 2865 minoravit.
1463 2882 1467 2887 τ

332 2902 402 2955 Et
442 2904 596 2972 pauci
636 2903 765 2975 facti
806 2911 949 2974 sunt,
986 2912 1031 2960 et
1074 2903 1241 2958 vexati
1283 2908 1423 2971 sunt,
1473 2920 1505 2957 a
1541 2900 1867 2957 tribulatione

258 2997 520 3050 malorum
543 3004 591 3051 et
615 2996 817 3051 dolore.

335 3086 526 3157 Effusa
559 3099 631 3145 est
664 3100 686 3129 ε
718 3090 1027 3159 contemptio
1069 3107 1223 3164 super
1266 3088 1525 3163 principes
1561 3105 1578 3143 :
1616 3097 1662 3143 et
1693 3105 1867 3145 errare

260 3185 386 3257 fecit
414 3200 503 3239 eos
529 3185 583 3239 in
611 3185 769 3251 invio,
796 3195 843 3239 et
876 3203 975 3240 non
1000 3186 1054 3240 in
1082 3186 1182 3240 via.

1961 564 2028 621 ad
2060 564 2288 634 abyssos
2318 580 2333 618 :
2363 562 2542 618 anima
2573 576 2762 617 eorum
2794 560 2849 616 in
2876 558 3031 615 malis
3063 558 3393 614 tabescebat.

2032 658 2254 713 Turbati
2288 666 2311 694 ε
2342 665 2467 712 sunt
2489 700 2502 724 ,
2545 665 2597 712 et
2626 653 2755 710 moti
2804 663 2929 709 sunt
2960 651 3101 710 sicut
3126 652 3313 709 ebrius
3350 667 3365 708 :
3396 658 3451 708 et
3478 665 3558 707 sa-

1961 752 2159 825 pientia
2192 767 2377 808 eorum
2408 750 2661 821 deglutita
2695 758 2800 805 est.

2036 846 2103 900 Et
2123 845 2497 900 clamaverunt
2522 842 2587 898 ad
2611 841 2897 909 Dominum
2922 884 2936 908 ,
2968 856 3089 897 cum
3125 839 3513 897 tribularentur
3544 854 3559 893 :

1961 950 2016 999 et
2045 941 2111 997 de
2140 938 2555 996 neces-itatibus
2583 952 2769 993 eorum
2799 936 3054 992 liberavit
3074 951 3190 992 eos.

2035 1035 2100 1090 Et
2122 1034 2310 1089 statuit
2338 1032 2625 1102 procellam
2653 1031 2705 1085 in
2728 1045 2915 1085 auram
2942 1045 2956 1085 :
2990 1040 3043 1085 et
3069 1028 3339 1085 siluerunt
3366 1028 3561 1083 ﬂuctus

1964 1126 2104 1199 ejus,
2130 1134 2185 1181 ct
2214 1124 2379 1181 laetati
2401 1133 2527 1180 sunt
2555 1122 2698 1194 quod
2742 1123 3027 1178 siluerunt.

2042 1219 2107 1273 Et
2135 1218 2319 1274 eduxit
2345 1230 2439 1272 eos
2469 1217 2517 1271 in
2552 1224 2767 1288 portum
2797 1214 3093 1270 voluntatis
3124 1229 3314 1271 eorum
3346 1230 3360 1268 :
3394 1222 3451 1270 et
3497 1212 3566 1270 de

1965 1311 2383 1368 necessitatibus
2412 1324 2599 1366 eorum
2628 1306 2878 1365 liberavit
2909 1322 3027 1364 eos.

2040 1406 2413 1465 Couliteantur
2442 1409 2671 1464 Domino
2702 1406 3095 1464 misericordia:
3122 1406 3265 1476 ejus,
3316 1415 3371 1462 et
3394 1405 3561 1461 mira-

1969 1505 2097 1561 bilia
2122 1504 2252 1577 ["s.
2286 1504 2651 1577 admirabilia]
2675 1504 2792 1575 ejus
2822 1504 2946 1558 liliis
2971 1503 3275 1558 hominum.

2042 1599 2111 1653 Et
2140 1598 2376 1655 exaltent
2404 1614 2526 1655 eum
2565 1599 2617 1653 in
2641 1596 2869 1653 ecclesia
2912 1596 3085 1667 plebis
3130 1594 3257 1667 Ibis.
3312 1592 3563 1665 populi]:

1971 1699 2027 1749 et
2053 1692 2105 1747 in
2128 1693 2381 1749 cathedra
2409 1693 2685 1750 seniorum
2714 1691 2936 1748 laudent
2958 1706 3105 1747 eum.

2048 1786 2183 1851 Quia
2212 1784 2339 1858 illis.
2372 1795 2472 1840 tae.
2500 1783 2646 1856 quia]
2686 1784 2864 1855 posuit
2906 1782 3127 1839 ﬂumina
3159 1781 3211 1838 in
3240 1780 3514 1837 desertum
3558 1797 3573 1834 :

1895 1876 1944 1938 Β
1970 1886 2027 1937 et
2050 1876 2228 1935 exitus
2257 1892 2517 1947 aquarum
2552 1877 2602 1930 iu
2628 1877 2794 1931 sitim.

2036 1971 2259 2027 Terram
2284 1968 2613 2026 l‘rucnit‘eram
2648 1970 2700 2024 iu
2747 1967 2767 2008 ί
2817 1966 3225 2039 salsilagiucm,
3276 1982 3307 2023 a
3361 1963 3564 2022 malitia

1965 2064 2379 2122 inhabitantium
2411 2064 2462 2118 iu
2500 2078 2586 2119 ea.

2034 2160 2519 2216 Posuitdesertum
2552 2159 2604 2213 in
2628 2165 2877 2229 stagnum
2910 2172 3067 2229 aqua:
3095 2174 3107 2210 :
3135 2164 3189 2212 et
3224 2162 3424 2210 terram
3446 2150 3569 2209 sine

1963 2270 2102 2329 aqua
2134 2256 2186 2311 in
2211 2256 2390 2311 exitus
2427 2269 2711 2326 aquarum.

2037 2350 2107 2404 Et
2131 2349 2421 2405 collocavit
2446 2348 2558 2404 illic
2585 2347 2915 2417 esurientes,
2946 2353 3003 2403 et
3042 2345 3455 2403 constituerunt
3483 2341 3563 2399 ci-

1964 2442 2184 2499 vitatem
2213 2441 2585 2499 habitationis.

2036 2538 2104 2594 Et
2142 2538 2549 2594 seminaverunt
2586 2551 2780 2608 agros,
2812 2544 2867 2593 et
2908 2536 3293 2608 plantaveruut
3336 2534 3561 2590 vincas:

1969 2639 2027 2689 et
2057 2631 2305 2687 fecerunt
2328 2632 2559 2687 fructum
2594 2629 2918 2685 nativitatis.

2040 2722 2111 2778 Et
2141 2722 2417 2779 benedixit
2438 2737 2555 2789 eos,
2580 2731 2634 2776 et
2660 2718 3009 2790 multiplicati
3029 2729 3153 2775 sunt
3176 2719 3336 2775 nimis
3363 2736 3376 2775 :
3400 2729 3451 2774 et
3478 2717 3565 2787 ju-

1968 2824 2153 2873 menta
2186 2830 2377 2872 eorum
2412 2830 2519 2870 non
2549 2824 2679 2872 sunt
2704 2812 2992 2869 ininorata.

2040 2908 2201 2964 Pauci
2230 2908 2357 2963 facti
2388 2920 2537 2975 sunt,
2562 2915 2617 2964 et
2638 2907 2817 2963 vexati
2850 2915 2997 2974 sunt,
3022 2919 3051 2960 a
3077 2904 3427 2961 tribulatione
3453 2918 3572 2959 ma-

1968 3002 2145 3061 lorum
2178 3014 2233 3059 et
2255 3002 2525 3058 dolorum.

2042 3097 2109 3153 Et
2137 3096 2308 3152 eﬂ‘usa
2338 3103 2423 3152 est
2456 3092 2789 3166 contemptio
2818 3106 2982 3165 super
3025 3089 3298 3164 principes
3338 3103 3525 3145 eorum
3554 3104 3568 3145 :

1973 3199 2028 3248 et
2054 3189 2387 3246 seduxerunt
2411 3204 2504 3244 eos
2534 3188 2587 3243 in
2620 3188 2789 3253 invio,
2824 3198 2877 3243 et
2909 3202 3015 3241 non
3045 3185 3101 3241 in
3135 3185 3242 3241 via.

334 3279 407 3334 Et
438 3280 641 3353 adjuvit
670 3298 947 3354 pauperem
979 3282 1040 3337 de
1073 3279 1247 3353 inepia
1270 3295 1288 3333 :
1315 3284 1364 3334 et
1392 3278 1564 3353 posuit
1595 3279 1724 3333 sicut
1752 3296 1866 3335 oves
1897 3268 1943 3333 C
2048 3283 2115 3339 Et
2140 3282 2415 3355 adjuvavit
2449 3298 2745 3355 pauperem
2772 3281 2842 3338 de
2873 3281 3055 3352 inepia
3086 3288 3178 3336 :et
3210 3277 3391 3351 posuit
3431 3276 3574 3333 sicut

264 3374 518 3446 familias.

344 3465 609 3524 Videbunt
630 3468 779 3540 recti,
813 3478 860 3526 et
892 3469 1204 3525 la'tabuntur
1228 3486 1245 3524 :
1268 3471 1435 3525 ontnis
1460 3470 1700 3543 iniquitas
1723 3472 1870 3544 oppi-

264 3560 396 3615 labit
429 3578 485 3615 os
512 3578 688 3617 suum.

343 3655 473 3721 Quis
499 3657 726 3728 sapiens,
763 3666 812 3714 et
843 3658 1093 3713 custodiet
1137 3657 1287 3714 Ita’c?
1317 3668 1363 3715 et
1391 3658 1639 3731 intelliget
1667 3659 1839 3715 miseri
1856 3693 1867 3703 -

265 3748 479 3804 cardius
504 3747 775 3806 Domini?

1975 3391 2109 3435 oves
2140 3376 2395 3433 familias.

2048 3470 2317 3528 Videbunt
2342 3469 2497 3537 recti,
2534 3479 2588 3527 et
2610 3469 2942 3526 laetabuntur
2979 3486 2990 3521 ε
3028 3475 3084 3523 et
3109 3466 3289 3523 omnis
3312 3464 3573 3537 iniquitas

1976 3563 2243 3638 oppilabit
2267 3578 2329 3619 os
2353 3579 2532 3620 suum.

2049 3657 2180 3726 Quis
2210 3657 2451 3728 sapiens,
2482 3665 2535 3712 et
2563 3655 2832 3713 custodiet
2867 3655 3021 3711 haec?
3059 3662 3114 3711 et
3148 3662 3278 3709 tunc
3307 3651 3575 3723 intelliget

1977 3750 2380 3809 misericordias
2406 3748 2661 3806 Domini?

1628 3938 1991 4003 PSALMUS
2034 3938 2225 4005 CVII.

704 4078 977 4121 CANTICUI
999 4061 1023 4101 ἀ
1048 4076 1239 4120 essu]
1261 4079 1441 4122 DAVID.

346 4148 603 4209 Paratum
632 4172 720 4210 cor
760 4172 949 4225 meum,
985 4155 1146 4223 Deus,
1175 4170 1225 4211 -ξ
1264 4167 1503 4227 paratum
1530 4171 1619 4212 cor
1646 4173 1816 4215 meum
1844 4158 1865 4228 1

267 4249 493 4321 can'abo
520 4260 567 4307 et
596 4251 818 4324 psallam
844 4252 897 4306 in
923 4250 1094 4323 gloria
1124 4266 1259 4306 mea.

354 4554 380 4581 ³·
411 4545 588 4601 Minus
616 4545 811 4601 iterum
846 4544 981 4601 bene
1008 4543 1240 4602 Palatia.
1273 4557 1377 4599 ms.
1409 4549 1465 4599 et
1486 4542 1660 4599 Carus
1688 4540 1759 4598 Et
1786 4557 1879 4598 co-

274 4616 465 4688 pulam
494 4633 625 4672 veru
653 4616 988 4673 confodiunt.
1016 4619 1073 4672 In
1102 4620 1207 4672 line
1232 4626 1414 4671 autem
1438 4630 1629 4671 versus
1655 4631 1758 4670 ms.
1784 4615 1877 4670 ad-

274 4690 359 4745 dit
392 4688 720 4753 Diapsalnta.

354 4759 384 4799 b
410 4759 640 4815 Voculas
662 4762 715 4814 in
736 4776 794 4815 ea
817 4776 1029 4817 rursum
1050 4758 1321 4816 immerito
1341 4758 1575 4815 Palatin.
1599 4772 1701 4814 ms.
1720 4757 1881 4813 obelo

278 4833 511 4901 iugulat.
735 4866 743 4875 ι

437 4850 461 4882 :l
499 4872 511 4884 .
735 4866 743 4875 ι

273 4850 614 4971 ιυξωΝέίιυθ
644 4900 732 4958 bic
760 4901 898 4957 bene
936 4904 988 4959 in
1019 4903 1266 4958 Palatino
1300 4918 1403 4959 ms.
1453 4901 1713 4956 contentio
1751 4902 1886 4957 scri-

283 4974 461 5037 bitur.
494 4991 590 5044 pro
620 4977 951 5042 contemptio.

364 5044 393 5083 ἀ
433 5046 492 5100 In
526 5058 676 5100 reeto
702 5046 861 5100 llitbt'l
894 5048 1033 5102 idem
1065 5063 1167 5103 ms.
1208 5046 1471 5102 Psalmus.
1501 5045 1677 5101 Carus
1702 5045 1885 5114 addit,

290 5119 592 5189 prmposito
622 5117 805 5185 ubclo,
839 5118 959 5189 ipsi.
996 5119 1050 5174 In
1084 5127 1230 5173 textu
1254 5120 1473 5173 obelum
1503 5118 1676 5184 primo
1706 5118 1889 5172 statim

282 5205 453 5246 versu
480 5189 619 5243 idem
646 5204 752 5243 ms.
775 5199 977 5245 temere
1005 5191 1230 5245 omittit.
1267 5191 1340 5246 De
1368 5190 1720 5259 sub~cqueuti
1743 5191 1891 5245 vide—

284 5264 365 5316 sis
400 5260 788 5331 Hieronymum
823 5263 873 5313 iu
905 5264 1067 5329 epist.
1109 5260 1175 5316 ad
1212 5262 1473 5317 Suuniam
1501 5271 1555 5316 et
1584 5260 1851 5317 Fretelam
1875 5302 1889 5325 ,

283 5342 342 5389 et
373 5348 494 5403 qua:
528 5348 627 5387 nos
660 5332 733 5403 ibi
761 5331 1140 5403 observamus.

370 5402 399 5441 έ
440 5402 769 5459 Veronensis
801 5418 903 5458 ms.
931 5445 945 5470 ,
983 5402 1292 5459 Conturbati
1342 5412 1502 5468 sunt,
1553 5412 1601 5458 ct
1652 5405 1894 5457 commoti

286 5476 571 5548 suntsicut
600 5474 770 5548 ebrius
799 5489 817 5528 :
842 5484 889 5527 et
920 5477 1086 5529 omnis
1116 5476 1368 5548 sapientia
1419 5491 1614 5548 eorum
1645 5474 1894 5546 absorp'a

287 5558 386 5601 est.
418 5545 484 5599 Et
512 5544 952 5611 exclamaverunt,
972 5556 1100 5613 elc.,
1135 5544 1187 5602 ei
1218 5549 1279 5601 de
1310 5546 1688 5601 necessitatibus
1716 5544 1893 5601 eorum

286 5618 471 5672 eduxit
500 5634 587 5671 eos
618 5633 635 5671 :
668 5618 864 5685 quibus
901 5619 1189 5687 postremis
1218 5619 1400 5673 verbis
1431 5618 1727 5687 Augus'tiuo
1759 5634 1892 5673 con-

288 5690 481 5754 sentit,
500 5701 558 5743 ut
580 5698 632 5743 et
656 5688 738 5743 Ιιὶς
762 5706 878 5760 quae
900 5701 1199 5758 sequuntur
1224 5708 1236 5745 :
1262 5689 1327 5742 Et
1350 5690 1611 5761 imperavit
1635 5690 1893 5761 procellte,

290 5770 339 5816 et
364 5763 505 5816 stetit
523 5761 577 5814 in
608 5778 812 5823 auram,
838 5772 943 5832 etc.
972 5766 1124 5827 (ms.,
1151 5761 1378 5825 aulam),
1399 5761 1734 5832 etjocundati
1759 5772 1897 5821 sunt,

291 5834 541 5904 quoniam
574 5833 848 5887 siluerunt.
881 5831 943 5885 Et
971 5832 1183 5887 deduxit
1207 5849 1290 5886 eos
1314 5832 1367 5885 in
1395 5830 1597 5898 portum
1625 5830 1901 5887 voluntatis

294 5903 475 5961 eorum
494 5949 509 5975 ,
545 5905 916 5977 praetermisso
951 5904 1131 5963 altero
1162 5903 1531 5970 hemistichia,
1560 5912 1606 5959 et
1637 5904 1699 5959 de
1724 5919 1896 5960 neces-

2388 4076 2413 4115 Β
2452 4080 2717 4123 ΩΛΝτιεωι
2756 4081 2943 4123 ΡὲΑιΙΙ
2984 4081 3165 4124 ωνιιι.

2050 4160 2308 4217 Paratum
2339 4174 2433 4215 cor
2465 4175 2643 4215 meum
2664 4202 2678 4226 ,
2709 4159 2886 4227 Deus,
2934 4168 3179 4231 paratum
3218 4172 3314 4216 cor
3347 4173 3528 4216 meum
3558 4174 3575 4216 :

1976 4254 2209 4311 cantabo
2239 4262 2295 4310 et
2323 4252 2591 4326 psalmum
2624 4253 2800 4325 dicam
2837 4252 3093 4323 Domino.

1986 4544 2224 4600 sitatibtts
2251 4560 2427 4599 eorum
2465 4543 2695 4599 liberavit
2731 4560 2849 4609 eos,
2880 4542 3024 4614 quod
3053 4551 3109 4600 et
3138 4544 3381 4616 plerique
3410 4544 3585 4603 Latini

1987 4618 2078 4671 alii
2112 4616 2233 4671 libri
2264 4618 2532 4687 ignorant.
2567 4616 2737 4671 Porro
2763 4627 2820 4671 ut
2843 4625 2899 4672 et
2927 4618 3176 4687 superius
3206 4618 3574 4684 miserationes,

1990 4703 2086 4760 pro
2118 4688 2504 4760 misericordias.

2065 4757 2084 4797 ί
2120 4760 2263 4814 Idem
2308 4776 2408 4812 ms.
2438 4759 2587 4828 juxta
2634 4760 3013 4829 Augustinum,
3050 4764 3101 4817 in
3126 4760 3339 4829 salinas,
3373 4770 3427 4817 et
3458 4778 3581 4815 mox

1990 4828 2221 4901 plurium
2258 4846 2514 4904 numero,
2544 4832 2595 4884 in
2625 4828 2809 4904 stagna
2840 4850 3112 4904 aquarum.
3149 4833 3307 4897 Tum,
3338 4831 3405 4886 Et
3437 4834 3583 4886 Itabi-

1993 4912 2101 4985 ΜΨ
2138 4904 2259 4985 [περ
2298 4903 2408 4956 ξιιξε
2447 4903 2746 4985 esurientes.
2917 4908 3138 4976 [ructant
3174 4906 3454 4985 frumenti,
3490 4920 3586 4972 pro

1913 4967 1965 5027 D
1991 4967 2297 5039 nativitatis,
2332 4982 2390 5027 ut
2420 4983 2472 5047 et
2502 4973 2697 5047 deinde
2726 4967 2891 5047 valde,
2917 4967 3020 5047 pro
3050 4967 3219 5042 nimis,
3244 4985 3294 5031 et
3322 4967 3587 5031 deminuta

1999 5062 2098 5116 pro
2126 5047 2407 5121 minorata.
2442 5045 2696 5121 Sequitur
2729 5067 2740 5102 :
2774 5044 2837 5100 Et
2861 5044 3013 5121 pauci
3035 5049 3162 5118 {acti
3182 5056 3321 5121 sunt,
3348 5056 3392 5101 et
3419 5050 3586 5102 vexati

1994 5127 2114 5172 sunt
2161 5136 2191 5171 α
2236 5116 2570 5189 tribulatione
2605 5116 2930 5173 dolorum'et
2970 5116 3221 5173 malorum
3266 5119 3581 5189 (Augustin.

1996 5190 2248 5244 malorum
2288 5198 2333 5241 et
2379 5185 2597 5260 dolore).
2646 5190 2851 5245 Caetera
2896 5193 3009 5260 pari
3051 5185 3339 5251 muscum,
3374 5185 3587 5258 E/I'usus

1994 5271 2063 5315 est
2094 5271 2413 5329 contemptus
2442 5278 2593 5331 super
2618 5262 2897 5333 principes,
2927 5270 2972 5315 et
3006 5262 3209 5333 seduxit
3240 5277 3346 5333 eos,
3379 5273 3485 5317 etc.
3523 5261 3586 5315 Et

1996 5333 2195 5403 adjuvit
2239 5348 2511 5399 pauperem
2558 5350 2587 5384 η
2618 5331 2973 5399 ntcndicitate,
3004 5343 3111 5386 etc.
3154 5331 3409 5386 Videbunt
3438 5336 3585 5401 recti,

1998 5414 2043 5459 et
2060 5403 2505 5475 jocundabtuttur,
2535 5404 2930 5474 etc.,deuique,
2955 5413 3000 5458 et
3031 5404 3279 5476 intelliget
3303 5405 3591 5461 miseratio-

1998 5493 2085 5531 nes
2112 5476 2336 5529 Domini.

2075 5558 2099 5594 ε
2144 5548 2459 5602 lusrribitur
2487 5545 2539 5601 iu
2573 5544 2873 5600 Veronensi
2915 5562 3015 5603 IItS.
3052 5546 3117 5602 In
3158 5549 3312 5615 ﬁnem
3347 5546 3590 5603 Psalmus

2000 5620 2100 5685 ipsi
2136 5619 2321 5671 David.
2355 5619 2410 5673 lu
2439 5628 2737 5691 textuueunt
2762 5618 3084 5689 Augustino,
3113 5623 3347 5681 cantabo,
3379 5630 3424 5673 et
3453 5625 3589 5691 psal-

2001 5692 2105 5744 lam
2132 5691 2379 5762 ingloria
2408 5707 2541 5744 mea.
2576 5688 2831 5762 Exsurge,
2856 5688 2991 5755 elc.;
3024 5701 3183 5758 atque
3216 5694 3408 5747 iterum
3443 5688 3586 5755 mox,

2004 5769 2048 5814 et
2097 5760 2314 5831 psallam
2361 5762 2451 5814 tibi
2488 5762 2540 5815 in
2585 5760 2902 5817 nationibus.
2953 5764 3211 5831 Quoniam
3257 5764 3594 5832 magni/irata

2005 5835 2290 5907 (Aug_ttst.,
2326 5836 2544 5907 magna)
2576 5842 2648 5887 cst
2675 5851 2827 5907 super
2856 5840 3009 5890 castos
3049 5835 3428 5907 misericordia,
3459 5845 3593 5902 ete.;

1999 5911 2055 5961 ct
2081 5904 2435 5976 subsequeuti
2460 5921 2643 5977 versu,
2683 5904 2747 5962 ut
2764 5918 3011 5965 eruantur
3038 5907 3213 5963 dilecti
3242 5906 3339 5961 tui.
