4090 6338
532 325 640 386 827

1527 331 1587 390 S.
1629 329 2008 392 IIIERONYMI
2047 328 2280 395 DWINA
2326 334 2798 398 BIBLIOTHECA.
2897 341 2920 394 ιτ

3741 341 3852 406 59.8

605 439 843 516 Exsurge
874 450 901 480 ι
929 440 1243 516 psalterium
1267 448 1314 497 et
1333 442 1559 511 cithara,
1584 459 1860 518 exsurgam
1883 448 2141 505 diluculo.
2173 451 2223 513 Α
2322 450 2570 524 Exsurge
2596 449 2911 528 psalterium
2935 464 2990 514 et
3009 456 3248 515 cithara:
3265 471 3558 532 exsurgant
3581 461 3844 521 diluculo.

604 535 898 606 Conﬁtebor
939 536 1031 592 tibi
1061 537 1116 592 in
1147 538 1383 610 populis,
1432 537 1677 610 Domine,
1719 554 1767 598 et
1796 543 2018 615 psallam
2052 543 2144 598 tibi

535 630 589 684 in
631 630 950 687 nationibus.

609 720 746 787 Quia
774 739 967 797 magna
996 733 1074 780 est
1095 741 1250 798 super
1276 726 1431 783 ctelos
1459 728 1814 785 misericordia
1836 738 1925 785 tua
1951 745 1969 785 :
1991 740 2040 786 et
2061 746 2143 786 us.

533 831 632 886 que
656 815 726 869 ad
751 816 910 872 nubes
932 817 1122 872 veritas
1150 827 1267 874 tua.
1299 816 1326 857 ι’

605 907 863 965 Exaltarc
890 927 1048 983 super
1073 911 1246 978 cmlos,
1281 911 1440 979 Deus,
1469 922 1518 968 et
1543 930 1701 986 super
1729 929 1933 973 omnem
1951 922 2141 969 terram

535 1002 716 1074 gloria'
744 1012 833 1058 tua
855 1019 876 1060 :
897 1015 952 1058 ut
982 1003 1258 1060 liberemur
1287 1005 1461 1062 dilecti
1498 1009 1593 1062 tui.
1738 1070 1741 1072 η

611 1094 830 1152 Salvum
855 1099 939 1168 fac
963 1097 1177 1154 dextera
1199 1109 1310 1169 tua,
1342 1109 1388 1155 et
1409 1100 1601 1156 exaudi
1624 1117 1742 1157 me:
1767 1100 1906 1156 Deus
1936 1099 2140 1156 locutus

535 1199 610 1246 est
638 1192 694 1246 in
722 1203 899 1248 sancto
939 1209 1056 1248 suo.

609 1283 923 1354 Exsultabo,
957 1296 1072 1343 +et
1106 1287 1128 1357 ζ
1162 1287 1393 1342 dividam
1423 1287 1706 1345 Sichimam
1731 1304 1750 1344 :
1771 1298 1820 1344 et
1850 1285 2138 1343 convallem

545 1379 996 1436 tabernaculorum
1035 1380 1302 1437 dimetiar.

612 1471 763 1529 Meus
785 1482 857 1529 est
882 1471 1112 1543 Galaad,
1137 1483 1184 1530 et
1213 1491 1354 1531 meus
1375 1483 1450 1532 est
1479 1473 1772 1544 Manasses,
1799 1483 1849 1530 et
1875 1472 2134 1547 Ephraim

541 1565 799 1638 susceptio
833 1566 1020 1634 capitis
1043 1567 1172 1622 'mei.

609 1657 757 1714 Juda
787 1675 880 1715 rea:
909 1676 1050 1715 meus
1081 1675 1100 1716 :
1126 1659 1281 1715 Moab
1315 1671 1337 1700 α
1369 1659 1505 1716 lebes
1531 1659 1642 1732 spei
1671 1675 1818 1716 metu.

610 1749 678 1808 In
714 1751 1007 1809 [dammam
1031 1755 1308 1810 extendam
1337 1755 1750 1812 calceamentum
1777 1770 1946 1810 meum
1971 1769 1992 1811 :
2013 1753 2141 1810 mihi

538 1847 848 1920 alienigena:
875 1849 1032 1904 amici
1056 1850 1183 1920 facti
1209 1859 1350 1904 sunt.

614 1940 743 2010 Quis
769 1942 987 1999 deducet
1005 1959 1085 1998 me
1109 1945 1166 1998 in
1188 1944 1447 2000 civitatem
1467 1943 1765 2000 munitam?
1789 1944 1904 2016 quis
1924 1943 2143 1999 deducet

542 2052 622 2090 me
651 2052 812 2108 usque
841 2037 895 2091 in
924 2033 1214 2092 Idumteam
1240 2039 1265 2092 ?

616 2128 804 2186 Nonne
819 2139 894 2196 tu,
929 2130 1092 2198 Deus,
1122 2133 1211 2203 qui
1255 2132 1495 2202 repulisti
1520 2133 1656 2188 nos?
1700 2140 1747 2187 et
1793 2147 1896 2187 non
1935 2130 2099 2186 exibis
2123 2173 2139 2201 ,

542 2223 708 2293 Deus,
739 2225 794 2279 in
821 2225 1092 2280 virtutibus
1124 2227 1353 2284 nostris?

615 2315 700 2372 Da
719 2317 864 2372 nobis
891 2315 1151 2374 auxilium
1181 2318 1244 2374 de
1273 2317 1604 2374 tribulatione
1631 2333 1652 2374 :
1683 2319 1808 2391 quia
1841 2335 1974 2374 vana
1998 2317 2142 2374 salus

541 2412 786 2468 liominis.

613 2504 684 2561 ιη
715 2503 825 2562 Deo
854 2505 1105 2578 faciemus
1146 2507 1388 2564 virtutem
1415 2516 1504 2564 :et
1538 2507 1647 2580 ipse
1689 2508 1759 2564 ad
1796 2507 2021 2563 nihilum
2051 2505 2141 2562 de-

543 2597 692 2655 ducet
718 2599 954 2657 inimicos
983 2610 1208 2658 nostros.

2319 542 2633 602 Conlitebor
2675 548 2773 604 tibi
2813 548 2866 604 in
2897 550 3128 622 populis,
3177 551 3402 611 Domine
3441 563 3534 612 :et
3577 554 3849 626 psalmum

2247 635 2427 694 dicam
2454 637 2547 694 tibi
2573 639 2716 696 inter
2744 650 2955 713 gentes.

2327 730 2596 798 Quoniam
2635 735 2979 804 magniticata
3009 746 3096 794 est
3121 753 3294 812 usque
3321 739 3388 797 ad
3420 742 3592 800 cmlos
3630 745 3855 803 miseri-

2247 825 2432 882 cordia
2465 834 2555 883 tua
2587 847 2600 886 :
2629 837 2687 884 et
2713 843 2884 901 usque
2910 831 2976 887 ad
3007 832 3182 889 nubes
3211 835 3411 891 veritas
3441 845 3555 894 tua.

2323 917 2579 975 Exaltare
2609 933 2777 993 super
2803 923 2993 993 cmlos,
3029 925 3195 992 Deus,
3229 936 3287 984 et
3308 943 3472 1000 super
3498 945 3713 988 omnem
3739 942 3853 989 ter-

2247 1025 2364 1066 ram
2394 1011 2570 1082 gloria
2602 1021 2695 1069 tua
2728 1032 2742 1069 :
2773 1026 2834 1070 ut
2859 1016 3168 1073 liberentur
3194 1019 3354 1076 electi
3383 1021 3479 1077 tui.

2319 1102 2543 1161 Salvum
2567 1121 2653 1162 me
2677 1104 2816 1179 [11s.
2843 1117 2946 1164 tac.
2971 1108 3092 1181 me]
3119 1110 3199 1166 fac
3221 1111 3442 1170 dextera
3468 1123 3578 1186 tua,
3605 1124 3660 1172 et
3681 1131 3853 1173 exau-

2246 1195 2301 1253 di
2332 1212 2442 1266 me,
2477 1197 2621 1254 Deus
2651 1199 2871 1255 locutus
2901 1211 2986 1258 est
3017 1203 3070 1258 in
3103 1217 3292 1261 saneto
3321 1220 3422 1261 suo
3455 1225 3469 1264 :
3511 1207 3758 1276 lzetabor,
3789 1221 3850 1267 et

2245 1289 2487 1346 dividam
2512 1291 2794 1362 Sicimam,
2821 1303 2875 1352 et
2902 1295 3207 1353 convallem
3232 1298 3705 1358 tabernaculorum
3731 1319 3851 1360 me-

2249 1383 2392 1441 tibor
2420 1382 2567 1457 [Ms.
2599 1383 2925 1460 dimetiar].

2319 1475 2467 1534 Meus
2483 1487 2567 1535 est
2583 1477 2813 1546 Galaad,
2842 1491 2896 1536 et
2914 1495 3068 1538 meus
3086 1491 3171 1540 est
3189 1483 3464 1542 Manasses
3491 1503 3502 1539 :
3528 1494 3583 1544 et
3609 1485 3847 1559 Ephrem

2251 1567 2272 1609 ί
2303 1570 2564 1628 fortitudo
2589 1572 2788 1644 capitis
2815 1575 2946 1633 mei.

2318 1661 2456 1719 Juda
2488 1663 2626 1738 [Ms.
2652 1663 2855 1739 ludas]
2886 1683 2982 1725 rex
3011 1685 3186 1738 meus,
3218 1669 3376 1728 Moab
3399 1671 3509 1729 olla
3539 1673 3656 1744 spei
3683 1690 3850 1732 metu:

2247 1757 2302 1814 in
2335 1757 2626 1815 ldumazam
2665 1761 2957 1818 extendam
2989 1763 3410 1823 calciamentum
3453 1782 3668 1838 meum,
3711 1770 3848 1827 mihi

2173 1856 2218 1919 Β
2245 1850 2506 1925 allopliyli
2537 1853 2739 1910 subditi
2771 1864 2918 1911 sunt.

2318 1947 2456 2016 Quis
2483 1946 2716 2005 deducet
2745 1966 2832 2008 me
2861 1951 2916 2008 in
2951 1942 3227 2011 ciiitatem
3265 1955 3574 2014 munitam?
3600 1965 3695 2014 aut
3724 1957 3846 2028 quis

2246 2039 2484 2098 deducet
2509 2057 2598 2100 me
2625 2058 2798 2117 usque
2817 2043 2876 2100 in
2906 2045 3237 2105 lduinmam?

2317 2134 2507 2193 Nonne
2531 2147 2610 2206 tu,
2639 2138 2801 2207 Deus,
2827 2138 2920 2210 qui
2946 2140 3194 2212 repulisti
3221 2143 3362 2200 nos?
3389 2151 3443 2200 et
3465 2158 3574 2200 non
3599 2142 3849 2217 egredie-

2244 2229 2342 2296 ris,
2375 2228 2540 2296 Deus,
2573 2229 2627 2286 in
2648 2231 2942 2288 virtutibus
2973 2233 3198 2291 nostris.

2319 2319 2398 2376 Da
2427 2320 2583 2378 nobis
2610 2322 2871 2379 auxilium
2898 2323 2968 2382 de
3011 2325 3364 2385 tribulatione
3390 2345 3404 2384 :
3433 2336 3489 2386 et
3532 2344 3667 2386 rana
3696 2329 3846 2387 salus

2247 2411 2554 2472 hominum.

2319 2505 2378 2562 In
2408 2507 2518 2564 Deo
2545 2506 2808 2567 iaciemus
2836 2510 3098 2570 virtutem
3132 2519 3226 2570 :et
3253 2511 3372 2586 ipse
3392 2513 3458 2571 ad
3489 2513 3717 2572 nihilum
3748 2513 3848 2572 de-

2249 2599 2412 2660 ducet
2439 2602 2764 2662 tribulantcs
2793 2619 2916 2662 nos.

1865 2717 2224 2784 PSALMUS
2265 2719 2486 2786 CVIII.

971 2839 1024 2880 ΙΝ
1055 2835 1240 2890 FINEI,
1270 2835 1506 2880 PSALIUS
1529 2835 1714 2880 θινιυ.

616 2915 780 2990 Deus,
805 2919 1016 2976 laudem
1045 2936 1210 2976 meam
1237 2937 1300 2975 ne
1319 2919 1538 2975 tacueris
1559 2935 1577 2974 :
1602 2918 1725 2992 quia
1749 2933 1805 2975 os
1833 2917 2143 2992 peccatoris,

544 3027 593 3072 et
613 3013 640 3055 ἀ
672 3033 728 3071 os
757 3016 926 3071 dolosi
946 3031 1099 3088 super
1128 3031 1208 3070 me
1235 3024 1470 3088 apertum
1493 3023 1586 3070 est.

617 3108 802 3166 Loculi
831 3119 952 3165 sunt
972 3107 1242 3165 adversum
1273 3125 1354 3165 me
1383 3108 1564 3181 lingua
1593 3107 1796 3176 dolosa,
1826 3117 1875 3164 et
1895 3107 2147 3164 sermoni-

546 3203 640 3260 bus
655 3203 761 3260 odii
772 3202 1215 3259 circumdederunt
1237 3219 1316 3258 me
1328 3218 1348 3258 :
1364 3211 1410 3258 et
1426 3211 1848 3276 expugnaverunt
1866 3218 1945 3256 me
1958 3201 2141 3274 gratis.

618 3376 728 3437 Pro
749 3395 808 3436 eo
832 3387 888 3436 ut
915 3384 1012 3450 εἷς(
1035 3396 1114 3436 me
1143 3381 1164 3452 ζ
1193 3377 1490 3454 diligerent,
1512 3377 1850 3437 detrahebant
1880 3377 2144 3451 mihi:ego

544 3484 720 3530 autem
745 3472 978 3530 orabam.

617 3563 683 3620 Et
712 3575 996 3638 posuerunt
1015 3566 1290 3623 adversum
1312 3583 1390 3624 me
1411 3567 1557 3624 mala
1582 3583 1676 3639 pro
1699 3565 1943 3624 bonis:et
1965 3566 2144 3623 odium

544 3672 640 3731 pro
669 3657 943 3715 dilectione
974 3675 1109 3714 mea.

618 3751 886 3809 Constitue
928 3769 1086 3826 super
1116 3768 1233 3808 eum
1260 3762 1579 3823 peccatorem
1607 3768 1626 3809 :
1651 3761 1698 3808 et
1726 3752 1963 3809 diabolus
1992 3759 2088 3808 stet
2115 3767 2146 3806 a

547 3845 744 3902 dextris
769 3848 908 3921 ejus.

616 3939 748 3997 Cum
774 3942 1074 4016 judicatur,
1107 3952 1253 4001 careat
1291 3942 1661 4001 condemnatus
1693 3955 1714 3998 :
1743 3949 1791 3996 et
1833 3940 2001 3996 oratio
2031 3940 2148 4011 ejus

548 4037 642 4109 ﬁat
672 4037 729 4092 in
758 4045 1052 4109 peccatum.

553 4167 573 4192 ο
653 4171 666 4187 ο
747 4167 766 4187 ο
845 4169 860 4186 ο
939 4167 958 4186 ο
1036 4169 1055 4188 ο
1133 4169 1152 4191 ο
1229 4171 1246 4188 ο
1326 4170 1342 4188 ο
1421 4169 1438 4188 ο
1517 4167 1536 4188 o
1614 4169 1632 4189 ο
1712 4168 1730 4189 ο
1808 4167 1824 4184 ο
1903 4166 1920 4183 ο
1999 4166 2014 4182 ο
2093 4162 2110 4181 ο

597 4284 674 4390 Τ
675 4337 783 4392 iant
806 4283 914 4394 die;
931 4284 1043 4412 ejus
1069 4286 1228 4409 pauci
1255 4353 1274 4394 :
1307 4353 1366 4394 οὲ
1395 4347 1440 4392 et
1473 4338 1496 4408 ζ
1534 4337 1888 4408 episcopatum
1919 4336 2030 4408 ejus
2059 4350 2147 4390 ac-

549 4431 709 4505 cipiat
729 4430 882 4489 alter.

625 4523 788 4580 Fiant
812 4525 911 4595 ﬁlii
930 4526 1042 4598 ejus
1071 4523 1294 4599 orphani
1321 4541 1339 4580 :
1365 4536 1412 4583 et
1436 4541 1568 4582 uxor
1608 4527 1720 4599 ejus
1758 4525 1933 4581 vidua.

2403 2841 2456 2882 IN
2482 2841 2667 2894 rtucu,
2699 2843 2938 2886 essurus
2967 2844 3127 2887 nam)
3153 2825 3294 2904 [51s.
3335 2845 3436 2888 IPSI
3464 2828 3653 2905 uxrio]
3672 2872 3687 2888 .

2322 2917 2487 2990 Deus,
2519 2920 2734 2978 laudem
2757 2939 2934 2980 meam
2963 2939 3032 2980 ne
3062 2926 3338 2982 tacueris:
3369 2927 3496 2998 quia
3528 2927 3669 3000 [Ms.
3701 2942 3844 3000 quo-

2249 3013 2425 3087 niam]
2457 3029 2519 3072 os
2552 3017 2856 3087 peccatoris
2877 3026 2931 3075 et
2957 3018 3132 3075 dolosi
3153 3029 3319 3092 super
3350 3036 3436 3076 me
3462 3030 3713 3093 apertum
3735 3031 3846 3079 est.

2321 3103 2514 3163 Loculi
2545 3116 2671 3164 sunt
2713 3108 2977 3166 adversus
3007 3126 3096 3166 me
3124 3111 3305 3183 lingua
3337 3112 3525 3169 dolosa
3565 3113 3707 3187 [Ms.
3741 3115 3849 3172 lin-

2249 3213 2412 3270 gnam
2438 3198 2750 3274 dolosam],
2783 3211 2840 3258 et
2858 3204 3204 3260 sermonibus
3227 3203 3337 3260 odii
3366 3206 3849 3265 circumdederunt

2170 3266 2218 3330 (ἶ
2249 3266 2361 3359 me,
2385 3299 2441 3348 et
2455 3266 2902 3364 expugna-verunt
2923 3293 3063 3366 [Με.
3079 3294 3524 3370 debellaverunt]
3545 3315 3631 3357 me
3649 3301 3844 3370 gratis.

2319 3388 2426 3445 Pro
2452 3402 2519 3446 eo
2548 3397 2610 3446 ut
2644 3387 2940 3462 diligerent
2989 3407 3100 3460 me,
3147 3390 3512 3451 detrahebant
3542 3393 3674 3450 mihi
3705 3411 3717 3448 :
3742 3407 3850 3466 ego

2247 3493 2428 3540 autem
2453 3483 2702 3542 orabam.

2321 3577 2630 3635 Posuerunt
2655 3578 2794 3650 HIs.
2826 3579 2896 3636 Et
2927 3577 3257 3653 posuerunt]
3285 3579 3550 3640 adversus
3578 3595 3666 3638 me
3703 3579 3850 3639 mala

2251 3689 2347 3746 pro
2373 3671 2533 3729 bonis
2561 3691 2575 3728 :
2608 3683 2662 3730 et
2690 3672 2875 3729 odium
2918 3690 3016 3744 pro
3043 3673 3342 3730 dilectione
3372 3689 3514 3730 mea.

2319 3765 2603 3824 Constitue
2625 3783 2794 3840 super
2823 3783 2947 3825 cum
2978 3777 3320 3840 peccatorem
3347 3777 3440 3826 :et
3462 3766 3712 3827 diabolus
3737 3776 3854 3826 stet

2251 3875 2279 3915 a
2307 3859 2516 3917 dextris
2543 3859 2688 3932 ejus.

2321 3951 2454 4009 Cum
2473 3953 2768 4025 judicatur,
2797 3964 2960 4013 exeat
2983 3957 3384 4014 condemnatus
3410 3965 3499 4016 :et
3518 3957 3691 4016 oratio
3711 3958 3842 4030 ejus

2250 4048 2344 4106 ﬁat
2370 4050 2424 4106 in
2455 4061 2761 4122 peccatum.

2323 4154 2350 4193 ε
2381 4143 2504 4201 Fiat
2533 4143 2793 4203 habitatio
2820 4145 2940 4218 ejus
2966 4145 3182 4205 deserta
3213 4164 3228 4204 :
3259 4156 3312 4206 et
3343 4163 3452 4206 non
3478 4146 3547 4206 sit
3573 4149 3664 4221 qui
3693 4147 3857 4206 iulia-

2254 4239 2390 4298 bitet
2427 4243 2482 4298 in
2516 4257 2604 4299 ea.

2321 4331 2480 4390 Fiant
2499 4333 2618 4392 dies
2642 4334 2764 4406 ejus
2787 4333 2964 4407 pauci,
2997 4343 3052 4392 et
3081 4335 3458 4409 episcopatum
3481 4335 3599 4406 ejus
3618 4333 3858 4406 accipiat

2251 4428 2412 4485 alter.

2324 4521 2484 4580 Fiant
2507 4521 2603 4580 lilii
2632 4522 2751 4595 ejus
2778 4521 3033 4595 orphani,
3063 4531 3121 4579 et
3149 4537 3287 4580 uxor
3318 4523 3436 4596 ejus
3457 4523 3639 4580 vidua.

553 4689 654 4752 5:"
693 4689 836 4746 Eiliti
883 4705 945 4744 ac
997 4705 1129 4745 mss.
1181 4689 1383 4761 aliquot
1434 4689 1556 4744 libri
1611 4687 1801 4758 legunt
1843 4698 1986 4761 ante!
2012 4686 2150 4743 ista:
2185 4685 2429 4761 DAntca
2450 4683 2775 4761 _\'idetur_ibi
2803 4683 3000 4740 lectum
3033 4685 3162 4761 olla.

561 4761 798 4834 Exsurge
826 4761 990 4833 glorta
1021 4779 1150 4815 mea.
1185 4759 1336 4834 Ωιιὸά
1366 4763 1591 4834 quidem
1611 4762 1662 4814 in
1697 4761 1888 4834 Latino
1921 4759 2140 4834 minimc

556 4831 805 4904 lugebant
827 4831 1034 4890 Sunnia
1086 4845 1142 4904 et
1180 4831 1396 4888 Fretela
1425 4849 1438 4886 :
1483 4831 1632 4904 "Itth
1659 4833 1725 4886 ad
1755 4833 1976 4887 eosdem
2003 4832 2142 4886 scri-

556 4902 633 4960 bit
661 4905 1023 4976 Hieronymus
1052 4924 1064 4959 :
1099 4903 1252 4971 Quod
1283 4905 1455 4976 dicitis
1478 4905 1531 4958 in
1558 4902 1745 4959 Latino
1777 4921 1877 4957 non
1902 4918 2144 4976 esse,_rc-

555 4989 633 5031 cte
659 4977 712 5029 in
761 4973 884 5030 isto'
913 4979 1110 5046 psalmo
1147 4993 1251 5030 non
1307 4975 1502 5031 habet:
1552 4975 1676 5047 quia
1729 4991 1821 5029 nec
1859 4973 2003 5046 apud
2035 4973 2144 5047 lle:

552 5049 714 5120 brteos
739 5089 754 5114 ,
806 5045 1085 5120 nec’apud
1137 5048 1300 5101 ullum
1349 5045 1692 5120 interpretum
1737 5045 2017 5120 reperitur,
2056 5045 2147 5120 sed

554 5118 771 5173 habetur
799 5119 852 5173 in
893 5115 1310 5190 quinquagesimo
1340 5115 1709 5190 sexto'psalmo
1733 5159 1749 5181 ,
1796 5115 1996 5190 'deiqno
2021 5115 2147 5169 mihi

551 5189 752 5244 videtur
791 5193 845 5244 iu
879 5189 1035 5245 istum
1088 5189 1258 5244 locum
1314 5206 1423 5244 esse
1469 5189 1800 5244 translatum.
1864 5189 2132 5242 thternm

555 5276 686 5316 mss.
713 5262 1066 5318 Carnutensis
1111 5269 1168 5314 et
1191 5258 1538 5316 Colhertinns
1564 5277 1712 5315 num.
1742 5260 1908 5325 2200,
1929 5267 1986 5312 et
2007 5257 2137 5313 Sor-

555 5333 780 5387 lmuicus
806 5350 958 5390 num.
985 5332 1151 5395 2784.
1185 5348 1289 5387 non
1323 5332 1506 5402 legunt
1527 5333 1656 5387 illud
1679 5331 2133 5402 additamentum,

555 5403 798 5476 Exsurge
839 5405 1008 5476 gloria
1052 5421 1188 5460 mea.
1239 5403 1295 5459 In
1342 5401 1814 5476 Iliontanoitamen
1850 5401 2132 5464 Psalterin,

553 5475 696 5545 quod
741 5475 1036 5531 secundam
1099 5491 1197 5529 seu
1253 5475 1484 5530 mediam
1542 5475 1851 5529 columnam
1905 5484 2139 5543 occupat

556 5547 802 5603 l’salterii
833 5547 1064 5616 triplicis
1096 5562 1200 5601 ms.
1231 5546 1542 5612 Sorbouiei,
1575 5561 1763 5602 errore
1794 5545 2134 5616 librariorum

553 5619 732 5673 adhuc
776 5615 1074 5679 retinetur;
1125 5618 1269 5689 quod
1311 5619 1625 5674 nullatenus
1669 5624 1895 5687 apparet
1928 5615 2146 5689 inicar-

557 5689 772 5746 nntensi
801 5691 987 5746 codice
1016 5688 1394 5760 antimiissimo
1423 5705 1486 5760 ac
1517 5693 1736 5759 optima:
1767 5699 1931 5742 notae.
1965 5688 2142 5743 MART.

628 5760 655 5800 δ
697 5761 748 5816 lu
780 5761 1010 5818 Palatin.
1046 5757 1396 5816 msfadditur
1422 5757 1750 5828 Diapsalma.

632 5844 655 5874 ο
698 5833 865 5891 Vacat
911 5835 962 5891 in
1004 5833 1330 5904 eodemims.
1362 5831 1646 5904 abrasum‘
1679 5829 1932 5904 sequiore
1984 5846 2146 5888 manu

559 5905 812 5982 Spatium,
845 5914 1104 5985 quantum
1132 5903 1257 5964 huic
1283 5901 1606 5964 sulllciendo
1641 5901 1847 5965 nomini
1891 5904 2024 5965 satis
2055 5903 2149 5963 sit.

2329 4755 2355 4795 ἀ
2400 4758 2644 4814 Alterum
2675 4755 2778 4812 hoc
2811 4773 3006 4810 nomen
3034 4774 3091 4810 os
3116 4757 3170 4812 in
3204 4756 3453 4813 Palatino
3481 4771 3584 4812 ms.
3609 4757 3850 4814 deletur.

2252 4830 2474 4899 Legitur
2501 4844 2682 4898 porro,
2715 4829 3004 4896 prmposilo
3032 4839 3078 4882 et
3102 4830 3309 4884 vocula:
3336 4829 3496 4884 obelo
3522 4844 3582 4885 αθ
3607 4839 3654 4883 et
3687 4831 3710 4899 ζ
3739 4848 3856 4884 ser-

2252 4901 2512 4965 monibus,
2543 4909 2650 4956 ete.
2683 4900 2826 4971 quod
2850 4909 2906 4954 et
2927 4900 3065 4954 Caro
3096 4901 3356 4970 probatur
3385 4908 3577 4957 contra
3607 4905 3856 4971 origina-

2254 4974 2386 5028 lium
2413 4972 2669 5028 librorum
2703 4969 2888 5026 iidem.

2331 5056 2354 5082 ο
2397 5043 2570 5100 Minus
2632 5042 2828 5098 iterum
2886 5043 3026 5099 bene
3087 5042 3320 5101 Palatin.
3373 5058 3476 5100 ms.
3528 5045 3857 5103 asteriscunt

2254 5116 2478 5170 omittit.
3126 5120 3128 5122 ’

2321 5186 2338 5273 ξ
2383 5189 2516 5243 Cum
2561 5187 2866 5273 Augustino
2908 5185 2995 5241 hic
3046 5187 3350 5273 Veronetis.
3408 5189 3854 5273 {navum-ptio.

2243 5259 2606 5330 Subsequettti
2649 5270 2828 5314 autem
2878 5273 3065 5323 versu,
3100 5260 3227 5313 ntihi
3277 5258 3587 5329 alienigen'a:
3635 5258 3858 5328 subjecti

2244 5340 2383 5396 sunt,
2407 5343 2572 5399 atque
2601 5331 2711 5384 alio
2733 5331 3043 5401 insequenti
3067 5339 3213 5386 tacet
3233 5339 3324 5385 aut
3364 5335 3617 5388 voculam
3649 5349 3662 5385 :
3691 5331 3858 5385 deni-

2243 5418 2350 5473 qne
2378 5404 2430 5457 in
2462 5404 2593 5472 line,
2636 5403 2873 5456 inimicos
2920 5411 3126 5458 nostros
3146 5402 3372 5474 praefert
3403 5421 3502 5475 pro
3544 5403 3858 5458 tribulantcs

2247 5491 2359 5528 "08.

2320 5555 2345 5593 ε
2388 5544 2549 5618 nunc
2569 5560 2809 5611 versum,
2837 5560 2996 5616 quem
3032 5561 3210 5618 neque
3242 5545 3579 5602 Veronensis
3613 5560 3713 5600 ms.
3746 5544 3854 5602 lia-

2252 5617 2362 5680 bet.
2398 5616 2747 5672 Martianrens
2769 5619 2824 5672 in
2851 5635 2960 5673 uno
2988 5616 3291 5674 Sorb'nuico
3314 5620 3536 5685 reperit.
3565 5619 3752 5672 Altero
3780 5618 3854 5672 ab

2255 5688 2356 5742 hoc
2389 5703 2546 5761 versu
2590 5690 2786 5757 legitur
2820 5691 2870 5744 in
2917 5690 3221 5746 ναι-θηριιεί
3267 5692 3456 5744 codice
3497 5689 3707 5761 pupilli,
3753 5704 3855 5757 pro

2254 5760 2494 5831 orphani,
2521 5775 2586 5816 ac
2611 5761 2806 5819 deinde
2836 5777 2958 5819 cum
2987 5761 3288 5834 Augustino
3320 5760 3722 5834 transferantur,
3755 5775 3856 5833 pro

2254 5839 2608 5891 amoveantur.
