4090 6338
343 295 451 351 599

1643 307 1846 369 LIBER
1906 314 2011 372 ,ΒΛ
2023 315 2335 377 ωιοῐιωι.

3542 334 3646 397 ⁸5ῖο

414 404 676 517 ΙΥιιιάηιεε
706 412 1084 524 transferantur
1119 417 1217 488 ﬁlii
1245 422 1380 493 ejus,
1412 431 1461 478 et
1492 426 1780 483 mendicant
1803 436 1867 484 :t‘
1887 438 1935 485 et
1962 434 2013 493 Α
2086 428 2378 490 Ὀοηιιηοιὶ
2402 444 2762 493 amoveantur
2792 437 2886 494 lilii
2920 439 3060 512 ejus,
3085 450 3139 499 et
3163 448 3505 519 mendicent;
3539 458 3643 524 eji-

335 506 615 575 ejiciantur
645 508 708 562 de
732 507 1133 563 habitationibus
1162 512 1288 567 suis.

413 596 686 652 Scrutetur
716 600 973 670 fenerator
998 610 1211 676 omnem,
1231 606 1577 665 substantiam
1604 615 1716 684 ejus
1740 616 1806 683 ᾖξε(
1835 625 1883 669 et
1912 618 1932 686 ζ

334 692 591 763 diripiant
618 694 779 748 alieni
806 694 1007 751 labores
1036 700 1173 770 ejus.

412 784 535 840 Non
569 787 635 841 sit
664 785 745 842 illi
777 789 989 861 adjutor
1016 807 1035 845 :
1059 808 1151 847 nec
1181 794 1246 848 sit
1274 796 1363 867 qui
1393 796 1693 855 misereatur
1724 802 1938 873 pupillis

333 881 472 948 ejus.

412 974 569 1031 Fiant
597 975 706 1030 nati
727 976 840 1048 ejus
865 977 918 1033 in
947 978 1212 1036 interitum
1234 998 1254 1039 :
1274 982 1329 1039 in
1351 987 1684 1057 generatione
1716 1006 1817 1045 una
1845 992 1936 1047 de-

332 1068 503 1121 leatur
530 1084 714 1123 nomen
744 1072 882 1143 ejus.

411 1158 477 1214 In
508 1161 804 1216 memoriam
846 1162 1023 1219 redeat
1062 1165 1310 1238 iniquitas
1350 1179 1557 1242 patrum
1588 1176 1701 1245 ejus
1726 1175 1779 1231 in
1816 1193 1938 1232 con-

331 1263 515 1323 spectu
545 1251 763 1309 Domini
793 1272 811 1309 :
839 1266 885 1310 et
911 1268 1177 1328 peccatum
1206 1263 1385 1318 matris
1407 1265 1520 1336 ejus
1550 1283 1650 1322 non
1678 1271 1935 1327 deleatur.

410 1343 569 1399 Fiant
596 1356 777 1403 contra
799 1346 1081 1405 Dominum
1103 1368 1325 1425 semper,
1350 1364 1396 1410 et
1422 1357 1679 1429 dispereat
1711 1362 1774 1416 de
1803 1372 1939 1419 terra

332 1441 586 1495 ntemoria
612 1456 788 1496 eorum
819 1457 839 1497 :
868 1440 897 1481 δ
925 1459 1020 1515 pro
1047 1460 1106 1499 eo
1135 1447 1273 1516 quod
1300 1464 1402 1503 non
1427 1459 1501 1505 est
1530 1452 1826 1510 recordatus
1856 1456 1939 1526 [a-

330 1549 452 1587 cere
480 1534 911 1592 misericordiam.

410 1624 479 1681 Et
508 1638 804 1699 persecutus
844 1639 921 1685 est
950 1632 1206 1688 hominem
1236 1635 1439 1708 inopem
1463 1646 1515 1694 et
1543 1641 1857 1711 mendicant,
1888 1652 1936 1700 et

330 1727 701 1788 compunctum
728 1722 883 1777 corde
906 1727 1237 1795 mortiﬁcare.

2043 528 2259 585 ciantur
2288 531 2356 587 de
2387 530 2819 590 habitationibus
2846 535 2979 590 suis.

2113 621 2398 679 Scrutetur
2446 624 2719 680 fenerator
2769 643 2985 683 omnem
3018 631 3376 690 substantiam
3405 636 3521 705 ejus
3551 656 3562 692 :
3589 649 3646 694 et

2043 712 2181 785 [51s.
2214 724 2315 769 tae.
2349 714 2438 787 et]
2470 716 2729 788 diripiant
2758 719 2923 776 alieni
2962 737 3153 779 omnes
3186 726 3397 783 labores
3425 731 3563 800 ejus.

2112 804 2229 862 Non
2258 808 2327 863 sit
2357 808 2437 863 illi
2470 808 2686 880 adjutor
2718 826 2859 895 :nge
2889 812 3028 885 [Μς.
3065 816 3205 888 non]
3238 818 3308 875 sit
3353 822 3441 891 qui
3478 824 3640 880 misc-

2044 910 2236 957 reatur
2265 903 2488 973 pupillis
2510 903 2649 973 ejus.

2112 992 2273 1050 Fiant
2313 995 2426 1050 nati
2454 993 2596 1068 illis.
2641 995 2771 1068 lilii]
2803 997 2922 1069 ejus
2970 999 3024 1056 in
3067 1000 3347 1059 interitum
3382 1024 3394 1060 :
3432 1006 3483 1061 in
3538 1024 3641 1064 uua

2038 1086 2398 1157 generatione
2429 1086 2678 1144 deleatur
2704 1105 2902 1146 nomen
2932 1091 3051 1162 ejus
3080 1093 3218 1165 [Ms.
3244 1098 3495 1171 eorum].

2111 1176 2169 1232 lu
2197 1177 2520 1234 memoriam
2550 1178 2740 1235 redeat
2766 1180 3024 1252 iniquitas
3053 1194 3265 1253 patrum
3293 1186 3413 1257 ejus
3433 1191 3485 1243 in
3507 1204 3639 1247 cou-

2040 1265 2490 1343 spectu’Domini:
2511 1281 2567 1330 et
2590 1283 2873 1343 peccatum
2889 1278 3083 1335 matris
3106 1280 3225 1351 ejus
3239 1296 3345 1337 non
3361 1282 3609 1342 deleatur
3624 1330 3639 1343 .

2111 1363 2270 1419 Fiant
2298 1374 2323 1414 Β
2355 1372 2542 1422 contra
2573 1366 2864 1424 Dominum
2895 1383 3115 1442 semper
3148 1390 3160 1425 :
3192 1381 3247 1429 et
3274 1374 3551 1446 diSpercat
3572 1379 3644 1435 de

2039 1463 2184 1521 terra
2216 1457 2482 1513 memoria
2504 1448 2723 1514 eorum.

2110 1549 2216 1607 Pro
2246 1565 2312 1606 eo
2334 1549 2480 1621 quod
2514 1566 2620 1606 non
2653 1560 2737 1607 est
2769 1553 3089 1611 recordatus
3120 1555 3299 1613 facere
3326 1560 3640 1619 misericor-

2040 1641 2183 1719 diam
2211 1659 2225 1697 :
2254 1650 2311 1698 et
2338 1653 2657 1713 persecutus
2685 1652 2768 1699 est
2792 1643 3069 1701 hominem
3096 1662 3386 1719 pauperem
3414 1662 3467 1708 et
3491 1668 3643 1711 men-

2039 1733 2244 1801 dicum,
2278 1742 2331 1788 et
2356 1744 2748 1805 compunctum
2780 1735 2948 1793 corde
2970 1738 3130 1793 morti
3156 1740 3397 1797 tradidit.

408 1809 478 1865 Et
507 1812 691 1868 dilexit
728 1813 1161 1890 maledictionem,
1194 1831 1243 1877 et
1271 1824 1437 1879 veniet
1464 1826 1512 1881 ei
1538 1842 1558 1881 :
1582 1835 1629 1883 et
1658 1829 1824 1884 noluit
1853 1829 1936 1884 be-
1968 1833 2017 1895 B
2115 1825 2184 1880 Et
2215 1824 2406 1881 dilexit
2448 1826 2912 1898 maledictionem,
2950 1838 3005 1885 et
3044 1835 3226 1888 veniet
3253 1834 3301 1890 ei
3334 1851 3348 1891 :
3378 1845 3432 1892 et
3468 1838 3645 1895 noluit

328 1906 703 1975 nedictionem,
726 1917 778 1964 et
804 1908 1126 1982 elongabitur
1147 1914 1210 1968 ab
1234 1933 1314 1972 eo.

411 1997 479 2054 Et
503 2001 675 2055 induit
700 2003 1113 2061 maledictioncnt
1135 2008 1265 2065 sicut
1288 2013 1641 2069 vestimentum
1665 2034 1683 2070 :
1706 2025 1753 2071 et
1775 2019 1933 2075 intra-

328 2094 407 2148 vit
433 2094 567 2149 sicut
595 2112 730 2168 aqua
758 2100 811 2152 in
841 2098 1090 2156 interiora
1119 2106 1232 2176 ejus
1250 2148 1265 2175 ,
1296 2117 1341 2162 et
1368 2109 1499 2163 sicut
1528 2112 1697 2166 oleant
1723 2115 1776 2167 in
1810 2116 1940 2170 ossi-

330 2186 432 2241 bus
466 2191 602 2259 ejus.

410 2277 532 2335 Fiat
574 2282 620 2336 ei
667 2283 802 2339 sicut
845 2287 1200 2344 vestimentum
1242 2308 1343 2363 quo
1387 2296 1619 2364 operitur
1661 2313 1679 2351 :
1714 2307 1764 2354 et
1806 2300 1938 2357 sicut

329 2389 488 2441 zona,
515 2391 618 2446 qua
646 2392 846 2450 semper
874 2381 1222 2454 prcecingitur.

412 2465 529 2522 Hoc
564 2484 695 2538 opus
729 2486 924 2537 eorum,
959 2474 1049 2543 qui
1079 2475 1352 2532 detrahunt
1378 2480 1505 2535 mihi
1536 2493 1559 2520 ε
1588 2486 1732 2554 apud
1759 2483 1938 2541 Domi-

330 2577 460 2615 num
491 2573 582 2619 :et
609 2565 699 2633 qui
730 2565 1005 2636 loquuntur
1032 2569 1172 2625 mala
1202 2572 1447 2629 adversus
1485 2576 1713 2632 animant
1752 2596 1935 2635 meum.

410 2651 481 2707 Et
514 2662 592 2724 tu,
632 2655 872 2727 Domine,
901 2655 1143 2728 Domine,
1172 2664 1256 2733 [ac
1282 2682 1480 2721 mecum
1521 2678 1728 2740 propter
1754 2688 1940 2728 nomen

332 2755 485 2800 tuum
514 2761 533 2802 :
557 2749 683 2818 quia
714 2751 881 2805 suavis
904 2759 980 2807 est
1013 2755 1369 2813 misericordia
1397 2769 1507 2817 tua.

413 2925 602 2982 Libera
636 2944 736 2996 me,
779 2932 903 3001 quia
942 2948 1131 3005 egenus
1161 2944 1208 2991 et
1236 2954 1433 3009 pauper
1460 2955 1554 3014 ego
1578 2958 1694 2997 sum
1726 2956 1743 2997 .'
1774 2952 1823 2999 et
1851 2959 1941 2999 cor

332 3035 508 3075 meum
536 3020 565 3057 ιι
594 3025 955 3080 conturbatum
982 3039 1056 3083 est
1082 3029 1221 3085 intra
1243 3048 1341 3088 me.

413 3114 561 3170 Sicut
586 3117 767 3173 umbra
796 3135 912 3175 cum
937 3121 1187 3194 declinat,
1218 3125 1421 3182 ablatus
1450 3144 1565 3183 sum
1594 3137 1677 3186 :et
1697 3146 1939 3186 ea'cussus

332 3223 454 3261 sum
482 3209 617 3265 sicut
643 3209 877 3270 locustce.

412 3300 596 3358 Genua
634 3308 1045 3378 mea'inﬁrmata
1083 3322 1203 3367 sunt
1239 3330 1269 3368 a
1297 3316 1503 3387 jejunio
1540 3332 1559 3371 :
1594 3328 1644 3373 et
1682 3335 1801 3374 caro
1828 3335 1941 3375 mea

334 3398 615 3453 immutata
642 3411 714 3456 est
736 3411 945 3474 propter
970 3405 1161 3462 oleum.
1197 3418 1220 3447 ε·
1254 3415 1318 3477 λδ(
1352 3411 1417 3465 Et
1450 3414 1473 3481 ζ
1505 3428 1600 3483 ego
1630 3415 1799 3485 factus
1825 3432 1942 3469 sum

332 3492 677 3561 opprobrium
712 3494 819 3549 illis
862 3510 881 3549 :
922 3497 1157 3553 viderunt
1190 3514 1306 3569 me,
1337 3516 1390 3557 -t~
1432 3513 1478 3558 et
1506 3505 1528 3573 ζ
1558 3516 1823 3561 moverunt
1855 3522 1942 3560 ca-

334 3583 449 3652 pita
462 3602 581 3639 sua.

411 3677 619 3750 Adjuva
662 3698 779 3747 me,
818 3681 1037 3741 Domine
1074 3685 1217 3743 Deus
1258 3706 1401 3744 meus
1441 3703 1462 3746 :
1499 3689 1701 3746 salttum
1742 3708 1822 3748 me
1860 3695 1943 3764 [ac

329 3771 618 3825 secundant
640 3774 1049 3833 misericordiam
1074 3790 1241 3836 tuam.

410 3860 479 3917 Et
503 3866 668 3922 sciant
689 3869 815 3939 quia
833 3870 1025 3942 jmanus
1048 3883 1136 3929 ttta
1155 3874 1263 3930 Iuec
1283 3892 1303 3932 :
1330 3874 1350 3915 ί
1378 3892 1439 3933 +
1469 3887 1516 3933 et
1544 3879 1567 3949 ζ
1596 3877 1936 3951 ιιι,ὐοιηὶηε,

328 3955 503 4026 fecisti
520 3974 659 4017 eam.

408 4049 721 4110 Matt-dicent
746 4056 846 4129 illi,
872 4067 919 4114 et
941 4066 996 4113 tu
1017 4059 1314 4130 benedices;
1341 4064 1431 4135 qui
1454 4066 1726 4138 insurgunt
1752 4067 1805 4122 in
1833 4082 1934 4137 me,

326 4148 721 4215 confundantur
748 4166 770 4207 :
796 4168 969 4210 servus
995 4165 1168 4212 autem
1196 4166 1317 4214 tuus
1347 4160 1621 4217 lwtabitur.

405 4401 429 4431 ει
474 4390 778 4467 Ιῐίεᾲιιιιιεξηι
798 4409 901 4451 ms.
925 4392 1134 4452 Palatia
1161 4404 1208 4451 et
1229 4394 1481 4467 copulam
1505 4403 1673 4465 tacet,
1696 4408 1859 4466 quam
1884 4399 1937 4450 et

324 4464 557 4521 Graecus
584 4465 818 4536 ignorat.

407 4540 432 4577 ι)
466 4538 744 4594 Palatinus
772 4554 876 4595 ms.
901 4545 958 4596 et
976 4538 1148 4595 Carus
1170 4556 1265 4612 pro
1290 4540 1537 4595 vetulam
1563 4538 1722 4595 obclo
1745 4538 1935 4594 imme-

324 4610 376 4665 ri
386 4621 440 4665 to
473 4620 795 4677 prccnotant.

410 4693 432 4720 ε
470 4680 645 4737 Voces
669 4681 811 4754 apud
840 4680 1219 4754 Domimun,_in
1244 4681 1434 4738 eodem
1460 4697 1558 4738 ms.
1585 4681 1783 4737 desunt
1806 4697 1820 4735 :
1847 4679 1935 4754 adf

327 4754 483 4806 ditur
502 4768 636 4825 vero
658 4752 713 4806 in
733 4755 839 4808 line
857 4755 1108 4809 versiculi
1126 4752 1451 4825 Diapsatma.
1468 4755 1604 4809 Tum
1628 4753 1933 4823 insequenti

328 4840 501 4879 versu
524 4823 752 4879 verbum
777 4825 1170 4880 substantivum
1196 4823 1426 4880 deletur.

408 4893 435 4932 ιι
466 4894 525 4949 lu
549 4896 743 4951 eodem
769 4912 869 4950 ms.
895 4896 1162 4968 turbatum
1179 4906 1272 4959 est.
1298 4898 1349 4951 in
1376 4910 1485 4968 quo
1505 4904 1559 4952 et
1586 4894 1938 4967 subsequenti

329 4981 503 5038 versu
533 4978 584 5022 et
614 4969 804 5038 copula
833 4968 994 5022 obelo
1033 4967 1364 5023 confoditur.

415 5048 440 5074 ο
471 5037 652 5107 Atque
680 5037 763 5093 bic
793 5039 1109 5094 asteriscum
1141 5040 1279 5094 idern
1306 5054 1408 5094 ms.
1436 5039 1657 5095 omittit.

418 5107 438 5146 ί
470 5110 704 5179 Seqnior
734 5126 926 5165 manus
953 5109 1008 5166 in
1035 5111 1227 5168 eodem
1257 5126 1360 5166 ms.
1389 5111 1631 5178 obelum,
1661 5110 1942 5182 ipsamque

334 5190 391 5236 et
421 5182 673 5251 copulam
714 5182 945 5237 induxit.

415 5261 440 5298 ε
475 5254 531 5307 In
565 5252 861 5308 Veronensi
897 5267 1002 5309 ms.
1037 5252 1196 5307 Fiant
1233 5269 1409 5308 coram
1440 5251 1661 5307 Domino
1693 5269 1894 5321 semper
1928 5267 1945 5305 :

337 5339 506 5395 quam
538 5324 830 5379 lectiOnem
856 5327 994 5380 inter
1016 5337 1241 5381 caeteras
1265 5326 1378 5395 ipse
1400 5325 1586 5379 laudat
1610 5327 1944 5394 Augustinus

339 5399 401 5450 in
441 5394 835 5459 Enarratione,
872 5396 963 5451 ubi
1000 5397 1129 5452 illud
1165 5394 1347 5451 contra
1385 5396 1700 5458 Dominum,
1739 5395 1943 5450 dictum

338 5466 539 5539 accipit
565 5469 787 5539 perinde
807 5469 1041 5539 atquein
1064 5477 1344 5537 conspectu
1366 5467 1597 5539 Domini.
1624 5466 1786 5539 Nam,
1814 5467 1943 5520 sub-

339 5536 443 5600 dit,
475 5548 522 5590 et
548 5538 641 5591 alii
670 5536 985 5608 Interpretes
1012 5540 1085 5594 sic
1113 5536 1512 5605 transtulerunt,
1548 5538 1704 5593 Fiam
1731 5538 1783 5592 in
1811 5552 1949 5592 cou-

340 5620 533 5679 spectu
576 5608 792 5663 Domini
833 5625 1049 5679 semper
1082 5628 1095 5667 :
1127 5610 1221 5664 alii
1260 5627 1401 5676 vero,
1432 5609 1595 5665 Fiant
1622 5624 1806 5665 coram
1838 5609 1951 5663 Do-

342 5681 495 5734 mino
522 5695 761 5749 seraper,
792 5690 900 5737 etc.
933 5684 1191 5751 Sequitur
1226 5681 1279 5735 in
1317 5696 1383 5736 co
1414 5697 1541 5748 ms.,
1570 5692 1617 5736 et
1646 5682 1861 5735 intereat
1889 5680 1953 5733 de

341 5760 485 5803 terra
523 5755 771 5805 memoria
795 5767 992 5806 eorum.
1029 5752 1133 5809 Pro
1172 5770 1230 5807 eo
1257 5752 1394 5822 quod
1419 5768 1521 5806 non
1550 5761 1669 5807 sunt
1696 5751 1954 5806 recordati

342 5822 523 5895 facere
564 5823 996 5889 misericordiam,
1041 5834 1088 5877 et
1135 5826 1390 5895 persecuti
1433 5834 1551 5878 sunt
1581 5823 1958 5895 ltominetnpct

343 5893 713 5961 cobzerenter,
737 5895 895 5948 ntorti
919 5893 1247 5953 tradiderunt
1266 5910 1458 5970 :quam
1475 5904 1654 5955 tamen
1673 5909 1772 5954 nec
1789 5894 1959 5954 verbo

552 5985 827 6048 PATROL.
880 5983 1125 6048 XXIX.

2042 1917 2502 1986 benedictionem,
2531 1928 2587 1974 et
2611 1916 2636 1956 δ
2666 1920 3073 1992 prolongabitur
3095 1924 3164 1979 ab
3191 1940 3279 1981 co.

2117 2011 2188 2067 Et
2217 2011 2395 2068 induit
2424 2026 2485 2068 se
2511 2012 2951 2069 maledictionem
2982 2014 3120 2071 sicut
3139 2019 3522 2076 vestimentum
3552 2041 3563 2076 :
3589 2031 3645 2078 et

2043 2105 2265 2162 intravit
2284 2106 2430 2163 sicut
2453 2121 2589 2179 aqua
2617 2105 2669 2161 in
2696 2107 2953 2164 interiora
2976 2109 3117 2180 ejus,
3143 2120 3199 2167 et
3222 2113 3362 2169 sicut
3383 2116 3563 2173 oleum
3588 2118 3641 2174 in

2042 2199 2257 2256 ossibus
2285 2198 2425 2270 ejus.

2116 2293 2237 2349 Fiat
2274 2293 2323 2350 ei
2362 2294 2504 2350 sicut
2539 2292 2924 2350 vestimentum
2965 2298 3351 2371 quo‘operitur
3379 2316 3393 2355 :
3420 2313 3472 2357 et
3504 2304 3645 2360 sicut

2043 2402 2202 2454 zona,
2231 2402 2335 2458 qua
2369 2400 2587 2458 semper
2612 2386 2981 2458 prtecingitur.

2118 2479 2231 2536 [loc
2259 2496 2396 2551 opus
2426 2494 2635 2546 eorum,
2669 2481 2760 2550 qui
2792 2481 3089 2538 detrahunt
3118 2484 3247 2540 mihi
3278 2489 3421 2557 apttd
3454 2490 3642 2545 Domi-

2044 2591 2171 2632 num
2204 2595 2215 2630 :
2246 2584 2300 2631 et
2327 2574 2417 2646 qui
2444 2574 2737 2645 loquuntur
2759 2575 2897 2630 mala
2911 2576 3418 2639 adversusanimam
3439 2599 3639 2641 meam.

2118 2668 2187 2725 Et
2209 2677 2287 2737 tu,
2314 2668 2563 2737 Domine,
2590 2668 2841 2736 Domine,
2867 2668 2951 2725 fac
2978 2685 3188 2727 mecum
3212 2677 3642 2735 miscricordiam

2042 2773 2269 2836 prepter
2296 2778 2491 2820 nomen
2523 2771 2674 2818 tuum
2699 2779 2711 2817 :
2738 2763 2994 2834 quoniam
3020 2765 3202 2821 suavis
3223 2776 3308 2822 est
3329 2769 3643 2827 misericor-

2042 2858 2128 2915 dia
2160 2868 2272 2915 tua.
2639 2853 2642 2857 ’

2115 2951 2308 3008 Libera
2348 2964 2436 3008 me
2456 2994 2471 3019 ,
2503 2948 2762 3022 quoniam
2789 2965 2992 3021 egenus
3017 2960 3073 3007 et
3099 2966 3306 3024 pauper
3332 2967 3455 3010 sum
3483 2969 3584 3027 ego
3618 2974 3633 3012 :

2041 3057 2097 3107 et
2120 3064 2215 3105 cor
2245 3064 2426 3105 meum
2454 3048 2839 3104 conturbatum
2874 3057 2957 3104 est
2987 3048 3038 3103 in
3072 3064 3181 3106 me.

2113 3144 2269 3200 Sicut
2306 3142 2497 3199 umbra
2528 3158 2653 3200 eum
2689 3142 2947 3211 declinat,
2979 3143 3193 3203 ablatus
3224 3161 3343 3203 sum
3378 3164 3392 3204 :
3424 3157 3477 3203 et
3510 3146 3635 3220 [Με.

1966 3234 2014 3299 C
2044 3249 2147 3295 tac.
2180 3236 2255 3308 et]
2282 3251 2544 3295 excussus
2570 3252 2691 3293 sum
2720 3237 2860 3294 sicut
2888 3238 3118 3295 locusta.

2116 3333 2302 3390 Genua
2342 3346 2463 3388 mea
2508 3330 2777 3387 inﬁrmata
2822 3340 2950 3389 sunt
2990 3348 3101 3405 pne
3133 3333 3260 3407 [Ms.
3306 3332 3359 3406 τι]
3384 3334 3594 3406 jejunio
3627 3351 3643 3387 :

2044 3436 2101 3483 et
2143 3441 2272 3482 caro
2314 3440 2432 3481 mea
2466 3424 2748 3481 immutata
2790 3434 2875 3479 est
2918 3436 3140 3498 propter
3175 3428 3189 3464 ί
3222 3428 3424 3497 oleum,
3458 3437 3511 3484 et
3542 3443 3644 3499 ego

2046 3516 2224 3575 factus
2252 3532 2369 3573 sum
2406 3516 2759 3588 opprobrium
2791 3515 2922 3571 illis.

2122 3610 2380 3667 Viderunt
2404 3622 2515 3675 me,
2544 3617 2599 3664 et
2626 3617 2917 3663 moverunt
2936 3609 3112 3681 capita
3143 3626 3240 3665 sua
3270 3628 3284 3666 :
3309 3610 3504 3682 adjuva
3533 3627 3642 3678 me.

2049 3704 2274 3761 Domine
2316 3702 2459 3759 Deus
2498 3714 2674 3767 meus,
2716 3710 2771 3757 et
2798 3700 2925 3771 [Ms.
2970 3712 3071 3756 Iac.
3102 3702 3177 3775 ct]
3204 3703 3413 3759 salvum
3444 3719 3531 3759 me
3558 3705 3641 3759 iac

2043 3804 2267 3868 propter
2294 3791 2726 3849 misericordiam
2757 3800 2926 3850 tuam.

2118 3886 2188 3944 Ut
2210 3885 2387 3941 sciant
2412 3884 2536 3955 quia
2566 3881 2696 3955 [Μι.
2728 3881 3005 3956 quoniam]
3035 3898 3227 3940 manus
3260 3893 3346 3939 tua
3375 3884 3491 3942 lucc
3517 3895 3602 3943 est
3628 3905 3643 3942 :

2046 3988 2100 4038 et
2132 3988 2209 4044 tu,
2241 3977 2493 4044 Domine,
2528 3974 2707 4031 iecisti
2738 3990 2880 4031 eam.

2119 4070 2439 4127 Maledicent
2468 4068 2542 4123 illi
2569 4065 2699 4140 [Με.
2734 4065 2881 4138 ipsi],
2912 4074 2968 4122 et
2993 4074 3046 4120 tu
3072 4065 3397 4137 benediccs;
3429 4072 3521 4143 qui
3551 4071 3643 4128 in-

2042 4173 2269 4234 surgunt
2293 4163 2345 4219 in
2373 4177 2484 4231 me,
2510 4159 2943 4218 confundantur:
2965 4175 3155 4218 servus
3185 4170 3368 4219 autem
3397 4173 3521 4221 tuus
3548 4167 3642 4223 bc-

2040 4260 2260 4316 inbitur.

2044 4398 2202 4447 tenus
2226 4388 2513 4445 lectionem
2546 4386 2601 4441 S.
2632 4385 2968 4454 Augustinus
2992 4394 3279 4441 memorat.
3386 4452 3391 4457 δ

2112 4460 2142 4499 ¹ι
2170 4462 2316 4518 Idem
2346 4475 2474 4524 ms.,
2502 4466 2551 4513 et
2571 4458 2721 4533 longe
2746 4459 2832 4528 ﬁet
2856 4458 2919 4511 ab
2947 4473 3038 4533 eo:
3060 4468 3171 4533 tum
3196 4475 3303 4515 uno
3324 4459 3646 4533 interposito

2041 4550 2239 4599 versu,
2283 4534 2417 4587 sicut
2457 4532 2820 4605 vestitrtentunt
2848 4529 2988 4599 quod
3027 4531 3300 4605 aperietur,
3334 4547 3397 4587 ac
3422 4529 3643 4605 deinde,

2040 4607 2129 4676 qui
2174 4606 2455 4676 loquuntur
2497 4600 2743 4671 maligna.
2784 4601 2851 4654 Et
2887 4609 3006 4676 post
3045 4600 3208 4655 alium
3245 4618 3495 4676 versum,
3526 4600 3646 4660 (ινιλή

2040 4672 2120 4731 ine
2141 4718 2155 4743 ,
2186 4672 2460 4746 quoniam,
2490 4681 2621 4732 εις..
2651 4681 2725 4746 et,
2743 4672 3117 4746 _conturbatum
3143 4682 3216 4727 est
3244 4675 3381 4727 intra
3408 4693 3507 4743 me,
3536 4695 3643 4745 qua

2042 4742 2257 4805 demunt
2288 4745 2447 4800 unica
2479 4742 2899 4813 praepositione,
2941 4758 3037 4812 pro
3067 4744 3151 4811 in,
3183 4760 3308 4800 cum
3342 4742 3645 4817 Augustino

1964 4816 2017 4876 D
2042 4818 2335 4876 censentit.

2122 4890 2138 4929 ί
2182 4890 2261 4946 Ex
2300 4889 2492 4944 Grmco
2530 4883 2595 4941 δι’
2631 4884 2799 4942 ἔλαιον
2844 4898 3126 4953 perperam
3158 4895 3398 4955 accepto.
3442 4904 3543 4956 pro
3582 4889 3649 4945 δι’

2042 4963 2203 5026 ἔλεον,
2240 4973 2502 5033 perquam
2547 4958 2711 5011 simili
2757 4972 2887 5033 voce
2932 4968 2984 5033 et
3026 4957 3315 5033 scriptura,
3358 4959 3551 5033 legitur
3590 4964 3643 5015 in

2050 5026 2373 5091 Veronensi'
2393 5044 2495 5084 ms.
2530 5039 2738 5100 propter
2778 5026 3187 5100 misericordiam
3220 5042 3238 5079 :
3267 5044 3386 5098 qua:
3413 5031 3572 5086 lectio
3602 5034 3647 5088 si

2045 5109 2133 5162 cui
2176 5119 2428 5175 umquam
2472 5098 2633 5155 alteri
2674 5098 3032 5175 Latiuolibro
3064 5098 3290 5175 probata
3316 5101 3403 5164 sit,
3436 5108 3643 5175 ttes_eio.

2048 5168 2412 5247 Subseqtienti
2456 5180 2636 5247 autem
2680 5185 2845 5247 versu
2880 5169 3029 5247 juxta
3068 5168 3424 5247 Augustinum
3450 5212 3465 5239 ,
3512 5172 3651 5247 Deus

2049 5267 2210 5314 meus,
2228 5240 2426 5302 salvum
2450 5260 2529 5298 me
2552 5244 2634 5314 fac
2652 5240 2933 5314 secundum
2946 5240 3377 5314 misericordiam,
3393 5256 3497 5297 etc.
3511 5245 3651 5302 Tum

2051 5311 2206 5378 solus
2227 5311 2559 5375 Veronensis
2582 5314 2635 5368 iu
2662 5312 2886 5367 alterius
2909 5311 2977 5365 ab
3007 5311 3107 5365 hoc
3130 5311 3259 5375 line,
3284 5329 3460 5367 servus
3480 5330 3655 5371 autem

2051 5405 2169 5449 tuus
2191 5387 2572 5463 jocundabitur
2592 5391 2815 5463 _:_atque
2843 5383 3014 5463 altero
3042 5383 3380 5463 insequentis
3405 5386 3651 5444 bemiSti-

2050 5454 2209 5527 chio:
2226 5471 2273 5517 et
2300 5456 2809 5530 circumamiciantur
2837 5454 2969 5530 sicut
3004 5454 3222 5530 pallium
3251 5456 3446 5530 duplex
3470 5466 3658 5530 confu-

2054 5524 2249 5591 sionem
2271 5546 2438 5587 suam.
2467 5529 2638 5596 Quain
2669 5540 2734 5580 ex
2764 5535 2915 5594 parte
2943 5524 3231 5597 lectionem
3256 5527 3485 5597 ipsemet
3508 5524 3662 5586 novit

2056 5605 2392 5675 Augustinus
2422 5602 2474 5654 iu
2508 5597 2886 5675 linarratiane,
2915 5596 3004 5650 ubi
3032 5596 3405 5675 dehDipIAOide,
3434 5603 3663 5675 quodet

2061 5666 2177 5747 ipsc
2217 5688 2413 5747 nomen
2457 5667 2676 5747 retinuit
2702 5708 2718 5734 ,
2748 5667 3053 5747 disputans,
3089 5666 3313 5747 Diplois,
3342 5666 3533 5747 inquit,
3564 5674 3669 5727 du-

2062 5739 2184 5821 plea:
2223 5745 2438 5812 pallium
2480 5752 2567 5796 est.
2617 5740 2759 5794 Nam
2800 5739 3011 5821 quidam
3048 5741 3203 5821 etiam
3245 5739 3678 5821 sic__interprct_ati

2065 5811 2185 5876 sunt
2222 5820 2379 5871 istum
2400 5830 2619 5878 versum,
2655 5821 2705 5868 et
2731 5812 3048 5885 operiuntur
3068 5811 3207 5868 sicut
3228 5814 3452 5885 pallium
3473 5816 3675 5887 duplex

2068 5889 2446 5951 confusionem
2472 5899 2644 5946 suam.

3117 5976 3189 6037 11
