4090 6338
465 309 572 373 333

471 523 604 578 eius.

492 542 501 574 .'
525 542 604 575 us.

492 542 519 596 J
551 612 701 670 Mare
718 610 878 678 vidit,
912 615 960 664 et
982 604 1116 680 fugit
1146 618 1164 659 :
1193 597 1448 657 Iordanis
1475 606 1749 651 conversus
1773 595 1848 644 est
1874 593 2067 642 retror-

474 722 608 763 sum.

546 797 750 854 Montes
781 790 1172 851 exsultaverunt
1210 792 1266 841 ut
1305 782 1492 839 arietes
1525 794 1585 836 σιμ
1618 786 1667 833 et
1700 776 1725 845 1
1755 773 1912 831 colles
1933 772 2066 827 sicut

476 909 599 948 aam
630 904 819 945 ovium.

548 911 599 946 m
630 911 819 945 ovtum.

510 911 689 1055 gQuid
710 994 787 1039 est
816 983 882 1049 )t(
908 976 999 1034 tibi
1023 974 1048 1045 1
1068 988 1233 1040 mare,
1256 969 1393 1042 quod
1412 961 1630 1039 fugisti?
1655 974 1714 1016 -t~
1741 968 1790 1015 et
1816 967 1871 1014 tu
1896 958 1919 1027 1
1944 952 2069 1013 Jor-

476 1077 650 1143 danis,
672 1073 799 1146 quia
824 1083 1098 1127 conversus
1126 1081 1181 1120 es
1206 1058 1529 1118 retrorsum?
1771 1075 1774 1080 ·
1948 1052 1951 1057 ’

547 1144 782 1233 Montes,
803 1160 1103 1221 exsultastis
1134 1158 1272 1214 sicut
1301 1154 1485 1232 arietes
1528 1164 1589 1206 σιν
1622 1148 1720 1217 et1
1752 1146 1910 1203 colles
1938 1144 2069 1201 sicut

472 1265 599 1338 agni
623 1262 796 1318 ovium
815 1258 839 1314 τ
860 1266 888 1295 ει
927 1296 935 1303 ο

544 1357 591 1414 Α
617 1353 750 1427 facie
777 1347 990 1408 Domini
1011 1353 1151 1402 mota
1169 1350 1245 1400 est
1269 1351 1432 1407 terra,
1463 1354 1496 1393 a
1527 1334 1662 1407 facie
1684 1332 1782 1389 Dei
1804 1329 1992 1387 Iacob.

548 1529 653 1599 Qui
681 1525 934 1585 conuertit
971 1531 1171 1597 petram
1209 1520 1263 1574 in
1290 1524 1475 1589 stagna
1516 1524 1822 1585 aquarum:
1862 1522 1923 1563 ot-
1954 1514 2001 1561 et
2041 1506 2063 1574 1

476 1638 659 1696 rupem
678 1621 734 1676 in
754 1619 920 1691 fontes
942 1626 1219 1686 aquarum.

544 1690 673 1774 Non
701 1690 870 1782 nobis,
914 1706 1157 1774 Domine,
1190 1718 1295 1758 non
1323 1699 1511 1756 nobis:
1540 1695 1630 1754 sed
1652 1692 1849 1755 nomini
1876 1699 1963 1747 tuo
1998 1690 2069 1744 da

472 1811 717 1886 gloriam.

548 1903 723 1973 Super
750 1893 1112 1954 misericordia
1156 1899 1246 1945 tua
1286 1895 1333 1941 et
1381 1884 1596 1940 veritate
1646 1891 1736 1936 tua
1784 1898 1803 1936 :

472 1994 683 2069 quando
715 1993 739 2062 1
770 1990 948 2046 dicant
981 1992 1175 2058 gentes,
1206 1979 1305 2037 Ubi
1326 1987 1400 2033 est
1427 1974 1567 2031 Deus
1597 1989 1775 2029 eorum
1803 1974 1827 2028 ?

547 2090 691 2145 Deus
720 2095 892 2140 autem
921 2088 1096 2135 noster
1127 2077 1180 2131 in
1219 2073 1344 2129 cmlo
1376 2087 1393 2124 :
1422 2069 1597 2125 omnia
1625 2081 1962 2139 qua’cumque
1986 2080 2076 2121 υο-

471 2187 594 2255 luit,
636 2184 779 2257 fecit.
813 2196 875 2237 ομ
900 2179 1203 2235 DIAPSALIIA
1239 2174 1263 2243 1

540 2277 856 2343 ,Simulacra
894 2272 1122 2347 gentium
1148 2276 1419 2341 argentum
1447 2275 1494 2325 et
1522 2280 1734 2330 aurum,
1771 2276 1931 2333 opera
1967 2275 2076 2314 ma-

474 2389 639 2430 nuum
669 2368 956 2425 hominum.

552 2465 624 2521 οδ
652 2460 862 2531 habent,
891 2466 940 2515 et
966 2472 1073 2513 non
1097 2456 1369 2528 loquentur
1403 2466 1423 2509 :
1452 2450 1629 2508 oculos
1657 2449 1868 2517 habent,
1895 2453 1944 2502 et
1973 2461 2076 2501 non

474 2559 743 2618 uidebunt.

547 2652 712 2707 Aures
733 2647 944 2717 habent,
977 2654 1026 2701 et
1055 2659 1160 2700 non
1185 2640 1394 2697 audient
1429 2654 1447 2695 :
1474 2653 1623 2693 nares
1653 2635 1859 2702 habent,
1897 2642 1945 2689 et
1973 2647 2078 2688 non

486 2742 802 2802 odorabunt.

486 2879 490 2883 -
552 2837 743 2895 Manus
772 2833 980 2900 habent,
1024 2840 1072 2888 et
1103 2845 1206 2885 non
1236 2825 1524 2900 palpabunt
1548 2839 1568 2892 ;
1598 2821 1749 2895 pedes
1777 2820 1987 2887 habent,
2028 2826 2079 2873 et

481 2948 587 2991 non
612 2927 949 2987 ambulabunt
982 2940 1123 2980 :non
1146 2920 1445 2977 clamabunt
1476 2919 1529 2974 in
1553 2926 1757 2990 gutture
1785 2930 1898 2971 suo.

1844 1874 2072 1937 ηεαινιι

1440 298 1453 319 ³
1489 291 1548 350 S.
1592 280 1965 347 HIERONYMI
2004 276 2233 338 DIVINA
2277 271 2752 334 BIBLIOTIIECA.
2820 342 2824 350 ῃ
3192 247 3196 251 ’
3654 252 3787 313 536‘

465 433 489 464 t‘
542 422 708 479 Facta
752 376 831 477 εεῖ
855 416 1049 476 Judtea
1075 407 1421 481 sanctiﬁcatio
1446 408 1588 479 ejus,
1627 401 1796 460 Israel
1832 404 2057 472 potestas
2085 395 2140 459 Α
2232 392 2398 450 Facta
2434 399 2522 448 est
2547 388 2735 447 Iudaea
2784 383 2813 424 (ι
2863 379 3227 441 sanctiﬁcatio
3262 376 3429 451 ejus:
3461 370 3632 431 lsrael
3662 385 3759 445 po-

2106 560 2109 563 ,
2169 495 2339 547 testas
2368 485 2506 557 ejus,
2529 481 2700 540 Israel
2727 478 2976 552 regnavit
2998 476 3052 533 in
3078 489 3164 533 ea.
3400 468 3403 473 ’

2239 580 2388 636 Mare
2426 576 2597 647 vidit,
2632 584 2687 633 et
2715 573 2850 646 fugit
2877 589 2899 651 :1
2921 568 3177 629 Jordanis
3202 575 3503 624 conversus
3539 568 3627 619 est
3659 573 3748 617 re—

2168 681 2429 730 trorsum.

2240 767 2452 823 Montes
2493 762 2900 821 exsultaverunt
2938 766 2999 816 ut
3037 755 3238 815 arietes
3263 795 3280 823 ,
3311 760 3369 812 et
3407 750 3579 810 colles
3617 748 3763 807 velut

2167 859 2292 933 agni
2321 858 2505 917 ovium
2538 876 2553 914 :

2239 951 2379 1022 Quid
2408 959 2524 1023 est,
2577 964 2763 1020 mare,
2794 947 2942 1022 quod
2993 943 3219 1017 fugisti?
3259 949 3315 1000 et
3360 949 3442 1011 tu,
3483 937 3763 1005 Iordanis,

2169 1060 2339 1121 quare
2366 1057 2663 1102 conversus
2689 1058 2750 1100 es
2779 1037 3115 1099 retrorsum?

2241 1138 2474 1206 Montes,
2497 1151 2669 1208 quare
2692 1131 3096 1205 exsultasusyt
3125 1126 3362 1187 arietes?
3383 1134 3439 1184 et
3454 1123 3629 1183 colles
3650 1120 3768 1180 vcl-

2172 1239 2232 1289 ut
2262 1230 2386 1302 agni
2407 1227 2633 1291 ovium?

2243 1323 2290 1379 A
2320 1320 2457 1377 faeie
2500 1318 2719 1377 Domini
2756 1324 3032 1376 commota
3071 1322 3157 1374 est
3185 1320 3368 1383 terra,
3405 1326 3436 1367 a
3485 1308 3628 1367 facie
3672 1306 3769 1364 Dei

2179 1414 2310 1491 [11s.
2341 1410 2583 1485 Domini]
2612 1413 2806 1471 Jacob.

2247 1507 2350 1578 Qui
2377 1506 2649 1565 convertit
2680 1516 2704 1545 θ
2731 1503 2964 1565 solidam
2994 1510 3205 1576 petram
3230 1499 3287 1558 in
3315 1506 3566 1571 stagnum
3587 1509 3769 1567 aquas,

2172 1612 2229 1663 et
2254 1618 2447 1675 rupem
2476 1601 2531 1658 in
2563 1600 2742 1658 fontes
2767 1613 3054 1672 aquarum.

2243 1694 2360 1752 Non
2389 1693 2567 1763 nobis,
2599 1690 2846 1759 Domine,
2879 1705 2988 1747 non
3012 1687 3192 1760 nobis,
3224 1687 3320 1747 sed
3343 1685 3551 1746 nomini
3586 1689 3678 1738 tuo
3700 1679 3772 1736 da

2100 1804 2150 1865 Β
2174 1788 2430 1862 gloriam.

2251 1883 2428 1954 Super
2451 1877 2825 1938 misericordia
2857 1886 2945 1934 tua
2974 1885 3030 1933 et
3050 1875 3278 1932 veritate
3300 1882 3389 1932 tua
3413 1889 3432 1933 :
3455 1888 3525 1932 ne
3551 1870 3777 1946 quando

2178 1973 2363 2033 dicant
2387 1982 2599 2047 gentes,
2631 1972 2733 2030 Ubi
2754 1979 2841 2028 est
2870 1971 3012 2027 Deus
3041 1968 3274 2026 eorum?

2254 2070 2400 2127 Deus
2427 2075 2607 2125 autem
2643 2075 2828 2123 noster
2859 2064 2878 2105 ί
2911 2065 2964 2121 iu
2997 2064 3137 2120 emlo
3166 2077 3380 2119 sursum
3412 2078 3427 2118 :
3454 2061 3509 2118 in
3539 2060 3680 2121 emlo
3721 2066 3781 2115 et

2180 2162 2236 2220 in
2268 2173 2415 2220 terra
2439 2161 2618 2218 omnia
2647 2174 3005 2232 quascumque
3035 2157 3228 2223 voluit,
3260 2155 3409 2213 fecit.
3444 2155 3776 2212 Dtsrssuln.

2250 2254 2554 2313 Simulacra
2580 2250 2822 2325 gentium
2844 2258 3132 2321 argentum
3155 2259 3211 2306 et
3228 2263 3447 2315 aurum,
3473 2260 3640 2319 opera
3663 2259 3783 2301 ma-

2181 2366 2349 2409 nuum
2382 2359 2407 2398 8
2439 2348 2746 2404 hominum.

2251 2445 2326 2503 Os
2370 2443 2593 2511 habent,
2626 2453 2680 2502 et
2713 2458 2824 2499 non
2855 2441 3148 2515 loquentur
3173 2456 3190 2501 :
3219 2437 3410 2498 oculos
3435 2434 3663 2501 habent,
3721 2440 3781 2491 et

2182 2552 2292 2596 non
2322 2535 2606 2593 videbunt.

2254 2629 2431 2686 Aures
2462 2627 2685 2698 habent,
2725 2635 2783 2687 et
2812 2641 2921 2685 non
2963 2625 3183 2684 audient
3214 2641 3229 2681 :
3264 2636 3425 2681 nares
3455 2620 3678 2690 habent,
3725 2627 3784 2677 et

2187 2737 2300 2781 non
2323 2720 2650 2778 odorabunt.

2252 2815 2442 2873 Manus
2458 2814 2683 2887 habent,
2706 2820 2764 2871 et
2786 2826 2897 2870 non
2924 2808 3216 2885 palpabunt
3240 2822 3255 2876 ;
3281 2804 3450 2879 pedes
3476 2802 3702 2871 habent,
3726 2809 3784 2859 et

2186 2923 2298 2967 non
2323 2904 2704 2964 ambulabunt.

2253 3001 2371 3059 Non
2409 2999 2722 3058 clamabunt
2747 2998 2802 3054 in
2844 3005 3063 3069 gutture
3108 3008 3209 3053 suo
3241 3011 3255 3049 :
3286 3006 3466 3065 neque
3499 2989 3646 3049 enim
3685 2997 3778 3048 est

2185 3093 2408 3169 spiritus
2437 3093 2491 3149 in
2522 3107 2620 3149 ore
2648 3092 2914 3163 ipsorum.

560 3169 773 3235 Similes
797 3170 903 3227 illis
931 3167 1060 3240 ﬁant
1094 3165 1184 3237 qui
1214 3162 1409 3237 faciunt
1434 3176 1516 3228 ea,
1554 3172 1615 3215 -t~
1646 3165 1693 3213 et
1728 3158 1750 3227 1
1792 3171 1965 3212 omnes
1992 3156 2081 3226 qui

2215 3156 2471 3261 .Similes
2510 3185 2619 3243 illis
2661 3156 2794 3242 fiant
2822 3185 2914 3256 qui
2954 3182 3161 3242 iaciunt
3192 3195 3294 3253 ea,
3346 3188 3406 3240 et
3451 3193 3645 3238 omnes
3686 3176 3785 3251 qui

489 3264 764 3342 conﬁdunt
796 3265 852 3319 in
877 3261 972 3319 eis.

563 3376 619 3418 -ι
658 3360 854 3415 Domus
888 3355 911 3425 1
946 3352 1116 3409 Israel
1155 3347 1376 3422 speravit
1413 3345 1469 3401 in
1507 3342 1732 3400 Domino
1763 3357 1782 3398 :
1810 3342 2023 3413 adjutor
2052 3349 2077 3379 α

484 3470 667 3513 eorum
691 3460 738 3509 et
761 3456 1018 3523 protector
1053 3458 1231 3501 eorum
1256 3450 1353 3497 est.

452 3596 459 3603 -
558 3554 757 3609 Domus
795 3548 971 3603 Aaron
997 3543 1220 3617 sperauit
1247 3541 1304 3595 in
1334 3536 1558 3594 Domino
1590 3549 1610 3589 :
1652 3532 1864 3602 adiutor
1903 3543 2081 3585 eorum

487 3654 537 3703 el
563 3649 825 3719 protector
850 3653 1027 3696 eorum
1048 3645 1142 3691 est.

566 3736 669 3806 Qui
698 3733 877 3788 timent
905 3727 1215 3794 Dominum,
1244 3726 1581 3795 speraverant
1606 3717 1662 3774 in
1691 3714 1918 3771 Domino
1946 3730 1963 3770 :
1989 3712 2084 3768 ad-

484 3832 634 3904 jutor
660 3839 836 3882 eorum
864 3830 915 3880 et
937 3828 1195 3894 protector
1219 3833 1395 3872 eorum
1422 3823 1517 3870 est.

564 3919 766 3976 Domus
820 3929 1016 3971 menter
1058 3926 1119 3967 -ιν
1153 3910 1255 3981 {uit
1298 3905 1515 3977 1nostri
1549 3918 1611 3960 αις
1661 3910 1710 3958 et
1759 3901 1781 3971 1
1833 3898 2093 3955 benedixit

496 4028 559 4072 σιν
594 4011 738 4069 nobis
770 4009 793 4079 1

567 4100 844 4159 Benedixit
870 4097 1050 4154 domui
1080 4094 1252 4160 Israel
1282 4108 1300 4146 :
1332 4088 1591 4149 benedixit
1622 4086 1801 4142 domui
1824 4086 2019 4141 Aaron.

566 4194 839 4252 Benediatit
868 4207 929 4247 -ι-
965 4190 1203 4246 omnibus
1231 4188 1254 4257 1
1279 4188 1367 4259 qui
1399 4186 1581 4240 timent
1602 4181 1905 4251 Dominum,
1929 4176 2095 4250 pusil-

497 4291 565 4348 lis
592 4305 710 4346 cum
738 4284 1047 4358 majoribus.

568 4483 596 4511 η
620 4471 797 4542 Atque
817 4467 905 4542 hic
935 4456 1641 4542 Diapsalnza_l?alatitt..ms.
1672 4452 1996 4542 Sultjttngit‘:
2029 4467 2094 4542 ac

498 4524 854 4613 subsequenti
882 4524 1050 4595 versu'
1085 4531 1402 4590 adverbium
1444 4529 1571 4601 quin
1601 4524 1897 4584 immerito
1930 4524 2094 4581 obelo

498 4621 788 4687 prgenotat.

571 4683 602 4723 ³³
634 4686 766 4740 Sine
796 4679 955 4737 obelo
982 4676 1256 4734 Palatinus
1285 4688 1389 4729 ms.
1418 4670 1570 4741 legit,
1602 4669 1782 4725 minus
1811 4677 1983 4741 recte.

574 4764 599 4834 ξ
632 4739 747 4811 Ιίιοο
775 4762 832 4809 et
855 4747 1307 4834 subsequentibus
1335 4739 1549 4834 duobus
1594 4740 1943 4834 versibuskin
1988 4739 2089 4821 Pa:
2117 4773 2171 4834 ι)

495 4808 818 4887 latino—ms.
867 4808 1079 4894 adjutor
1113 4834 1185 4894 _+
1235 4815 1475 4894 eoram1
1522 4813 1743 4883 pra-lixa
1781 4808 2088 4894 pronomini

495 4884 678 4965 obelo,
723 4884 999 4958 scribitur,
1040 4890 1129 4946 cui
1158 4888 1330 4944 satius
1358 4887 1553 4943 luisset
1578 4899 1610 4941 e
1639 4884 1919 4940 contrario
1949 4896 2089 4952 pra:-

503 4972 594 5042 ﬁgi
626 4969 970 5042 asteriscum.
1322 4992 1327 4995 .

571 5021 597 5083 1i
628 5021 934 5095 vermibus.
969 5046 1070 5087 ms.
1100 5028 1346 5084 sanctitas
1368 5026 1498 5097 ‘ejus
1520 5041 1539 5079 :
1564 5021 2084 5097 tumprmtermissis

494 5092 900 5172 verbisrlsrael
937 5100 1258 5173 regnavitin
1284 5115 1371 5163 ea,
1402 5092 1523 5173 qua:
1548 5096 1771 5173 gemina_
1790 5104 1873 5148 est
1900 5092 2083 5173 versit)

494 5162 1187 5251 ltujus‘hemistichii'ls‘rael
1210 5162 1436 5242 potestas
1454 5162 1587 5241 ejus,
1620 5162 1994 5251 sequitur,"M
1996 5180 2085 5217 are

493 5233 653 5318 uidit,
675 5233 920 5323 ist—fugit,
950 5233 1221 5323 Iordanes
1249 5233 1524 5323 conprensus
1563 5233 1655 5323 est,
1675 5233 1837 5318 retro.
1878 5233 2083 5323 Montes

493 5306 782 5393 gestierunt'
804 5306 937 5374 υὲιᾶῑ
965 5317 1166 5393 arietes,
1196 5323 1300 5367 etc.
1338 5309 1479 5375 Quid
1500 5320 1573 5362 est
1596 5306 1718 5371 tibi,
1752 5322 1918 5393 ηιμνῇ
1938 5306 2080 5376 quod

486 5375 674 5467 fugisti
698 5394 721 5446 ?
745 5400 802 5467 et
842 5399 921 5467 tu,
950 5375 1205 5467 Jor'danle,
1240 5396 1517 5467 conversus
1537 5396 1600 5467 es
1635 5390 1772 5431 retro
1795 5375 2077 5467 ﬂantes,

488 5448 651 5536 quiue
673 5448 1054 5536 gestistis'uelut
1085 5457 1270 5536 arietes
1286 5454 1308 5507 ?
1324 5461 1430 5507 etc.
1451 5450 1654 5536 Quibus
1677 5448 1929 5531 omnibus
1947 5448 2082 5536 lqcis

490 5519 579 5594 rix
601 5519 711 5590 uno
736 5528 985 5604 gestiendi
1008 5527 1193 5590 verbo,
1215 5538 1316 5604 pro
1334 5521 1655 5589 cxsultandi,
1684 5519 1802 5590 ejus
1823 5533 1946 5575 cum
1971 5520 2076 5574 Au-

487 5624 575 5677 gu:
592 5598 796 5662 tinzaua
819 5600 988 5677 lectio
1011 5598 1300 5677 consentit.

568 5687 592 5716 θ
621 5681 788 5731 ’l'aeet
818 5672 959 5727 idem
995 5682 1099 5723 ms.
1128 5665 1385 5731 solidam;
1416 5673 1527 5719 tum
1558 5663 1687 5734 legit
1714 5662 1950 5734 plurium
1979 5676 2084 5716 uu-

488 5763 680 5812 mero,
711 5747 765 5801 in
795 5753 981 5815 stagna
1009 5754 1260 5809 aquarum
1301 5746 1347 5791 et
1377 5752 1548 5806 rupes,
1582 5735 1969 5815 etca'llursum
1992 5734 2083 5815 ,ιιι-

512 5804 616 5881 ero
657 5804 724 5877 ab
751 5816 853 5874 hoc
881 5804 1369 5885 "verszt'pronomcn
1398 5804 1509 5878 ltttl,
1551 5806 1643 5865 ubi
1672 5804 1905 5875 dicitur,
1934 5804 2084 5860 mise-

2184 3280 2467 3340 conlidunt
2494 3277 2550 3335 in
2572 3277 2672 3335 eis.

2257 3374 2459 3431 Domus
2478 3370 2646 3428 Israel
2667 3368 2906 3442 speravit
2930 3370 2983 3426 in
3015 3369 3246 3426 Domino
3274 3366 3405 3442 [Ms.
3432 3361 3783 3437 Dominum]:

2186 3468 2402 3541 adiutor
2422 3480 2613 3524 eorum
2644 3475 2697 3522 et
2723 3474 3000 3537 protector
3018 3479 3207 3520 eorum
3235 3472 3340 3518 est.

2259 3561 2463 3618 Domus
2486 3560 2666 3615 Aaron
2686 3557 2925 3628 speravit
2942 3556 2998 3612 in
3025 3555 3254 3611 Domino
3277 3552 3409 3626 [Ms.
3442 3548 3784 3621 Dominum]:

2187 3652 2403 3724 adjutor
2427 3666 2615 3708 eorum
2645 3659 2700 3704 et
2727 3656 3008 3719 protector
3035 3661 3225 3704 eorum
3249 3654 3355 3703 est.

2261 3745 2366 3816 Qui
2397 3747 2588 3801 timent
2628 3742 2944 3810 Dominum,
2975 3740 3005 3779 ιι
3035 3750 3262 3814 sperent
3289 3741 3345 3798 in
3373 3739 3605 3797 Domino
3636 3757 3649 3794 :
3681 3739 3788 3797 ad-

2187 3838 2336 3910 jutor
2365 3851 2554 3893 eorum
2584 3845 2638 3890 et
2667 3842 2945 3905 protector
2970 3848 3159 3889 eorum
3192 3841 3297 3890 est.

2266 3929 2527 3999 Dominus
2559 3920 2769 3985 memor
2791 3926 2892 3983 fuit
2918 3927 3114 3996 nostri,
3145 3934 3201 3983 et
3221 3924 3505 3982 benedixit
3528 3938 3628 3980 nos
3652 3941 3666 3980 :
3692 3925 3794 3981 be-

2198 4021 2405 4081 nedixit
2452 4022 2676 4077 donmm
2726 4019 2925 4086 lsrael,
2972 4018 3251 4076 benedixit
3298 4018 3528 4073 Domum
3575 4021 3792 4085 Aaron,

2197 4116 2477 4176 benedixit
2507 4129 2699 4173 omnes
2726 4115 2982 4172 timentes
3008 4128 3071 4173 se
3100 4113 3386 4183 Dominus,
3418 4111 3646 4185 pusillos
3666 4125 3795 4169 cum

2198 4209 2517 4282 majoribus.

2204 4448 2432 4508 ricordia
2463 4460 2554 4507 tua
2576 4495 2590 4521 ,
2622 4459 2678 4508 et
2704 4451 2757 4507 in
2790 4451 2897 4507 ﬁne
2928 4448 3267 4520 insequentis
3297 4448 3796 4521 Diapsalmalacct.

2207 4518 2734 4607 Qonsulto‘ad_'lt_unc
2763 4536 2979 4580 versum
3009 4518 3328 4594 Hieronymi
3359 4518 3521 4592 epist.
3552 4518 3619 4574 ad
3650 4518 3801 4575 Suu-

2202 4596 2347 4650 niam
2377 4605 2434 4651 et
2454 4594 2745 4650 Frclclam.

2233 4737 2246 4748 .
2280 4665 2299 4705 τ
2342 4665 2420 4721 Ita
2450 4666 2645 4748 legunt
2667 4665 2797 4748 editi
2838 4679 2902 4720 ac
2930 4679 3065 4748 mss.
3098 4663 3150 4718 in
3178 4663 3283 4719 hoc
3310 4657 3798 4748 “quianol’saltc-

2201 4737 2326 4795 rio:
2358 4729 2645 4793 manifeste
2691 4744 2875 4792 autem
2924 4737 3105 4791 addita
3151 4744 3280 4789 sunt
3318 4752 3347 4789 a
3381 4733 3616 4788 librariis
3670 4729 3795 4785 hare

2197 4811 2382 4874 verba,
2437 4811 2493 4863 in
2530 4806 2658 4863 ctelo
2702 4823 2943 4873 sursum,
2992 4821 3115 4861 cum
3159 4806 3298 4875 apud
3331 4803 3475 4860 LXX
3522 4803 3593 4857 ita
3621 4802 3797 4869 scrip-

2194 4889 2305 4936 tum
2333 4882 2404 4934 sit
2427 4897 2439 4932 :
2470 4878 2608 4935 Deus
2642 4889 2816 4932 autem
2841 4887 3012 4932 noster
3035 4879 3091 4931 in
3118 4877 3244 4932 casio
3267 4917 3282 4942 ,
3307 4887 3356 4931 et
3383 4878 3437 4930 in
3462 4886 3628 4937 terra,
3656 4879 3793 4935 elc.;

2193 4950 2527 5020 superﬂuum
2555 4964 2701 5017 esse,
2731 4960 2779 5003 et
2798 4950 2853 5003 in
2874 4958 3032 5016 terra,
3058 4947 3424 5020 Hieronymus
3444 4960 3665 5017 quoque
3687 4956 3790 4997 nos

2192 5016 2606 5078 dobuit.Mnnr.
2690 5016 2693 5017 ⁷
3266 5016 3283 5020 ⁷
3342 5016 3345 5019 ’

2196 5164 2208 5178 ι
2258 5102 2293 5175 *ξ
2322 5091 2567 5178 Illorum,
2599 5089 2981 5178 pro/laminam
3009 5092 3062 5146 in
3087 5088 3385 5178 Vero‘nensi
3407 5096 3493 5145 est
3513 5100 3649 5178 ms};
3673 5092 3790 5140 tum

2194 5164 2248 5220 iu
2282 5163 2525 5228 instanti,
2553 5158 2662 5217 non
2693 5162 2994 5233 loquuntur,
3025 5179 3127 5217 non
3152 5162 3355 5233 vident.
3381 5177 3485 5233 non
3507 5158 3734 5213 audiunt
3769 5172 3790 5211 :

2191 5235 2399 5306 reliqua
2438 5234 2592 5306 juxta
2639 5231 3031 5306 Augustinum,
3072 5249 3259 5306 manus
3310 5231 3521 5306 habent,
3560 5237 3626 5306 _et
3682 5243 3792 5306 non

2189 5298 2612 5370 contrectabunt,
2659 5298 2802 5372 cui;
2846 5314 2932 5370 cl,
2978 5302 3100 5359 Non
3131 5303 3427 5359 clamabunt
3449 5303 3504 5356 in
3534 5298 3792 5372 faucibus

2188 5378 2317 5442 suis,
2351 5393 2512 5459 neque
2537 5377 2726 5459 enim,
2764 5369 2875 5459 etc.
2913 5369 3191 5447 Denique,
3241 5372 3452 5431 Similes
3500 5371 3608 5426 illis
3658 5369 3793 5438 ﬁant

2191 5465 2391 5520 omnes,
2415 5448 2504 5520 qui
2528 5448 2750 5516 faciunt,
2779 5456 2885 5502 etc.

2263 5520 2295 5556 λι
2318 5510 2593 5574 Ιηέδιιὸιη
2625 5510 2754 5585 ms.,
2787 5525 3121 5588 speraverant
3151 5515 3205 5571 in
3237 5511 3515 5588 Dominum
3535 5527 3553 5565 :
3573 5518 3626 5566 et
3661 5510 3802 5588 sub-

2190 5591 2440 5661 sequenti
2487 5603 2680 5661 versu,
2732 5582 2906 5644 omnes
2951 5589 3184 5661 timentes
3230 5585 3537 5649 Dominum,
3567 5582 3798 5655 pusillos

2193 5658 2311 5716 cum
2332 5660 2552 5730 magnis.
2580 5659 2993 5731 Tumulldjiciat
3017 5658 3269 5731 Dominus
3297 5674 3452 5731 super
3481 5672 3569 5709 vos
3594 5668 3613 5707 :
3635 5668 3799 5731 super

2192 5748 2304 5798 vos,
2330 5739 2378 5787 et
2405 5722 2579 5802 super,
2611 5722 3015 5785 ethBcnedicti
3045 5745 3132 5784 vos
3160 5722 3408 5802 Domino,
3437 5736 3569 5796 etc.,
3607 5722 3796 5783 couti-

2193 5812 2388 5863 nenter
2411 5799 2564 5875 juxta
2586 5802 3040 5875 Augustinianum
3070 5799 3372 5875 exemplar.

3660 5859 3786 5883 ..κέδν’
