4090 6338
407 419 515 478 357

482 536 718 609 Adjiciat
761 536 1018 594 Dominus
1067 554 1221 611 super
1268 555 1382 608 vos,
1439 542 1504 609 ξε(
1549 555 1703 609 super
1743 555 1830 594 vos
1878 542 1899 610 1

407 647 564 701 super
589 631 732 700 filios
751 641 964 689 vestros.

481 724 748 780 Benedicti
775 741 862 782 vos
891 744 922 782 a
945 725 1191 797 Dontino,
1221 729 1310 799 qui
1344 727 1462 800 fecit
1494 728 1682 782 calum
1709 737 1756 782 et
1787 736 1998 784 terram.

480 901 675 958 Cazlum
706 902 822 958 creti
857 901 1082 959 Domino
1111 919 1130 959 :
1164 913 1355 959 terram
1384 911 1557 957 autem
1585 901 1725 957 dedit
1759 901 1883 971 [iliis
1908 901 2004 957 ho-

408 995 626 1048 minam.

483 1085 606 1140 Non
636 1089 830 1142 mortui
871 1089 1156 1143 laudabunt
1206 1104 1265 1145 οξ-
1308 1098 1335 1127 α
1382 1099 1429 1144 te
1466 1091 1487 1158 1
1520 1087 1743 1144 Domine
1783 1103 1801 1143 :
1843 1103 2002 1158 neque

407 1195 582 1234 atnues
613 1180 703 1249 qui
725 1180 1043 1236 descendunt
1065 1183 1118 1236 in
1139 1182 1422 1254 infernum.

480 1272 587 1327 Sed
615 1288 709 1328 nos
747 1287 810 1328 σε·
847 1275 936 1344 qui
970 1274 1185 1329 vicimus
1211 1276 1232 1344 1
1266 1275 1617 1331 benedicimus
1648 1275 1872 1332 Domino
1891 1317 1906 1345 ,
1936 1292 2002 1332 ea;

404 1366 504 1422 hoc
534 1384 694 1438 nunc,
727 1378 774 1423 et
794 1383 954 1439 usque
975 1369 1026 1424 in
1052 1368 1324 1425 sarculum.

1703 423 1907 479 L'BER
1946 419 2311 481 PSALMORU
2323 421 2395 477 Μ.

1956 549 2004 595 et
2029 567 2086 628 Α
2181 537 2419 609 Adjieiat
2459 536 2715 595 Dominus
2747 551 2910 610 super
2935 549 3065 608 vos,
3107 549 3161 596 et
3205 551 3370 610 super
3398 538 3539 597 ﬁlios
3577 553 3699 598 ves-

3596 422 3702 480 558

2110 642 2248 690 "'05.

2180 727 2454 784 Benedicti
2503 741 2598 783 vos
2635 741 2665 782 a
2716 726 2987 796 Domino,
3038 727 3130 798 qui
3186 727 3321 784 fecit
3367 728 3591 798 coelum,
3640 735 3700 786 et

2107 828 2334 876 terram.

2178 911 2387 969 leum
2425 911 2549 968 θα)ιί
2583 911 2814 969 Domino
2851 930 2864 969 :
2911 919 3112 970 terram
3157 921 3338 970 autem
3381 913 3530 970 dedit
3573 913 3698 971 ﬁliis

2107 1004 2406 1061 hominum.

2179 1097 2296 1153 Non
2328 1099 2525 1154 mortui
2552 1098 2848 1156 laudabunt
2881 1108 2956 1170 te,
2986 1099 3220 1158 Domine
3251 1116 3266 1158 :
3298 1113 3478 1172 neque
3504 1113 3696 1157 omnes

2107 1189 2198 1261 qui
2225 1191 2566 1248 descendunt
2595 1192 2648 1248 in
2683 1192 2973 1249 infernum.

2175 1283 2281 1338 Sed
2319 1297 2442 1352 nos,
2475 1283 2566 1355 qui
2593 1283 2851 1352 vivimus,
2881 1284 3254 1341 benedicimus
3284 1283 3596 1353 Dominum,
3627 1297 3697 1340 ex

2105 1372 2207 1430 hoc
2235 1390 2401 1446 nunc,
2432 1383 2486 1432 et
2511 1389 2683 1448 usque
2711 1377 2763 1433 in
2789 1377 3048 1434 saeculum
3073 1376 3200 1450 [Με.
3225 1376 3464 1449 sarcula].

1727 1506 1863 1568 PSA
1876 1507 2084 1572 LMUS
2127 1509 2353 1574 CXIV.

1046 1625 1332 1668 ALLELUIA.

476 1701 674 1770 Dilexi,
715 1702 960 1775 quoniam
989 1702 1017 1743 δ
1061 1705 1298 1760 exaudiet
1331 1702 1591 1761 Dominus
1625 1719 1644 1758 :
1672 1719 1846 1759 vocem
1875 1720 1997 1760 ora-

403 1795 559 1850 tionis
583 1811 740 1852 metu.

478 1887 614 1956 Quia
663 1889 938 1945 inclinavit
977 1907 1159 1946 aurem
1198 1906 1348 1945 suam
1391 1889 1518 1946 mihi
1565 1909 1584 1946 :

402 1983 531 2037 meis
556 1981 825 2038 invocabo.

476 2071 942 2130 Circunidederunt
971 2092 1049 2132 me
1070 2075 1276 2133 dolores
1314 2076 1495 2133 mortis
1525 2092 1546 2132 :
1567 2084 1616 2132 et
1651 2075 1884 2147 pericula
1914 2077 1998 2131 in-

397 2168 536 2238 ferai
560 2168 859 2242 invenerunt
886 2185 984 2225 me.

477 2260 886 2319 Tribulationem
910 2271 958 2318 et
986 2263 1216 2320 dolorem
1241 2263 1415 2321 inveni
1442 2271 1533 2320 :‘et
1565 2280 1749 2326 nomen
1779 2263 2010 2321 Domini

398 2353 659 2410 invocavi.

477 2450 522 2505 0
548 2449 794 2522 Domine,
819 2451 979 2507 libera
1008 2451 1237 2506 animant
1264 2467 1426 2506 meam
1442 2467 1462 2518 ;
1488 2450 1779 2507 misericors
1811 2449 1994 2507 Domi-

395 2559 499 2599 nus
519 2553 568 2599 et
583 2546 789 2616 justus,
827 2553 874 2599 ct
902 2543 1045 2600 Deus
1076 2554 1249 2599 noster
1267 2544 1563 2600 miseretur.

471 2633 784 2692 Custodiens
810 2634 1057 2707 parvulos
1098 2634 1400 2692 Dominus:
1425 2635 1732 2692 humiliatus
1759 2651 1903 2704 sum,
1947 2643 1997 2692 et

393 2728 636 2783 liberavit
665 2744 768 2784 me.

469 2821 810 2890 Convertere,
859 2823 1036 2878 anima
1076 2837 1191 2878 mea
1214 2862 1230 2890 ,
1275 2821 1330 2877 in
1367 2821 1595 2894 requiem
1642 2830 1784 2876 tuam
1816 2835 1835 2876 :
1872 2820 1996 2892 quia

391 2916 656 2973 Dominus
681 2917 932 2989 benefecit
962 2917 1074 2972 tibi.

475 3011 610 3079 Quia
635 3011 829 3081 eripuit
867 3010 1096 3065 animam
1123 3025 1291 3064 meam
1317 3009 1382 3064 de
1412 3017 1616 3066 morte:
1651 3007 1828 3065 oculos
1855 3023 1993 3065 meos

392 3122 427 3160 a
457 3104 728 3176 lacrgmis,
756 3105 911 3177 pedes
935 3122 1075 3160 meos
1099 3121 1132 3160 a
1158 3106 1332 3175 lapsu.

472 3199 698 3257 Placebo
718 3199 966 3269 Domino,
987 3200 1044 3256 in
1071 3200 1282 3273 regione
1307 3200 1562 3258 vivorum.

1631 1899 1678 1945 et
1728 1891 1781 1945 in
1821 1890 1998 1947 diebus

2746 1616 3051 1670 ALLELUIA.‘

2179 1705 2374 1773 Dilexi,
2405 1707 2665 1778 quoniam
2689 1708 2944 1766 exaudiet
2970 1708 3274 1765 Dominus:
3306 1721 3498 1767 vocem
3523 1719 3546 1748 ο
3573 1723 3698 1768 ora-

2109 1801 2270 1858 tionis
2289 1817 2451 1858 mete.

2177 1895 2311 1963 Quia
2354 1895 2633 1952 inclinavit
2679 1909 2868 1953 aurem
2911 1910 3063 1952 suam
3100 1895 3273 1954 mihi:
3301 1905 3359 1954 et
3404 1897 3462 1954 in
3503 1895 3697 1955 diebus

2110 1988 2246 2044 meis
2274 1988 2538 2044 invocabo
2569 1985 2588 2026 τ
2617 2003 2766 2044 eum.

2177 2078 2665 2137 Circumdederunt
2695 2095 2782 2137 me
2810 2079 3032 2137 dolores
3070 2080 3264 2138 mortis
3300 2100 3314 2138 :
3347 2081 3590 2153 pericula
3613 2080 3695 2138 in-

2101 2172 2243 2231 ferni
2266 2173 2591 2230 invenerunt
2619 2188 2725 2230 me.

2176 2267 2604 2326 Tribulationem
2632 2275 2689 2324 et
2719 2268 2964 2326 dolorem
2997 2269 3178 2328 inveni
3211 2288 3225 2326 :
3258 2278 3314 2328 et
3343 2284 3543 2328 nomen
3582 2269 3694 2326 Do.

2056 2416 2058 2418 .
2103 2360 2234 2417 mini
2275 2362 2542 2419 invocavi.

2171 2457 2216 2510 0
2247 2453 2494 2523 Domine,
2530 2455 2698 2511 libera
2727 2455 2969 2512 animam
2998 2470 3205 2524 meam;
3237 2457 3551 2514 misericors
3579 2457 3690 2514 Do-

2099 2547 2280 2604 minus
2309 2547 2579 2619 etjustus,
2604 2557 2660 2604 et
2689 2548 2833 2605 Deus
2861 2559 3048 2606 noster
3075 2549 3450 2606 miserebitur.

2166 2639 2492 2696 Custodieus
2523 2641 2775 2712 parvulos
2798 2642 3060 2700 Dominus
3084 2659 3098 2697 :
3126 2643 3445 2700 humiliatus
3467 2657 3610 2714 sum,
3634 2650 3690 2700 et

2098 2729 2351 2788 liberavit
2396 2746 2504 2788 me.

2169 2822 2520 2894 Convertere,
2554 2826 2736 2883 anima
2777 2842 2921 2896 mea,
2957 2829 3010 2884 in
3053 2829 3296 2902 requiem
3328 2816 3520 2887 tuam}
3562 2828 3692 2901 quia

2100 2915 2231 2988 [31s.
2262 2917 2539 2990 quoniam]
2569 2918 2830 2976 Dominus
2856 2920 3129 2980 benefeeit
3155 2921 3311 2978 mihi.

2169 3009 2307 3078 Quia
2350 3011 2548 3082 eripuit
2589 3011 2829 3069 animam
2880 3030 3058 3071 meam
3105 3015 3175 3072 de
3203 3023 3380 3072 morte
3429 3032 3444 3071 :
3499 3015 3690 3073 oeulos

2099 3117 2301 3161 meosa
2330 3103 2608 3176 lacrymis,
2643 3106 2807 3177 pedes
2843 3122 2995 3166 meos
3026 3122 3057 3165 a
3097 3108 3255 3181 lapsu
3285 3127 3298 3166 :
3327 3108 3556 3181 placebo
3583 3109 3691 3166 Do-

2100 3200 2270 3269 mino,
2301 3199 2355 3257 in
2380 3201 2604 3272 regione
2631 3201 2902 3259 vivorum.

1746 3337 2106 3403 PSALMUS
2147 3338 2339 3402 CXV.

1007 3457 1061 3498 ot—
1102 3457 1365 3498 ALLELUIA
1392 3443 1414 3512 1

470 3537 684 3594 Credidi
709 3545 922 3608 propter
956 3535 1094 3606 quod
1123 3534 1326 3590 locutus
1360 3552 1475 3591 sum
1500 3551 1516 3589 :
1548 3551 1640 3608 ego
1665 3550 1720 3592 σθ
1761 3543 1934 3590 autem
1965 3537 1988 3607 1

390 3631 701 3687 humiliatus
722 3645 836 3684 sum
859 3627 1032 3684 nimis.

470 3723 580 3796 Ego
607 3721 720 3778 dixi
741 3723 798 3778 in
823 3737 1033 3778 excessu
1060 3736 1213 3776 meo:
1240 3719 1423 3777 Omnis
1454 3719 1602 3775 homo
1632 3719 1874 3776 mendax.

469 3909 609 3980 Quid
634 3908 915 3966 retribuam
939 3906 1183 3978 Domino,
1208 3924 1303 3981 pro
1333 3907 1570 3965 omnibus
1599 3925 1712 3981 qua:
1742 3909 1988 3965 retribuit

392 4005 524 4059 mihi
555 4007 580 4060 ?

469 4097 697 4155 Calicem
719 4097 971 4156 salutaris
1000 4097 1292 4170 accipiam:
1318 4105 1364 4152 et
1395 4112 1579 4152 nomen
1612 4094 1824 4152 Domini
1853 4098 1990 4154 invo-

392 4192 546 4249 rabo.

476 4299 497 4326 ο
530 4292 597 4358 >ε<
631 4288 770 4346 Vota
797 4306 912 4346 mea
937 4289 1164 4344 Domino
1189 4289 1405 4345 reddam
1427 4305 1602 4344 coram
1629 4288 1768 4344 onmi
1797 4289 1991 4362 papula

394 4383 513 4453 eius
529 4383 551 4453 1
569 4383 794 4454 pretiosa
807 4384 861 4439 in
878 4399 974 4441 ron
987 4393 1153 4456 spectu
1169 4383 1378 4439 Domini
1395 4400 1532 4439 mors
1544 4392 1843 4438 sanctorum
1856 4387 1993 4458 ejus.

479 4477 523 4533 0
553 4476 796 4542 Domine,
933 4479 1055 4550 quia
1083 4479 1104 4549 1
1148 4495 1241 4550 ego
1282 4495 1457 4534 servus
1497 4490 1618 4533 tuus
1649 4495 1666 4534 :
1699 4494 1792 4550 ego
1821 4495 1996 4534 servus

401 4581 549 4641 tuus,
585 4587 634 4627 -s—
672 4580 722 4625 et
758 4572 780 4640 1
812 4571 954 4639 [dius
974 4572 1183 4627 ancilla:
1209 4581 1328 4627 tute.

481 4664 740 4737 Dirupisti
791 4666 998 4720 vincula
1054 4683 1167 4721 mea
1213 4682 1232 4721 :
1280 4665 1371 4720 tibi
1422 4666 1728 4733 sacriﬁcabo
1776 4664 1998 4721 hostiant

402 4757 602 4828 laudis,
628 4756 655 4796 ιι
686 4763 752 4827 )‘é
778 4766 822 4813 et
845 4758 896 4812 in
918 4758 1123 4814 nomine
1146 4757 1356 4812 Domini
1382 4756 1628 4812 invocabo
1660 4757 1681 4826 1

1573 4841 1625 4875 Ο

2745 3460 3030 3501 Αιιειωλ.

2171 3536 2416 3607 Credidi,
2464 3546 2686 3610 propter
2715 3538 2861 3610 quod
2903 3538 3118 3595 loeutus
3159 3553 3279 3594 sum
3323 3556 3336 3594 :
3377 3553 3478 3611 ego
3509 3545 3691 3596 autem

2099 3627 2420 3687 humiliatus
2452 3645 2574 3687 sum
2603 3631 2786 3686 nimis.

2173 3722 2285 3794 Ego
2313 3732 2337 3771 8
2364 3721 2475 3778 dixi
2512 3721 2566 3778 in
2591 3737 2819 3779 excessu
2846 3723 3046 3780 mentis
3083 3737 3221 3780 mea:
3255 3739 3268 3778 :
3299 3720 3486 3779 Omnis
3521 3720 3688 3782 homo

2098 3816 2354 3873 tuendas.

2169 3911 2304 3979 Quid
2338 3910 2638 3968 retribuam
2667 3910 2919 3980 Domino,
2946 3924 3048 3982 pro
3076 3908 3332 3966 omnibus
3361 3924 3484 3980 quae
3523 3908 3684 3965 retri-

2096 4005 2214 4062 buit
2241 4005 2416 4060 mihi?

2169 4095 2406 4154 Culicem
2432 4096 2686 4153 salutaris
2705 4097 2967 4169 accipiam
2995 4112 3007 4152 :
3031 4107 3088 4153 et
3118 4110 3320 4152 nomen
3351 4094 3567 4152 Domini
3597 4095 3686 4151 in-

2102 4191 2330 4247 vocabo.

2175 4283 2417 4342 Pretiosa
2469 4283 2525 4339 in
2575 4291 2870 4356 conspectu
2915 4283 3130 4341 Domini
3178 4297 3326 4340 mors
3375 4289 3688 4339 sanctorum

2100 4380 2241 4452 ejus.

2168 4474 2212 4529 Ο
2243 4473 2490 4536 Domine.
2533 4489 2634 4544 ego
2666 4488 2858 4530 servus
2896 4482 3061 4540 tuus;
3094 4487 3198 4544 ego
3240 4484 3430 4528 servus
3466 4480 3608 4539 tuus,
3639 4477 3695 4526 et

2103 4566 2243 4622 ﬁlius
2269 4565 2478 4619 ancilla:
2505 4573 2631 4620 tum.

2175 4656 2431 4727 Dirupisti
2477 4655 2686 4712 vincula
2737 4670 2858 4712 mea
2901 4672 2913 4709 :

2104 4749 2301 4807 laudis.

2961 4654 3054 4710 tibi
3101 4651 3420 4713 sacriﬁcabo
3450 4651 3690 4709 hostiam

487 4974 509 5036 If
539 4961 743 5019 Finalia
774 4973 966 5034 puncta
1008 4979 1175 5036 penes
1216 4963 1588 5019 Martianmum
1623 4962 1852 5036 deerant
1885 4981 1897 5015 :
1942 4961 1997 5018 in
2021 4961 2076 5023 D
2102 4973 2312 5036 versus,
2346 4956 2389 5012 0
2421 4956 2795 5036 Domine,eru_e
2813 4958 3039 5036 animam
3067 4972 3256 5036 meant,
3289 4962 3394 5010 etc.
3428 4951 3573 5036 Deus
3599 4970 3692 5036 no-

407 5034 660 5119 Palatino
691 5046 873 5093 autem
899 5034 1023 5092 msf
1051 5037 1168 5108 ipsa
1198 5046 1281 5092 est
1308 5036 1472 5092 etiam
1511 5035 1658 5092 obeli
1685 5043 1814 5090 nota
1861 5049 2000 5106 pra:-

410 5119 686 5162 lcrtntssa.

489 5178 512 5216 ¹³
542 5179 988 5247 Przepositionem
1036 5179 1183 5235 verbi
1215 5177 1496 5244 exaudiet,
1547 5187 1603 5232 et.
1650 5176 2004 5247 subsequenti

410 5265 574 5304 versu
601 5253 726 5322 quia
750 5252 1090 5318 adverbium,
1120 5252 1308 5321 juncta
1332 5249 1456 5306 Cari
1480 5248 1739 5319 editione,
1763 5248 2000 5304 Pal-utin.

414 5337 522 5376 tus.
558 5323 780 5392 iugulat.

495 5405 515 5429 ο
541 5389 830 5460 Perperam
857 5394 909 5448 in
939 5393 1129 5449 eodem
1156 5408 1259 5448 ms.
1285 5392 1442 5446 unice
1466 5391 1613 5460 prius
1639 5389 1780 5444 istud
1805 5405 2000 5446 nomen

428 5462 870 5528 l"ola,~asterisco
893 5465 1192 5520 illustratur
1216 5481 1230 5519 :
1255 5462 1603 5533 subsequenti
1632 5472 1809 5516 autem
1835 5465 2001 5517 verbo

414 5537 680 5608 reddam,
718 5536 908 5608 obelns
936 5535 1248 5608 przeﬁgitur.
1284 5535 1522 5605 Denique
1565 5534 1779 5590 additur
1811 5535 1863 5588 in
1897 5535 2002 5590 ﬁne

425 5625 446 5658 \
463 5623 616 5678 orsus
646 5606 974 5678 Diapsalma.

494 5677 520 5714 ἀ
554 5675 829 5733 Palatinus
870 5695 975 5735 ms.
1021 5687 1082 5735 ut
1109 5689 1162 5734 el
1201 5679 1321 5734 Cari
1365 5675 1565 5744 editio,
1612 5687 1656 5731 et
1689 5693 1869 5732 nomen
1902 5675 2008 5729 Do-

422 5751 552 5804 tuini
584 5750 869 5804 invocabo:
899 5752 989 5819 qui
1023 5751 1220 5820 pariter
1264 5761 1536 5817 postremo
1576 5764 1733 5804 versu
1765 5747 2008 5804 asterisci

429 5831 612 5876 notum
647 5823 931 5893 ipsumque
962 5824 1182 5877 verbum
1212 5821 1434 5874 Alleluia
1463 5822 1736 5874 omittunt.

506 5897 528 5922 ο
558 5891 690 5946 Cum
721 5895 1007 5947 verouensi
1042 5910 1141 5947 ms.
1177 5893 1524 5961 Augustinus,
1559 5908 1726 5945 vocem
1759 5891 2010 5958 depreca-

435 5964 587 6018 tionis
631 5979 774 6020 mere.
825 5965 1084 6032 Quoniam
1117 5963 1421 6030 inclinavit,
1451 5971 1555 6036 etc.
1603 5963 1668 6018 Et
1715 5973 1835 6034 post
1877 5961 2014 6019 duos

2105 5043 2208 5088 ster
2232 5031 2523 5084 miseretur.
2557 5028 2623 5082 Et
2654 5028 2810 5098 paulo
2840 5039 2980 5099 post,
3013 5027 3319 5099 humiliatus
3345 5041 3484 5087 sum,
3510 5035 3557 5099 et
3583 5023 3698 5099 sal-

2107 5120 2226 5159 vum
2252 5119 2330 5156 me
2373 5101 2514 5170 fecit.
2547 5095 3032 5155 Posiremn’aulem
3081 5099 3230 5153 solus
3261 5095 3588 5152 Veronensis
3629 5096 3698 5170 _|i-

2109 5175 2230 5238 ber,
2262 5166 2521 5240 Quoniam
2542 5170 2772 5226 liberavit
2793 5171 3015 5225 animam
3038 5185 3201 5240 meum
3225 5170 3288 5223 de
3315 5178 3495 5240 morte,
3520 5166 3702 5220 oculos

2110 5236 2302 5300 mensa
2320 5247 2580 5314 lacrgntis,
2610 5253 2655 5297 et
2680 5243 2830 5314 pedes
2854 5258 2987 5294 meos
3009 5236 3212 5310 a'Tapsu
3237 5256 3256 5306 ;
3286 5236 3497 5311 placebo
3523 5254 3703 5293 coram

2112 5315 2339 5370 Domino
2357 5358 2370 5378 ,
2406 5326 2514 5369 etc.

2191 5392 2211 5429 τ
2255 5385 2601 5442 Carnuleusis
2633 5400 2732 5440 ms.
2768 5400 2875 5438 non
2906 5381 3036 5452 legit
3059 5397 3356 5452 pronomen
3387 5397 3527 5444 eum,
3559 5379 3706 5449 quod

2107 5467 2284 5513 tamen
2335 5460 2531 5512 retinet
2577 5455 2910 5511 Sorbnnicus
2951 5469 3074 5509 cum
3117 5453 3286 5510 edito.
3331 5453 3385 5507 In
3412 5454 3699 5507 codicibus

2111 5530 2321 5586 Latinis
2349 5528 2572 5583 Sunnia:
2619 5542 2681 5581 ac
2721 5527 2950 5581 Fretelm
2982 5541 3088 5580 non
3119 5542 3261 5591 cum,
3291 5524 3385 5580 sed
3413 5533 3482 5587 te,
3517 5524 3699 5591 serip-

2115 5613 2225 5657 tum
2258 5611 2394 5656 erat.
2438 5599 2491 5652 bl
2524 5614 2652 5654 vero
2683 5597 3018 5654 eradendum
3049 5609 3237 5654 mouet
3265 5604 3486 5652 sanctus
3515 5595 3710 5648 Hiero-

2116 5688 2326 5744 nymus.
2362 5671 2544 5726 MART.

2187 5752 2224 5796 8.
2244 5744 2436 5816 lterum
2466 5758 2586 5796 eum
2614 5741 2916 5816 Augustino
2947 5741 3275 5816 Veronensis
3306 5754 3436 5803 ms.,
3470 5735 3584 5806 Ego
3607 5750 3703 5816 att-

2117 5827 2215 5870 tem
2245 5815 2354 5868 dixi
2390 5815 2452 5887 in
2473 5815 2654 5870 ecstasi
2681 5805 2814 5887 mea.
2849 5814 2916 5868 Et
2944 5813 3244 5887 penultimo
3274 5825 3452 5887 versu,
3498 5805 3709 5887 sacri/i-

2118 5889 2242 5942 cabo
2280 5885 2594 5954 sacri/icium
2637 5886 2833 5940 laudis.
2878 5879 3119 5954 Denique
3162 5883 3310 5938 solus
3353 5879 3709 5945 Veronensis,

2123 5959 2259 6015 Vota
2291 5975 2401 6016 mea
2429 5957 2653 6016 Domino
2685 5974 2796 6015 meo
2831 5955 3069 6022 reddam,
3103 5965 3210 6010 etc.
