4090 6338
349 344 452 405 5i!

1649 329 1860 402 LIBER
1892 335 2337 396 PSALMORUM.

3550 339 3660 421 se

423 459 697 532 Castigans
725 455 992 531 castigavit
1023 473 1102 514 me
1133 453 1383 513 Dominus
1413 469 1433 513 :
1462 462 1509 513 et
1538 455 1688 511 morti
1725 471 1826 510 non
1851 464 1953 510 tra-
1981 459 2033 519 Λ
2129 454 2411 529 Castigans
2435 440 2721 530 castigavit
2771 470 2857 526 me
2883 455 3150 517 Dominus
3177 473 3190 515 :
3239 465 3297 518 et
3339 459 3501 518 morti
3549 474 3659 516 non

350 554 485 608 didit
512 569 612 608 me.

422 647 633 718 Aperite
681 645 805 700 milii
854 655 1030 719 portas
1063 644 1325 718 justitite,
1371 646 1634 716 ingressus
1680 652 1705 680 τι
1761 644 1813 698 in
1867 660 1951 699 eas

347 750 634 822 cor/i'ebor
659 749 922 818 Domino:
948 749 1056 804 Ittec
1079 757 1232 822 porta
1264 747 1473 802 Domini
1494 789 1507 813 ,
1525 748 1659 821 justi
1689 746 1952 804 intrabunt

344 847 401 900 in
427 863 562 899 eam.

423 937 718 1009 Conﬁtebor
738 940 830 995 tibi
855 982 870 1009 ,
912 939 1153 1011 quoniam
1176 937 1435 995 exaudiui
1479 953 1558 992 me
1583 952 1600 991 :
1626 947 1671 993 et
1701 941 1870 1011 factus
1899 954 1951 994 es

348 1031 478 1086 mihi
512 1035 563 1087 in
593 1034 836 1088 salutem.

420 1124 671 1198 Lapidem
693 1143 843 1198 quem
874 1126 1271 1199 reprobaverunt
1299 1125 1616 1196 aediﬁcantes
1649 1141 1668 1180 :
1705 1140 1742 1182 σί
1811 1125 1892 1180 llic
1923 1126 1944 1196 ζ

344 1221 518 1292 factus
547 1231 619 1276 est
647 1223 698 1275 in
729 1230 883 1294 eaput
910 1221 1113 1293 anguli.

420 1315 466 1371 A
497 1314 718 1370 Domino
746 1316 942 1387 factum
967 1322 1042 1370 est
1156 1313 1295 1370 istud
1321 1311 1344 1382 ζ
1367 1311 1394 1351 δ
1418 1320 1463 1368 et
1495 1320 1567 1368 est
1616 1311 1851 1368 mirabile
1896 1313 1951 1368 in

344 1412 516 1468 oculis
539 1411 755 1467 nostris.

418 1504 550 1560 "ccc
578 1504 809 1572 estdfes,
835 1520 986 1576 quam
1009 1503 1130 1577 fecit
1168 1501 1424 1561 Dominus
1470 1519 1490 1559 :

342 1596 584 1652 (tutentur
608 1598 661 1652 in
683 1616 745 1654 ea
769 1610 817 1655 ετ.

422 1689 468 1744 0
496 1688 719 1746 Domine
742 1735 757 1760 ,
805 1691 1004 1747 salvum
1049 1709 1128 1749 me
1171 1695 1297 1766 fac;
1346 1710 1375 1748 ο
1402 1692 1651 1761 Domine,
1677 1691 1801 1750 bene
1830 1708 1948 1764 pro-

339 1799 554 1853 sperare
577 1799 595 1838 :
624 1784 915 1840 benedictus
935 1787 1026 1857 qui
1051 1787 1182 1844 venit
1204 1788 1258 1842 in
1284 1789 1489 1843 nomine
1513 1785 1746 1843 Domini.

1539 1501 1856 1559 exsultemus
1899 1509 1948 1558 et

2060 551 2284 608 tradidit
2312 551 2420 609 md.

2126 647 2348 718 Aperite
2391 647 2526 704 mihi
2583 655 2768 722 portas
2817 649 3082 720 justititc,
3125 649 3408 721 ingressus
3449 649 3503 704 in
3560 663 3656 706 eas

2055 743 2355 800 conﬁtebor
2410 729 2554 816 [.Ms.
2611 743 2910 818 confitear]
2972 744 3202 800 Domino
3258 763 3271 799 :
3320 743 3441 800 iuno
3495 753 3652 815 porta

2055 836 2298 904 Domini,
2325 837 2453 906 justi
2489 837 2794 892 introihunt
2837 853 2932 908 per
2963 852 3082 893 eam
3112 840 3126 911 ι
3160 837 3263 893 Ms.
3296 837 3351 892 in
3377 853 3437 892 ea
3466 836 3506 910 ].

2126 929 2437 986 Conlilcbor
2463 930 2554 986 tibi
2577 975 2591 998 ,
2643 929 2872 986 Domine
2893 972 2906 997 ,
2938 930 3196 1002 quoniam
3227 929 3495 984 exaudisti
3529 944 3650 995 me;

2054 1030 2109 1079 et
2139 1023 2315 1078 factus
2340 1037 2399 1078 es
2431 1023 2563 1078 mihi
2600 1023 2654 1078 in
2686 1023 2937 1079 salutem.

2127 1116 2380 1188 Lapidem
2428 1133 2589 1188 quem
2637 1117 3068 1188 reprobaverunt
3121 1114 3456 1173 mdiﬂcantes
3508 1132 3520 1170 :
3565 1115 3654 1174 hic

2053 1212 2227 1269 factus
2257 1223 2339 1270 est
2361 1215 2413 1269 in
2445 1222 2608 1286 caput
2637 1213 2839 1283 anguli.

2127 1307 2169 1360 A
2205 1305 2433 1362 Domino
2481 1303 2500 1344 ί
2532 1304 2734 1362 lacuum
2765 1312 2848 1361 est
2877 1302 3062 1361 istud:
3096 1311 3153 1360 et
3191 1312 3277 1362 est
3324 1301 3574 1361 mirabile
3596 1301 3652 1361 in

2053 1399 2225 1456 oculis
2258 1400 2483 1457 nostris.

2125 1491 2252 1548 Haec
2301 1491 2418 1548 dics
2459 1505 2622 1565 quam
2665 1489 2794 1550 fecit
2821 1489 3130 1551 Dominus:
3172 1489 3512 1549 cxsultemus
3537 1528 3554 1562 ,
3597 1499 3656 1550 et

2053 1585 2301 1642 laetemur
2329 1584 2382 1641 in
2416 1601 2500 1642 ea.
2730 1591 2740 1600 ‘

2121 1677 2166 1734 Ο
2207 1675 2466 1747 Domine,
2493 1676 2700 1734 salvum
2733 1686 2758 1727 ε
2798 1691 2889 1735 me
2941 1675 3027 1734 fac
3071 1694 3084 1734 :
3118 1689 3152 1735 ο
3205 1674 3472 1746 Domine,
3512 1675 3655 1735 bene

2053 1785 2398 1842 prosperare.

414 1875 788 1934 Benediximus
813 1878 952 1934 vobis
978 1879 1042 1936 de
1062 1881 1215 1937 domo
1244 1879 1457 1938 Domini
1480 1897 1496 1935 :
1529 1880 1666 1938 Deus
1697 1879 1937 1939 Dominut

2121 1863 2450 1922 Benedictus
2497 1863 2591 1937 qui
2620 1864 2770 1922 venit
2818 1864 2874 1921 in
2922 1862 3143 1922 nomine
3196 1861 3450 1920 Domini:
3484 1861 3652 1920 bene-

340 1979 391 2024 et
419 1967 592 2024 illuxit
611 1968 777 2026 nobis.

414 2141 725 2201 Censtituite
757 2160 817 2203 -t—
847 2145 983 2204 client
1009 2147 1034 2218 ζ
1066 2149 1339 2207 solemnem
1366 2150 1418 2206 in
1441 2151 1710 2218 condensis
1740 2167 1759 2208 :
1791 2167 1946 2225 usque

334 2235 412 2290 ad
433 2252 594 2292 cornu
623 2238 824 2294 altaris.

417 2327 560 2386 Deus
591 2347 734 2386 meus
764 2348 825 2390 +
883 2349 935 2390 es
968 2333 1044 2405 ζα
1083 2343 1168 2406 tu,
1214 2344 1260 2393 et
1309 2336 1594 2410 oonﬁ.’ebor
1634 2336 1726 2394 tibi
1757 2353 1774 2394 :
1803 2335 1944 2394 Deus

337 2439 488 2478 meus
521 2439 575 2479 -ι-
613 2442 664 2479 es
692 2432 746 2478 tu
779 2425 801 2495 ζ
829 2435 874 2481 et
904 2428 1139 2484 exaltabo
1164 2438 1229 2484 te.

419 2531 480 2571 ὴ
513 2514 808 2588 Conﬁtebor
847 2520 962 2586 tibi,
1005 2505 1249 2593 quoniam
1289 2522 1548 2578 exaudisti
1588 2523 1716 2594 me:
1775 2539 1827 2582 ot
1893 2535 1942 2580 et

340 2614 523 2680 factus
550 2627 602 2666 cs
625 2612 751 2666 mihi
782 2614 833 2667 in
858 2613 1077 2670 salutem
1108 2617 1131 2686 ζ

414 2702 742 2771 Conﬁtemini
780 2703 1006 2762 Domino
1031 2752 1045 2777 ,
1077 2709 1318 2779 quoniam
1360 2710 1570 2767 bonus:
1606 2713 1849 2784 quoniam
1885 2712 1940 2766 in

335 2797 590 2855 saxulum
610 2796 969 2856 misericordia
997 2801 1129 2872 ejus.

2051 1957 2286 2015 diximus
2315 1957 2460 2031 [Με.
2489 1957 2899 2031 benedieimus]
2952 1969 3050 2014 vos
3077 1956 3146 2015 de
3175 1954 3338 2016 domo
3378 1956 3596 2016 Domini
3629 1973 3649 2012 :

2051 2053 2194 2110 Deus
2221 2052 2482 2109 Dominus
2514 2064 2568 2110 et
2589 2053 2770 2111 illuxit
2799 2052 2976 2135 nobis.

2120 2147 2442 2208 Constituite
2465 2147 2606 2206 diem
2629 2150 2926 2207 solemnem
2943 2147 2998 2206 in
3011 2142 3650 2221 confrequentationibus

2049 2257 2222 2316 usque
2253 2243 2322 2299 ad
2351 2257 2524 2299 cornu
2549 2241 2758 2299 altaris.
3257 2223 3268 2238 ’
3585 2241 3593 2251 ’

2123 2337 2268 2394 Deus
2298 2352 2450 2394 meus
2498 2352 2556 2394 es
2588 2345 2644 2393 tu
2663 2383 2678 2409 ,
2717 2344 2769 2394 et
2799 2335 3104 2409 conﬁtebor
3132 2332 3232 2393 tibi
3261 2351 3276 2393 :
3317 2333 3465 2394 Deus
3488 2345 3644 2392 meus

2047 2445 2106 2487 es
2132 2438 2189 2486 tu
2212 2472 2226 2496 ,
2255 2440 2307 2486 et
2335 2429 2588 2486 exaltabo
2618 2408 2690 2487 te.
2819 2408 2870 2436 ἀ’

2117 2522 2432 2580 Conlitebor
2481 2523 2609 2591 tibi,
2641 2521 2899 2590 Domine,
2929 2520 3184 2597 quoniam
3213 2519 3478 2578 cxaudisti
3509 2533 3596 2578 me
3631 2536 3647 2577 :

2048 2625 2102 2672 et
2131 2615 2303 2671 iactus
2330 2631 2389 2670 es
2422 2614 2556 2670 mihi
2585 2615 2641 2671 in
2670 2617 2923 2672 salutem.

2117 2706 2465 2766 Conlitcmini
2499 2708 2730 2765 Domino
2757 2754 2772 2779 ,
2824 2708 3084 2781 quoniam
3136 2707 3312 2768 bonus
3345 2722 3360 2766 :
3391 2706 3648 2782 quoniam

2052 2809 2103 2863 in
2132 2803 2389 2862 satculum
2421 2802 2792 2861 misericordia
2823 2794 2963 2874 ejus.

1650 2925 2014 2990 PSALMUS
2059 2923 2343 2992 CXVIII.

931 3040 992 3082 ’z—
1035 3041 1298 3103 ALLELDIA
1331 3027 1354 3097 ζ

421 3129 444 3157 ε
473 3119 673 3192 Aleph.
705 3119 868 3178 Beati
898 3119 1213 3176 inmaculati
1239 3122 1292 3176 in
1325 3121 1406 3178 via
1433 3138 1452 3180 :
1481 3121 1567 3193 qui
1593 3121 1858 3178 ambulant
1887 3121 1941 3178 in

341 3213 457 3284 lege
485 3211 719 3268 Domini.
1552 3200 1564 3214 ’

2707 3040 2993 3083 Αιιειυιλ.

2121 3121 2310 3193 Aleplt.
2357 3117 2508 3177 Beati
2537 3117 2871 3176 immaculati
2898 3119 2955 3176 in
2981 3116 3069 3176 via
3102 3136 3116 3177 :
3159 3117 3250 3192 qui
3278 3116 3559 3197 ambulant
3585 3117 3644 3176 in

2051 3215 2171 3287 lege
2204 3213 2442 3270 Domini.

414 3307 617 3377 Aicpit.
656 3305 806 3361 Beati
830 3306 918 3377 qui
943 3314 1240 3362 scrutantur
1261 3306 1550 3362 testimonia
1573 3307 1686 3378 ejus
1711 3323 1729 3363 :
1751 3308 1804 3363 in
1833 3315 1940 3364 toto
1971 3337 2016 3404 Ο
2123 3307 2312 3379 ᾼΙερΙι.
2357 3305 2510 3362 Beati
2547 3304 2640 3376 qui
2680 3312 2994 3362 scrutantur
3031 3303 3346 3364 testimonia
3375 3304 3496 3377 ejus
3528 3322 3544 3360 :
3585 3303 3645 3363 in

337 3401 503 3458 corde
524 3400 800 3472 exquirunt
823 3417 960 3456 eam.

416 3493 617 3563 Alclili.
673 3492 793 3561 Non
817 3494 949 3548 enim
969 3493 1058 3564 qui
1080 3502 1363 3566 aperantur
1384 3494 1744 3566 iniquitatem:
1767 3495 1821 3551 in
1848 3496 1942 3552 viis

341 3593 460 3662 ejus
493 3586 908 3642 autbulnvcrtmt.

413 3680 617 3751 Alcplr.
673 3679 749 3734 Tu
773 3678 1034 3735 mandasti
1061 3719 1076 3747 ,
1122 3679 1370 3735 mandata
1399 3687 1488 3736 tua
1519 3679 1768 3736 custodiri
1800 3679 1934 3754 [Με.

335 3773 632 3846 custodire]
671 3774 846 3830 nimis.

412 3868 610 3938 Alcplt.
651 3867 865 3923 Utinam
885 3868 1176 3942 dirigantur
1199 3867 1291 3924 via:
1313 3883 1462 3936 mete,
1482 3868 1550 3924 ad
1572 3867 1939 3925 custodiendas

335 3963 740 4033 iustiﬁcationes
769 3973 882 4018 tuas
897 3963 918 4016 .'

412 4057 613 4128 Aleph.
667 4056 809 4112 Tunc
841 4073 941 4112 non
969 4058 1264 4131 confundor
1313 4073 1333 4115 .°

336 4149 582 4205 omnibus
610 4149 870 4204 mandatis
911 4150 1034 4204 luis.

411 4239 613 4311 Aleph.
662 4239 956 4310 Con/itebor
993 4240 1085 4295 tibi
1125 4240 1178 4294 in
1211 4225 1494 4298 direcli'one
1523 4242 1698 4298 cordis
1741 4258 1760 4298 .'
1795 4243 1848 4298 in
1879 4259 1936 4300 eo

334 4335 485 4405 quod
513 4333 898 4405 didicijttdicia
915 4333 1141 4406 justitiw
1165 4341 1284 4389 tum.

410 4430 612 4506 Aleph.
661 4427 1079 4500 .lusti/icationes
1107 4439 1223 4486 tuas
1251 4429 1545 4486 custodiam
1568 4445 1586 4485 :
1609 4445 1714 4487 non
1743 4446 1824 4486 me
1849 4431 1940 4488 de-

333 4527 606 4596 relinquas
633 4540 1015 4595 usquequaque.

1379 4068 1496 4114 c‘um
1534 4073 1843 4132 perspexero
1885 4059 1938 4115 in

2052 3409 2166 3458 toto
2197 3399 2364 3458 corde
2388 3399 2684 3471 exquirunt
2707 3413 2854 3456 eum.

2121 3494 2310 3566 Alcplt.
2353 3493 2469 3550 Non
2499 3492 2643 3548 enim
2674 3491 2768 3564 qui
2807 3499 3105 3563 operantur
3143 3487 3488 3561 iniquitatem
3514 3535 3528 3562 ,
3577 3489 3635 3548 in

2050 3587 2154 3645 viis
2183 3587 2304 3658 ejus
2331 3584 2768 3642 ambulaverunt.

2117 3682 2304 3754 Alepn.
2349 3680 2433 3738 Tu
2457 3678 2484 3719 δ
2511 3676 2782 3738 mandasti
2800 3677 3056 3737 mandata
3082 3683 3197 3749 tua,
3228 3677 3480 3749 Domine,
3505 3690 3634 3738 cus-

2046 3778 2209 3837 todiri
2240 3777 2423 3834 nimis.

2119 3869 2306 3942 Aleplt.
2332 3867 2548 3926 Utinam
2562 3865 2978 3950 diriggnturviae
2999 3877 3156 3935 mete,
3172 3863 3242 3923 ad
3256 3862 3640 3925 custodiendas

2043 3961 2469 4035 iustiﬁcationes
2501 3961 2651 4017 tuas!

2118 4053 2306 4128 Aleph.
2356 4054 2509 4112 Tunc
2545 4068 2656 4110 non
2697 4050 3004 4111 confundat
3051 4068 3067 4111 :

2045 4151 2229 4206 omnia
2255 4148 2509 4205 mandata
2533 4155 2660 4204 tua:

2117 4244 2307 4317 Aleph.
2357 4241 2680 4316 Conﬁtebor
2729 4241 2823 4308 tibi
2851 4283 2867 4309 ,
2915 4240 3189 4310 Domine,
3233 4240 3288 4298 in
3331 4238 3638 4298 directione

2046 4340 2230 4396 cordis
2259 4356 2273 4401 :
2308 4339 2361 4395 in
2389 4354 2454 4396 eo
2479 4337 2622 4410 quod
2647 4336 2807 4394 didici
2828 4337 3034 4408 judicia
3053 4335 3278 4406 iustitia:
3309 4345 3438 4392 tute.

2119 4435 2304 4509 Atepu.
2361 4435 2792 4492 iustiﬁcationes
2834 4441 2956 4488 tuas
2994 4429 3298 4489 custodiam
3339 4447 3354 4486 :
3393 4445 3502 4488 non
3547 4446 3634 4488 me

2049 4529 2397 4602 derelinquas
2426 4541 2833 4601 usquequaque.

3113 4050 3244 4110 dum
3292 4048 3531 4124 respicio
3581 4049 3638 4108 in

412 4652 439 4679 ει
472 4643 644 4718 Minus
673 4640 764 4718 llic
802 4654 948 4698 reete
973 4639 1250 4718 Palatinus
1285 4657 1393 4718 ms.
1434 4651 1490 4698 et
1535 4642 1657 4700 Cari
1685 4643 1852 4700 editio
1879 4645 1932 4700 in
1960 4649 2012 4711 D
2037 4647 2241 4704 braeum
2264 4649 2315 4702 in
2339 4665 2460 4703 casu
2497 4647 2733 4702 muliebri
2759 4646 3001 4703 habere:
3031 4646 3203 4702 voluit
3229 4656 3358 4718 puto
3389 4645 3592 4702 dixisse
3615 4689 3632 4712 ,

331 4715 744 4786 praepositioni,
776 4730 896 4784 qua:
921 4721 976 4768 et
1016 4713 1070 4770 in
1098 4714 1323 4771 Hebraea
1365 4717 1498 4772 \‘oce
1545 4726 1629 4777 εει
1674 4726 1930 4786 resonat,

327 4789 557 4846 obelum
592 4786 897 4856 prmligunt.

409 4858 439 4898 ι)
470 4857 526 4911 In
548 4858 744 4914 eodem
787 4873 891 4912 ms.
933 4857 1026 4912 Itoc
1055 4866 1127 4912 est
1155 4857 1417 4923 mirabile,
1448 4868 1554 4915 etc.

413 4943 436 5001 ς
469 4931 717 4983 Alterum
745 4927 836 4984 hic
862 4927 1166 4996 Diapsalma
1193 4929 1334 4985 idem
1367 4946 1468 4986 ms.
1501 4931 1795 5001 subjuugit.

409 4999 437 5039 ά
468 5001 646 5071 Ipsum
673 5010 728 5054 tu
759 5015 1052 5070 pronomen
1080 5001 1312 5056 Palatia.
1345 5018 1447 5057 ms.
1476 4999 1632 5059 obolo
1664 4999 1937 5060 transier-

333 5076 495 5130 berat
519 5092 532 5126 :
559 5073 864 5127 econtrario
892 5073 1066 5127 Carus
1088 5072 1262 5143 ipsum
1303 5073 1371 5128 ab
1401 5090 1468 5129 co
1499 5077 1686 5130 eximit.
1715 5079 1935 5132 verbum

330 5145 760 5200 sultstanlivnm.
792 5143 1152 5214 Subsequenti
1196 5145 1413 5215 gemino
1460 5145 1586 5202 huic
1633 5147 1751 5204 loco
1783 5149 1937 5204 Pala-

333 5219 488 5272 tinus
519 5217 690 5287 ipsam
733 5225 778 5269 et
809 5217 1059 5286 copulam
1092 5217 1433 5287 ὀϐελισμένοις
1464 5219 1690 5274 includit
1716 5238 1730 5274 :
1761 5220 1934 5276 Carus

334 5290 538 5345 iterum
583 5289 896 5344 econtrarin
933 5287 1153 5342 voculas
1183 5304 1234 5341 es
1260 5301 1333 5352 tu,
1365 5299 1628 5356 prmnotut
1650 5293 1930 5346 asterisco.

335 5362 583 5427 Denique
621 5376 687 5415 ex
719 5359 1026 5427 insequenti
1081 5375 1240 5414 versu
1295 5362 1475 5428 priora
1523 5371 1725 5416 tantum
1769 5363 1932 5420 verba

333 5432 638 5502 Conﬁtebor
659 5431 772 5496 tibi,
813 5431 953 5486 idem
985 5445 1088 5484 ms.
1117 5429 1346 5500 jugulat.

415 5513 439 5540 ο
497 5504 714 5567 Semel,
749 5503 927 5571 primo
965 5503 1164 5570 cuique
1208 5503 1478 5558 versiculo
1521 5519 1673 5570 eam,
1722 5520 1789 5560 ex
1832 5521 1937 5572 qua

327 5576 493 5646 juxta
539 5574 786 5646 ordinem
821 5574 1124 5646 inchoatur
1171 5573 1422 5646 llebraici
1468 5575 1745 5646 alphabcli
1791 5578 1937 5634 litte-

331 5645 454 5718 ram
477 5664 628 5718 ,7ms.
666 5645 939 5718 Palatinus
969 5645 1260 5718 pra-ponit.
1374 5717 1377 5718 ν
1529 5645 1535 5646 “
1757 5710 1764 5718 ι

417 5717 433 5755 τ
475 5715 800 5772 Yerbncusis
831 5717 998 5783 liber,
1031 5716 1202 5784 [actus
1243 5725 1317 5770 est
1365 5717 1498 5772 iste:
1545 5719 1674 5773 olim
1719 5715 1837 5776 deat
1885 5729 1940 5775 et

331 5802 511 5859 penes
540 5788 894 5860 AugttStinum
914 5827 931 5854 ,
959 5789 1128 5855 factus
1157 5796 1230 5842 est
1261 5789 1337 5853 is;
1369 5805 1542 5855 nunc,
1574 5791 1740 5860 [actus
1763 5801 1835 5844 est
1867 5792 1937 5845 ei.

335 5861 489 5916 Satis
539 5871 718 5915 autem
777 5869 1113 5930 opportuno,
1169 5870 1331 5929 atque
1371 5877 1430 5916 re
1485 5879 1578 5917 sua
1611 5863 1941 5918 existimavit

335 5931 590 5994 l’saltcrii
653 5931 980 5990 Veronensis
1035 5930 1208 5995 Cdthi‘
1260 5931 1461 5991 docere
1494 5975 1510 6005 ,
1570 5945 1776 6008 textum
1837 5935 1944 5990 ilc-

2047 4737 2228 4793 genere
2255 4721 2522 4791 feminino.
2551 4719 2676 4793 ASed
2719 4719 3028 4793 nequehoc
3054 4718 3230 4793 ipsum
3270 4727 3452 4793 nostra
3480 4718 3636 4793 quid:

2047 4789 2206 4861 quam
2239 4789 2460 4846 interest
2487 4790 2657 4854 seire,
2689 4805 2756 4844 ac
2785 4789 2916 4844 nihil
2949 4805 3110 4861 porro
3135 4789 3314 4845 minus
3338 4790 3405 4844 ad
3432 4789 3635 4861 laudati

2047 4859 2247 4919 codicis
2278 4863 2564 4918 lectionem
2613 4859 2962 4918 asserendam
2993 4861 3270 4916 conducit.
3302 4859 3555 4929 Sequitur
3581 4860 3634 4914 in

2047 4949 2112 4989 eo
2141 4951 2239 4988 ms.
2265 4952 2278 4988 :
2312 4933 2411 4987 llic
2440 4943 2514 4988 est
2535 4934 2642 4990 dies
2668 4950 2819 5004 quem
2839 4934 2957 5005 fecit
2984 4932 3268 5005 Dominus;
3297 4930 3634 4999 exsultemus,

2047 5017 2093 5060 et
2125 5007 2463 5070 iocundemur
2492 5007 2543 5060 in
2567 5023 2654 5073 co,
2684 5003 2855 5061 ferme
2881 5019 3005 5061 cum
3035 5003 3361 5074 Augustino.

2119 5088 2144 5124 κ
2177 5077 2324 5134 Idem
2351 5094 2483 5143 ms.,
2519 5079 2562 5133 Ο
2590 5076 2831 5146 Domine,
2855 5078 3050 5131 salvum
3082 5072 3164 5146 [ιιό
3194 5090 3311 5128 rero
3337 5089 3355 5128 :
3379 5072 3636 5146 tumjun-

2039 5159 2129 5205 cto
2161 5151 2500 5216 Augustino:
2531 5166 2560 5204 ο
2593 5145 2847 5214 Domine,
2879 5161 3127 5220 prospera
3173 5146 3268 5220 iter
3295 5161 3434 5220 uero.
3463 5145 3585 5201 Mox
3617 5187 3635 5213 ,

2040 5237 2150 5276 uno
2171 5222 2378 5277 scilicet
2401 5223 2718 5290 interposito
2739 5216 2918 5285 versu,
2949 5217 3255 5290 Constituite
3281 5216 3417 5290 diem
3443 5221 3633 5290 festum

2038 5294 2090 5347 in
2114 5287 2614 5365 frequentationibus
2638 5307 2794 5365 usque
2817 5290 2894 5365 ad»
2914 5305 3108 5342 cornua
3150 5287 3332 5343 altaris
3361 5305 3378 5343 :
3403 5299 3457 5365 et
3482 5288 3636 5365 insc-

2036 5361 2252 5435 quentis
2279 5366 2452 5420 altero
2474 5361 2838 5435 hemistichio,
2857 5361 2996 5435 Deus
3026 5376 3188 5429 meus,
3215 5370 3266 5415 et
3299 5361 3536 5416 exaltabo
3565 5371 3636 5420 te.

2040 5431 2235 5492 lterum
2258 5452 2326 5491 ex
2355 5444 2504 5506 parte
2525 5449 2646 5488 cum
2675 5431 2998 5502 Augustino.

2109 5507 2138 5546 ¹ι
2179 5508 2299 5562 Pari
2341 5503 2609 5562 consensu
2658 5507 2986 5574 Augustinus
3024 5513 3080 5559 et
3115 5503 3416 5560 Veronens.
3449 5503 3588 5560 liber
3611 5546 3628 5568 ,

2041 5579 2119 5634 Tn
2145 5578 2428 5650 prtecrpisti
2450 5577 2696 5650 mandata
2720 5587 2815 5650 tua
2829 5576 3078 5630 custodiri
3105 5576 3256 5650 nimis
3278 5592 3297 5629 :
3322 5586 3434 5631 tum
3458 5576 3629 5650 altero

2039 5653 2108 5703 ait
2138 5652 2239 5703 hoc
2268 5647 2448 5712 versu,
2484 5650 2608 5701 dum
2636 5648 2851 5719 inspicio
2874 5687 2889 5711 ,
2925 5662 3020 5717 pro
3047 5648 3266 5719 respicio
3289 5690 3302 5713 ,
3335 5658 3498 5716 atque.
3524 5647 3635 5700 alio

2041 5722 2370 5791 insequenti,
2406 5720 2456 5773 in
2486 5737 2544 5773 eo
2565 5761 2578 5784 ,
2608 5736 2723 5773 cum
2752 5718 3032 5788 (August.,
3061 5718 3221 5791 quod)
3251 5719 3522 5791 didicerim
3539 5723 3636 5790 ju-

2043 5789 2429 5864 dicidjustitiw
2462 5803 2594 5857 tute,
2621 5791 3024 5864 justi/icationes
3055 5789 3168 5845 tuas
3198 5789 3487 5864 custodiam
3509 5789 3550 5864 ,ς
3575 5806 3638 5841 ne

2044 5861 2369 5937 derelinquas
2397 5881 2472 5916 me
2493 5861 2650 5937 usque
2674 5863 2839 5937 valde.
2863 5862 2888 5916 1
2900 5881 2932 5917 n
2952 5881 3051 5936 quo
3074 5863 3287 5936 corrigit
3301 5861 3482 5937 junior
3503 5861 3640 5916 viam

2045 5939 2228 5992 suum?
2257 5936 2306 5990 in
2340 5934 2683 5994 custodiendo
2712 5936 2864 5996 verba
2896 5934 3008 5992 tua.
