4090 6338
474 398 585 460 διδ

1503 391 1563 448 8.
1608 388 1990 447 lllERONYMI
2029 385 2261 446 DIVINA
2302 386 2781 448 BIBLIDTIIECA.

3684 395 3788 456 5H

552 517 712 576 Betlt.
762 515 830 574 In
860 534 963 590 quo
989 513 1200 587 corrigit
1231 511 1607 570 adolescentior
1630 511 1766 566 viam
1793 509 1989 564 suam?
2027 509 2082 564 in
2110 509 2165 572 Α
2261 509 2415 565 Betti.
2463 512 2520 568 In
2543 525 2653 583 quo
2681 510 2910 584 corrigit
2928 511 3184 584 iuvenior
3213 512 3354 571 viam
3377 513 3558 572 suam?
3586 512 3642 572 in
3671 529 3789 573 cus-

483 612 824 669 custodiendo
855 612 1123 666 sermones
1161 617 1300 665 tuos.

556 709 710 765 Betli.
764 705 833 761 In
862 714 970 760 toto
995 705 1150 760 corde
1177 719 1288 758 meo
1315 699 1569 772 exquisivi
1597 708 1645 754 te
1669 715 1688 753 :
1721 714 1784 754 ne
1815 697 1936 771 [Ms.
1961 693 2087 768 non]

489 801 712 874 repellas
739 816 820 854 me
848 817 879 852 a
910 797 1171 854 mandatis
1200 797 1322 852 tuis.

554 893 715 950 Betb.
764 891 832 948 In
859 891 1014 948 corde
1039 907 1150 950 meo
1175 888 1423 948 abscondi
1451 885 1664 956 eloquia
1690 892 1782 939 tua
1823 898 1841 936 :
1886 891 1942 938 ut
1982 898 2086 938 non

527 1005 698 1046 eceem
733 988 847 1043 tibi.

527 1008 698 1046 eccem
733 1008 847 1043 ιιυι.

487 1008 522 1061 p
553 1083 713 1139 Betb.
741 1081 1052 1139 Benedictus
1075 1093 1149 1144 es,
1175 1072 1394 1132 Domine
1417 1071 1581 1128 :doee
1599 1085 1678 1127 me
1688 1069 2091 1141 justiﬁcationes

491 1190 633 1233 tuas.

553 1272 712 1329 Betb.
768 1270 837 1327 In
883 1268 1035 1327 labiis
1071 1263 1197 1321 meis
1225 1305 1238 1331 ,
1290 1257 1629 1334 pronuntiavi
1671 1257 1848 1313 omnia
1881 1256 2092 1330 judicia

486 1367 591 1422 oris
644 1365 740 1420 tui.
1849 1411 1858 1416 _

559 1458 718 1516 Bctb.
754 1454 821 1511 In
851 1457 936 1510 via
968 1448 1382 1508 testimoniorum
1411 1455 1616 1502 tuorum
1636 1447 1925 1503 delectatus
1951 1462 2087 1517 sum,

487 1554 621 1608 sicut
651 1552 704 1606 in
735 1549 974 1606 omnibus
1008 1545 1226 1599 divitiis.

556 1644 739 1719 Betb._
766 1641 835 1697 In
881 1637 1140 1696 mandatis
1181 1637 1282 1693 tuis
1321 1637 1597 1693 exercebar
1621 1651 1640 1692 :
1668 1643 1716 1690 et
1759 1633 2094 1691 considerabo

530 1738 603 1791 ias
630 1744 768 1791 tuas.

545 1754 574 1790 a
630 1754 768 1791 tuas.

491 1754 720 1883 “lictis.
769 1823 837 1879 In
856 1818 1326 1898 justi/icationibus
1357 1820 1460 1876 tuis
1487 1817 1804 1874 meditabor:
1827 1833 1932 1874 non
1969 1817 2095 1876 obli-

502 1924 670 1977 t'iscar
699 1934 960 1976 sermones
987 1926 1125 1973 tuos.

565 2013 768 2070 Gimel.
820 2026 877 2067 σθ
915 2009 992 2064 Re
1027 2009 1049 2077 ζ
1085 2006 1253 2063 tribue
1286 2020 1432 2062 servo
1475 2012 1566 2060 tuo
1589 2044 1605 2072 ,
1656 2005 1860 2076 vivi/ica
1886 2021 1966 2061 me
1993 2021 2013 2062 :
2041 2014 2092 2062 et

492 2106 786 2162 custodiam
816 2116 1082 2158 sermones
1113 2109 1252 2155 tuos.
1585 2163 1592 2166 _

562 2199 761 2256 Gimel.
790 2197 980 2254 Revela
1003 2193 1181 2249 oculos
1204 2208 1346 2247 meos
1365 2208 1383 2248 :
1405 2199 1454 2248 et
1473 2189 1813 2247 considerabo
1833 2191 2095 2248 mirabilia

493 2295 558 2350 de
588 2296 700 2364 lege
738 2301 852 2348 tua.

564 2386 764 2443 Gituel.
814 2384 1000 2440 lncola
1028 2398 1124 2456 ego
1152 2398 1268 2437 sum
1298 2382 1354 2437 in
1390 2389 1529 2436 terra
1551 2395 1571 2436 :
1613 2397 1714 2436 non
1745 2381 2037 2437 abscondas
2066 2399 2100 2438 a

493 2497 574 2536 me
600 2479 854 2535 mandata
885 2487 996 2532 tua.

567 2571 764 2628 Gimel.
816 2567 1122 2641 Concupirit
1155 2566 1330 2622 anima
1359 2580 1474 2621 mea
1500 2563 1799 2622 desiderare
1833 2566 2100 2640 justi/ica-

495 2665 659 2720 tiones
687 2673 804 2719 tuas
825 2704 840 2731 ,
871 2665 926 2718 in
955 2662 1098 2718 omni
1126 2670 1374 2733 tempore.

567 2758 770 2816 Gimel.
809 2756 1106 2829 lucrepasti
1127 2755 1418 2830 superbos:
1442 2755 1706 2812 maledicti
1725 2757 1816 2828 qui
1835 2757 2100 2817 declinant

496 2871 530 2908 a
560 2851 823 2907 mandatis
853 2851 980 2906 tuis.

567 2946 770 3004 Gimel.
797 2946 961 3016 Aufer
982 2961 1014 2998 a
1034 2961 1116 3000 me
1137 2943 1474 3016 Opprobrium
1493 2951 1543 3000 et
1565 2951 1954 3017 contemptum:
1972 2947 2102 3018 quia

495 3040 788 3095 testimonia
817 3047 911 3092 tua
947 3037 1221 3109 ex7uisivi.

568 3129 767 3188 Gimel.
813 3129 1020 3183 Etenim
1047 3129 1294 3184 sederunt
1317 3128 1600 3201 principes,
1631 3139 1659 3167 α
1691 3143 1754 3184 +
1783 3138 1833 3185 et
1866 3130 1890 3199 ξ
1920 3132 2100 3187 adrer-

496 3241 613 3280 sum
638 3240 720 3278 me
744 3222 1083 3293 loquebantur
1107 3239 1125 3278 :
1152 3239 1327 3278 servus
1353 3233 1524 3277 autem
1549 3235 1664 3278 tuus
1691 3223 2022 3280 exercebatur
2046 3226 2100 3281 in

491 3314 961 3386 justiﬁcationibus
991 3314 1115 3369 tuis.

570 3407 768 3464 Gimel.
818 3407 959 3462 Nam
988 3416 1036 3462 et
1069 3407 1366 3462 testimonia
1404 3416 1497 3464 tua
1538 3407 1808 3464 meditatio
1833 3425 1948 3464 mea
1979 3419 2054 3466 est
2077 3426 2098 3467 :

503 3514 565 3554 -εκ
590 3508 636 3554 et
667 3499 688 3567 ζ
713 3499 987 3554 consilium
1013 3515 1183 3554 meum
1199 3499 1609 3572 justiﬁcationes
1632 3510 1756 3556 tum.

572 3591 786 3648 Daletb.
833 3592 1064 3648 Adhaesit
1089 3593 1381 3662 pavimento
1405 3594 1582 3648 anima
1609 3610 1722 3648 mea
1747 3611 1766 3650 :
1793 3595 1992 3666 viui/ica
2021 3614 2101 3655 me

497 3686 781 3740 secundum
806 3685 1016 3740 uerbum
1044 3694 1210 3742 tuum.

573 3782 784 3838 Dalctb.
843 3781 965 3838 Vias
992 3799 1132 3838 meas
1161 3783 1447 3851 enuntiatri,
1475 3790 1526 3839 et
1552 3784 1812 3840 exaudisti
1835 3801 1913 3841 me
1934 3802 1952 3841 :
1975 3785 2100 3842 doce

498 3891 579 3930 me
596 3877 1001 3947 justi/icationes
1029 3887 1166 3934 tuas.

573 3967 789 4024 Daletb.
850 3969 1004 4023 Viam
1026 3971 1473 4043 justi/icationum
1503 3981 1707 4028 tuarum
1736 3973 1933 4030 instrue
1975 3990 2097 4031 me:

502 4063 848 4137 erexercebor
875 4064 930 4118 in
953 4064 1272 4120 ntirabilibns
1296 4066 1414 4121 tuis.

575 4282 873 4365 “UO‘aelus
916 4284 1224 4357 Antiquarii
1268 4285 1558 4343 oscitantia
1606 4287 1656 4343 in
1687 4287 1935 4344 Palatino
1985 4301 2086 4344 ms.

497 4363 792 4408 omittitur.

571 4423 598 4463 ι)
640 4427 931 4494 Augustin.
960 4436 1016 4484 et
1037 4427 1340 4484 Veruncus.
1373 4431 1512 4485 liber
1539 4432 1820 4492 enuntiari.
1854 4441 1909 4485 ct
1939 4445 2088 4495 mox,

489 4496 960 4572 jocundtrtttssmn,
981 4514 1078 4569 pro
1099 4501 1410 4568 delectatus;
1433 4501 1720 4572 antiquat'ii
1744 4514 1922 4557 autem
1951 4503 2089 4556 vitio

498 4568 699 4621 desunt
727 4568 780 4622 in
813 4568 1104 4626 Veronensi
1131 4587 1234 4626 ms.
1257 4575 1417 4627 verba
1440 4568 1638 4627 sicutin
1661 4574 1916 4627 omnibus.
1951 4575 2088 4628 Tum

498 4639 746 4715 sequitur
774 4656 896 4715 cum
924 4646 1244 4712 Augustino,
1277 4647 1530 4715 garriam,
1580 4660 1677 4708 pro
1714 4662 1793 4700 me
1822 4646 2087 4700 exercebo.

2197 601 2455 660 todiendo
2483 619 2766 663 sermones
2795 613 2936 662 tuos.

2267 694 2419 752 Betti.
2475 696 2532 753 ln
2567 705 2681 753 toto
2709 698 2878 755 corde
2906 713 3028 756 meo
3051 699 3317 772 exquisivi
3342 708 3394 758 te
3421 719 3432 756 :
3465 717 3534 758 ne
3557 701 3792 774 repellas

2197 804 2284 844 me
2313 803 2344 844 a
2371 789 2646 846 mandatis
2673 791 2782 847 tuis
2811 807 2826 848 :

2267 882 2420 938 Betti.
2465 883 2525 940 ιη
2553 883 2721 943 corde
2751 897 2876 942 meo
2906 883 3170 942 abscondi
3197 883 3412 957 eloquia
3437 893 3525 942 tua
3550 903 3567 946 :
3603 897 3658 944 ut
3685 904 3795 947 non

2094 1007 2102 1016 -
2197 991 2420 1048 peccem
2451 977 2568 1034 tibi.

2266 1068 2422 1124 Betti.
2482 1067 2812 1127 Benedictus
2839 1083 2919 1139 es,
2955 1068 3188 1126 Domine
3215 1087 3227 1125 :
3258 1069 3394 1129 doce
3424 1087 3514 1131 me
3532 1070 3797 1146 iustiﬁca-

2199 1159 2378 1218 tiones
2405 1170 2547 1218 tuas.

2269 1257 2422 1315 Betti.
2465 1257 2524 1315 In
2555 1255 2716 1315 labiis
2748 1258 2912 1326 meis,
2945 1255 2974 1300 δ
3003 1257 3351 1331 pronuntiavi
3382 1259 3566 1317 omnia
3588 1259 3796 1332 judicia

2198 1351 2311 1407 oris
2338 1349 2440 1406 tui.

2270 1446 2422 1503 Betti.
2448 1445 2504 1502 In
2528 1445 2616 1502 via
2638 1443 3079 1503 testimoniorum
3101 1453 3315 1502 tuorum
3331 1443 3631 1503 delectatus
3651 1461 3796 1515 sum,

2198 1540 2341 1598 sicut
2370 1541 2423 1596 in
2452 1539 2711 1596 omnibus
2733 1538 2963 1595 divitiis.

2271 1633 2426 1690 Betti.
2479 1633 2536 1689 In
2569 1633 2846 1690 mandatis
2877 1632 2981 1690 tuis
3011 1647 3100 1689 me
3125 1631 3431 1690 exercebo:
3462 1639 3521 1691 et
3547 1635 3801 1692 conside-

2199 1726 2335 1784 rabo
2357 1727 2471 1784 vias
2493 1736 2637 1782 tuas.

2278 1818 2431 1874 Betti.
2483 1818 2540 1874 lu
2588 1817 2695 1874 tuis
2741 1816 3230 1889 justiticationibus
3277 1816 3590 1876 meditabor
3634 1836 3646 1875 :
3691 1834 3800 1878 non

2123 1910 2173 1972 Β
2197 1912 2493 1971 obliviscar
2517 1927 2804 1968 sermones
2836 1919 2982 1968 tuos.

2267 2006 2462 2064 Gimel.
2512 2005 2778 2064 Retribue
2804 2020 2969 2063 servo
2996 2015 3112 2076 tuo,
3141 1995 3320 2064 vivam
3353 2023 3370 2068 :
3400 2014 3454 2065 et
3481 2006 3788 2064 custodiam

2210 2115 2498 2160 sermones
2536 2109 2679 2158 ιυοε.

2269 2195 2462 2251 Gimel.
2515 2194 2716 2251 Revela
2761 2194 2949 2252 oculos
2989 2209 3144 2252 meos
3174 2209 3190 2251 :
3218 2203 3276 2252 ct
3300 2195 3661 2254 considerabo
3692 2199 3800 2255 mi-

2209 2288 2406 2345 rabilia
2432 2286 2502 2344 de
2527 2287 2646 2358 lege
2673 2296 2785 2344 tua.

2273 2382 2462 2438 (.‘imcl.
2516 2392 2538 2422 ε
2569 2381 2748 2438 lncola
2781 2397 2881 2454 ego
2910 2397 3031 2439 smn
3060 2381 3113 2438 in
3144 2390 3289 2440 terra
3314 2399 3328 2439 :
3355 2399 3463 2442 non
3491 2383 3800 2444 abscondas

2199 2491 2230 2534 a
2261 2492 2347 2532 me
2375 2474 2628 2532 mandata
2660 2484 2770 2532 tua.

2273 2566 2466 2625 (.‘imel.
2513 2567 2834 2638 Concupivit
2878 2567 3060 2624 anima
3091 2583 3208 2625 mea
3236 2566 3556 2628 desiderare
3586 2569 3794 2642 justiti-

2200 2661 2445 2719 cationes
2466 2669 2615 2731 tuas,
2646 2661 2699 2717 in
2728 2660 2876 2718 omni
2902 2672 3169 2733 tempore.

2273 2751 2464 2810 Cimet.
2508 2752 2807 2824 lncrepasti
2849 2753 3117 2826 superbos
3146 2771 3162 2810 :
3193 2753 3468 2812 maledicti
3494 2755 3586 2828 qui
3627 2754 3802 2814 decli-

2201 2857 2334 2903 nant
2359 2861 2389 2901 a
2414 2846 2687 2904 mandatis
2714 2846 2845 2902 tuis.

2277 2939 2466 2996 Gimel.
2521 2939 2692 2996 Aufer
2721 2956 2750 2994 a
2780 2954 2868 2997 me
2899 2939 3255 3013 Opprobrium
3290 2951 3347 3000 et
3376 2951 3754 3016 contemptum
3787 2961 3802 2998 :

2204 3035 2331 3108 quia
2363 3035 2673 3092 testimonia
2699 3045 2790 3091 tua
2823 3035 3113 3108 exquisivi.
3285 3045 3288 3050 '

2279 3126 2466 3182 Gimcl.
2515 3126 2733 3184 Etenim
2771 3126 3034 3184 sederunt
3077 3129 3351 3200 principes
3377 3171 3392 3196 ,
3441 3137 3501 3186 et
3537 3129 3804 3186 adversus

2207 3235 2294 3276 me
2323 3219 2687 3292 loquebantur
2719 3238 2732 3275 :
2764 3235 2954 3277 servus
2989 3229 3170 3277 autem
3201 3232 3324 3279 tuus
3353 3223 3714 3280 exercebatur
3740 3222 3796 3278 in

2124 3298 2172 3362 C
2208 3314 2314 3368 tuis
2335 3312 2838 3384 iustiﬁcationibus.

2274 3403 2464 3461 Gimel.
2520 3404 2654 3461 Nam
2678 3414 2733 3461 et
2759 3404 3066 3462 testimonia
3093 3412 3186 3462 tua
3216 3405 3497 3464 meditatio
3525 3423 3643 3465 mea
3665 3418 3753 3466 est
3782 3426 3799 3466 :

2201 3509 2256 3557 et
2283 3497 2589 3556 consolatio
2613 3513 2733 3556 mea
2755 3497 3176 3570 iustiﬁcationes
3197 3505 3308 3556 tua:
3330 3509 3480 3555 sunt.

2277 3592 2492 3649 Daletlt.
2543 3593 2786 3650 Adhaesit
2811 3593 3122 3665 pavimento
3157 3591 3336 3650 anima
3367 3609 3531 3652 mea:
3574 3593 3793 3652 viviﬁca

2206 3700 2293 3742 me
2320 3684 2620 3742 secundum
2643 3684 2870 3742 verbum
2901 3694 3078 3742 tuum.

2277 3778 2492 3836 Daletlt.
2545 3779 2671 3836 Vias
2699 3779 2727 3818 ά
2759 3795 2909 3836 meas
2933 3779 3211 3837 cnuntiavi
3235 3821 3250 3850 ,
3283 3788 3339 3836 et
3364 3780 3634 3838 exaudisti
3665 3798 3752 3838 me
3783 3800 3799 3838 :

2208 3871 2344 3928 doce
2369 3886 2458 3927 me
2482 3871 2907 3942 justiticationes
2933 3881 3074 3928 tuas.

2277 3959 2490 4018 Daleth.
2517 3960 2670 4018 Viam
2687 3962 3136 4034 justillcationum
3161 3972 3374 4021 tuarum
3398 3962 3614 4024 insinua
3641 3965 3794 4022 mibi:

2207 4068 2263 4117 et
2289 4056 2586 4116 exercebor
2617 4057 2672 4112 in
2697 4057 3040 4115 mirabilibus
3068 4060 3200 4116 tuis.

2199 4296 2248 4342 et
2275 4285 2494 4359 consilia
2525 4294 2635 4350 tua,
2662 4284 2974 4359 justiﬁcatio
2997 4301 3132 4359 mea.
3159 4284 3419 4359 Adlttesit,
3444 4295 3576 4351 etc.,
3603 4289 3800 4359 quibus

2199 4357 2452 4416 omnibus
2479 4358 2614 4411 locis
2640 4359 2707 4411 ab
2735 4357 3126 4427 Augustittiana
3157 4357 3391 4414 lectione
3412 4357 3641 4417 abludit.

2270 4427 2298 4468 ά
2339 4427 2670 4500 Veronensis
2706 4427 2996 4500 ms.,Vius
3021 4437 3142 4500 tuas
3177 4443 3196 4481 :
3243 4427 3295 4483 in
3327 4446 3486 4500 quem
3523 4431 3702 4488 locum
3734 4434 3799 4491 S.

2201 4501 2558 4573 Augustinus,
2593 4496 2849 4573 Nonnulli
2869 4497 3328 4573 quidem,_inqu_it,
3345 4496 3559 4558 codices
3582 4505 3797 4572 habent,

2201 4569 2315 4629 vias
2343 4583 2462 4627 tuas
2492 4587 2506 4624 :
2539 4571 2628 4625 sed
2659 4570 2864 4643 plures,
2884 4569 2946 4624 et
2981 4571 3202 4643 inaaime
3228 4569 3399 4627 Graeci
3417 4615 3432 4639 ,
3462 4575 3578 4629 vias
3619 4569 3797 4632 meas.

2201 4645 2308 4701 Sed
2356 4655 2410 4698 et
2447 4657 2569 4712 qua:
2609 4641 2910 4716 sequuntur
2937 4681 2953 4706 ,
3000 4641 3331 4716 dissentiunt
3355 4645 3423 4699 ab
3450 4647 3751 4716 Augustino
3781 4690 3795 4711 .

499 4704 840 4792 Deniqnenln
853 4704 1459 4792 justi/icationibustuis
1485 4704 1810 4792 meditabor:
1837 4734 1938 4770 non
1967 4717 2096 4771 obli—
2128 4704 2176 4765 D
2199 4717 2430 4792 garriant
2450 4704 2479 4774 .’
2499 4727 2596 4782 pro
2626 4704 2899 4792 είιξὶτςεὺον
2920 4704 2947 4777 ,⁷
2969 4721 3131 4782 atque
3160 4713 3339 4792 altero
3363 4716 3432 4792 a_b
3458 4704 3564 4792 hoc
3585 4704 3796 4792 versa;

495 4782 705 4858 uiscar_(
740 4783 1036 4858 ver-nitens.
1086 4800 1189 4840 ms.
1240 4785 1617 4858 obliviscebor)
1665 4791 1934 4842 verborum
1979 4799 2098 4841 tuo-

495 4867 635 4906 rum.
656 4852 1045 4931 Retrjibueservo
1073 4867 1183 4923 tuo,
1216 4866 1268 4910 ut
1293 4852 1608 4930 (Augustin.
1626 4868 1681 4914 ut
1710 4862 1878 4931 tacet)
1904 4861 2090 4928 vivam,

495 4932 544 4977 ct
575 4924 844 4978 custodibo
874 4928 1022 4980 verba
1051 4937 1161 4982 tua.

572 4994 695 5072 c_ln
722 4995 1023 5072 Veronensi
1055 5014 1158 5072 ms.
1182 4998 1512 5070 lnquilinus,
1545 5017 1645 5071 pro
1672 4999 1863 5058 lncola
1887 5019 1906 5057 :
1927 5017 2088 5072 quam

495 5064 801 5141 lectionem
832 5071 948 5137 ipse
995 5070 1182 5126 laudat
1218 5064 1561 5141 Augustinus
1599 5073 1757 5127 initio
1815 5064 2088 5129 sermonis

492 5139 670 5214 octavi
702 5137 758 5192 in
791 5137 1358 5214 lmncpsalmiunslbi
1391 5160 1403 5196 :
1436 5143 1616 5199 lncola
1647 5159 1749 5214 ego
1783 5160 1900 5200 sum
1926 5186 1940 5211 ,
1971 5155 2079 5201 etc.

489 5207 595 5286 sive
620 5251 635 5273 ,
669 5220 722 5262 ut
749 5207 989 5286 nonnulli
1019 5215 1222 5286 codices
1252 5213 1466 5286 habent,
1496 5207 1801 5286 inquilinus
1826 5207 1936 5286 ego
1958 5230 2076 5270 sum

485 5277 540 5330 in
591 5288 756 5363 terra.
788 5283 940 5363 Qnod
964 5284 1234 5363 enint_est_
1255 5286 1309 5363 in
1355 5285 1558 5363 (irwco,
1578 5277 1889 5363 ’πάροικος,”
1913 5286 2080 5363 aliqui

485 5351 672 5426 nostri,
707 5352 1001 5426 inquilinus
1023 5397 1038 5420 ,
1068 5355 1234 5426 aliqui
1264 5357 1437 5411 incola
1463 5402 1476 5424 ,
1507 5351 1897 5424 nonnumquam
1921 5351 2079 5413 etiam

485 5420 697 5475 advena
742 5425 1068 5491 interpretati
1117 5420 1258 5481 sunt.
1303 5420 1565 5498 Sequitur
1610 5446 1712 5484 non
1741 5420 2074 5497 abscondas,

485 5500 623 5567 etc.,
655 5498 1074 5567 quainuegandi
1105 5499 1426 5567 particulam
1455 5499 1787 5556 Veronensis
1823 5502 2074 5556 l’salterii

484 5563 666 5639 editor
696 5565 862 5639 tacuit
885 5607 899 5630 ,
920 5563 1152 5624 'lectore
1179 5587 1246 5624 ne
1291 5571 1458 5626 verbo
1497 5571 1716 5639 quidem
1774 5573 2072 5627 admonito.

479 5631 792 5716 Insequenti
826 5653 987 5716 versu
1019 5639 1160 5716 idem
1196 5657 1298 5696 ms.
1326 5683 1343 5716 _.
1385 5631 1683 5716 desiderare
1704 5643 1910 5716 judicia
1937 5655 2026 5698 tua
2051 5689 2064 5707 .

479 5715 613 5785 etc.,
647 5717 808 5777 atque
837 5710 1009 5785 altera
1035 5711 1104 5767 al)
1129 5712 1230 5785 hoc
1253 5753 1265 5773 .
1301 5714 1465 5779 Aufer
1490 5732 1524 5768 a
1553 5733 1630 5768 me
1659 5710 1991 5785 opprobrium
2021 5728 2067 5772 et

479 5777 795 5844 despectum.
824 5783 1070 5849 quoniam
1095 5777 1422 5848 testimonia,
1456 5797 1586 5849 etc.,
1621 5777 1906 5842 ac'tlcindc
1929 5830 1940 5847 .
1974 5789 2069 5842 ad-

475 5863 654 5928 uersus
678 5867 758 5928 me
782 5855 1264 5928 sermocinabamur
1288 5872 1304 5907 :
1325 5872 1508 5928 servus
1535 5867 1703 5912 autem
1729 5869 1844 5913 tuus
1868 5861 2068 5928 garrie-

475 5918 559 5973 bat
589 5920 641 5973 in
659 5923 1121 5992 justi/icationibtts
1152 5927 1274 5980 tuis.
1316 5926 1519 5982 Etenim
1560 5918 1891 5999 testimonia:
1927 5941 2060 5999 etc.,

2205 4784 2291 4843 ilbi
2319 4788 2543 4852 dicitur,
2576 4794 2624 4838 et
2655 4785 2720 4837 de
2751 4784 2859 4856 lege
2886 4794 2997 4851 tua,
3032 4795 3142 4839 etc.
3166 4784 3302 4840 Tum
3330 4788 3556 4843 inferius
3582 4789 3685 4844 sub
3711 4789 3799 4845 Ile

2197 4861 2404 4923 littera,
2437 4856 2622 4927 Legem
2649 4865 2818 4909 statue
2848 4856 2978 4908 mihi
3004 4897 3019 4922 ,
3061 4856 3312 4930 gemine,
3343 4859 3397 4912 in
3421 4860 3501 4914 via
3530 4861 3798 4930 iustiﬁca-

2195 4934 2396 4987 tionum
2439 4940 2648 4982 tuarum
2671 4967 2708 5003 ,_
2726 4936 2773 4980 et
2807 4943 3031 5003 quierant
3060 4927 3153 4981 illa
3181 4928 3318 4998 (pro
3348 4930 3530 5002 illam)
3567 4927 3789 5003 semper.

2193 5003 2330 5058 Tum
2357 5043 2372 5067 ,
2414 4998 2782 5072 prrserutabor
2809 4998 2969 5072 legem
2998 5009 3141 5052 tuarn
3163 5040 3178 5064 ,
3222 5008 3272 5072 et
3294 4998 3560 5056 custodibo
3596 4998 3746 5056 illam
3772 5044 3790 5070 ,

2190 5083 2321 5144 etc.,
2347 5070 2554 5144 ac'post
2576 5070 2956 5144 intermedium
2979 5084 3221 5132 versum.
3250 5070 3457 5127 lnctina
3480 5091 3568 5128 cor
3591 5089 3788 5139 meum,

2188 5141 2375 5201 etc.’et
2403 5158 2522 5214 non
2540 5141 2594 5194 in
2618 5141 3038 5200 emolumentum.
3074 5156 3171 5210 pro
3197 5144 3470 5214 avaritiam
3497 5161 3515 5199 :
3539 5160 3702 5214 quam
3735 5157 3794 5200 et

2192 5211 2554 5287 Hipponensis
2576 5213 2867 5283 episcopus
2893 5214 3179 5287 lectionem
3205 5213 3407 5287 Ian-lat,
3429 5218 3518 5270 “hi
3540 5211 3790 5272 arma...

2187 5285 2573 5360 ctjrinologiam
2605 5287 2934 5360 investigatis
2958 5285 3101 5360 ,tali
3122 5325 3138 5352 ,
3175 5286 3350 5360 inquit
3373 5329 3385 5349 .
3416 5288 3604 5342 (ἔνωεο
3633 5287 3790 5342 verbo

2185 5357 2447 5432 appellat,
2477 5373 2510 5432 a
2533 5372 2636 5432 quo
2662 5359 2825 5428 possit
2848 5357 3068 5427 intelligi
3097 5357 3352 5432 generalis
3379 5361 3642 5432 avaritia_,
3683 5376 3790 5429 qua

2183 5429 2303 5502 plus
2329 5431 2524 5502 appetit
2547 5430 2793 5500 quisque,
2821 5445 2980 5500 quant
3010 5437 3088 5502 snt
3128 5437 3224 5492 est,
3257 5429 3402 5502 πλέον
3431 5433 3567 5484 enim
3593 5429 3787 5502 La_tine

2177 5499 2296 5572 plus
2323 5499 2397 5558 est
2426 5519 2445 5557 :
2467 5505 2567 5568 ἕξις
2593 5499 2809 5554 Ιιςιυὶιυς
2840 5511 2938 5567 est,
2969 5500 3033 5552 ab
3059 5515 3118 5572 eo
3139 5501 3278 5569 quod
3301 5513 3376 5556 est
3400 5499 3788 5572 ltaberenErgo

2181 5571 2212 5646 rt
2239 5575 2356 5646 plus
2381 5574 2619 5646 habenth
2646 5574 2907 5646 appellata
2938 5581 3011 5626 est
3045 5571 3308 5646 nissum
3333 5613 3348 5634 ,
3396 5590 3555 5646 quam
3602 5571 3786 5626 Latini

2181 5644 2207 5697 Ι
2216 5641 2498 5716 nterpretes
2525 5645 2576 5699 in
2599 5641 2699 5695 hoc
2727 5644 2838 5697 loco
2863 5641 3100 5716 nonnulli
3127 5643 3454 5716 interpretati
3481 5655 3603 5696 sunt
3626 5659 3783 5696 cinn—

2177 5715 2476 5772 lnmentum
2504 5760 2518 5783 ,
2563 5717 2776 5783 quidam
2818 5731 2935 5769 vero
2965 5715 3297 5778 utilitatem,
3344 5715 3434 5768 sed
3477 5716 3660 5768 melius
3691 5716 3785 5782 qui

2175 5792 2481 5844 avaritiam.
2530 5790 2785 5856 Sequitur
2831 5788 2882 5841 in
2928 5785 3117 5838 codice
3159 5785 3511 5851 Veronensi,
3561 5785 3781 5841 Circum

2173 5865 2324 5930 aufer
2356 5860 2690 5931 opprobrium
2720 5873 2889 5931 meum
2912 5873 2930 5910 :
2966 5871 3091 5912 mox
3123 5873 3247 5931 cunt
3283 5858 3592 5931 Augustino
3621 5901 3634 5923 ,
3675 5860 3778 5929 ju-

2173 5929 2314 5989 αἰσία
2342 5929 2475 5988 enim
2505 5943 2596 5986 tua
2623 5930 2832 6000 suavia,
2869 5937 2954 5999 ut,
2989 5931 3041 5982 in
3077 5936 3166 5983 tua
3196 5929 3404 5994 iustitia
3433 5929 3637 5998 vivi/ica
3670 5944 3773 5983 me.
