4090 6338
252 387 368 447 515

1549 389 1754 448 LIBER
1794 391 2241 452 PSALMORUM.

3453 399 3560 458 546

329 504 544 562 Daietb.
577 504 891 561 Dormitavit
917 505 1094 562 aninta
1120 521 1231 561 utea
1255 521 1362 579 pra:
1388 505 1585 563 taedio:
1609 508 1860 578 conﬁrma
1888 516 1942 576 Α
2038 508 2252 565 Daleth.
2306 509 2632 568 Dormitavit
2659 510 2840 569 anima
2883 526 3004 570 mea
3045 525 3157 586 prae
3184 514 3344 572 tzedio
3374 534 3385 570 :
3428 531 3560 574 con-

254 616 338 655 me
368 601 420 653 in
449 599 618 655 verbis
657 601 782 655 tuis.

333 691 548 749 Dalctb.
610 691 758 746 Viam
798 690 1084 763 iniquitatis
1111 708 1290 748 amove
1311 709 1341 746 a
1364 709 1444 748 me
1475 709 1492 747 :
1521 702 1570 749 ct
1597 701 1622 730 α
1653 693 1716 748 de
1745 692 1857 766 lege

255 795 349 839 tua
372 787 613 840 miserere
635 783 755 838 mei.

329 878 547 935 Daletb.
606 876 758 933 Viam
785 877 1018 934 veritatis
1048 877 1179 951 elegi
1210 894 1228 933 :
1250 877 1454 951 judicia
1487 887 1578 933 tua
1609 894 1710 935 non
1745 893 1862 934 sum

253 971 474 1028 oblitus.

327 1067 550 1124 Dalctb.
593 1068 804 1126 Adltwsi
833 1067 1137 1125 testimoniis
1186 1068 1311 1138 tuis,
1344 1068 1570 1126 Domine
1592 1085 1613 1126 :
1642 1068 1751 1125 noli
1783 1087 1861 1126 me

256 1167 609 1236 confundere.

327 1258 549 1316 Dalctb.
603 1258 756 1315 Viam
799 1261 1163 1318 mandatorum
1203 1270 1415 1317 tuorunt
1459 1261 1713 1317 cucurri:
1740 1276 1861 1315 cum

251 1352 495 1408 dilatasti
519 1369 611 1408 cor
635 1370 824 1410 meum.

326 1445 429 1502 lle.
475 1445 668 1519 Legem
708 1462 843 1518 pone
871 1446 1028 1513 mihi,
1059 1445 1283 1501 Domine
1307 1487 1322 1513 ,
1353 1445 1488 1500 viam
1523 1443 1862 1517 justiﬁcatio-

251 1556 381 1594 nam
407 1549 618 1594 tuorum
645 1556 664 1595 ἔ
696 1550 743 1595 ει
774 1541 1048 1612 exquiram
1071 1555 1185 1594 eam
1207 1554 1428 1610 semper.

324 1632 430 1688 lle.
481 1629 567 1687 Da
593 1632 722 1686 mihi
748 1633 1087 1698 intellectum,
1119 1641 1166 1687 et
1188 1633 1459 1686 scrutabor
1484 1631 1647 1703 legem
1675 1639 1814 1686 tuam
1839 1644 1860 1686 :

251 1734 298 1782 et
334 1727 626 1782 custodiam
657 1726 807 1781 illam
834 1726 889 1781 in
914 1737 1020 1780 toto
1042 1727 1198 1780 corde
1225 1739 1279 1780 -ε-
1313 1739 1425 1779 meo
1455 1723 1476 1792 ζ

325 1821 432 1878 lle.
479 1820 665 1877 Deduc
703 1838 785 1876 me
818 1821 875 1876 in
915 1821 1152 1878 semitam
1192 1819 1562 1875 mandatorum
1606 1829 1859 1874 tuorum:

246 1915 378 1986 quia
407 1917 576 1987 ipsam
616 1915 780 1969 volui.

325 2007 428 2063 lle.
483 2005 691 2062 Inclina
719 2023 999 2063 cornicum
1023 2007 1078 2062 in
1104 2007 1402 2062 testimonia
1431 2014 1520 2061 tua
1543 2047 1558 2075 ,
1591 2016 1640 2061 et
1669 2022 1773 2062 non
1800 2007 1856 2062 in

247 2099 548 2153 avaritiam.

324 2193 426 2250 ile.
478 2195 660 2248 Averte
683 2191 864 2248 oculos
887 2206 1023 2248 meos
1048 2208 1112 2248 ne
1131 2191 1336 2249 rideant
1362 2191 1640 2248 vanitatem
1663 2206 1681 2245 :
1703 2190 1756 2246 in
1780 2191 1861 2245 via

247 2297 343 2342 tua
371 2289 575 2356 vivi/ica
613 2305 712 2342 me.

323 2381 428 2438 lle.
481 2379 669 2437 Statue
712 2395 859 2436 servo
901 2387 991 2435 tuo
1041 2379 1306 2451 eloquium
1341 2388 1529 2448 tuum,
1577 2377 1632 2432 in
1677 2376 1860 2432 timore

247 2486 371 2532 tuo.

323 2571 429 2627 lle.
485 2570 714 2640 Amputa
744 2569 1084 2644 approbrium
1117 2584 1325 2638 meum,
1371 2569 1514 2640 quod
1561 2569 1857 2643 suspicatus

244 2678 413 2718 sum:
443 2665 567 2735 quia
583 2663 793 2736 judicia
823 2673 913 2717 tua
932 2662 1200 2736 jucunda.

322 2755 428 2811 lle.
460 2755 594 2812 Ecce
637 2757 910 2829 concupiui
952 2756 1200 2812 mandata
1239 2765 1328 2811 tua
1355 2771 1375 2812 :
1406 2755 1460 2812 in
1487 2757 1729 2829 wquitate
1767 2767 1859 2814 tua

244 2849 460 2919 vivi/ica
486 2867 588 2904 me.

324 2941 467 2998 ναν.
501 2940 571 2996 Et
592 2943 762 2998 veniat
785 2959 940 3013 super
962 2959 1042 2998 me
1065 2943 1423 3000 misericordia
1453 2952 1564 3010 tua,
1590 2942 1811 3000 Domine
1831 2960 1851 3001 .'

243 3035 486 3092 salutare
511 3045 661 3091 tuum
684 3037 974 3093 secundum
1003 3039 1264 3110 eloquium
1294 3043 1488 3095 tunm.‘

327 3127 466 3184 Vav.
496 3125 567 3182 Et
609 3129 932 3199 respondebo
971 3130 1403 3202 exprobrantibus
1433 3131 1560 3185 milii
1609 3131 1856 3189 verbum:

245 3222 375 3291 quia
399 3222 600 3293 speravi
631 3221 685 3276 in
711 3223 1031 3278 sermonibus
1057 3224 1180 3279 tuis.

1967 603 2120 658 lirma
2149 619 2236 660 me
2265 603 2318 659 in
2352 603 2538 660 verbis
2569 605 2696 661 tuis.

2036 695 2244 752 Daletlt.
2295 697 2445 754 Viam
2475 698 2780 771 iniquitatis
2803 715 2998 759 amove
3021 716 3052 758 a
3080 717 3167 760 me
3193 720 3205 757 :
3230 712 3285 761 ct
3311 704 3429 776 lege
3458 715 3547 764 tua

1965 807 2035 846 1111
2071 807 2226 847 ρι’ρῐθ
2266 807 2394 848 met.
3194 819 3200 824 '

2039 885 2254 947 Datetlt.
2280 885 2437 945 Viam
2468 889 2714 947 veritatis
2734 890 2876 964 elegi
2907 911 2918 945 :
2943 890 3147 964 judicia
3175 901 3262 948 tua
3291 906 3400 948 non
3431 907 3555 948 sum

1963 978 2186 1036 oblitus.
2837 975 2844 982 ’

2037 1071 2251 1129 Datetlt.
2280 1071 2500 1131 Adlttnsi
2528 1075 2853 1134 testimoniis
2879 1076 3008 1148 tuis,
3042 1077 3270 1136 Domine
3295 1096 3309 1134 :
3333 1077 3445 1135 noli
3470 1093 3559 1136 me

1963 1166 2324 1224 confundere.

2036 1257 2247 1316 Daletlt.
2297 1259 2394 1316 Via
2425 1261 2808 1319 mandatorum
2851 1271 3067 1320 tuorum
3094 1264 3308 1321 cucurri
3351 1281 3367 1320 :

1965 1350 2093 1423 [.lls.
2123 1351 2268 1424 cum]
2297 1351 2553 1411 dilatares
2579 1370 2674 1410 cor
2703 1371 2908 1412 meum.

2041 1444 2140 1500 lle.
2194 1445 2391 1518 Legem
2423 1463 2566 1519 pone
2595 1448 2768 1518 mibi,
2807 1449 3068 1518 Domine,
3112 1450 3255 1512 viam
3291 1449 3558 1522 iustiﬁca-

1965 1538 2174 1596 tionnm
2205 1549 2422 1598 tuarum
2455 1559 2467 1595 :
2507 1551 2564 1599 et
2589 1544 2868 1614 exquiram
2895 1559 3018 1601 eam
3055 1556 3297 1617 semper.

2036 1633 2141 1690 lle.
2169 1634 2246 1690 Da
2267 1635 2399 1692 milii
2423 1635 2783 1703 intellectum,
2801 1648 2857 1694 et
2875 1639 3166 1695 scrutabor
3187 1639 3363 1710 legem
3387 1649 3556 1696 tuam:

1961 1736 2018 1785 ct
2047 1729 2350 1784 custodiam
2379 1729 2526 1785 illam
2559 1731 2611 1786 in
2643 1741 2754 1785 toto
2785 1731 2950 1789 corde
2981 1748 3126 1789 meo.

2035 1820 2139 1878 lle.
2173 1821 2358 1878 Dcdnc
2385 1837 2472 1878 me
2499 1820 2554 1876 in
2585 1824 2839 1879 semitam
2871 1824 3000 1896 Ws.
3029 1824 3249 1898 semita]
3277 1823 3561 1881 mandato-

3423 1264 3555 1322 dum

1891 1916 1933 1978 Β
1962 1931 2082 1972 rum
2115 1925 2330 1971 tuorum
2360 1932 2374 1970 :
2405 1916 2530 1986 quia
2560 1917 2730 1988 ipsam
2765 1917 2894 1991 [Μδ.
2926 1921 3182 1989 quoniam
3210 1918 3352 1992 cant]
3388 1920 3555 1974 volui.

2037 2010 2142 2067 He.
2196 2009 2401 2069 lnclina
2433 2025 2530 2068 cor
2555 2026 2739 2068 meum
2773 2009 2830 2069 in
2865 2012 3180 2070 testimonia
3211 2021 3300 2068 tua
3323 2055 3339 2082 ,
3369 2023 3425 2068 et
3450 2029 3560 2068 non

1967 2103 2022 2160 in
2049 2102 2353 2158 avaritiam.

2037 2197 2142 2252 lle.
2176 2199 2382 2254 Averte
2411 2195 2600 2254 oculos
2630 2209 2783 2253 meos
2808 2239 2824 2267 ,
2869 2211 2940 2254 ne
2965 2195 3194 2254 videant
3217 2195 3554 2254 vanitatem:

1971 2291 2026 2349 in
2056 2291 2144 2346 via
2186 2299 2276 2346 tua
2301 2290 2514 2346 vivilica
2545 2304 2654 2346 me.

2039 2383 2143 2442 lle.
2191 2383 2382 2441 Statue
2409 2397 2570 2441 servo
2599 2392 2692 2439 tuo
2715 2380 2996 2454 eloquium
3026 2391 3176 2438 tuum
3200 2423 3215 2450 ,
3262 2381 3319 2438 in
3359 2381 3556 2438 timore

1966 2485 2078 2533 tuo.

2041 2568 2140 2624 lle.
2188 2571 2424 2640 Amputa
2453 2568 2808 2641 opprobrium
2834 2582 3038 2637 meum,
3068 2567 3214 2640 quod
3243 2566 3556 2639 suspicatus

1964 2680 2085 2721 sum
2116 2681 2130 2719 :
2160 2663 2362 2735 judicia
2394 2663 2540 2719 enim
2576 2671 2668 2717 tua
2691 2660 2950 2733 jucunda.

2037 2757 2141 2812 Ile.
2167 2757 2312 2815 Ecce
2339 2755 2627 2828 concupivi
2653 2755 2908 2812 mandata
2940 2764 3029 2812 tua
3057 2771 3072 2810 :
3103 2755 3154 2812 in
3189 2753 3449 2826 aequitate
3471 2763 3561 2811 tua

1963 2853 2172 2910 vis-ilico
2198 2869 2306 2910 me.

2044 2946 2173 3002 Var.
2206 2957 2228 2986 ο
2260 2944 2330 3001 Et
2355 2943 2541 3001 veniat
2569 2957 2734 3014 super
2761 2959 2850 3000 me
2875 2942 3253 3000 misericordia
3291 2951 3380 2998 tua
3409 2983 3424 3009 ,
3457 2942 3559 2997 lio-

1964 3039 2110 3096 mioe
2138 3058 2153 3096 :
2185 3039 2428 3095 salutare
2458 3047 2610 3093 tuum
2635 3037 2930 3093 secundum
2960 3037 3238 3107 eloquium
3272 3045 3447 3090 tuum.

2044 3134 2172 3190 Vav.
2200 3134 2267 3189 Et
2285 3133 2626 3204 respondebo
2649 3132 3108 3203 exprobrantibus
3138 3129 3274 3187 mibi
3297 3129 3556 3186 verbum:

1964 3229 2089 3301 quia
2115 3228 2332 3300 speravi
2361 3227 2416 3282 in
2439 3225 2790 3284 sermonibus
2819 3225 2949 3282 tuis.

325 3314 468 3370 Var.
505 3312 574 3369 Et
599 3330 662 3369 ne
691 3315 906 3386 auferas
930 3315 994 3369 de
1033 3333 1121 3371 ore
1145 3331 1259 3372 meo
1293 3316 1499 3372 verbum
1525 3318 1754 3375 veritatis
1775 3337 1861 3376 us-
1888 3323 1935 3387 ο
2043 3321 2176 3376 Vav.
2224 3321 2294 3376 Et
2321 3336 2390 3376 ne
2430 3318 2646 3376 auferas
2673 3319 2742 3375 de
2770 3333 2868 3374 ore
2899 3333 3023 3374 meo
3054 3316 3279 3374 verbum
3312 3315 3560 3376 veritatis

245 3421 597 3479 quequaque:
625 3406 751 3476 quia
779 3408 832 3460 in
851 3408 1073 3480 judiciis
1099 3409 1202 3463 tuis
1231 3411 1618 3480 supersperavi.

327 3499 464 3554 Vav.
497 3497 567 3552 Et
594 3499 886 3554 custodiam
927 3500 1094 3573 legem
1122 3511 1261 3556 tuam
1285 3518 1486 3573 semper
1516 3503 1570 3557 in
1609 3504 1859 3559 steculnm

245 3601 295 3648 et
330 3590 389 3646 it
413 3589 668 3647 steculum
687 3591 891 3646 swculi.

328 3685 464 3740 Vav.
497 3682 567 3738 Et
616 3685 944 3740 ambulabant
990 3685 1044 3752 in
1094 3684 1374 3742 latitudine
1403 3703 1420 3740 :
1447 3688 1572 3758 quia
1610 3688 1859 3744 mandata

244 3790 344 3834 tua
371 3776 398 3817 δ
429 3779 700 3848 exquisivi.

329 3872 463 3927 Vav.
494 3871 561 3926 Et
606 3872 855 3945 loquebar
899 3873 966 3928 de
1005 3873 1313 3930 testimoniis
1350 3875 1451 3930 tuis
1484 3877 1537 3931 in
1574 3890 1854 3950 conspectu
1897 3933 1902 3939 .

247 3983 436 4037 regum
460 3981 479 4020 :
509 3975 556 4020 et
586 3982 690 4020 non
717 3965 1092 4036 COilfuildtbllr.

327 4061 464 4116 Vav.
491 4058 560 4114 Et
585 4059 873 4115 meditabar
899 4060 952 4136 in
976 4061 1236 4116 mandatis
1265 4061 1402 4118 tuis:
1428 4077 1542 4135 qua:
1565 4062 1746 4118 dilexi.

322 4352 354 4380 ιι
400 4338 620 4394 Rectius
650 4338 714 4393 de
745 4337 1188 4408 praepositionem
1236 4338 1466 4393 Palatio.
1511 4353 1614 4394 ms.
1658 4346 1845 4404 tacet,

243 4429 377 4483 quae
416 4426 592 4483 neque
642 4409 696 4464 iit
749 4408 981 4466 Hebr-.130
1021 4419 1127 4479 est,
1175 4425 1350 4482 neque
1398 4411 1450 4464 in
1491 4409 1683 4466 Grazco
1731 4413 1850 4482 ipso

250 4498 559 4610 1ρῖιιῢικξιο
607 4561 879 4621 praenatat
920 4551 1204 4610 Palatinus
1250 4569 1354 4609 ms.
1406 4554 1849 4624 praepositionem

240 4628 405 4683 verbi
429 4624 702 4695 exquisivi.
729 4624 1094 4695 Sttbseqnenti
1129 4641 1285 4680 versu
1310 4627 1364 4680 in
1398 4626 1721 4692 testimoniis,
1753 4641 1850 4694 pro

242 4703 313 4755 de
366 4696 664 4752 testimoniis
721 4695 886 4765 legit,
939 4698 1119 4752 denuo
1175 4701 1377 4752 rectius
1429 4699 1498 4751 ad
1559 4698 1849 4753 Hebraeum

1962 3427 2348 3485 usquequaque
2375 3429 2386 3466 :
2417 3413 2540 3483 quia
2571 3411 2626 3466 in
2652 3409 2869 3481 iudiciis
2897 3410 3004 3466 tuis
3027 3408 3268 3480 speravi.

2041 3506 2171 3561 γαν.
2202 3504 2270 3561 Et
2305 3503 2610 3561 custodiam
2655 3502 2834 3573 legem
2867 3512 3013 3560 tuam
3039 3517 3273 3574 semper,
3305 3501 3358 3557 in
3401 3509 3560 3558 mter-

1963 3615 2090 3655 num
2121 3608 2175 3655 et
2205 3598 2260 3653 in
2289 3597 2546 3652 saeculum
2574 3596 2786 3650 smculi.

2043 3691 2172 3746 Vati.
2201 3691 2268 3746 Et
2295 3689 2635 3746 ambulabatn
2667 3689 2720 3744 in
2751 3688 3034 3746 latitudine
3078 3706 3092 3745 :

1964 3793 2052 3839 tua
2081 3782 2369 3855 exquisivi.

2044 3874 2167 3931 Vtw.
2199 3876 2264 3933 Et
2296 3875 2557 3947 loquebar
2582 3873 2652 3930 de
2683 3873 3012 3931 testimoniis
3043 3872 3149 3929 tuis
3178 3871 3232 3927 in
3263 3877 3558 3942 ςοιιευρειιι

1961 3985 2149 4040 regum
2179 3986 2193 4023 :
2226 3977 2281 4024 et
2305 3984 2413 4023 non
2439 3967 2834 4024 cculttmlcbnr.

2041 4063 2170 4118 Vav.
2204 4063 2272 4119 Et
2299 4062 2598 4120 meditabar
2637 4062 2689 4118 in
2719 4057 2991 4134 mandatis
3047 4058 3192 4113 tuis:
3221 4069 3341 4126 qua:
3391 4053 3561 4111 dilexi

1962 4155 1990 4198 ἀ
2018 4157 2200 4213 nimis.

3137 3687 3262 3759 quia
3292 3685 3548 3743 mandata

1959 4334 2012 4390 in
2037 4336 2194 4406 epist.
2246 4334 2313 4390 ad
2361 4334 2624 4392 Sunniam
2657 4341 2712 4390 et
2749 4331 3018 4406 Fretelam
3073 4330 3142 4384 ad
3193 4344 3315 4385 eum
3347 4329 3552 4406 locum.

1957 4401 2214 4462 Notatunt
2264 4418 2320 4462 ct
2365 4419 2558 4462 sancto
2605 4404 2928 4475 Augustino,
2975 4417 3208 4475 quocum
3261 4401 3556 4475 omnium“

1959 4480 2222 4534 baetenus
2251 4489 2460 4548 partem
2487 4471 2791 4534 Veronens.
2828 4493 2932 4548 ms.
2962 4471 3124 4548 fecit,
3146 4471 3443 4548 lVonnullos
3463 4489 3561 4548 _co-

1959 4551 2096 4604 dices
2126 4541 2310 4605 habere
2335 4551 2387 4604 in
2409 4560 2625 4619 utroque
2651 4564 2820 4613 versu,
2844 4547 3008 4601 dilexi
3045 4545 3343 4619 v:i|de,_aut
3395 4541 3562 4619 velte-

1959 4631 2172 4678 tuenter
2199 4641 2211 4675 :
2234 4623 2364 4675 sicut
2410 4615 2732 4687 interpretari
2785 4619 3011 4687 placuit,
3050 4619 3188 4688 quod
3214 4617 3396 4688 (ἑταῖρε
3426 4615 3559 4688 dici-

1960 4704 2044 4771 tur
2071 4693 2291 4771 σφόδρς.
2316 4686 2642 4771 Addendum
2667 4686 2810 4762 quod
2860 4701 2912 4744 et
2943 4686 3176 4771 garriam
3203 4687 3330 4771 (leg_.
3348 4686 3559 4771 ,μανι-ἰσ-

240 4780 474 4856 ΤΠᾝΩ
492 4780 651 4840 atque
678 4755 1130 4837 ipsutn'Grtecnnt
1158 4770 1209 4823 ἐν
1230 4777 1336 4830 τοῖς
1367 4772 1693 4845 μαρτυρίοις.
1729 4769 1854 4824 Mox
1884 4770 1930 4831 D
1958 4764 2095 4856 bam)
2115 4755 2344 4856 'p‘ricl'ert
2375 4765 2514 4856 idem
2557 4755 2796 4856 ιιιεκὶιιόΙ
2819 4755 3090 4856 exerceb'qr
3126 4775 3144 4814 :
3180 4755 3550 4856 ttondit-erunt

243 4871 304 4921 in
340 4864 544 4931 futuro,
575 4873 625 4918 et
651 4863 966 4930 meditabor,
998 4871 1132 4927 tttm,
1160 4872 1208 4918 et
1241 4863 1532 4926 exercebar,
1558 4879 1656 4933 pro
1683 4865 1851 4917 medi-

245 4939 428 5002 tabar,
451 4946 505 4991 et
530 4937 836 4991 exercebar.
865 4935 1089 4989 Demnm
1111 4937 1415 5004 insequenti
1443 4949 1604 4990 versu
1633 4933 1852 4990 obelum

247 5021 386 5063 ante
413 5007 488 5062 tui
513 5022 818 5078 pronomen
849 5021 947 5077 per
974 5007 1179 5062 librarii
1212 5007 1556 5061 oscitantiam
1615 5015 1850 5076 practer-

244 5081 444 5136 mittit.

325 5157 351 5183 ε
381 5149 550 5204 Tacet
574 5148 913 5204 Veronensis
945 5163 1048 5203 ms.
1101 5149 1170 5203 Et
1221 5147 1495 5219 copulam,
1526 5158 1714 5204 contra
1740 5149 1853 5206 Au-

243 5222 455 5290 gustini
483 5221 776 5276 lectionem
805 5221 1078 5289 talemque
1103 5219 1434 5275 sententiam
1468 5239 1479 5274 :
1538 5219 1659 5275 Non
1710 5223 1847 5276 enim

241 5299 346 5359 ait,
378 5293 558 5347 veniat
587 5307 752 5362 super
781 5306 899 5358 me;
923 5292 1011 5345 sed
1033 5293 1129 5361 ait,
1156 5292 1225 5347 Et
1256 5293 1457 5357 veniat,
1494 5301 1604 5346 etc.
1648 5292 1848 5348 Subsc-

243 5365 436 5437 qncnti
467 5379 623 5418 versu
653 5363 823 5437 idem
875 5377 1003 5437 ms,
1050 5365 1408 5432 respondeant.
1442 5370 1579 5427 ctc.,
1607 5365 1850 5437 quoniam

241 5434 454 5509 speravi
476 5437 528 5489 in
559 5435 720 5490 verbis
742 5434 870 5509 suis.
904 5435 968 5488 ιςι
992 5450 1059 5509 ne
1077 5438 1283 5509 auferas
1313 5451 1374 5509 9.1:
1397 5450 1483 5509 ore
1512 5450 1621 5509 meo
1647 5436 1850 5509 verbum

245 5507 480 5563 veritatis
507 5524 665 5574 atque
683 5507 837 5561 valde
858 5521 877 5560 :
901 5507 1150 5577 quoniam
1174 5507 1225 5560 in
1249 5507 1466 5577 jndiciis
1496 5507 1597 5558 tuis
1620 5508 1848 5572 speravi.

246 5581 318 5634 Et
344 5578 618 5632 custodibo
653 5578 836 5650 legem,
870 5589 976 5634 etc.
1022 5578 1092 5650 lL't
1135 5577 1456 5650 ingrediebar
1476 5577 1530 5650 in
1557 5578 1846 5647 latitudine,

241 5653 374 5720 quia
398 5650 697 5703 testimonia
720 5660 809 5700 tua
829 5649 1098 5716 exquisivi.
1122 5650 1188 5702 Et
1207 5649 1451 5720 loquebar
1476 5649 1529 5701 in
1549 5649 1848 5703 testimoniis

244 5727 355 5774 tuis
383 5723 434 5774 in
459 5733 733 5792 conspectu
760 5736 939 5790 regum
986 5738 1004 5776 :
1055 5721 1290 5792 denique
1339 5723 1390 5773 in
1435 5720 1692 5773 mandatis
1724 5723 1844 5787 tuis,

242 5809 370 5864 quae
398 5793 558 5845 dilexi
587 5791 767 5856 valde;
792 5792 880 5845 cui
923 5791 1211 5847 consimile
1239 5792 1550 5864 adverbium
1580 5794 1843 5845 vehemen-

247 5863 330 5918 ter
359 5875 497 5917 tacet
529 5864 880 5933 subscqucnti
929 5879 1109 5932 versu,
1143 5865 1232 5918 ubi
1275 5865 1436 5918 verba
1491 5863 1606 5917 hnc
1653 5864 1842 5918 eadem

247 5944 566 5991 recurrunt.
597 5934 811 5991 Videsis
837 5935 938 5992 bac
960 5935 1028 5993 de
1057 5951 1117 5994 re
1149 5935 1570 5994 Annotationem
1600 5943 1838 5992 nostram

1957 4831 2265 4906 Augustino
2320 4844 2561 4890 noxatum
2609 4841 2717 4897 est,
2748 4832 2838 4887 ubi
2863 4831 2959 4897 ait,
2999 4831 3197 4906 Plures
3247 4831 3555 4897 interpretes

1957 4904 2124 4963 dicere
2156 4905 2446 4961 maluerunt
2473 4908 2794 4966 exerchar,
2819 4921 2975 4973 qttam
2999 4904 3248 4970 ltutobar,
3301 4910 3389 4973 aut
3419 4915 3554 4973 “uar-

1956 4979 2182 5052 riebam,
2207 4977 2348 5052 quod
2379 4978 2537 5048 aliqui
2560 4968 2881 5048 interpretati
2907 4987 3023 5030 sunt
3052 4991 3116 5030 ex
3147 4968 3386 5042 eo,'quod
3407 4968 3553 5052 Grec-

1956 5066 2051 5124 cus‘
2069 5049 2586 5124 liabetuSoléoxouv-
2913 5119 2925 5124 _
3404 5064 3412 5073 ’
3444 5054 3447 5055 ν

2027 5119 2055 5160 ἀ
2097 5119 2267 5174 Nimis
2309 5112 2644 5188 superﬂuum
2689 5135 2812 5175 esse
2852 5119 3054 5174 scimus
3082 5131 3150 5188 ex
3181 5112 3545 5188 Hieronymo,

1956 5195 2096 5262 apud
2139 5209 2301 5264 quem
2352 5183 2669 5247 velteiitenter
2712 5191 2942 5246 habetur
2975 5203 3072 5264 pro
3101 5187 3277 5264 nimis._
3333 5183 3550 5240 Consc-

1953 5255 2182 5336 quentt-i'
2222 5282 2355 5321 vero
2419 5266 2652 5336 positum
2692 5255 3147 5336 est‘advernbium
3201 5255 3548 5336 vehementer,

1954 5328 2097 5408 quod
2125 5337 2320 5406 legitur
2349 5338 2400 5391 in
2420 5328 2535 5408 ius.
2570 5333 2941 5408 Alexandrino
2971 5329 3194 5408 Graeco,
3225 5337 3278 5408 et
3313 5328 3548 5408 in_St_ir-

1955 5399 1991 5464 li
2014 5410 2151 5465 vilico
2179 5399 2385 5462 antinn
2419 5405 2705 5461 l’saltcrio.
2766 5403 3124 5456 Carnnlensis
3158 5399 3324 5454 codex
3355 5400 3432 5453 sic
3465 5399 3549 5453 lc-

1955 5484 2068 5550 git:
2118 5481 2186 5534 ad
2237 5481 2480 5532 mandata
2527 5489 2615 5532 tua
2661 5491 2776 5550 qua:
2820 5473 2982 5550 diiungi
3029 5473 3200 5525 nimis.
3248 5471 3547 5550 Monunius

1956 5542 2137 5606 autem
2187 5552 2396 5604 videtur
2446 5553 2635 5608 lector,
2674 5542 2831 5600 istud
2883 5545 3203 5600 vehementer
3249 5547 3439 5596 deesse
3488 5542 3542 5594 itt

1956 5623 2184 5692 epistola
2205 5624 2268 5675 ad
2289 5623 2548 5675 Somnium
2579 5630 2631 5673 ct
2657 5619 2930 5692 lt‘retclam
2959 5616 3140 5692 tamin
3171 5614 3352 5692 editis,
3376 5629 3540 5692 quam

1954 5687 2006 5749 in
2042 5711 2172 5748 mss.
2204 5695 2393 5748 libris:
2427 5693 2553 5763 quin
2589 5692 2687 5745 nisi
2719 5690 2858 5744 adsit
2891 5691 3208 5742 uehementer
3247 5687 3326 5738 vel
3347 5687 3548 5763 μάννα,

1953 5783 2056 5820 non
2090 5766 2201 5818 erit
2229 5782 2416 5820 verum
2447 5755 2552 5818 'uuc
2593 5765 2711 5816 loco
2747 5762 2954 5831 aliquid
3002 5773 3125 5812 esse
3175 5755 3438 5829 superno.
3462 5769 3517 5811 tit

1950 5849 2008 5894 ut
2039 5837 2237 5895 ibidem
2265 5838 2446 5894 docuit
2477 5838 2534 5894 ὃ.
2567 5834 2954 5906 lliet'onymus.
2987 5831 3172 5886 MART.
