4090 6338
524 282 632 343 547

1426 332 1433 338 .
1529 276 1589 337 S.
1629 276 2017 337 HIERONYMI
2060 277 2287 338 DIVI-NA
2329 277 2812 338 BlBLlOTllECA.

3722 279 3831 339 ’48

3723 318 3747 335 ι

3723 318 3747 335 ι

600 401 737 461 Var.
786 398 855 459 Et
910 398 1072 458 levavi
1113 414 1299 456 manus
1337 413 1475 456 meas
1520 401 1590 454 ad
1621 400 1868 455 mandata
1900 409 1990 456 tua
2016 415 2129 469 qua:
2157 403 2209 465 Α
2312 400 2443 457 Vav.
2488 401 2555 457 Et
2583 399 2759 458 levavi
2786 412 2982 457 manus
3006 412 3157 457 meas
3182 399 3251 456 ad
3292 399 3543 457 mandata
3567 407 3679 469 tua,
3712 416 3834 472 quae

528 497 689 556 dilexi
718 513 736 556 :
766 507 815 555 et
835 495 1106 555 exercebar
1125 494 1180 550 in
1193 492 1664 570 justiﬁcationibus
1689 493 1814 550 tuis.

601 682 755 741 Ztin.
799 678 1002 737 Memor
1030 686 1139 736 esto
1174 676 1312 735 uerbi
1353 690 1410 733 σιν
1445 675 1522 732 tui
1553 674 1576 746 ζ
1609 690 1753 733 servo
1782 682 1916 731 tuo:
1944 674 1999 731 in
2025 690 2127 748 quo

532 777 660 833 mihi
685 791 827 850 spem
852 774 1064 831 dedisti.

599 869 753 927 Zaiu.
787 868 920 925 Hice
975 882 1058 924 me
1107 865 1375 929 consolata
1413 873 1489 922 est
1529 865 1583 921 in
1630 862 1928 922 humilitate
1969 881 2125 923 mea:

525 964 649 1036 quia
670 962 934 1034 eloquium
960 969 1105 1017 tuum
1130 959 1403 1031 viri/icavit
1426 975 1524 1014 me.

601 1055 754 1113 Ztiu.
809 1053 1035 1125 Superbi
1073 1052 1250 1124 inique
1279 1050 1498 1124 agebant
1523 1065 1933 1123 usquequaque:
1960 1066 1992 1106 a
2016 1049 2128 1123 lege

533 1164 586 1206 σι-
626 1158 799 1204 autem
831 1148 854 1217 ζ
891 1157 979 1203 tua
1008 1163 1114 1202 non
1144 1144 1422 1201 declinavi.

600 1227 751 1302 Zain.
778 1242 982 1300 Mentor
1007 1242 1086 1315 fui
1103 1240 1427 1315 judiciorunt
1452 1248 1667 1298 tuoruut
1692 1257 1729 1297 α
1756 1240 1981 1312 saeculo,
2017 1240 2128 1301 Do-

530 1338 666 1394 ntine
687 1353 707 1393 :
737 1346 784 1393 et
813 1333 1110 1393 consolatus
1129 1350 1267 1391 sunt.
1776 1354 1779 1357 λ

599 1429 756 1486 ιηίιι.
798 1426 1034 1500 Deiectio
1062 1426 1227 1485 tenuit
1256 1442 1358 1497 me,
1388 1441 1484 1499 pro
1512 1426 1875 1501 peccatoribus
1903 1428 2130 1488 derelin-

528 1521 803 1596 quentibus
832 1522 999 1595 legem
1027 1529 1196 1581 tuam.

598 1616 751 1675 Zain.
801 1614 1097 1673 Cantabiles
1141 1614 1270 1672 mihi
1309 1623 1455 1673 erant
1474 1614 1882 1689 justiﬁcationes
1915 1625 2042 1687 tua,
2075 1617 2131 1676 in

528 1710 645 1766 loco
668 1708 1098 1782 peregrinationis
1115 1703 1275 1765 mete.

2229 491 2396 551 dilexi
2426 492 2780 551 vehementer
2809 509 2825 551 :
2855 500 2911 551 et
2936 493 3242 551 exercebar
3272 493 3327 552 in
3357 493 3465 551 tuis
3491 493 3836 567 justiﬁcatio-

2230 588 2414 644 uibus.

2298 682 2454 741 Zain.
2481 684 2755 744 Memento
2779 682 2933 743 verbi
2961 682 3038 741 tui
3067 696 3228 740 servo
3259 691 3353 740 tuo
3382 700 3397 739 :
3429 683 3481 741 in
3509 698 3618 755 quo
3650 693 3673 723 ο
3699 682 3836 741 mihi

2229 790 2382 848 spem
2412 776 2633 835 dedisti.
2940 780 2943 785 '

2298 869 2456 928 Zain.
2478 870 2604 927 llaec
2624 886 2711 929 me
2729 870 3004 928 consolata
3022 879 3104 927 est
3125 870 3178 927 in
3202 868 3504 928 humilitate
3524 884 3645 927 mea
3668 886 3681 927 :
3708 869 3836 944 quia

2228 963 2505 1036 eloquium
2534 974 2685 1020 tuum
2716 964 3012 1022 vivilicavit
3039 980 3147 1021 me.
3576 978 3617 1041 ᾖ

2302 1056 2458 1112 Zain.
2499 1055 2736 1129 Superbi
2786 1057 2972 1129 inique
3024 1056 3261 1129 agebant
3314 1070 3707 1129 usquequaque
3744 1073 3758 1111 :
3802 1069 3839 1111 ει

2232 1150 2355 1222 lege
2382 1158 2566 1207 autem
2590 1158 2682 1207 tua
2713 1165 2825 1208 non
2855 1149 3145 1208 declinavi.
3614 1212 3619 1215 _
3810 1158 3819 1175 ¹

2303 1245 2461 1302 Ζαὶιι.
2508 1243 2721 1302 Memor
2773 1244 2849 1303 lui
2895 1245 3225 1318 iudiciorum
3263 1251 3481 1302 tuorum
3524 1259 3556 1301 s
3604 1243 3833 1317 saeculo,

2229 1337 2461 1396 Domine
2485 1353 2515 1394 :~
2529 1346 2584 1394 et
2602 1336 2923 1396 consolatus
2951 1352 3095 1395 sum.

2300 1432 2457 1490 Zain.
2499 1430 2745 1490 Deiectio
2774 1430 2945 1488 animi
2974 1429 3153 1489 tenuit
3180 1444 3292 1499 me,
3325 1444 3425 1504 pro
3449 1429 3837 1505 peccatoribus

2230 1525 2733 1598 derelinquentibus
2753 1525 2929 1598 legem
2961 1533 3132 1581 tuam.
3820 1546 3825 1551 ο

2304 1618 2459 1676 Zain.
2499 1617 2817 1675 Cantabiles
2869 1616 3005 1675 mihi
3034 1621 3212 1675 'crant
3250 1615 3670 1689 iustiﬁcationes
3700 1623 3831 1685 tuae,

2232 1713 2288 1772 in
2316 1712 2440 1770 loco
2468 1711 2739 1769 incolatus
2769 1710 2904 1769 mei.

599 1803 753 1862 Zaiu.
794 1800 997 1860 Ille-tor
1039 1801 1121 1874 {ui
1157 1806 1305 1861 nocte
1356 1799 1579 1858 nominis
1618 1800 1696 1858 tui
1720 1842 1736 1871 ,
1777 1799 2001 1860 Domine
2029 1818 2049 1859 :
2077 1811 2128 1861 et
2158 1800 2205 1864 Β
2304 1806 2460 1864 Zain.
2502 1805 2713 1863 Memor
2767 1803 2845 1862 iul
2882 1811 3044 1863 nocte
3081 1802 3211 1880 [ιιι.
3246 1803 3301 1861 ln
3354 1801 3538 1877 nocte]
3589 1800 3826 1860 nominis

530 1897 789 1966 custodiri
817 1896 980 1971 legem
1017 1905 1180 1952 tuam.

605 1994 759 2055 tatu.
788 1992 922 2053 Haec
954 1993 1095 2067 facta
1122 1999 1195 2051 est
1222 1990 1352 2049 mtlti
1376 2008 1397 2051 :
1425 1990 1547 2066 quia
1573 1991 1982 2067 justiﬂeationes
2011 1998 2127 2052 tuas

529 2088 803 2163 exquisivi.

600 2178 767 2241 lletlt.
797 2177 978 2238 Portio
1013 2194 1130 2237 utea
1149 2222 1165 2252 ,
1194 2178 1417 2237 Domine
1439 2193 1461 2236 :
1485 2177 1595 2236 dial
1615 2219 1631 2248 ,
1670 2178 1931 2238 custodire
1968 2179 2129 2256 legem

529 2286 696 2333 tuam.
1832 2292 1837 2295 ⁷

546 2380 547 2383 ‘
605 2367 770 2427 lletb.
794 2366 1114 2440 Deprecatus
1141 2382 1257 2423 sum
1286 2367 1472 2441 {aciem
1500 2375 1646 2423 tuam
1673 2365 1729 2421 in
1757 2376 1864 2423 toto
1883 2364 2038 2423 corde
2062 2381 2125 2425 +

531 2477 643 2518 meo
670 2462 693 2531 ζ
725 2462 966 2517 miserere
988 2460 1088 2516 ntei
1115 2459 1400 2516 secundum
1426 2459 1681 2531 eloquium
1710 2468 1877 2516 tuum.

603 2554 765 2613 lleth.
798 2553 1034 2627 Cogitavi
1060 2553 1172 2610 vias
1206 2567 1347 2609 meas
1374 2568 1394 2609 :
1418 2560 1468 2608 et
1491 2561 1520 2592 η
1550 2553 1778 2611 converti
1807 2552 1963 2625 pedes
1991 2569 2129 2611 meos

528 2666 584 2705 tn
616 2649 908 2705 testimonia
930 2656 1043 2705 tua.

602 2743 766 2803 Iletlt.
790 2742 1022 2801 Paratus
1048 2758 1184 2813 sunt,
1217 2750 1267 2799 et
1291 2758 1396 2799 non
1416 2759 1534 2800 sum
1564 2744 1800 2801 turbatus
1828 2758 1847 2799 :
1875 2752 1932 2800 ut
1957 2752 2129 2801 custo-

530 2840 674 2897 diam
694 2840 941 2896 mandata
961 2847 1075 2897 tua.

600 2934 765 2992 ﬂetis.
790 2931 1317 3009 Funesfpeccatorum
1338 2935 1676 3010 circumplexi
1698 2945 1819 2994 sunt
1837 2953 1916 2998 nte
1952 2953 2004 2996 ι-
2028 2947 2074 2995 et
2100 2938 2122 3009 ζ

529 3030 693 3102 Ιῃειιι
722 3038 863 3085 tuam
886 3045 989 3085 non
1014 3045 1132 3085 sum
1162 3029 1372 3087 oblitus.

603 3122 765 3181 lleth.
810 3122 986 3179 Media
1017 3132 1165 3180 nocte
1206 3124 1478 3199 surgebant
1515 3124 1587 3181 ad
1633 3125 1986 3197 confitendum
2016 3125 2126 3196 tibi,

526 3233 682 3291 super
691 3217 902 3291 judicia
919 3207 1327 3288 justi/icationis
1343 3227 1463 3274 tute.

598 3313 756 3371 lletlt.
788 3311 1059 3385 Particeps
1079 3329 1174 3384 ego
1198 3330 1311 3368 sum
1335 3313 1565 3370 omnium
1607 3314 1896 3371 timentium
1949 3323 2020 3385 te,
2079 3328 2127 3374 et

529 3406 929 3463 custodientium
951 3390 1199 3461 mandata
1228 3414 1341 3462 tua.
2004 3480 2009 3487 ’

603 3499 770 3557 lleth.
807 3498 1170 3556 Misericordia
1196 3506 1228 3547 ιο
1258 3509 1369 3569 tua,
1401 3499 1640 3571 Domne,
1672 3500 1830 3574 plena
1854 3509 1931 3557 est
1959 3509 2126 3559 terra:

521 3594 930 3667 justi/icationes
960 3603 1078 3649 tuas
1094 3593 1221 3649 doce
1243 3609 1343 3650 me.

601 3686 762 3745 'i‘etlt.
790 3687 1084 3743 Bonitatem
1106 3687 1268 3761 feei5ti
1289 3705 1407 3744 cum
1428 3703 1574 3745 servo
1600 3697 1711 3758 tuo,
1742 3686 1975 3745 Domine.
2000 3704 2021 3745 :
2047 3702 2128 3746 se-

533 3780 762 3835 cundum
791 3780 1002 3837 verbum
1028 3792 1195 3837 tuum.

602 3872 762 3932 Tetlt.
818 3872 1110 3931 Bonitatem
1132 3884 1179 3932 et
1209 3876 1559 3950 disciplinam,
1587 3885 1631 3933 et
1672 3871 1964 3935 scientiam
2004 3876 2129 3935 doce

534 3983 615 4023 me
631 3984 651 4024 :
674 3968 798 4041 quia
813 3969 1068 4025 mandatis
1092 3970 1192 4025 tuis
1214 3969 1430 4026 credidi.

603 4060 763 4117 Tetlt.
797 4060 1117 4135 Priusquam
1139 4062 1444 4121 Itumiliarer
1465 4063 1586 4138 [ΜΞ.
1611 4062 1904 4137 Immiliar],
1931 4081 2021 4139 ego
2039 4064 2130 4122 de-

535 4155 663 4227 liqui
684 4172 704 4210 :
732 4171 1001 4231 propterea
1031 4160 1288 4233 eloquium
1318 4169 1461 4215 tuum
1491 4159 1768 4216 custodiri.

519 4344 533 4350 -
610 4299 637 4363 ξι
660 4289 891 4363 Sequior
912 4307 1106 4355 manus
1130 4294 1185 4350 in
1210 4292 1455 4357 Palatino
1478 4309 1581 4351 ms.
1596 4293 1865 4363 reposuit,
1880 4304 1931 4351 et
1948 4296 2127 4351 averti.

610 4357 865 4435 hiisdem
896 4365 982 4421 hic
1004 4381 1197 4422 manus
1244 4366 1551 4435 rescripsit,
1606 4357 1972 4422 Misericordia
2017 4366 2131 4423 Do-

540 4432 667 4511 mini
693 4433 850 4503 plena
876 4446 949 4493 est
976 4432 2132 4511 terra,etc.,propius'adGrmeumAlexau-

539 4505 753 4578 driuttnt
777 4508 1074 4578 exemplar.

616 4576 787 4673 1.652
807 4576 1301 4673 ⁰Σ¹1ίῧξνῗ¹ἷί3¹¹9¹¹⁵ζ
1316 4576 1803 4673 essetessent
1818 4584 1958 4673 uile“
1974 4582 2129 4673 et”:
2160 4613 2209 4673 ι)

539 4650 789 4731 δημαριηί
827 4661 1009 4731 autem
1045 4668 1240 4731 _\'ersu,
1269 4650 1512 4731 quoniam
1541 4653 1748 4731 verbum
1769 4664 1947 4731 tum.
1970 4655 2126 4731 llum]

540 4722 723 4803 minus
745 4722 1003 4803 probatur
1031 4722 1292 4803 Angust.,
1308 4725 1419 4793 ubi,
1454 4724 1786 4803 Expressius,
1816 4728 1914 4792 ait,
1963 4722 2126 4784 inter-

538 4794 723 4870 prolati
750 4803 868 4870 sunt
894 4794 979 4870 qui
1002 4794 1379 4870 notaverltum,
1412 4796 1507 4870 sed
1525 4794 1796 4870 eloquium
1827 4806 2130 4870 posuerunt:

539 4859 756 4939 graecus
785 4859 921 4939 enim
962 4864 1125 4937 λόγων
1168 4867 1338 4934 habet,
1368 4867 1508 4937 quod
1537 4859 1916 4939 est-eloquium
1964 4889 1979 4927 :
2027 4886 2130 4925 non

537 4932 708 5023 ξιξγις,
734 4934 873 5004 quod
897 4946 983 5023 est.
1000 4932 1251 5023 verbum.
1268 4932 1556 5023 Sequitur.
1577 4932 1799 5023 §ttperbi
1818 4941 1990 5010 inique
2006 4958 2135 5023 age-

537 5003 656 5057 bant
686 5003 844 5075 usque
865 5006 1012 5062 valde
1030 5025 1061 5062 a
1077 5012 1207 5080 lege,
1230 5019 1332 5066 etc.
1371 5003 1570 5071 Memor
1587 5003 1685 5082 fui,
1714 5021 1846 5079 etc.,
1870 5003 1918 5067 el
1942 5003 2131 5069 cultor-

538 5084 672 5159 ΫαΨηξ
695 5093 973 5159 9an»)le
995 5082 1317 5159 consolatus,
1339 5084 1481 5159 quod
1510 5084 1638 5159 item
1668 5083 2002 5159 Augustinus
2025 5100 2125 5138 no-

540 5146 1018 5230 tatibiLVel—sieut
1070 5154 1169 5230 alii
1202 5146 1406 5211 codices
1450 5154 1662 5230 habent,
1706 5146 1784 5210 etv
1801 5156 2128 5230 exhortatus

540 5231 683 5300 sunt,
706 5218 761 5272 id
792 5230 884 5286 est,
911 5222 1319 5300 cultortationetn
1341 5228 1539 5297 accepi.
1563 5218 1851 5300 Utrumque
1869 5228 2004 5282 enim
2036 5246 2129 5299 po-

539 5295 637 5378 ίῖίξι
660 5295 984 5378 timeam?"
999 5298 1061 5378 είς
1098 5297 1250 5378 υετὺρ
1278 5295 1493 5378 arma;
1506 5298 1645 5378 (ΙΨ)ιί
1672 5295 2127 5378 εδιξτῗαρὲκλήθηνν

542 5361 1004 5440 Continuatjnxta
1026 5366 1406 5440 Augustinum,
1452 5369 1493 5423 Τ
1493 5361 1687 5425 rudium
1726 5361 1947 5426 detin'uit
1986 5389 2066 5428 me
2095 5361 2128 5426 ἀ

541 5434 892 5501 peccatoribus
921 5434 1393 5510 derelinqucntiirus
1421 5442 1581 5512 legem
1604 5454 1768 5497 tuam.

613 5500 639 5539 ί¹
663 5503 723 5559 Ιιι
754 5505 1055 5565 chncns.
1082 5526 1212 5568 ms..
1245 5511 1379 5566 Pars
1414 5529 1524 5566 utea
1554 5530 1573 5567 :
1600 5514 1768 5568 lenne

692 5522 723 5559 ιι
758 5522 1055 5565 vcrunens.
1082 5526 1212 5567 ms...
1245 5522 1379 5566 l'ars
1414 5529 1524 5566 utea
1554 5530 1573 5567 .'
1600 5522 1769 5567 lenne
1791 5530 1915 5567 cum
1937 5522 2122 5567 Ancu.

601 5516 639 5583 f‘
663 5516 723 5559 In
756 5516 1055 5565 vermtcns.
1082 5526 1212 5575 ms.,
1245 5516 1379 5566 Pars
1414 5529 1524 5566 utea
1554 5530 1573 5567 :
1600 5516 1769 5570 ferme
1791 5530 1915 5571 cum
1936 5516 2117 5584 Augu-

545 5582 709 5657 stino,
740 5578 840 5632 nisi
873 5580 961 5636 hic
987 5580 1244 5657 Dominus
1293 5584 1497 5649 mallet,
1549 5601 1647 5655 pro
1689 5585 1925 5643 Domine.
1960 5587 2117 5657 Tum,

544 5642 794 5730 l’recattts
823 5669 938 5730 sum
974 5654 1178 5730 fultum
1218 5662 1386 5720 tuum,
1432 5642 1561 5711 ct'c.'
1590 5658 1728 5724 Quia
1773 5660 1992 5730 cogitavi
2016 5642 2123 5714 vias

540 5727 676 5791 tuas,
706 5732 811 5775 etc.
848 5722 938 5787 Et,
968 5722 1192 5780 Paratus
1214 5741 1348 5791 sum,
1400 5736 1452 5783 et
1491 5745 1596 5783 non
1616 5722 1729 5783 sum
1752 5722 2124 5786 conturbatus:

537 5786 606 5840 ad
632 5786 979 5871 custodienda
1000 5795 1245 5851 mandata
1270 5786 1380 5871 tua,
1400 5799 1542 5869 quod
1569 5810 1904 5870 postremum
1928 5802 2128 5871 Hippo-

542 5861 728 5917 nensis
756 5866 1044 5941 cpiscOpns
1077 5877 1282 5929 tantum
1309 5861 1454 5929 inter
1476 5861 1750 5961 variorum
1797 5861 2128 5949 glossemata

2239 1901 2340 1971 tui,
2374 1898 2605 1957 Domine
2632 1913 2650 1958 :
2681 1906 2737 1956 et
2762 1897 3031 1957 custodivi
3060 1897 3237 1972 legem
3266 1906 3434 1954 tuam.

2302 1993 2457 2052 Zain.
2498 1993 2628 2052 Haec
2672 1991 2811 2051 mihi
2848 1992 2993 2051 laeta
3041 2002 3164 2051 est:
3196 1992 3319 2065 quis
3365 1990 3503 2067 [Με.
3551 1991 3692 2049 iacta
3739 1998 3829 2050 est

2232 2090 2366 2149 mitti
2390 2107 2405 2149 :
2432 2087 2715 2163 quoniam]
2738 2087 3167 2161 iustiﬁcationes
3199 2096 3321 2145 tuas
3345 2086 3642 2159 exquisivi.

2308 2182 2466 2242 lleth.
2502 2181 2693 2240 Portio
2713 2177 2744 2221 τι
2767 2194 2920 2253 mea,
2953 2179 3216 2251 Domine,
3248 2178 3394 2250 dixi,
3424 2179 3699 2237 custodire
3739 2179 3825 2238 le-

2230 2290 2354 2351 gem
2385 2284 2553 2337 tuam.

2304 2369 2467 2428 Hetlt.
2508 2370 2846 2441 Deprecatus
2871 2381 2992 2425 sum
3025 2367 3220 2424 faciem
3251 2375 3394 2422 tuam
3428 2366 3482 2423 in
3514 2374 3628 2424 toto
3664 2366 3834 2427 cordo

2230 2478 2356 2521 meo
2386 2480 2401 2519 :
2434 2463 2699 2520 miserere
2726 2461 2836 2519 mei
2860 2460 3159 2518 secundum
3184 2460 3467 2541 eloquium
3498 2470 3670 2516 tuum.
3696 2492 3701 2497 -

2303 2560 2466 2618 Hetlt.
2508 2558 2645 2630 Quia
2666 2557 2903 2630 cogitavi
2929 2556 3046 2615 vias
3073 2569 3223 2613 meas
3255 2571 3272 2613 :
3304 2565 3361 2613 et
3387 2554 3634 2613 converti
3664 2554 3833 2628 pedes

2231 2669 2385 2713 meos
2405 2654 2461 2710 in
2490 2648 2802 2710 testimonia
2825 2659 2939 2707 tua.

2306 2745 2470 2804 Hetlt.
2510 2744 2739 2802 Paratus
2769 2757 2929 2811 sum,
2976 2750 3033 2800 et
3088 2755 3198 2799 non
3236 2725 3361 2798 sum
3418 2740 3665 2798 turbatus
3710 2758 3725 2796 :
3772 2750 3837 2799 ut

2230 2840 2533 2900 custodiam
2566 2837 2820 2895 mandata
2858 2845 2971 2895 tua.

2307 2935 2467 2992 llettt.
2508 2932 2693 2990 Fune's
2742 2939 3095 3003 peccatorum
3146 2926 3508 3000 circumplexi
3549 2932 3830 2983 suntme:

2234 3033 2412 3105 legem
2438 3038 2620 3086 autem
2654 3034 2799 3084 tuam
2832 3041 2941 3083 non
2967 3041 3086 3081 sum
3112 3021 3337 3081 oblitus.

2306 3125 2470 3182 Hetlt.
2510 3122 2684 3180 Media
2710 3129 2870 3179 nocte
2890 3118 3180 3191 surgebam
3211 3115 3278 3174 ad
3305 3115 3675 3174 conﬁtendum
3706 3116 3830 3188 tibi,

2158 3203 2204 3268 Ο
2236 3235 2404 3293 super
2426 3217 2631 3291 judicia
2655 3216 2881 3289 iustitia:
2913 3226 3043 3271 tum.

2309 3313 2476 3371 Heia.
2519 3310 2799 3383 Partiecps
2827 3324 2947 3366 sum
2980 3324 3081 3381 ego
3128 3306 3369 3365 omnium
3412 3306 3716 3364 timentium
3745 3315 3833 3376 te,

2234 3415 2290 3466 et
2314 3404 2741 3463 custodientium
2766 3401 3020 3458 mandata
3053 3411 3163 3458 tua.

2311 3499 2468 3555 lietlt.
2510 3495 2884 3554 Misericordia
2910 3503 3024 3564 tua,
3051 3493 3277 3551 Domine
3297 3535 3312 3564 ,
3346 3493 3506 3566 plena
3532 3500 3616 3549 est
3641 3500 3788 3549 terra
3815 3510 3829 3547 :

2228 3592 2645 3666 justiﬁeationes
2677 3600 2798 3646 tuas
2826 3589 2967 3646 doce
2993 3603 3101 3645 me.

2310 3683 2459 3743 Tetti.
2495 3695 2518 3724 ο
2545 3684 2848 3743 Bonitatem
2879 3682 3053 3740 fecisti
3084 3696 3207 3741 cum
3235 3696 3398 3740 servo
3432 3690 3545 3749 tuo,
3577 3680 3831 3750 Domine,

2234 3778 2537 3839 secundum
2566 3777 2790 3836 verbum
2818 3784 2992 3834 tuum.

2306 3872 2459 3930 Teth.
2485 3871 2793 3929 Bonitatem
2825 3878 2881 3927 ct
2909 3869 3272 3943 disciplinam,
3308 3876 3363 3928 et
3391 3868 3675 3927 scientiam
3698 3868 3838 3926 doce

2238 3984 2327 4027 me
2350 3986 2363 4022 :
2392 3967 2517 4040 quia
2543 3967 2599 4023 in
2627 3966 2899 4023 mandatis
2927 3966 3035 4022 tuis
3056 3965 3291 4023 credidi.

2307 4062 2459 4119 Teth.
2508 4062 2827 4134 Priusquam
2858 4060 3204 4126 ltumiliarer,
3241 4075 3342 4131 ego
3370 4058 3617 4134 deliqui:
3651 4057 3672 4099 τ
3707 4075 3838 4133 pro-

2238 4140 2427 4232 ptcrea
2456 4156 2735 4229 eloquium
2767 4164 2919 4212 tuum
2951 4171 3055 4229 ego
3085 4154 3379 4218 custndivi.

2237 4294 2592 4363 interpretum
2633 4303 2841 4352 censet.
2874 4295 3098 4351 Demutn
3134 4295 3311 4352 altero
3338 4295 3676 4365 insequentis
3707 4310 3838 4352 ver-

2235 4368 2392 4422 siculi
2422 4365 2791 4438 hemiStichio,
2823 4377 2868 4421 et
2898 4366 3025 4438 legis
3053 4376 3157 4421 tua:
3183 4384 3286 4422 non
3307 4382 3423 4423 sum
3450 4366 3641 4425 oblitus
3665 4384 3686 4425 :
3715 4385 3845 4424 rur-

2235 4453 2356 4493 sum
2383 4454 2507 4494 cum
2530 4437 2921 4509 Augustiniana
2948 4437 3220 4494 lectione.

2310 4519 2333 4549 ε
2358 4510 2505 4567 ldem
2537 4526 2668 4577 tus.,
2697 4509 2983 4578 Suat'itate,
3015 4509 3163 4581 quod
3212 4524 3317 4582 pro
3357 4510 3584 4582 bonitate
3608 4524 3837 4582 “nomen

2235 4583 2581 4664 continenter
2599 4589 2849 4664 usurpat,
2882 4591 2940 4664 ut
2958 4590 3014 4637 et
3032 4580 3228 4664 suavis,
3262 4596 3360 4649 pro
3383 4580 3658 4664 bonus.AS.
3702 4584 3824 4664 Anu.

2231 4654 2480 4722 gustinus
2509 4654 2583 4710 ibi
2618 4672 2630 4707 :
2662 4653 2998 4709 Suavitatem
3028 4652 3203 4710 iecisti
3229 4668 3355 4708 cum
3386 4667 3549 4709 servo
3575 4662 3690 4721 tuo,
3728 4653 3844 4709 Do-

2234 4726 2399 4788 mine,
2424 4727 2725 4781 secundum
2750 4725 2976 4781 verbum
3002 4735 3149 4780 tuum
3176 4723 3293 4796 :Lvel
3318 4724 3511 4796 potius,
3533 4725 3836 4782 secundum

2232 4796 2507 4874 eloquium
2537 4805 2709 4874 tuum.
2750 4796 2857 4853 Sed
2897 4796 3037 4874 quod
3067 4793 3416 4874 adﬁrmans,
3462 4797 3832 4874 xpers-rorare,

2233 4867 2516 4939 aliquando
2540 4867 2890 4932 suavitatem,
2911 4867 3196 4939 aliquando
3222 4867 3525 4939 bonitatem
3551 4869 3710 4923 nostri
3744 4867 3840 4923 ln-

2236 4938 2479 5012 terpretes
2511 4939 2908 5000 transtulerunt,
2941 4938 3049 5012 etc.
3079 4939 3215 4995 lliuc
3248 4954 3377 5007 ms.,
3420 4938 3741 5012 Suaritatent
3790 4944 3840 4995 et

2234 5011 2575 5066 eruditionem
2600 5021 2646 5066 et
2676 5012 2943 5066 scientiam
2972 5011 3098 5065 doce
3139 5026 3240 5079 nte,
3272 5011 3515 5081 quoniam
3573 5011 3841 5066 mandatis

2238 5086 2339 5136 tuis
2360 5082 2575 5137 credidi.
2605 5084 2662 5140 in
2694 5098 2853 5153 quem
2878 5084 3056 5139 locum
3087 5082 3382 5138 recolettda
3414 5081 3707 5153 suntith
3730 5081 3836 5138 ite-

2234 5168 2352 5208 rum
2378 5169 2441 5209 ex
2472 5151 2800 5223 Augustino,
2848 5153 3067 5209 Addidit
3109 5162 3303 5214 autem,
3349 5163 3405 5208 et
3446 5151 3836 5223 eruditionem,

2234 5225 2311 5279 uel
2338 5227 2469 5280 sicut
2494 5227 2665 5298 plures
2694 5228 2894 5298 codices
2926 5226 3134 5298 habent,
3160 5223 3532 5298 disciplinam,
3557 5223 3648 5298 sed
3672 5223 3843 5298 disci-

2234 5299 2464 5368 plinam,
2495 5294 2651 5370 quam
2672 5295 2849 5353 (ἶναῖεὶ
2866 5296 3133 5371 appellant
3158 5294 3426 5371 nutriatur,
3465 5296 3535 5349 ibi
3591 5295 3839 5367 Scriptu-

2233 5386 2305 5425 ra:
2336 5368 2520 5437 ponere
2546 5368 2945 5430 consueverunt,
2987 5368 3073 5422 ubi
3121 5368 3458 5437 intelligenda
3503 5376 3576 5421 est
3614 5382 3705 5438 per
3729 5385 3843 5420 mo-

2237 5436 2414 5496 lestias
2442 5442 2710 5497 eruditio:
2741 5440 3025 5495 secundum
3064 5440 3219 5503 illud,
3261 5436 3433 5505 Quem
3474 5436 3624 5495 enim
3653 5436 3840 5511 diligit

2230 5514 2517 5575 Dominus,
2548 5511 2773 5581 corripit
2799 5530 2810 5566 :
2837 5512 3071 5583 ﬂagellat
3093 5522 3294 5576 autem,
3325 5516 3432 5567 etc.

2307 5583 2326 5623 τ
2364 5585 2419 5640 in
2443 5585 2636 5642 eodem
2669 5600 2798 5655 ms.,
2824 5594 3093 5655 propterea
3121 5585 3329 5639 verbum
3357 5598 3511 5655 tuum;
3534 5598 3639 5655 ego
3657 5591 3838 5637 custo-

2231 5657 2357 5718 divi,
2383 5657 2434 5709 in
2470 5671 2632 5725 quem
2660 5653 2836 5711 locum
2864 5658 3041 5711 denuo
3074 5655 3432 5723 Augustinus,
3477 5653 3589 5716 Vel,
3631 5654 3834 5723 inquit,

2230 5729 2363 5782 sicut
2392 5727 2483 5781 alii
2509 5728 2798 5795 expressius
2824 5729 3037 5794 habent,
3070 5726 3346 5795 eloquium
3371 5733 3542 5780 tuum.
3571 5725 3842 5793 Sequitur

2234 5799 2288 5855 in
2312 5814 2439 5864 ms.,
2468 5798 2653 5853 Suavis
2676 5816 2748 5864 es,
2772 5796 3008 5860 Domine,
3032 5808 3077 5851 et
3101 5797 3353 5851 suavitate
3376 5795 3502 5850 doce
3530 5812 3628 5849 me.
3651 5796 3845 5865 Augu-

2235 5870 2362 5951 stin.
2388 5870 2504 5953 γει,
2529 5870 2722 5951 inquit,
2748 5871 2876 5927 sicut
2900 5869 3075 5951 plures
3099 5866 3309 5945 habent,
3332 5866 3525 5931 Suavis
3551 5883 3609 5924 es
3630 5877 3710 5936 tu,
3731 5865 3840 5939 vel,
