4090 6338
590 395 691 457 551

1599 397 1661 456 s.
1700 368 2077 457 tneuouvnt
2116 400 2347 461 omns
2386 403 2863 467 BlBLlO'l‘llECA.

3783 414 3895 473 552

659 520 829 593 Caph.
871 520 1236 578 Narraverunt
1273 520 1402 577 mihi
1442 520 1610 594 iniqui
1653 521 2001 593 fabulationes
2035 536 2055 577 :
2091 522 2183 579 sed
2207 526 2262 590 Α
2356 526 2525 603 Capti.
2557 530 2927 587 Nirraverunt
2963 528 3097 586 mihi
3129 528 3300 604 iniqui
3345 531 3758 592 tabulationes:
3791 532 3894 592 sed

591 630 698 668 non
734 623 789 668 ut
811 614 897 669 lex
927 623 1037 685 tua.

661 704 835 779 Capli.
880 704 1071 762 Omnia
1095 706 1346 766 mandata
1367 714 1459 764 tua
1488 706 1676 764 veritas
1699 706 1911 779 :inique
1938 705 2191 780 persecuti

588 809 709 855 sunt
738 816 843 869 me,
872 801 1068 867 adiuva
1094 818 1193 856 me.

658 892 828 965 Capli.
873 894 1043 951 Paulo
1086 897 1258 951 minus
1285 906 1772 953 consummaverunt
1804 912 1885 954 me
1920 897 1974 952 in
2004 905 2143 952 terra
2170 913 2191 952 :

590 1003 683 1059 ego
713 996 1008 1044 autemnon
1038 987 1291 1060 dereliqui
1317 992 1565 1045 mandata
1591 999 1702 1046 tua.
1756 1067 1760 1070 ~

663 1164 836 1236 Capli.
879 1164 1173 1223 Secundum
1199 1166 1607 1222 misericordiam
1650 1176 1799 1223 tuam
1836 1168 2043 1240 vivi/ica
2073 1185 2191 1227 me:

599 1266 647 1313 et
671 1256 965 1313 custodiam
994 1258 1286 1313 testimonia
1320 1260 1425 1313 oris
1452 1260 1546 1317 tui.

670 1351 892 1409 Lamed.
932 1350 1003 1407 In
1041 1361 1315 1423 wtemum,
1348 1351 1592 1423 Domine,
1638 1355 1850 1411 verbum
1893 1365 2039 1412 tuum
2072 1374 2191 1429 per-

603 1452 772 1498 ntanet
794 1443 849 1498 in
870 1444 1019 1499 caelo.

665 1532 894 1591 Lamed.
941 1534 1007 1591 In
1045 1537 1430 1608 generationem
1480 1546 1528 1593 et
1571 1541 1956 1611 generationem
1998 1540 2189 1598 veritas

601 1634 691 1680 tua
720 1642 741 1681 :
770 1626 1009 1696 fundasti
1039 1638 1250 1697 terram,
1280 1640 1326 1684 et
1355 1641 1639 1702 permanet.

666 1716 890 1774 Lamed.
935 1718 1286 1777 Ordinatione
1315 1731 1405 1778 tua
1427 1732 1736 1796 λρενεευρναι
1774 1724 1909 1798 dies,
1941 1733 2196 1798 quon‘am

596 1810 774 1866 omnia
793 1812 1022 1867 serviunt
1046 1812 1160 1869 tibi.

673 1995 902 2053 Lamed.
942 1997 1064 2053 Nisi
1092 1999 1230 2070 quod
1272 2000 1357 2055 lea:
1396 2009 1485 2056 tua
1509 2001 1781 2057 meditatio
1825 2017 1937 2058 mea
1964 2018 2018 2059 -:—
2060 2011 2137 2059 est
2172 2005 2195 2074 ζ

605 2099 632 2129 α
653 2098 774 2146 tunc
794 2092 927 2162 forte
952 2093 1213 2165 periissem
1234 2094 1288 2148 in
1314 2095 1610 2151 humilitate
1629 2112 1761 2152 mea.

676 2183 902 2241 Lamed.
942 2184 1013 2241 In
1055 2195 1307 2242 wternum
1349 2204 1453 2243 non
1500 2187 1772 2244 obliviscar
1789 2191 2202 2263 justiﬁcationes

605 2286 721 2331 tuas
748 2291 768 2330 :
792 2277 914 2348 quia
943 2276 1000 2331 in
1026 2277 1153 2349 ipsis
1190 2278 1464 2349 vivificasti
1485 2295 1589 2335 me.

679 2370 903 2427 Lamed.
945 2370 1089 2427 Tuus
1135 2389 1250 2430 sum
1290 2390 1404 2445 ego,
1454 2374 1656 2431 salvum
1684 2392 1765 2431 me
1788 2379 1881 2446 fac
1906 2391 1927 2432 :
1955 2377 2205 2449 quoniam

593 2464 999 2536 justiﬁeationes
1019 2475 1133 2521 tuas
1156 2463 1185 2504 δ
1214 2467 1492 2537 exquisivi.

677 2555 901 2613 Lamed.
945 2556 1033 2613 He
1050 2568 1479 2631 exspectaverunt
1504 2570 1828 2634 peccatores,
1853 2573 1912 2620 ut
1933 2564 2207 2637 perderent

580 2707 592 2721 ,
607 2665 685 2705 me
711 2665 732 2705 :
762 2651 1052 2707 testimonia
1076 2661 1166 2708 tua
1186 2652 1449 2709 intellexi.

677 2743 904 2800 Lamed.
950 2744 1134 2801 Omnis
1167 2747 1629 2804 consummationis
1656 2749 1763 2805 vidi
1788 2750 1956 2821 ﬁnem
1987 2767 2006 2808 :
2041 2751 2208 2809 latum

608 2838 913 2894 mandatum
936 2848 1085 2894 tuum
1106 2840 1282 2895 nimis.

675 2931 841 2988 Mem.
885 2933 1157 2999 Quomodo
1193 2934 1358 2989 dilexi
1404 2933 1570 3008 legem
1616 2943 1762 2991 tuam
1800 2951 1865 2993 -ια
1900 2934 2131 2996 Domine
2178 2940 2202 3011 ζ

612 3032 723 3079 tota
759 3024 843 3081 die
865 3025 1134 3081 meditatio
1169 3042 1285 3082 mea
1310 3040 1373 3083 -ι-
1401 3036 1475 3081 est
1510 3027 1533 3096 ζ

681 3114 844 3171 Mem.
887 3115 1062 3188 Super
1105 3117 1350 3172 inimicos
1389 3134 1529 3173 meos
1558 3119 1871 3191 prudentem
1914 3138 1995 3178 me
2036 3102 2212 3195 fecisti

618 3209 873 3265 mandato
898 3218 987 3265 tuo
1011 3224 1030 3266 :
1062 3211 1184 3281 quia
1208 3211 1265 3265 in
1301 3220 1549 3266 wtcrnum
1575 3212 1705 3268 mihi
1734 3222 1829 3268 est.

685 3298 1064 3373 Mem.-Super
1102 3317 1275 3357 omnes
1305 3303 1545 3359 docentes
1573 3321 1654 3359 me
1690 3303 1928 3361 intelleai
1951 3308 2113 3379 :quia
2139 3318 2213 3365 te-

2389 3300 2552 3357 Mem.
2594 3301 2771 3372 Super
2797 3315 2991 3356 omnes
3014 3299 3277 3357 docentes
3303 3315 3391 3357 me
3419 3297 3662 3355 intellexi
3709 3315 3725 3355 :

614 3394 859 3450 stimonia
891 3403 979 3449 tua
1009 3394 1277 3450 meditatio
1298 3410 1413 3450 mea
1446 3409 1505 3451 σιν
1539 3406 1613 3451 est
1646 3396 1669 3465 ζ

691 3487 855 3545 Mem.
898 3487 1070 3559 Super
1096 3504 1242 3545 senes
1262 3488 1531 3545 intellexi:
1551 3492 1673 3561 quia
1696 3491 1946 3549 mandata
1966 3503 2053 3549 tua
2077 3510 2214 3566 qua:-

621 3595 740 3635 διυι.

688 3673 853 3730 Mem.
894 3673 972 3729 Ab
1001 3675 1145 3730 omni
1173 3676 1257 3729 via
1287 3675 1425 3731 mala
1454 3676 1701 3748 prohibui
1744 3678 1899 3749 pedes
1940 3694 2079 3735 meos
2108 3695 2128 3735 :
2158 3689 2213 3736 ut

616 3768 906 3824 custodiam
932 3768 1087 3824 verba
1108 3778 1219 3823 tua.

698 3862 862 3919 Mem.
903 3862 949 3919 A
965 3862 1187 3935 judiciis
1211 3864 1314 3919 tuis
1336 3880 1440 3920 non
1466 3863 1725 3921 declinavi
1748 3881 1767 3922 :
1791 3865 1913 3938 quia
1952 3875 2009 3922 tu
2052 3866 2215 3938 legem

620 3957 841 4028 posuisti
865 3957 1016 4013 mihi.

692 4052 853 4107 Mem.
898 4051 1072 4118 Quam
1099 4050 1281 4107 dulcia
1314 4051 1553 4123 faucibus
1584 4052 1711 4107 meis
1746 4051 1956 4122 eloquia
1986 4053 2217 4108 tualsu-

625 4160 717 4216 per
739 4143 839 4199 mel
864 4143 944 4199 ori
970 4160 1105 4199 meo.

694 4235 857 4292 Mem.
896 4240 943 4291 Α
982 4236 1243 4292 mandatis
1288 4236 1388 4292 tuis
1435 4235 1670 4293 intellexi
1701 4254 1719 4291 :
1757 4244 2031 4309 prapterea
2080 4236 2218 4293 odivi

623 4346 823 4385 omuent
845 4330 979 4385 viam
1009 4330 1321 4402 iniquitatis.

698 4515 842 4571 Nun.
884 4513 1122 4573 Lucerna
1148 4515 1361 4588 pedibus
1383 4515 1505 4573 meis
1527 4516 1732 4572 verbum
1759 4525 1902 4572 tuum
1929 4532 1947 4572 :
1977 4524 2025 4572 et
2045 4514 2220 4572 lumen

622 4611 818 4665 semitis
844 4610 971 4664 meis
994 4648 1009 4665 .

2228 1929 2280 1992 B

2292 638 2399 680 non
2430 625 2503 682 ita
2531 634 2587 680 ut
2615 624 2701 681 lex
2729 633 2842 693 tua,
2892 624 3146 681 Domine.

2371 717 2537 791 Capti.
2565 718 2761 776 Omnia
2788 718 3045 776 mandata
3071 728 3159 775 tua
3182 717 3423 775 veritas:
3481 716 3656 791 iniqui
3700 735 3898 793 perse-

2290 809 2405 867 cuti
2434 819 2560 867 sunt
2589 826 2697 879 me,
2731 810 2926 883 adjuva
2958 826 3067 867 me.

2365 902 2533 975 Capit.
2586 903 2757 960 Paulo
2798 904 2979 961 minus
3027 913 3552 960 consummaverunt
3606 918 3699 960 me
3741 902 3897 976 [11s.

2294 1007 2397 1052 tae.
2424 995 2533 1069 me]
2562 996 2616 1051 in
2649 1005 2797 1053 terra
2826 1012 2841 1052 :
2874 1011 2977 1068 ego
3007 986 3141 1053 vero
3175 994 3307 1068 [Ms.
3334 995 3540 1068 autem]
3574 1010 3682 1053 non
3733 995 3901 1052 dere—

2295 1088 2434 1161 liqui
2465 1087 2718 1145 mandata
2746 1098 2860 1145 tua.

2365 1183 2534 1255 ϐαρΙι.
2592 1183 2905 1241 Secundum
2956 1182 3401 1239 misericordiam
3471 1191 3619 1238 tuam
3678 1180 3900 1238 viviﬁca

2296 1291 2385 1334 me
2410 1294 2425 1334 :
2451 1284 2507 1333 et
2531 1276 2834 1334 custodiam
2860 1276 3172 1333 testimonia
3202 1276 3315 1333 oris
3344 1276 3456 1331 tui.‘

2368 1369 2584 1426 Lamed.
2616 1370 2675 1426 In
2714 1378 3004 1437 mternum,
3054 1369 3306 1439 Domine,
3357 1377 3645 1441 permanet
3668 1368 3900 1426 verbum

2297 1473 2449 1522 tuum
2478 1465 2531 1522 in
2570 1464 2734 1526 uelo.

2371 1558 2587 1615 Lamed.
2620 1558 2690 1614 Et
2717 1558 2770 1613 in
2812 1555 3075 1614 saeculum
3102 1556 3315 1625 saeculi,
3344 1557 3554 1614 veritas
3579 1564 3691 1615 tua.

2371 1648 2591 1706 Lamed.
2641 1649 2906 1706 Fundasti
2938 1658 3161 1717 terram,
3203 1659 3261 1706 ct
3301 1658 3589 1722 permanet
3632 1647 3906 1706 :ordina-

2301 1743 2449 1800 tionc
2479 1752 2572 1801 tua
2596 1751 2952 1817 perseverant
2974 1742 3120 1812 dies,
3151 1743 3411 1816 quoniam
3445 1743 3633 1802 omnia
3657 1742 3907 1801 servimit

2300 1837 2425 1895 tibi.

2378 1999 2595 2056 Lamed.
2622 1999 2737 2057 Nisi
2764 1998 2908 2073 quod
2934 1999 3019 2056 lex
3049 2007 3139 2057 tua
3171 1998 3451 2057 meditatio
3480 2012 3598 2057 mea
3620 2005 3742 2056 est:
3771 2004 3912 2055 tunc

2305 2092 2537 2150 forsitan
2571 2094 2837 2165 perissem
2867 2093 2923 2149 in
2951 2093 3260 2150 humilitate
3287 2108 3431 2150 mea.

2374 2184 2588 2240 Lamed.
2618 2184 2675 2241 In
2697 2195 2963 2241 :eternutn
2984 2200 3091 2242 non
3115 2184 3406 2243 obliviscar
3431 2196 3456 2226 ο
3476 2183 3906 2258 iustiﬁcationes

2307 2286 2425 2335 tuas
2450 2296 2465 2335 :
2500 2280 2623 2351 quia
2653 2280 2706 2337 in
2736 2281 2867 2352 ipsis
2888 2280 3177 2338 vivilieasti
3212 2296 3325 2337 me.

2378 2371 2591 2428 Lamed.
2624 2371 2774 2429 Tuus
2799 2388 2923 2429 sum
2951 2388 3074 2444 ego,
3106 2373 3318 2429 salvum
3351 2386 3438 2428 me
3466 2372 3549 2428 lac
3572 2387 3586 2425 :
3608 2369 3733 2443 quia
3763 2370 3906 2446 [Ηε.

2304 2463 2584 2536 quoniam]
2610 2463 3030 2535 justiﬁcationes
3061 2473 3181 2521 tuas
3210 2462 3502 2536 exquisivi.

2378 2555 2596 2611 Lamed.
2654 2557 2736 2614 Me
2773 2566 3229 2629 exspectaverunt
3269 2563 3588 2628 peccatores
3613 2597 3630 2626 ,
3681 2564 3742 2611 ut
3772 2569 3913 2628 per-

2307 2648 2499 2706 derent
2528 2665 2616 2708 me
2642 2666 2658 2709 :
2689 2648 3000 2707 testimonia
3033 2659 3120 2706 tua
3145 2649 3416 2706 intellexi.

2379 2746 2597 2802 Lamed.
2645 2744 2803 2802 Omni
2839 2744 3297 2803 consummationi
3326 2743 3438 2800 vidi
3467 2742 3632 2801 linem
3674 2759 3690 2799 :
3733 2742 3915 2801 latum

2310 2840 2623 2897 mandatum
2645 2848 2796 2896 tuum
2823 2838 3009 2895 nimis.

2332 2918 2359 2924 ”
2384 2930 2565 2989 Mem.‘
2589 2933 2873 3002 Quomodo
2898 2932 3061 2989 dilexi
3087 2931 3264 3005 legem
3287 2941 3460 3001 tuam,
3490 2930 3719 2989 Domine
3746 2948 3761 2986 :
3793 2939 3917 2988 tota

2310 3026 2402 3083 die
2430 3025 2710 3083 meditatio
2745 3042 2865 3083 mea
2894 3036 3001 3083 est.
3241 3027 3246 3034 '

2386 3117 2546 3175 Mem.
2596 3118 2776 3190 Super
2807 3117 3060 3176 inimicos
3087 3132 3239 3177 meos
3267 3117 3591 3191 prudentem
3617 3130 3705 3174 me
3732 3113 3919 3172 fecisti

2313 3209 2573 3267 mandato
2600 3220 2693 3266 tuo
2728 3227 2740 3265 :
2771 3210 2897 3282 quia
2929 3209 2985 3266 in
3013 3218 3279 3267 aeternum
3315 3209 3452 3267 mihi
3478 3219 3587 3266 est.

3779 3297 3920 3369 quia

2317 3391 2443 3465 [Ms.
2475 3391 2752 3466 quoniam]
2782 3394 3090 3451 testimonia
3123 3403 3212 3450 tua
3243 3391 3524 3449 meditatio
3551 3407 3669 3448 mea
3698 3398 3800 3448 est.

2387 3488 2547 3544 Mem.
2599 3489 2775 3560 Super
2814 3488 3057 3545 seniores
3108 3487 3391 3546 intellexi:
3423 3487 3553 3559 quia
3592 3485 3741 3561 [Με.
3771 3499 3923 3557 quo-

2314 3578 2493 3653 niam]
2519 3579 2770 3638 mandata
2799 3589 2889 3637 tua
2915 3580 3205 3652 exquisivi.

2394 3674 2556 3730 Mem.
2607 3675 2693 3732 Ab
2729 3676 2878 3732 omni
2908 3676 2993 3730 via
3020 3675 3162 3731 mala
3202 3673 3454 3747 prohibui
3493 3671 3663 3746 pedes
3714 3685 3874 3729 meos
3905 3689 3920 3725 ε

2318 3776 2375 3823 ιιι
2400 3767 2704 3825 custodiam
2726 3768 2952 3825 verbum
2983 3778 3158 3826 tuum.

2388 3859 2549 3917 Mem.
2596 3864 2638 3916 Α
2657 3859 2875 3932 judiciis
2902 3861 3006 3919 tuis
3027 3876 3136 3919 non
3159 3861 3462 3922 declinavi:
3482 3860 3608 3933 quia
3630 3856 3761 3934 Uis.
3781 3872 3920 3930 quo—

2317 3951 2488 4025 niam]
2518 3938 2574 4008 tu
2600 3952 2773 4024 legem
2799 3954 3024 4024 posuisti
3054 3953 3210 4010 milii.

2393 4045 2554 4103 Mem.
2606 4046 2779 4114 Quam
2816 4046 2997 4103 dulcia
3040 4045 3287 4104 lancibus
3329 4044 3467 4102 meis
3508 4042 3728 4117 eloquia
3775 4045 3913 4099 tua!

2317 4156 2483 4212 super
2512 4140 2620 4198 mel
2648 4152 2704 4199 et
2732 4143 2919 4198 favum
2957 4142 3040 4199 ori
3070 4157 3218 4199 meo.

2390 4232 2549 4289 Mem.
2603 4235 2650 4289 A
2678 4233 2956 4290 mandatis
2982 4234 3091 4291 tuis
3121 4231 3368 4290 intellexi
3401 4250 3416 4289 :
3446 4239 3737 4303 propterea
3770 4230 3787 4303 [
3812 4228 3915 4284 Ms.

2319 4335 2543 4399 prapter
2569 4324 2716 4401 hoc]
2750 4326 2879 4383 odio
2925 4326 3089 4382 habui
3121 4342 3342 4383 omnem
3386 4325 3530 4382 viam
3562 4321 3878 4395 iniquitatis
3900 4361 3917 4389 ,

2319 4420 2574 4492 quoniam
2605 4428 2664 4476 ιιι
2694 4419 2868 4491 legem
2904 4417 3136 4491 posuisti
3158 4416 3318 4475 mibi.

2395 4536 2544 4592 Nun.
2597 4535 2847 4594 Lucerna
2879 4535 3112 4608 pedibus
3140 4536 3276 4593 meis
3306 4535 3534 4593 verbum
3577 4542 3728 4589 tuum
3755 4570 3771 4599 ,
3817 4530 3925 4586 Do-

2322 4630 2469 4688 mine
2498 4647 2511 4686 :
2536 4638 2591 4687 et
2617 4630 2799 4687 lumen
2831 4629 3044 4686 semitis
3074 4629 3213 4687 meis
3240 4628 3371 4704 [Μδ.
3401 4624 3553 4699 mei].

694 4699 837 4758 Nun.
876 4699 1059 4757 luravi
1084 4711 1133 4758 et
1154 4703 1313 4760 statui
1331 4703 1589 4760 custodire
1607 4704 1807 4773 iudicia
1818 4706 2037 4780 iustitia:
2059 4716 2181 4762 tute.
2238 4715 2294 4779 Β
2391 4725 2542 4784 Nu".
2593 4726 2783 4785 ιυηινί
2815 4735 2872 4783 οι
2895 4725 3057 4783 sum:
3084 4767 3100 4795 ’
3142 4699 3422 4783 θυείοάίιιθ
3453 4722 3662 4796 judicia
3686 4718 3923 4792 justitlzn

695 4905 839 4963 Nun.
879 4906 933 4961 11
940 4907 1206 4963 untiliatus
1236 4924 1353 4964 sum
1388 4925 1777 4983 usquequaque,
1809 4909 2033 4967 Domine
2056 4925 2075 4967 :
2096 4908 2221 4966 viri-

536 5054 543 5059 ,
623 4998 732 5099 βιηέ
755 5015 835 5054 me
855 4999 1139 5055 secundum
1165 5001 1375 5057 verbum
1412 5012 1578 5058 tmtm.

703 5170 730 5200 ⁸
770 5161 1050 5217 Palatinus
1075 5176 1177 5215 ms.
1204 5170 1260 5216 et
1280 5160 1454 5216 Carus
1475 5161 1646 5231 ipsum
1668 5170 1789 5217 tunc
1808 5162 2056 5221 voculam
2081 5178 2222 5220 novo

632 5234 793 5289 olielu
822 5232 1145 5290 confodiunt
1169 5247 1185 5290 :
1219 5233 1511 5287 immerito.

702 5303 730 5343 ι)
760 5304 1077 5375 Prmpositio
1100 5303 1253 5359 verbi
1277 5305 1527 5373 exquisivi
1553 5304 1607 5358 in
1632 5305 1824 5360 eodem
1848 5321 1951 5361 ms.
1976 5306 2045 5362 de
2069 5322 2224 5363 more

633 5377 790 5447 obeln
819 5384 1173 5447 pnenotatur.
1215 5376 1407 5432 Altero
1437 5376 1504 5429 ab
1547 5378 1651 5431 hoc
1689 5392 1873 5444 versu,
1908 5378 2062 5433 Omni
2101 5395 2223 5432 con-

634 5448 964 5503 summationi
994 5448 1193 5517 legitur
1218 5447 1273 5502 in
1295 5447 1459 5502 dandi
1489 5462 1617 5519 casu
1645 5489 1661 5515 ,
1701 5459 1753 5502 et
1783 5448 2089 5519 insequenti
2117 5451 2225 5505 alio

632 5520 823 5574 obelns
856 5519 1166 5588 negligitur.
1199 5529 1326 5574 ante
1356 5533 1554 5573 nomen
1579 5518 1823 5574 Domine.

709 5603 730 5630 ε
776 5591 828 5664 In
858 5590 1155 5664 Veronensi
1187 5606 1316 5664 "15:,
1348 5590 1787 5664 justiﬁeatimtum
1819 5603 2047 5658 tuarum,
2096 5609 2224 5664 quo-

637 5663 776 5715 niam
807 5663 860 5715 in
886 5660 1290 5733 illis_vivifimsti
1316 5659 1415 5725 me,
1447 5659 1666 5716 Domine
1709 5678 1727 5717 :
1766 5674 1928 5733 atque
1955 5659 2127 5719 altero
2159 5666 2226 5717 ab

634 5734 739 5789 line
761 5748 943 5798 versu,
966 5729 1050 5786 Me
1070 5729 1417 5785 sustinuerunt
1442 5745 1751 5803 peccatores,
1773 5729 1905 5801 ele.,
1930 5751 1992 5791 ac
2009 5735 2225 5800 deinde,

643 5804 822 5858 Omnis
856 5803 1315 5859 consummationis
1347 5802 1457 5857 vidi
1494 5806 1645 5870 ﬁnem
1670 5846 1685 5869 ,
1725 5807 1888 5860 latum
1926 5806 2230 5861 mandatum

642 5888 784 5946 (imm
818 5872 970 5927 valde
1003 5889 1021 5927 :
1060 5874 1299 5945 itemque
1327 5874 1434 5927 alio
1473 5874 1761 5945 iuterjecto
1803 5892 1967 5933 versu
1992 5918 2010 5942 ,
2057 5878 2231 5946 Super

640 5945 874 5999 inimicos
903 5960 1038 6001 meos
1066 5961 1246 6015 sapere
1274 5960 1353 6001 nte
1388 5946 1552 6014 fecisti
1579 5947 1880 6003 mandatum
1911 5956 2075 6018 tnunt,
2105 5945 2231 6018 quo-

2331 4829 2457 4877 Illic.

2354 4916 2357 4921 ’
2395 4913 2545 4969 Nun.
2604 4910 2932 4969 Humiliatus
2961 4928 3081 4970 sum
3112 4909 3139 4951 δ
3172 4924 3561 4985 usquequaque
3587 4950 3603 4978 ,
3649 4906 3927 4965 Domine:

2323 5006 2538 5065 vivitica
2568 5021 2654 5063 me
2676 5006 2977 5064 secundum
3007 5006 3233 5064 verbum
3279 5016 3454 5061 tuum.

2326 5164 2467 5220 niam
2494 5164 2551 5220 in
2592 5162 2840 5219 scendunt
2870 5162 2996 5216 milii
3021 5170 3115 5217 est.
3159 5161 3237 5216 lbi
3276 5160 3634 5232 Augustinus.
3687 5159 3886 5215 Melius
3913 5201 3932 5227 ,

2326 5237 2525 5307 inquit,
2556 5234 2920 5307 intellexerunt
2940 5234 3028 5305 qui
3038 5234 3377 5307 interpretati
3404 5242 3534 5307 sunt
3554 5232 3610 5287 in
3636 5241 3931 5307 asteruum2

2326 5302 2481 5379 quam
2502 5302 2589 5380 qui
2620 5309 2672 5380 in
2697 5302 2985 5380 saeculum.
3032 5304 3260 5380 El_p08l.
3280 5304 3426 5380 duos
3466 5304 3607 5380 alios
3630 5343 3645 5368 ,
3675 5302 3753 5357 Ab
3780 5303 3931 5357 omni

2328 5374 2409 5435 via
2436 5374 2651 5451 maligni
2691 5380 2836 5451 (pro
2860 5376 3132 5451 maligna)
3171 5375 3422 5451 prohibui
3440 5374 3595 5451 pedes
3641 5391 3782 5451 meos
3808 5416 3824 5439 ,
3874 5383 3934 5451 stt

2328 5445 2622 5506 custodiant
2648 5445 2803 5504 verba
2832 5456 2921 5502 tua
2944 5466 2963 5504 :
2989 5445 3055 5504 ac
3080 5445 3298 5505 demum
3329 5445 3507 5501 dulcia
3534 5445 3777 5516 faucibus
3803 5445 3938 5516 meis

2330 5524 2481 5576 verba
2506 5531 2615 5586 tua,
2643 5534 2744 5590 pro
2770 5518 2996 5590 eloquia,
3025 5529 3158 5587 etc.,
3188 5520 3335 5591 quod
3357 5518 3416 5574 S.
3441 5515 3778 5588 Augustinus
3799 5515 3942 5571 dicit

2336 5595 2398 5647 de
2424 5591 2604 5647 Gra'co
2634 5594 2945 5661 expressius.

2407 5664 2433 5700 ά
2475 5665 2615 5718 Idem
2651 5658 2782 5727 nis.,
2810 5679 2967 5730 usque
2993 5662 3163 5716 valde.
3190 5659 3681 5726 'l‘um,Voluntaria
3708 5658 3816 5715 oris
3839 5658 3945 5714 n‘ei

2336 5735 2565 5807 adprobo
2594 5750 2674 5788 me
2701 5735 2717 5803 (
2743 5748 2841 5802 pro
2857 5734 3153 5807 adprobato
3180 5779 3193 5799 ,
3223 5734 3320 5807 v_e_l_
3342 5732 3577 5807 adproba
3602 5744 3800 5807 quaso,
3845 5740 3945 5807 aut

2338 5802 2479 5871 bene,
2513 5814 2607 5860 aut
2633 5802 2819 5875 nunc),
2844 5802 3090 5868 Domine,
3119 5816 3228 5860 etc.
3259 5804 3364 5860 Ubi
3401 5805 3601 5858 dicitur
3627 5802 3943 5875 insequenti

2340 5894 2524 5947 versu,
2554 5871 2789 5932 manibus
2816 5876 2942 5939 tuis,
2974 5893 3074 5945 pro
3100 5877 3251 5941 meis,
3282 5877 3340 5928 S.
3364 5875 3483 5947 ipse
3506 5875 3667 5947 Pater
3693 5871 3749 5947 in
3771 5874 3937 5943 epiSI.

2344 5949 2412 6007 ad
2437 5942 2701 6009 Su'nniaut
2734 5960 2787 6006 et
2820 5942 3095 6006 lirete'lanr
3123 5951 3192 6004 ita
3227 5942 3521 6004 edisserit:
3553 5942 3865 6009 Sciendum,
3895 5953 3945 5999 et
