4090 6338
181 271 286 332 353

1479 265 1684 327 LIBER
1722 263 2172 325 PSALMORUM.

3377 258 3482 318 555

248 392 394 450 Non.
447 393 762 453 Voluntaria
787 391 891 447 oris
916 389 1015 445 mei
1037 388 1354 461 beneplacita
1385 387 1490 459 fac,
1524 385 1781 442 Domine:
1809 383 1861 446 Α
1963 383 2112 438 Nun.
2154 380 2467 436 Voluntaria
2498 380 2612 436 oris
2644 381 2750 437 mei
2778 379 3113 452 beneplacita
3150 378 3265 448 lae,
3293 377 3483 434 Domi-

181 498 229 544 et
245 488 458 560 judicia
490 499 580 544 tua
602 490 730 545 doce
757 503 856 543 me.

250 581 399 639 Nun.
443 583 633 638 Anima
657 601 769 638 mea
798 580 1112 637 inmanibus
1140 579 1264 636 meis
1291 594 1488 650 semper
1512 594 1530 632 :
1556 585 1600 632 et
1622 577 1787 648 legem

182 684 328 730 tuam
354 691 462 731 non
488 693 604 730 sum
631 676 842 732 oblitus.

252 767 399 824 Non.
445 767 742 825 Posuerunt
792 775 1087 840 peccatores
1130 765 1372 838 laqueum
1424 763 1592 818 mihi:
1634 771 1681 817 et
1725 762 1789 816 de

182 862 452 917 mandatis
485 862 588 917 tuis
614 878 717 916 non
746 863 935 916 erravi.

255 955 401 1012 Non.
446 954 770 1012 [hereditate
803 954 1052 1027 acquisiui
1097 952 1387 1008 testimonia
1434 959 1522 1007 tua
1563 949 1617 1005 in
1643 956 1790 1005 atter-

181 1065 310 1104 uum
338 1065 358 1105 :
381 1049 508 1121 quia
533 1047 812 1105 exsultatio
833 1046 1002 1103 cordis
1024 1046 1123 1102 mei
1146 1054 1284 1102 sunt.

189 1218 202 1229 ’
251 1228 400 1288 Nun.
443 1227 706 1286 Inclinavi
731 1244 822 1285 cor
854 1245 1022 1286 meum
1053 1229 1122 1285 ad
1161 1226 1428 1300 faciendas
1448 1221 1793 1298 justi/iratio-

183 1341 275 1381 ues
305 1334 426 1380 tuas
453 1325 505 1380 in
533 1332 808 1390 (eternum,
836 1331 1049 1394 prapter
1077 1319 1482 1376 retributionem.

256 1503 515 1564 Samech.
558 1501 776 1576 lniquos
807 1502 923 1558 odio
951 1501 1108 1558 habui
1131 1516 1148 1558 .'
1175 1510 1222 1556 et
1244 1498 1405 1570 legem
1437 1505 1577 1552 tuam
1603 1492 1789 1550 dilexi.

201 1666 216 1682 ’
257 1685 519 1744 Samecb.
563 1685 791 1755 Adiutor
817 1691 864 1737 et
891 1690 1156 1751 susceptor
1183 1693 1320 1734 meus
1342 1693 1394 1732 es
1419 1687 1506 1732 tu:
1541 1690 1596 1731 -ε-
1635 1684 1659 1713 α
1688 1684 1736 1730 et
1767 1675 1788 1744 ζ

183 1782 240 1836 in
268 1780 481 1835 verbum
510 1788 660 1833 tuum
685 1775 1064 1849 super-sperari.

259 1871 522 1927 Sameeb.
568 1869 837 1925 Declinate
886 1886 917 1922 a
960 1885 1075 1935 me,
1125 1865 1340 1939 maligni
1383 1881 1402 1932 ;
1441 1874 1486 1919 et
1523 1862 1792 1918 scrutabor

185 1965 443 2021 mandata
473 1961 571 2020 Dei
590 1964 709 2018 mei.

258 2058 524 2118 Samocb.
565 2059 788 2131 Suscipe
816 2075 896 2112 me
931 2057 1211 2112 secundum
1252 2055 1514 2127 eloquium
1541 2064 1713 2122 tuum,
1747 2062 1795 2108 et

195 2156 366 2211 eiram
396 2171 414 2211 :
444 2163 617 2210 etnon
646 2153 941 2225 confundas
965 2168 1044 2206 me
1071 2152 1136 2206 ab
1161 2150 1541 2223 exspectatione
1569 2165 1703 2204 mea.

259 2339 526 2396 Samcch.
572 2337 777 2410 Adjuva
826 2353 906 2392 me
930 2378 944 2404 ,
994 2345 1044 2392 et
1073 2334 1245 2392 salvus
1271 2349 1358 2390 ero
1389 2350 1407 2388 :
1436 2341 1484 2389 et
1513 2318 1799 2388 meditabor

191 2435 246 2488 in
271 2432 744 2507 justiﬁcationibus
771 2433 872 2488 tuis
899 2445 1119 2500 semper.

263 2527 530 2584 Samech.
597 2526 848 2598 Sprevisti
887 2541 1062 2580 omnes
1110 2523 1426 2579 discedentes
1464 2538 1496 2575 τι
1533 2520 1558 2562 δ
1580 2521 1800 2594 judieiis

191 2622 300 2676 tuis
325 2636 346 2676 :
367 2619 491 2691 quia
514 2619 714 2692 injusta
742 2619 986 2690 cogitatio
1015 2633 1214 2672 eorum.

262 2713 523 2771 Samech.
569 2711 980 2768 Prcevaricautes
1021 2711 1260 2784 reputari
1309 2728 1481 2768 omnes
1513 2721 1802 2783 peccatores

194 2817 354 2863 terra:
375 2823 394 2862 :
420 2807 540 2862 ideo
567 2806 731 2862 dilexi
756 2806 1046 2861 testimonia
1072 2813 1180 2860 tua.

267 2899 542 2958 Samech.
582 2898 797 2974 Con/ige
835 2899 1014 2956 timore
1055 2909 1142 2955 tuo
1168 2916 1347 2956 carnes
1376 2915 1553 2956 meas:
1600 2916 1632 2952 a
1661 2899 1804 2968 iudi-

197 2996 295 3050 ciis
329 3005 352 3034 ε
383 2995 522 3051 enim
554 2994 656 3048 tuis
681 2995 852 3052 timui.
1129 2979 1134 2982 I

271 3086 402 3142 Ain.
445 3084 576 3141 Feci
593 3086 857 3160 judicium
901 3095 950 3142 et
998 3086 1296 3157 iustitiam:
1342 3106 1446 3144 non
1501 3090 1681 3146 tradas
1726 3108 1806 3150 me

197 3180 643 3236 calumniantibus
668 3195 767 3234 me.

201 3393 352 3466 apud
376 3389 628 3466 Hebra'os
656 3399 704 3445 et
730 3390 873 3462 apud
897 3389 1263 3466 septuaginta.
1295 3399 1341 3444 et
1361 3405 1536 3466 omnes
1560 3391 1692 3444 alios
1719 3391 1800 3466 in-

209 3461 460 3536 terpretes
484 3465 738 3531 scriptum
769 3461 920 3536 esse_._
942 3461 993 3536 in
1021 3463 1272 3536 manibus
1302 3461 1438 3536 meis
1465 3504 1478 3525 ,
1507 3473 1554 3536 et
1585 3479 1712 3536 non,
1747 3462 1802 3517 in

206 3531 464 3591 manibus
510 3536 618 3590 luis
640 3574 657 3600 ,
703 3535 842 3603 quod
872 3533 1126 3586 llebraice
1156 3533 1347 3586 dicitur
1386 3531 1614 3602 Bactra/7i
1638 3575 1652 3595 ,
1695 3543 1800 3588 etc.

207 3607 534 3663 Eeontrario
554 3608 886 3675 Augustinus
910 3623 920 3656 :
941 3603 1226 3675 Nonnulli,
1250 3605 1344 3675 ait,
1369 3604 1571 3657 codices
1592 3604 1801 3672 habent,

207 3679 261 3734 in
294 3677 548 3733 manibus
577 3673 743 3746 meis,
776 3675 865 3730 sed
893 3673 1069 3746 plures
1106 3677 1156 3727 in
1188 3674 1292 3728 tuis
1313 3719 1327 3741 ,
1371 3683 1419 3728 et
1459 3676 1556 3728 hoc
1597 3677 1806 3745 quidem

206 3750 432 3820 planum
455 3758 528 3803 est
550 3763 568 3811 ;
596 3745 871 3820 Juslorum
894 3745 1033 3800 enim
1058 3747 1247 3820 anima:
1275 3747 1326 3799 in
1356 3761 1512 3799 manu
1541 3746 1645 3820 Dei
1663 3757 1803 3820 sunt.

210 3817 474 3892 Sequitur
505 3821 558 3873 in
586 3818 776 3874 eodem
801 3833 902 3872 ms.
921 3859 936 3882 ,
969 3826 1025 3892 et_
1048 3818 1174 3892 legis
1199 3826 1433 3892 tutenon
1457 3833 1570 3870 sum
1597 3817 1804 3892 oblitus.

213 3888 514 3947 Posuerunt
541 3897 834 3959 peccatores
860 3888 1208 3959 niuseipiulam
1233 3888 1379 3954 mihi,
1411 3897 1460 3942 et
1486 3905 1518 3941 a
1547 3890 1808 3944 mandatis

214 3965 341 4030 tuis,
376 3958 602 4016 Domine
625 4004 639 4027 ,
673 3977 779 4014 non
812 3959 998 4014 erravi.
1045 3958 1361 4013 Haereditate
1388 3960 1592 4028 possedi
1622 3972 1809 4014 terram

213 4044 382 4098 tuam,
412 4032 559 4104 quod
589 4031 932 4104 manifestum
959 4030 1162 4104 librarii
1194 4030 1448 4104 mendum
1476 4042 1561 4086 est
1583 4046 1678 4099 pro
1699 4041 1807 4085 tes-

216 4101 447 4160 timonia‘
470 4115 580 4158 tua.
613 4101 880 4158 Ca'terum
911 4109 966 4156 et
991 4101 1294 4171 Augustino
1327 4103 1602 4170 probatur,
1617 4105 1808 4171 magis,

217 4186 275 4231 ut
299 4176 515 4231 dicatur
543 4174 842 4229 Iuereditate
863 4173 1104 4244 possedi,
1155 4171 1270 4244 sive
1297 4173 1597 4244 liceretlitate
1636 4176 1811 4244 acqui-

216 4249 312 4302 siri
344 4263 364 4302 :
397 4262 504 4301 non
537 4243 909 4308 haereditatcut,
943 4244 1039 4300 sed
1064 4243 1386 4298 haereditate.
1413 4243 1646 4298 Rursum
1676 4243 1812 4300 infra

217 4319 282 4373 ad
324 4316 563 4374 Samecb
593 4317 819 4372 alteram
850 4315 1110 4381 litteram,
1144 4313 1400 4384 Defensor
1427 4330 1590 4377 meus.
1624 4325 1670 4369 et
1699 4333 1815 4370 sus-

218 4399 400 4456 ceptor
428 4405 573 4444 meus
615 4405 666 4442 es
697 4396 752 4440 tu
781 4401 800 4441 :
824 4398 872 4440 et
901 4387 954 4440 in
981 4387 1186 4441 verbum
1217 4396 1358 4440 tuum
1386 4386 1606 4457 speravi.
1641 4386 1816 4441 Disce-

219 4463 325 4514 di.‘e
354 4478 386 4514 α
417 4476 498 4514 me
521 4505 536 4528 ,
583 4459 827 4529 maligni,
898 4467 1003 4512 etc.
1033 4499 1046 4522 ,
1079 4467 1155 4524 et,
1197 4457 1398 4529 suscipe
1426 4475 1505 4511 me
1533 4459 1815 4513 secundum

221 4533 432 4586 verbum
471 4540 658 4593 tuum;
705 4529 900 4598 quibus
935 4529 1068 4584 locis
1103 4538 1368 4583 consonat
1405 4529 1624 4598 quidem
1671 4545 1818 4599 εωμο

219 4601 560 4672 Augustino;
592 4601 688 4656 sed
715 4608 771 4656 et
795 4600 863 4656 ab
888 4615 954 4656 eo
982 4615 1134 4672 saepe
1155 4601 1424 4655 dissentit.

295 4670 330 4712 η’
364 4673 596 4728 Palatio.
630 4689 736 4728 ms.
783 4687 881 4739 pro
909 4680 955 4725 et
982 4670 1205 4730 vocula,
1232 4687 1390 4741 quam
1423 4671 1627 4732 nescit,
1662 4671 1809 4726 iuse-

220 4753 480 4814 qnentem
512 4743 1035 4814 prmpositionemin
1067 4743 1297 4806 66’s).it;si.
1326 4743 1496 4798 Carus
1526 4753 1810 4814 utramque

224 4813 284 4872 ἐν
317 4828 366 4870 et
398 4817 452 4870 in
485 4816 506 4883 ζ
537 4815 762 4878 verbum,
791 4823 897 4869 etc.
927 4813 1128 4869 Neuter
1153 4816 1284 4867 satis
1310 4813 1468 4869 bene.

292 4888 319 4926 1'
359 4887 420 4942 In
453 4887 701 4942 Palatino
725 4899 828 4940 ms.
862 4886 1134 4956 ajustitiis
1166 4885 1285 4956 tuis,
1313 4893 1419 4940 etc.

297 4971 319 4998 ε
367 4957 699 5012 Adverbium
751 4955 924 5020 enim,
977 4971 1076 5024 pro
1113 4970 1222 5025 quo
1254 4955 1308 5010 in
1341 4956 1572 5010 Hebraeo
1598 4956 1815 5026 preprie

223 5040 304 5086 est
335 5041 409 5095 et,
443 5032 496 5084 in
529 5029 774 5084 Palatino
801 5042 906 5083 tus.
929 5038 982 5084 ct
1004 5041 1171 5099 penes
1191 5027 1389 5084 Carum
1417 5028 1579 5084 obelo
1607 5044 1816 5099 praeno-

223 5113 388 5156 ιλιιιτ.

292 5172 320 5210 ά
361 5173 438 5228 Ita
471 5172 656 5243 legunt
683 5170 815 5226 editi
846 5185 911 5225 ac
958 5185 1090 5226 mss.
1123 5169 1622 5243 libri‘inllomano
1666 5169 1820 5226 Psal-

227 5245 383 5310 terio,
415 5241 656 5299 ncc'non
685 5243 1024 5313 exemplaria
1050 5243 1236 5298 Graeca
1264 5241 1405 5296 LXX
1433 5242 1819 5311 lutei-prelum.

227 5317 640 5390 l:1lll‘illl|lI'CSS:l,
656 5329 812 5382 quam
839 5315 1205 5390 illailtiset'ipta
1230 5331 1252 5390 :_
1271 5315 1458 5390 ἐγερεῖς
1481 5316 1667 5390 χερσίγ
1688 5329 1818 5390 aeu;

227 5383 565 5443 Sorbonicns
589 5402 728 5440 mss.
760 5387 932 5440 codex
955 5385 1210 5442 editionis
1233 5384 1399 5450 LXX,
1426 5383 1490 5439 en
1508 5383 1586 5440 'te's
1613 5383 1818 5438 chersin

226 5475 308 5511 stt.
350 5459 457 5514 Sed
510 5457 832 5522 sciendum,
887 5457 1066 5526 inquit
1117 5457 1514 5528 Hieronymus,
1562 5469 1617 5511 et
1676 5455 1818 5525 apud

229 5529 492 5584 “Clli‘ﬂEOS
519 5572 534 5596 ,
569 5538 625 5584 et
673 5528 1028 5598 Septuaginta
1055 5570 1071 5591 ,
1103 5536 1157 5582 et
1183 5544 1370 5582 omnes
1392 5528 1530 5582 alios
1553 5529 1822 5592 interpre-

231 5610 308 5656 tes
332 5603 602 5671 scriptum
633 5615 757 5654 esse
777 5642 791 5661 .
816 5601 869 5654 in
901 5600 1136 5654 manibus
1157 5601 1284 5653 meis
1309 5609 1538 5671 ,_et7u0_n
1567 5600 1620 5652 in
1641 5599 1821 5671 inani-

229 5672 321 5725 bus
351 5669 483 5727 tuis.
525 5673 678 5738 Quod
709 5672 972 5727 llebraice
999 5671 1199 5726 dicitur
1229 5669 1452 5738 bactra/fi
1479 5669 1684 5742 (’33:),
1711 5682 1818 5725 etc.

229 5742 413 5812 Itaque
463 5743 800 5811 exemplaria
864 5744 1048 5799 Grmca
1105 5742 1301 5811 quibus
1349 5744 1574 5808 utimur,
1621 5753 1824 5812 etqua:

231 5823 445 5875 exstant
475 5816 532 5876 in
559 5814 823 5875 l'saltcrio
849 5816 1048 5892 triplici
1074 5829 1178 5874 tus.
1196 5814 1520 5890 Sorbonico,
1555 5829 1665 5872 non
1694 5822 1826 5874 sunt

1887 489 1957 531 ne
1986 493 1999 530 :
2032 483 2087 531 et
2113 473 2313 545 judicia
2344 481 2434 528 tua
2463 473 2602 529 doce
2629 488 2734 529 me.

1960 569 2112 625 Nan.
2155 568 2348 624 Anima
2384 564 2612 624 meadin
2641 567 2889 624 manibus
2913 566 3023 624 tuis
3053 581 3301 639 semper:
3325 578 3378 624 et
3404 568 3482 624 le-

1887 677 2008 735 gem
2039 671 2185 718 tuam
2209 676 2315 716 non
2339 675 2460 716 sum
2486 659 2709 716 oblitus.
3261 657 3272 662 ”

1967 753 2114 824 Nan.
2157 753 2463 810 Posuerunt
2507 760 2826 824 peccatores
2873 752 3096 825 laqueos
3144 752 3314 808 mihi:
3357 760 3408 808 ct
3454 765 3484 806 a

1889 847 2159 904 mandatis
2187 847 2294 902 tuis
2326 861 2434 902 non
2468 846 2666 902 erravi.

1963 941 2111 997 Nun.
2157 941 2544 997 llmreditatem
2604 939 2868 1012 acquisivi
2928 941 3238 998 testimonia
3297 949 3384 997 tua
3434 943 3486 997 in

1891 1043 2154 1091 aeternum
2183 1051 2194 1090 :
2227 1033 2354 1107 quia
2385 1032 2513 1106 [Με.
2542 1031 2824 1106 quoniam]
2851 1033 3144 1090 exsultatio
3167 1033 3350 1090 cordis
3379 1035 3484 1091 mei

1896 1137 2046 1185 sunt.

1965 1222 2117 1278 Nan.
2156 1222 2414 1279 lnclinavi
2449 1221 2591 1296 [Με.
2625 1221 2952 1294 declinavit]
2981 1238 3076 1279 cor
3103 1238 3282 1280 meum
3308 1222 3375 1280 ad
3407 1223 3486 1278 fa—

1893 1315 2116 1374 ciendas
2144 1315 2571 1388 iustiﬁcationes
2603 1325 2721 1372 tuas
2748 1316 2800 1372 in
2831 1327 3121 1384 aeternum,
3155 1325 3374 1388 propter
3397 1332 3486 1374 re-

1894 1409 2270 1467 tributionem.

1967 1507 2210 1563 Samech.
2254 1505 2476 1579 lniquos
2522 1505 2650 1563 odio
2692 1505 2899 1562 habui:
2941 1514 2996 1562 et
3029 1504 3205 1579 legem
3234 1514 3379 1564 tuam
3403 1505 3487 1562 di-

1895 1597 2028 1654 lexi.

1969 1691 2211 1748 Samech.
2252 1691 2485 1762 Adjutor
2515 1700 2569 1748 et
2597 1700 2880 1763 susceptor
2922 1707 3075 1748 meus
3113 1707 3171 1749 es
3201 1702 3256 1751 tu
3287 1711 3298 1747 :
3352 1699 3406 1750 ct
3435 1693 3488 1748 in

1819 1779 1867 1840 Β
1891 1786 2059 1843 verbo
2093 1795 2185 1841 tuo
2213 1785 2425 1857 speravi
2450 1804 2461 1840 :

1972 1877 2218 1933 Samech.
2261 1877 2541 1933 Dcclinate
2593 1892 2622 1932 a
2680 1893 2766 1933 me
2811 1877 3068 1949 maligni,
3111 1888 3166 1934 et
3207 1878 3498 1934 scrutabor

1898 1970 2152 2028 mandata
2185 1969 2279 2025 Dei
2309 1969 2436 2025 mei.

1971 2064 2217 2122 Samech.
2258 2063 2487 2134 Suscipe
2536 2079 2622 2119 mc
2657 2065 2957 2121 secundum
2997 2063 3274 2136 eloquium
3312 2076 3490 2134 tuum,

1899 2169 1954 2218 et
2005 2149 2220 2216 vivam:
2274 2168 2332 2217 et
2379 2173 2447 2216 ne
2490 2159 2790 2216 confundas
2838 2176 2926 2218 me
2972 2161 3042 2216 ab
3082 2161 3495 2233 exspectatione

1903 2268 2042 2310 tuea.

1975 2348 2218 2405 Sameclt.
2263 2349 2470 2421 Adjuva
2505 2365 2616 2418 me,
2643 2358 2700 2406 et
2725 2350 2911 2406 salvus
2942 2365 3075 2406 ero:
3107 2359 3160 2407 et
3191 2351 3500 2408 meditabor

1903 2441 2032 2516 [Ms.
2065 2441 2366 2513 meditabo]
2402 2445 2453 2498 in
2485 2445 2592 2499 tuis
2614 2445 3096 2514 justiﬁeationibus
3121 2460 3357 2516 semper.

1977 2535 2223 2591 Sameeh.
2268 2545 2292 2575 ο
2322 2536 2583 2606 Sprevisti
2633 2553 2821 2593 omnes
2866 2537 3214 2593 discedentes
3248 2553 3277 2592 a
3305 2537 3503 2606 justiti-

1903 2629 2218 2685 cationibus
2246 2630 2353 2684 tuis
2379 2646 2390 2682 :
2425 2629 2552 2700 quia
2585 2628 2782 2700 injusta
2813 2629 3073 2700 cogitatio
3101 2646 3292 2686 eorum
3322 2640 3426 2687 est.

1977 2718 2225 2776 Samech.
2268 2719 2702 2776 Prmvaricantes
2741 2722 2989 2792 reputavi
3021 2736 3211 2778 omnes
3243 2732 3496 2794 peccato-

1906 2828 1996 2872 res
2021 2822 2184 2870 terrte
2213 2833 2224 2868 :
2257 2813 2383 2870 ideo
2412 2813 2576 2870 dilexi
2605 2814 2914 2870 testimonia
2948 2823 3058 2868 tua.

1979 2908 2230 2964 Samech.
2273 2908 2650 2980 lntigetimore
2679 2918 2773 2964 tuo
2803 2923 2994 2966 carnes
3028 2925 3197 2979 meas,
3235 2925 3264 2966 a
3292 2911 3509 2978 iudieiis

1908 3003 2054 3059 enim
2086 3001 2216 3075 [Ms.
2250 3001 2456 3075 autem]
2489 3004 2598 3060 tuis
2629 3001 2806 3058 timui.

1983 3095 2104 3150 Ain.
2147 3093 2271 3150 Feci
2313 3095 2581 3166 judicium
2622 3105 2680 3152 et
2717 3094 3026 3167 justitiam:
3065 3112 3132 3154 ne
3165 3098 3346 3155 tradas
3374 3097 3392 3136 τ
3423 3113 3508 3155 me

1835 3179 1882 3242 (ἶ
1912 3187 2369 3262 persequentibus
2401 3204 2509 3245 me.

1908 3391 2029 3464 puri
2051 3389 2279 3464 codices
2310 3391 2450 3447 LXX
2473 3391 2866 3464 lutcrpretum.
2889 3390 3070 3447 Mser.

1982 3473 2005 3501 ο
2028 3463 2104 3536 λ1η
2135 3463 2435 3518 Veronensi
2459 3479 2574 3536 gms.
2609 3462 2753 3536 {Ad
2791 3462 3010 3518 nihilum
3049 3463 3310 3518 deduxisti
3333 3463 3507 3536 (quod

1907 3536 1982 3590 ait
2012 3533 2299 3602 Augustin.
2333 3540 2396 3588 de
2426 3535 2606 3590 Grtvco
2628 3535 2930 3607 diligentius
2959 3542 3288 3605 expressum)
3323 3533 3502 3591 omnes

1907 3607 1996 3678 qui
2027 3607 2299 3660 discedunt
2346 3623 2377 3658 a
2399 3605 2865 3678 justificationibus
2898 3608 2996 3660 tuis
3017 3647 3031 3669 ,
3061 3608 3301 3675 quoniam
3330 3609 3506 3678 iniqua

1908 3676 2264 3749 pra'raricatio
2298 3694 2495 3732 eorum.
2539 3676 2976 3749 Prteearicatores
3014 3679 3302 3732 existimavi
3336 3676 3510 3734 autnes

1909 3747 2207 3820 peccatpres
2228 3758 2379 3802 terra:
2403 3764 2420 3801 :
2454 3759 2722 3817 propterea
2751 3747 2910 3802 dilexi
2937 3749 3225 3820 testimonia
3257 3758 3350 3803 tua
3370 3767 3506 3802 sein-

1911 3817 2021 3884 per.
2063 3817 2276 3890 Conﬁge
2314 3819 2471 3890 clavis
2505 3836 2536 3870 a
2563 3822 2745 3890 timore
2783 3829 2890 3873 tuo.
2937 3819 3282 3874 lieenlendus
3324 3831 3504 3875 autem

1911 3889 2244 3960 AuguStinus
2294 3889 2389 3944 ibi.
2438 3889 2863 3944 Prmvaricautes
2903 3890 3160 3957 deputavi
3191 3889 3267 3942 rel
3299 3895 3502 3959 putavi,

1911 3963 1989 4016 rel
2007 3959 2322 4015 existimavi
2352 3975 2544 4015 omnes
2576 3969 2889 4026 peccatores
2916 3970 3076 4015 terra:
3104 3979 3114 4013 :
3160 3961 3342 4015 Multis
3371 3965 3506 4016 enim

1913 4033 2078 4086 modis
2107 4032 2268 4086 nostri
2298 4031 2619 4102 interpretati
2645 4041 2792 4096 sunt,
2827 4048 2984 4084 unum
3008 4032 3213 4102 uerbum
3244 4033 3503 4098 (irrecnm,

1912 4104 2152 4177 quod‘est
2201 4101 2523 4177 ἐλργισάμγνι.
2566 4103 2636 4177 Et
2683 4101 3510 4177 subsequentis,sermonis__ini-

1917 4177 2014 4242 tio,
2049 4174 2523 4239 Prmvari’catorcs,
2553 4174 2630 4227 vel
2658 4175 2828 4243 potius
2860 4175 3284 4228 l’rwvaricautes
3312 4193 3326 4239 ;
3359 4175 3503 4230 (ἔνω-

1913 4263 2002 4301 cus
2042 4247 2177 4321 enim
2197 4246 2632 4321 _napa6‘aiu_oura;_
2673 4245 2744 4321 ait
2769 4287 2783 4310 ,
2831 4261 2934 4321 non
2975 4247 3310 4321 rrapw’idrue.
3370 4246 3506 4300 Tum

1916 4333 2070 4372 nmn.
2100 4320 2155 4383 li,
2187 4317 2302 4379 Sic,
2331 4317 2506 4386 inquit
2531 4357 2547 4382 ,
2593 4317 2823 4389 Contige
2849 4317 3153 4389 clav's,'etc
3185 4357 3199 4383 ,
3225 4321 3466 4389 e.pre.~s3i
3487 4335 3512 4373 s

1916 4389 2237 4458 interpretati
2266 4399 2384 4442 sunt
2413 4389 2629 4456 quidam
2664 4387 2855 4451 nostri,
2888 4391 3025 4458 quod
3053 4388 3231 4442 (ἔπιτε
3273 4387 3373 4443 uno
3401 4407 3510 4443 rer-

1917 4460 1978 4513 bo
2029 4457 2130 4513 dici
2160 4462 2327 4529 potuit
2353 4499 2366 4522 ,
2397 4459 2567 4525 idest,
2612 4460 2919 4518 καθήλωσον.
2957 4457 3073 4512 Hoc
3101 4461 3192 4513 alii
3215 4501 3228 4524 ,
3263 4460 3507 4529 (Ititlligu,

1919 4531 2086 4584 dicere
2114 4531 2407 4595 voluerunt,
2437 4546 2530 4584 nec
2554 4533 2867 4584 addiderunt
2892 4531 3089 4595 clavis;
3121 4533 3357 4599 atqueita
3389 4535 3511 4584 dum

1918 4601 2094 4674 colunt
2125 4617 2227 4655 una
2258 4603 2404 4656 verba
2432 4601 2612 4674 (irch
2651 4600 3089 4674 uttuttt_Latiitunt
3126 4602 3512 4674 interpretando

1921 4672 2156 4734 reddere,
2182 4673 2484 4726 sententiam
2512 4673 2684 4725 ntinus
2720 4671 3101 4742 explicaverunt
3127 4709 3140 4739 ς
3183 4671 3425 4742 quoniam
3458 4675 3511 4726 in

1920 4760 1977 4796 eo
2001 4745 2140 4813 quod
2161 4742 2490 4811 est,confige,
2517 4760 2616 4796 non
2639 4752 2821 4796 sonant
2849 4745 3002 4813 clavi;
3032 4745 3321 4802 καθήλωσον
3346 4754 3514 4796 autent

1920 4816 2028 4868 sine
2071 4815 2227 4867 clavis
2256 4813 2477 4885 intelligi
2523 4830 2623 4867 non
2654 4823 2852 4884 potest,
2885 4831 2974 4868 nec
3001 4816 3100 4868 nisi
3129 4815 3325 4868 duobus
3353 4815 3514 4868 rer-bis

1924 4885 2105 4940 Latine
2130 4886 2235 4938 dici
2265 4895 2449 4951 potest,
2478 4885 2610 4938 sicut
2639 4887 2837 4939 dictum
2869 4894 2969 4949 est,
2998 4886 3220 4944 (Iuntigo
3249 4885 3435 4938 clasis.

1999 4955 2017 4996 ί
2060 4955 2114 5010 in
2159 4955 2353 5012 eodem
2399 4972 2528 5025 ms,
2579 4973 2643 5011 ne
2685 4959 2860 5011 tradas
2887 4973 2967 5012 me
3005 4957 3296 5011 nocentibus
3326 4955 3517 5012 me:in

1923 5043 2082 5098 quem
2118 5028 2292 5082 locum
2323 5028 2501 5084 denuo
2539 5031 2903 5098 Augustinus:
2939 5030 3161 5093 Quidum
3195 5031 3391 5081 codices
3424 5041 3517 5080 Ilu-

1927 5101 2062 5164 bent,
2095 5115 2162 5154 ne
2196 5099 2375 5154 tradas
2420 5115 2509 5154 me
2556 5101 3008 5168 persequentibus
3050 5114 3170 5154 me:
3219 5099 3356 5166 quod
3380 5101 3516 5152 enim
3576 5113 3580 5118 ‘

1927 5169 2106 5225 Greece
2129 5171 2321 5224 dictum
2349 5181 2420 5224 est
2450 5180 2557 5233 τοῖς
2582 5171 2896 5227 ἁντιδικοῦσι
2919 5213 2932 5234 ,
2961 5169 3173 5240 quidam
3201 5171 3519 5241 interpretati

1925 5251 2041 5296 sunt
2073 5243 2417 5300 nocentibus.
2451 5244 2658 5308 quidam
2690 5241 3164 5310 persequentibus,
3196 5242 3405 5310 quidam
3431 5257 3521 5294 ca-

1920 5313 2334 5369 lumniantibus.
2368 5313 2532 5368 Miror
2553 5323 2743 5375 autem,
2765 5313 3016 5370 onmium,
3039 5327 3168 5381 quos
3197 5315 3248 5366 in
3281 5323 3518 5383 promptu

1926 5385 2112 5457 habere
2135 5385 2310 5457 potui,
2345 5387 2578 5438 codicum
2613 5400 2867 5457 nusquam
2888 5401 2984 5457 me
3008 5382 3037 5436 ις
3056 5383 3190 5457 gisse
3218 5382 3518 5457 adversan-

1927 5456 2093 5521 tibus,
2116 5453 2232 5510 cum
2260 5458 2370 5510 sine
2390 5456 2733 5509 controversia
2759 5455 2895 5525 quod
2922 5453 3097 5508 Greece
3117 5453 3390 5517 ἀντίδικος,
3425 5457 3523 5509 hoc

1929 5527 2111 5583 Latine
2135 5529 2463 5580 aduersarius
2487 5525 2798 5598 appelletur.
2832 5525 3091 5598 Sequitur
3119 5526 3171 5580 in
3189 5528 3381 5581 eodem
3415 5543 3521 5580 IIIS.

1929 5598 2128 5666 Excipe
2171 5613 2371 5651 servum
2398 5597 2538 5650 tuum
2567 5600 2618 5650 in
2649 5598 2779 5650 bono
2801 5638 2816 5661 ,
2846 5613 2945 5650 non
2975 5597 3376 5665 culumnientur,
3410 5609 3518 5652 etc.

1929 5680 1981 5724 ct
2007 5669 2358 5741 subsequenti
2389 5683 2572 5736 versu,
2605 5679 2650 5721 et
2679 5669 2731 5723 in
2757 5669 2957 5723 verbum
2978 5669 3198 5738 justitia:
3229 5679 3351 5741 tute,
3386 5679 3442 5726 ut
3469 5680 3524 5726 ct

1931 5738 2236 5813 insequenti
2268 5738 2395 5809 alio,
2420 5748 2466 5797 et
2482 5741 2722 5816 justitias
2753 5750 2867 5800 tuas
2897 5741 3023 5798 doce
3048 5756 3148 5798 me.
