4090 6338
561 303 669 364 355

1561 302 1622 363 s.
1663 296 2055 361 lllEllONYMl
2093 294 2330 357 ervum
2370 280 2844 365 BIBUOTIIECA.

3744 310 3858 370 556

629 426 754 483 Ain.
801 423 1020 496 Suscipe
1062 439 1260 480 servum
1296 430 1442 478 tuum
1484 422 1537 478 in
1575 422 1762 479 bonum
1789 435 1808 478 :
1835 436 1935 477 non
1958 416 2152 475 calum-
2182 417 2239 483 Α
2329 416 2451 477 Ain.
2495 422 2650 496 Elige
2691 436 2909 482 servum
2942 435 3094 484 tuum
3138 427 3193 485 in
3223 412 3425 486 bonum
3452 471 3468 499 ,
3501 438 3562 488 ut
3608 444 3717 487 non
3766 445 3861 488 ca-

562 520 769 577 nieutur
792 534 875 574 me
902 516 1132 590 superbi.

631 610 757 667 Ain.
801 609 955 666 Oculi
1004 610 1102 665 mei
1134 608 1429 684 defecerunt
1460 609 1510 665 in
1542 607 1769 666 salutare
1795 615 1937 663 tuum
1965 646 1981 673 ,
2019 612 2067 661 et
2101 603 2157 660 in

556 706 816 780 eloquium
830 705 1052 781 iustitia:
1080 715 1205 761 tute.

629 800 754 857 Ain.
799 798 912 855 Fac
960 816 1080 855 eum
1117 814 1264 855 servo
1307 808 1398 855 tuo
1439 798 1719 854 secundum
1751 792 2156 852 misericordiam

556 903 698 951 tuam
724 910 745 951 :
764 906 810 951 et
834 894 1233 967 iustiﬁcationes
1261 906 1378 950 tuas
1409 894 1536 950 doce
1558 910 1656 949 me.

628 987 757 1046 Ain.
800 988 993 1045 Servus
1024 999 1144 1044 tuus
1195 1002 1257 1043 -t—
1294 1004 1406 1043 sunt
1518 1004 1610 1058 ego
1638 1001 1657 1043 :
1687 985 1755 1041 da
1799 983 1926 1040 mihi
1953 968 2156 1040 intelle-

557 1095 717 1152 ctum,
756 1093 812 1138 ut
839 1080 965 1157 [ΜΞ.
996 1079 1069 1154 et]
1091 1082 1251 1138 sciam
1280 1080 1573 1135 testimonia
1603 1090 1711 1134 tua.
1752 1082 1756 1087 ’

628 1176 751 1232 Ain.
798 1154 1023 1247 Tempus
1064 1173 1333 1247 faciendi,
1386 1171 1643 1227 Domine:
1674 1170 2051 1243 dissipaverunt
2081 1154 2155 1226 le-

555 1287 671 1345 gent
701 1278 867 1325 luant.
1746 1330 1752 1336 ἱ

627 1363 750 1420 Ain.
794 1358 923 1417 Ideo
951 1346 1110 1417 dilexi
1133 1359 1378 1417 mandata
1400 1368 1514 1430 tua,
1540 1373 1697 1432 super
1720 1373 1905 1415 aurum
1928 1366 1975 1411 et
1998 1366 2152 1431 topa-

553 1457 693 1511 tion.

623 1552 748 1605 Ain.
793 1543 1079 1622 Propterea
1119 1547 1188 1603 ad
1218 1547 1392 1602 omnia
1436 1545 1685 1602 mandata
1723 1554 1813 1601 tua
1851 1542 2154 1616 dirigebar:

561 1657 765 1697 omnem
792 1644 922 1697 ciant
952 1641 1183 1714 iniquam
1212 1641 1332 1696 odio
1360 1640 1551 1714 habuig

626 1740 762 1798 Plte.
807 1738 1072 1796 Mirobilia
1100 1739 1391 1795 testimonia
1426 1747 1513 1794 tua
1535 1754 1555 1795 :
1592 1738 1710 1795 ideo
1734 1744 1969 1795 scrutata
1996 1743 2070 1791 est
2094 1750 2154 1791 ea

548 1835 721 1891 anima
748 1850 881 1890 mea.

621 1926 758 1983 Plte.
803 1926 1100 1983 Deeluratio
1151 1942 1442 1981 sermonum
1476 1935 1699 1996 .tuorum
1744 1922 2051 1979 illuminat:
2085 1933 2149 1978 αε-

546 2035 595 2082 et
622 2025 645 2095 ζ
679 2022 998 2080 intellectum
1026 2023 1117 2077 dat
1142 2022 1393 2095 parvulis.

619 2117 753 2175 l‘lrc.
799 2117 870 2173 03
917 2135 1086 2174 meum
1130 2116 1349 2189 aperui,
1399 2124 1446 2171 et
1489 2114 1686 2192 attraxi
1724 2111 2153 2186 spiritum:quia

548 2217 797 2277 Mandata
823 2227 913 2273 tua
941 2215 1321 2273 desiderabam.

620 2313 754 2370 Plie.
795 2311 980 2383 Aspice
1004 2312 1059 2365 in
1088 2328 1166 2366 me
1188 2352 1204 2380 ,
1235 2319 1283 2365 et
1314 2308 1554 2365 miserere
1583 2307 1683 2365 utei
1711 2348 1727 2378 ,
1764 2304 2046 2363 secundum
2061 2304 2154 2376 ju-

548 2407 740 2463 dirinm
758 2406 1080 2479 diligentiam
1099 2421 1283 2461 nomen
1316 2412 1482 2460 tuum.

624 2500 756 2556 Plte.
786 2495 1006 2554 Gressus
1030 2515 1168 2554 meos
1190 2498 1357 2569 dirige
1377 2496 1658 2572 secundum
1683 2493 1944 2567 eloquium
1969 2502 2154 2550 tuum:

548 2598 596 2648 et
630 2608 734 2647 non
762 2591 1054 2646 dominetur
1082 2590 1182 2646 mei
1210 2589 1377 2667 omnis
1400 2590 1682 2661 iujustitia.

618 2682 754 2742 Pltc.
798 2683 1011 2740 Redime
1053 2699 1134 2740 me
1177 2699 1210 2739 a
1257 2682 1539 2739 calumniis
1570 2682 2155 2738 hominum:uteusto-

550 2776 693 2834 diam
718 2777 968 2834 mandata
997 2786 1108 2834 tua.

617 2872 753 2929 Plte.
796 2869 1011 2928 Faciem
1036 2882 1179 2927 tuam
1209 2869 1455 2927 illumina
1477 2886 1633 2945 super
1652 2885 1854 2927 servum
1885 2879 2073 2927 tuum:
2103 2876 2152 2927 et

540 2966 667 3022 doce
693 2982 772 3022 me
796 2965 1194 3037 iustiﬁcationes
1224 2972 1366 3022 tuas.

617 3062 752 3119 Plte.
795 3058 983 3116 Exitus
1026 3075 1282 3131 aquarum
1326 3058 1655 3116 deduxerunt
1682 3059 1822 3116 oeuli
1860 3058 2004 3115 mei:
2029 3058 2152 3131 quia

542 3170 644 3211 non
665 3154 1020 3208 custodierunt
1050 3152 1215 3224 legem
1244 3160 1408 3207 tuam.

2261 513 2598 572 lumnienlur
2629 517 2759 574 mibi
2789 521 3036 591 superbi.

2330 607 2453 663 Ain.
2495 608 2649 666 Oculi
2676 610 2782 667 mei
2809 611 3129 671 deiecerunt
3159 596 3214 670 in
3244 610 3488 673 Salutare
3519 606 3694 685 tuum,
3720 623 3777 673 et
3803 612 3861 671 in

2259 699 2540 772 eloquium
2575 703 2804 774 juStitias
2836 715 2964 762 tuae.

2330 795 2454 850 Ain.
2493 794 2604 853 Fac
2629 812 2751 854 cum
2781 796 2943 857 Servo
2975 794 3069 858 tuo
3096 795 3396 859 secundum
3427 786 3863 871 misericordiam

2259 896 2439 947 tuam:
2467 898 2523 947 et
2544 889 2964 962 iustiﬁcationes
2995 903 3116 950 tuas
3144 886 3281 951 doce
3308 889 3415 951 me.

2331 984 2454 1042 Ain.
2495 983 2697 1043 Servus
2718 994 2848 1061 tuus
2864 1000 2984 1044 sum
3008 982 3111 1061 ego
3137 1005 3149 1040 :
3181 998 3204 1027 ε
3228 962 3295 1044 da
3325 984 3461 1043 mihi
3491 975 3857 1056 intellectum,

2331 1002 2454 1042 mu.
2495 1002 2777 1043 aervustu
2822 1002 2984 1044 ssum

2256 1088 2320 1138 ut
2342 1080 2510 1139 sciam
2539 1002 2850 1138 testimon‘la
2885 1092 2998 1138 tua.

2330 1175 2451 1233 Ain.
2489 1174 2733 1249 Tempus
2796 1175 3067 1248 faciendi,
3126 1176 3401 1235 Domine:
3451 1175 3859 1250 dissipaverunt
3902 1164 3909 1169 ’

2257 1268 2429 1342 iniqui
2459 1266 2635 1342 legem
2665 1280 2837 1327 tuam.

2294 1436 2301 1445 ν
2328 1361 2449 1417 Ain.
2488 1360 2617 1419 ldco
2642 1360 2809 1420 dilexi
2838 1362 3095 1424 mandata
3126 1370 3239 1434 tua,
3269 1378 3437 1437 super
3458 1378 3654 1421 aurum
3685 1372 3738 1420 et
3766 1370 3859 1418 to-

2258 1457 2474 1531 pazion.
3554 1526 3585 1535 ﬂ
3716 1530 3723 1535 _

2329 1551 2452 1606 Ain.
2492 1549 2789 1624 Propterea
2817 1549 2884 1608 ad
2912 1552 3097 1609 omnia
3134 1552 3389 1610 mandata
3415 1560 3507 1609 tua
3538 1549 3814 1623 dirigebat
3840 1565 3858 1604 :

2258 1659 2479 1703 omnem
2504 1645 2643 1702 viam
2674 1644 2919 1718 iniquam
2946 1647 3073 1703 odio
3105 1648 3292 1704 habui.

2289 1731 2467 1797 'l’he.
2522 1738 2785 1796 Mirabilia
2834 1741 3148 1798 testimonia
3203 1749 3334 1810 tua,
3397 1739 3670 1797 Domine:
3725 1739 3859 1794 ideo

2183 1830 2230 1892 B
2257 1840 2498 1891 scrutata
2528 1840 2613 1888 est
2641 1846 2706 1888 ea
2730 1832 2913 1888 anima
2946 1848 3087 1889 mea.

2330 1925 2413 1982 Ph
2434 1945 2465 1984 ’.
2509 1926 2813 1984 Declaratio
2840 1942 3159 1984 sermonum
3192 1936 3409 1984 tuorum
3438 1927 3707 1986 illuminat
3730 1941 3855 1985 me;

2256 2028 2312 2078 ot
2342 2019 2678 2077 intellectum
2707 2018 2803 2077 dat
2836 2020 3098 2094 parruiis.

2329 2111 2462 2168 Phe.
2500 2112 2574 2170 Os
2619 2129 2798 2170 meum
2823 2114 3049 2184 aperui,
3082 2121 3139 2172 et
3169 2112 3367 2172 attraxi
3396 2112 3693 2187 spiritum:
3722 2111 3859 2187 quia
3944 2186 3947 2189 η

2255 2206 2508 2266 mandata
2536 2218 2626 2264 tua
2657 2192 3057 2265 desiderabam.
3406 2216 3409 2217 '

2330 2299 2463 2357 I’he.
2513 2299 2714 2372 Aspice
2757 2300 2810 2356 in
2853 2316 2941 2357 me
2963 2342 2980 2369 ,
3010 2309 3067 2359 et
3090 2300 3353 2359 miserere
3381 2299 3519 2370 mei,
3550 2299 3855 2358 secundmn

2252 2392 2516 2468 judicium
2544 2393 2889 2463 diligentium
2921 2409 3121 2451 nomen
3153 2405 3326 2452 tuum.

2326 2485 2459 2556 Ehe.
2500 2484 2738 2542 Gressus
2785 2501 2939 2546 meos
2988 2486 3161 2559 dirige
3221 2486 3525 2544 secundum
3573 2486 3856 2560 eloquium

2255 2589 2406 2649 tuum
2432 2597 2447 2636 ε
2478 2588 2533 2636 et
2564 2595 2674 2636 non
2700 2579 3018 2637 dominetur
3044 2580 3151 2638 mei
3184 2581 3367 2637 omnis
3383 2580 3680 2653 «iniustitia.

2326 2672 2462 2730 Phe.
2502 2671 2732 2730 Redime
2777 2687 2870 2732 me
2906 2688 2938 2732 a
2978 2673 3268 2739 calumniis
3299 2674 3627 2733 hominum;
3662 2683 3729 2741 ,ιιι
3756 2688 3861 2730 cu-

2252 2766 2491 2826 stodiam
2518 2766 2780 2824 mandata
2809 2775 2924 2824 tua.

2325 2857 2461 2917 Phe.
2504 2856 2721 2917 Faciem
2753 2867 2899 2916 tuam
2930 2857 3174 2917 illumina
3216 2874 3383 2935 super
3409 2875 3629 2919 servum
3660 2867 3806 2917 tuum
3837 2874 3855 2914 :

2252 2964 2309 3015 et
2337 2956 2475 3014 doce
2503 2971 2590 3014 me
2614 2955 3037 3028 iustificationes
3063 2966 3205 3013 tuas.

2326 3047 2466 3106 Phe.
2505 3045 2533 3087 τι
2569 3048 2760 3107 Exitus
2796 3064 3061 3121 aquarum
3120 3042 3457 3108 transierunt
3502 3048 3649 3106 oeuli
3699 3048 3855 3106 mei:

2211 3203 2214 3206 .
2254 3144 2381 3218 quia
2408 3158 2517 3201 non
2548 3143 2934 3201 custodierunt
2959 3145 3132 3216 legem
3166 3153 3335 3201 tuam.

613 3245 779 3302 Sade.
817 3243 1000 3302 Justus
1065 3219 1120 3300 es
1140 3285 1158 3314 ,
1214 3241 1431 3299 Domine
1468 3260 1490 3301 :
1537 3252 1585 3298 et
1637 3254 1834 3300 rectum
1885 3242 2147 3319 judicium
2176 3219 2222 3287 ί)
2325 3234 2487 3293 Sade.
2527 3234 2717 3293 Justus
2747 3252 2809 3294 es
2834 3279 2850 3305 ,
2895 3235 3167 3295 Domine:
3214 3250 3269 3294 et
3312 3246 3520 3295 rectum
3558 3236 3686 3312 [31s.
3718 3237 3852 3295 add.

544 3350 712 3398 tuum.

620 3433 787 3492 Sade.
829 3428 1100 3489 Handasti
1122 3433 1385 3506 justitiam
1411 3431 1698 3489 testimonia
1728 3439 1819 3488 tua
1840 3448 1862 3488 :
1890 3440 1937 3488 et
1959 3432 2148 3489 uerita-

548 3535 651 3584 tem
673 3538 817 3582 tuam
843 3527 1020 3581 nimis.

612 3617 780 3676 Sade.
824 3616 1105 3674 TabesCere
1136 3625 1160 3656 ιι
1187 3634 1266 3674 me
1298 3619 1419 3691 fecit
1446 3615 1589 3674 zelus
1618 3632 1760 3673 meus
1782 3631 1804 3675 :
1856 3617 1978 3690 quia
2004 3614 2152 3674 obliti
2181 3699 2186 3704 Ι

544 3721 661 3768 sunt
692 3709 843 3768 verba
872 3719 962 3766 tua
994 3711 1189 3767 inimici
1220 3712 1361 3767 nui:

616 3805 780 3863 Sade.
824 3801 1056 3878 Ignitum
1087 3802 1358 3876 eloquium
1392 3813 1537 3859 tuum
1579 3804 1944 3860 vehementer:
1973 3808 2021 3857 et
2046 3817 2156 3856 ser-

540 3913 633 3953 ens
660 3903 778 3951 tuus
800 3895 981 3951 dilexit
1006 3894 1165 3952 illud.

615 3990 778 4046 Sade.
822 3986 1249 4044 Adolescentulus
1273 3983 1386 4043 sum
1407 4003 1500 4061 ego
1528 3997 1573 4044 et
1597 3994 1924 4060 contemptus
1949 4002 1969 4044 :
1986 3988 2151 4061 justi-

546 4085 813 4156 Iicntiones
845 4092 960 4137 tuas
983 4095 1087 4136 nou
1109 4096 1224 4135 sum
1248 4080 1459 4136 oblitus.

626 4176 789 4235 Sade.
830 4172 1043 4231 Iustitia
1065 4182 1153 4228 tua
1179 4215 1195 4243 ,
1225 4173 1437 4248 justitiu
1466 4173 1520 4229 in
1551 4179 1800 4229 trternum
1823 4186 1843 4229 :
1870 4179 1919 4227 et
1944 4171 2029 4228 lix
2053 4182 2144 4228 tua

542 4270 751 4326 veritas.
1057 4344 1060 4348 Α

610 4363 774 4422 Sade.
808 4360 1096 4419 Tribulatio
1126 4369 1174 4417 et
1204 4361 1446 4433 angustia
1487 4362 1789 4418 invenerunt
1820 4376 1900 4417 me
1941 4376 1962 4417 :
2000 4377 2148 4417 man-

544 4460 669 4516 data
696 4470 785 4516 tua
814 4460 1077 4516 meditatio
1104 4474 1217 4515 mea
1235 4456 1264 4498 δ
1294 4471 1354 4513 σι-
1380 4467 1454 4514 est
1480 4459 1501 4529 ζ

2253 3327 2360 3402 est]
2384 3327 2649 3403 judicium
2680 3338 2853 3386 tuum.
2969 3404 2974 3408 η
3118 3402 3126 3411 ⁸
3410 3406 3413 3409 _

2327 3422 2491 3479 Sade.
2530 3421 2800 3480 Mandasti
2843 3421 3113 3495 justitiam
3145 3423 3455 3484 testimonia
3484 3416 3613 3484 tua:
3661 3435 3717 3484 et
3754 3440 3859 3484 ve-

2255 3518 2474 3597 ritatem
2499 3524 2648 3573 tuam
2673 3517 2856 3574 nimis.
3078 3586 3086 3597 ⁸

2329 3610 2493 3670 Sade.
2534 3609 2846 3670 'l‘abcscere
2875 3625 2962 3669 me
2989 3609 3117 3668 fecit
3146 3610 3297 3670 zelus
3323 3606 3521 3670 domus
3550 3608 3654 3670 tua:
3682 3627 3698 3669 :
3722 3611 3859 3686 quia‘

2254 3706 2412 3767 obliti
2440 3717 2569 3764 sunt
2596 3705 2759 3765 verba
2786 3715 2875 3762 tua
2908 3706 3112 3765 inimici
3145 3694 3276 3765 mei.

2329 3801 2492 3860 Sade.
2538 3801 2769 3874 ignitum
2820 3800 3100 3872 eloquium
3148 3810 3300 3858 tuum
3350 3800 3746 3859 vehementer:
3795 3809 3861 3857 et

2258 3894 2455 3955 servus
2483 3906 2606 3952 tuus
2638 3891 2832 3951 dilexit
2864 3892 3018 3950 illud.

2327 3970 2491 4045 Sade.
2530 3983 2947 4043 Adulescentior
2984 3980 3106 4042 sum
3137 3983 3239 4058 ego
3264 3978 3320 4042 et
3347 3986 3693 4059 contemptus
3720 4005 3732 4042 :
3761 3985 3858 4058 ju-

2252 4079 2609 4140 stitlcationes
2637 4088 2757 4136 tuas
2794 4094 2903 4135 nun
2935 4093 3053 4135 sum
3084 4079 3309 4135 oblitus;

2325 4175 2488 4255 Sade.
2535 4172 2755 4231 iustitia
2804 4172 2894 4228 tua
2921 4212 2936 4241 ,
2983 4171 3200 4244 jnstitia
3244 4170 3297 4228 iii
3341 4179 3645 4230 aeternum:
3674 4179 3729 4228 et
3759 4171 3850 4229 lex

2253 4276 2343 4327 tua
2365 4264 2641 4341 veritas.~
2728 4337 2733 4343 ξ
3217 4334 3221 4341 ι
3334 4336 3341 4345 ,

2327 4359 2489 4417 Sade.
2551 4354 2852 4414 Tribulatio
2903 4364 2961 4415 et
3012 4354 3259 4430 angustia
3329 4346 3657 4417 lnvenerunt
3708 4372 3845 4416 me:

2256 4451 2509 4512 mandata
2528 4458 2709 4508 autem
2743 4458 2830 4508 tua
2855 4453 3138 4510 meditatio
3168 4458 3286 4509 mea
3319 4444 3424 4511 est.

617 4608 645 4641 ι
684 4596 846 4658 'l‘neet
874 4600 1081 4656 librarii
1104 4638 1120 4665 ,
1168 4604 1229 4654 ut
1258 4595 1492 4663 videtur,
1522 4592 1809 4652 oscitantia
1841 4607 1923 4649 me
1947 4606 2135 4665 prono-
2171 4592 2223 4656 D
2249 4591 2351 4648 bus
2388 4588 2673 4665 nonnullae
2705 4588 3008 4661 Augustine
3036 4587 3302 4646 lectiones
3332 4598 3664 4660 consonant,
3713 4587 3844 4649 aliaé

545 4690 670 4732 men
703 4674 754 4729 in
781 4672 1028 4729 Palatino
1058 4684 1160 4726 ms.

622 4750 651 4791 δ
704 4746 921 4800 [lectius
949 4744 1002 4798 in
1044 4741 1291 4798 Palatino
1321 4754 1423 4797 ms.
1462 4738 1671 4799 obelus.
1703 4737 1991 4809 ipsumque
2016 4750 2143 4792 rer-

545 4812 673 4873 bum
701 4816 1118 4879 snhstantivum,
1151 4814 1293 4885 quod
1344 4811 1590 4885 nnqnein
1632 4809 1860 4885 Ilebrteo
1910 4818 2017 4885 est,
2044 4823 2146 4885 ne-

544 4904 650 4959 que
681 4887 736 4943 iu
766 4886 978 4952 Grmeo,
1024 4878 1314 4940 inducitur.
1348 4878 1470 4937 Pari
1512 4889 1673 4953 pacto
1720 4883 1894 4959 altero
1943 4878 2013 4934 ab
2044 4878 2146 4936 hoc

544 4953 703 5016 rerSu
740 4958 951 5025 obelus,
979 4966 1034 5013 et
1074 4971 1185 5010 meo
1231 4966 1528 5025 pronomen
1578 4953 1996 5021 prmtermlssuru
2037 4961 2141 5018 est,

544 5031 755 5087 tametsi
786 5030 839 5083 in
865 5028 1054 5083 (ἕτερρο
1077 5027 1294 5096 quidem
1336 5027 1439 5080 hoc
1468 5033 1709 5079 resonet.

619 5106 643 5135 ο
688 5103 741 5156 In
775 5099 1075 5155 Vt-runensi
1098 5094 1224 5165 ius.,
1253 5097 1536 5167 intelligere
1556 5097 1779 5167 tne‘fac,
1818 5101 1870 5149 et
1898 5094 2036 5148 scibo
2065 5101 2139 5149 te-

543 5171 785 5228 stimonia
812 5180 921 5225 tua.
977 5163 1217 5242 Tempus;
1233 5176 1306 5224 est
1337 5163 1563 5242 faciendi
1580 5163 1884 5242 ,“ltuntine,
1914 5167 2138 5242 dissipa-

542 5252 721 5299 t‘ﬂ'ttttl
750 5242 910 5313 legem
951 5236 1113 5313 tuam}
1178 5238 1406 5313 Propter
1430 5238 1548 5313 hoc
1576 5236 1734 5313 dilexi
1754 5278 1769 5302 ,
1798 5248 1908 5290 etc.
1960 5236 2138 5313 Atque

544 5316 737 5370 iterum
762 5358 776 5383 ,
800 5306 1060 5383 'Pmpter'
1080 5310 1179 5365 hoc
1207 5312 1277 5364 ad
1295 5306 1748 5383 'on_tnia_mandutu
1791 5314 1879 5383 tua
1907 5307 2133 5383 corrige

539 5385 633 5440 bar
653 5427 669 5452 ,
709 5376 909 5439 omnem
941 5376 1075 5438 riam
1115 5381 1401 5453 iniquitatis
1427 5378 1547 5433 odio
1577 5378 1753 5433 habui.
1794 5376 2137 5453 Admirabilia

534 5450 830 5512 testimonia
860 5463 950 5508 tua
971 5495 985 5520 ,
1034 5450 1243 5526 propter
1286 5452 1383 5506 hoc
1429 5458 1657 5526 scrutata
1686 5456 1761 5503 est
1794 5450 2132 5526 mtimaima.

540 5527 894 5596 Manifestatio
916 5518 1181 5581 verborum
1213 5532 1431 5596 tuorum
1445 5520 1708 5596 illuminat
1733 5556 1748 5583 ,
1766 5528 1827 5596 _e_t
1849 5518 2136 5591 intelligere

532 5604 660 5670 facit
686 5591 931 5669 infantes.
958 5597 1030 5652 Os
1056 5608 1223 5651 meum
1254 5593 1454 5670 aperui,
1477 5592 1670 5670 et_dua_i
1696 5591 1931 5660 spiritum
1955 5606 1973 5643 :
2001 5608 2133 5670 quo-

527 5660 667 5727 niam
695 5660 942 5725 mundata
972 5677 1060 5723 tua
1085 5660 1473 5736 eartcttpiebdm,
1504 5660 1717 5736 Respice
1744 5676 1825 5736 me
1842 5706 1857 5730 ,
1883 5670 1930 5716 et
1971 5663 2123 5715 mise-

520 5757 656 5810 rere,
679 5756 790 5798 etc.
841 5738 1045 5795 Itinera
1076 5750 1190 5793 meo
1221 5730 1388 5810 dirige
1412 5730 1695 5810 secundum
1720 5730 1928 5810 uerbum
1956 5742 2118 5798 tuum,

517 5825 564 5867 et
594 5802 658 5871 ne
702 5814 1003 5869 dominetur
1044 5811 1171 5865 mihi
1215 5802 1383 5862 omnis
1408 5805 1699 5876 iniquitas.
1757 5802 2123 5876 lledime‘meu

510 5886 795 5944 calumniis
831 5881 1123 5951 hominum,
1155 5887 1204 5937 et
1230 5875 1497 5934 custodilto
1518 5871 1766 5933 mandata
1791 5884 1901 5931 tua.
1938 5871 1981 5930 E
2004 5874 2125 5946 qui-

2249 4680 2356 4721 nnu
2385 4664 2536 4718 itetn.

2321 4734 2349 4775 ά
2390 4735 2618 4791 l’ra‘stat
2662 4731 2751 4788 hic
2788 4742 3003 4804 quoque
3046 4730 3379 4791 Veronensis
3417 4732 3667 4792 Psalterii
3707 4751 3847 4793 oon-

2252 4816 2455 4865 textum
2486 4804 2830 4878 exscribere:
2873 4805 2978 4858 Per
3001 4806 3167 4862 exitus
3189 4810 3439 4878 aquarum
3467 4807 3846 4863 descenderunt

2253 4879 2390 4933 oculi
2438 4877 2538 4932 mei
2559 4921 2573 4945 ,
2618 4876 2862 4948 quoniam
2893 4882 2995 4948 non
3029 4891 3093 4930 eu
3123 4876 3410 4941 redierunt,
3440 4880 3581 4940 etc.:
3614 4887 3726 4933 tum
3756 4881 3843 4934 al.

2253 4959 2370 5007 tero
2394 4947 2461 5004 ab
2489 4947 2592 5002 hoc
2618 4960 2780 5001 versu
2805 4948 2857 5000 in
2888 4947 3016 5013 line,
3040 4950 3300 5007 veritatem
3325 4948 3494 5004 valde.
3537 4951 3623 5010 Et.
3654 4950 3843 5006 Conte-

2253 5022 2327 5076 dit
2356 5036 2434 5074 me
2458 5019 2601 5090 zelus
2628 5017 2814 5090 domus
2840 5027 2942 5073 tua:
2959 5057 2978 5090 ,Α
3004 5020 3058 5073 in
3087 5036 3245 5090 quem
3275 5020 3450 5075 locum
3476 5019 3839 5088 Augustinum,

2250 5091 2491 5157 Habent,
2520 5088 2733 5163 inquit,
2760 5088 2997 5163 nonnulli
3017 5088 3181 5163 etiam
3210 5091 3445 5157 codices,
3477 5092 3672 5146 detnus
3701 5102 3837 5161 tum,

2245 5173 2295 5219 et
2335 5179 2437 5217 non
2480 5159 2731 5215 labefecit
2758 5177 2844 5215 tne
2868 5159 2889 5225 .’
2933 5161 3025 5214 sed
3050 5164 3284 5217 comedit
3313 5177 3420 5217 me.
3464 5164 3618 5230 Quod
3641 5179 3709 5218 ea:
3730 5159 3840 5219 alio

2245 5233 2760 5307 l’snltno,qrtanttttrt
2791 5233 2914 5285 mihi
2921 5229 3162 5307 ridetur,
3194 5241 3426 5307 putatum
3454 5229 3834 5289 est.emendan-

2244 5307 2390 5373 dum,
2414 5304 2500 5358 ubi
2525 5302 2774 5373 scriptum
2800 5314 2892 5368 est,
2920 5302 3083 5358 Zelus
3113 5302 3306 5360 donius
3330 5316 3434 5358 tua:
3462 5307 3698 5361 comedit
3722 5325 3835 5373 me,

2242 5388 2352 5433 etc.
2399 5373 2657 5446 Sequitur
2685 5375 2845 5446 ineo
2876 5387 2980 5446 ms.
2998 5415 3027 5446 ._
3046 5377 3291 5445 quoniam
3331 5376 3477 5430 obliti
3504 5386 3625 5432 sunt
3656 5382 3838 5432 verbo-

2241 5463 2359 5502 rum
2386 5443 2591 5501 tuorum
2618 5444 2957 5519 inimici‘mci.
3000 5443 3231 5519 Ignitum
3259 5449 3460 5502 veritum
3489 5458 3631 5503 tuum
3657 5452 3832 5519 mide,

2237 5529 2283 5572 et
2311 5534 2488 5573 servus
2514 5525 2632 5571 tuus
2658 5515 2850 5590 dilexit
2874 5515 3047 5571 illud.‘
3067 5517 3287 5590 Iuvenis
3310 5534 3403 5589 ego
3429 5534 3543 5574 sunt
3568 5528 3617 5574 et
3643 5515 3837 5590 despue;

2235 5603 2371 5655 ctus,
2398 5598 2532 5652 ete.;
2564 5596 2620 5642 et
2640 5598 2762 5657 post
2785 5586 2947 5641 alium
2973 5603 3188 5645 versum
3207 5630 3221 5653 .
3256 5586 3547 5645 Tri'liulotio
3574 5601 3624 5647 et
3655 5586 3833 5646 neces-

2231 5661 2361 5714 sitas
2385 5661 2681 5713 inrenerunt
2706 5672 2787 5712 me
2811 5658 3057 5713 mandata
3079 5670 3169 5715 tua
3189 5662 3450 5716 meditatio
3472 5679 3583 5719 mea
3605 5670 3700 5717 est.
3731 5663 3762 5713 ,1
3772 5680 3834 5716 u-

2228 5732 2374 5786 stitia
2401 5730 2690 5787 testimonia
2717 5738 2807 5785 tua
2830 5769 2847 5802 ,
2899 5728 3212 5788 intellectum
3243 5731 3312 5788 da
3348 5733 3475 5788 mihi
3498 5772 3515 5805 ,
3546 5745 3591 5791 et
3628 5733 3835 5807 civiﬁea

2229 5817 2330 5859 mea
