  <div class='ocr_page' id='page_1' title='image "/cluster/home/n/w/nwhite01/storage/ocr_20150623/29/hvd.32044015471428/184.png"; bbox 0 0 4090 6338; ppageno 0'>
   <div class='ocr_carea' id='block_1_1' title="bbox 186 343 278 402">
    <p class='ocr_par' dir='ltr' id='par_1_1' title="bbox 186 343 278 402">
     <span class='ocr_line' id='line_1_1' title="bbox 186 343 278 402; baseline -0.033 0"><span class='ocrx_word' id='word_1_1' title='bbox 186 343 278 402; x_wconf 75' lang='grc'><strong><em>557</em></strong></span> 
     </span>
    </p>
   </div>
   <div class='ocr_carea' id='block_1_2' title="bbox 1465 334 2156 399">
    <p class='ocr_par' dir='ltr' id='par_1_2' title="bbox 1465 334 2156 399">
     <span class='ocr_line' id='line_1_2' title="bbox 1465 334 2156 399; baseline -0.004 0"><span class='ocrx_word' id='word_1_2' title='bbox 1465 338 1668 399; x_wconf 80' lang='lat' dir='ltr'><strong>LIBER</strong></span> <span class='ocrx_word' id='word_1_3' title='bbox 1710 334 2156 398; x_wconf 56' lang='lat' dir='ltr'><strong><em>PSALMORUM.</em></strong></span> 
     </span>
    </p>
   </div>
   <div class='ocr_carea' id='block_1_3' title="bbox 3369 339 3477 402">
    <p class='ocr_par' dir='ltr' id='par_1_3' title="bbox 3369 339 3477 402">
     <span class='ocr_line' id='line_1_3' title="bbox 3369 339 3477 402; baseline 0.019 -2"><span class='ocrx_word' id='word_1_4' title='bbox 3369 339 3477 402; x_wconf 75' lang='lat'><strong><em>358</em></strong></span> 
     </span>
    </p>
   </div>
   <div class='ocr_carea' id='block_1_4' title="bbox 245 461 3478 535">
    <p class='ocr_par' dir='ltr' id='par_1_4' title="bbox 245 461 3478 535">
     <span class='ocr_line' id='line_1_4' title="bbox 245 461 3478 535; baseline -0.001 -14"><span class='ocrx_word' id='word_1_5' title='bbox 245 465 407 524; x_wconf 90' lang='lat' dir='ltr'><strong><em>Sade.</em></strong></span> <span class='ocrx_word' id='word_1_6' title='bbox 467 464 717 535; x_wconf 73' lang='grc' dir='ltr'><strong><em>Λῖιιιιὶιας</em></strong></span> <span class='ocrx_word' id='word_1_7' title='bbox 740 461 1035 520; x_wconf 83' lang='lat' dir='ltr'><strong><em>testimonia</em></strong></span> <span class='ocrx_word' id='word_1_8' title='bbox 1081 471 1171 520; x_wconf 89' lang='lat' dir='ltr'><strong><em>tua</em></strong></span> <span class='ocrx_word' id='word_1_9' title='bbox 1211 462 1264 520; x_wconf 87' lang='lat' dir='ltr'><strong><em>in</em></strong></span> <span class='ocrx_word' id='word_1_10' title='bbox 1306 472 1555 522; x_wconf 59' lang='lat' dir='ltr'><strong><em>aeternum</em></strong></span> <span class='ocrx_word' id='word_1_11' title='bbox 1584 480 1602 524; x_wconf 88' lang='lat'><strong><em>:</em></strong></span> <span class='ocrx_word' id='word_1_12' title='bbox 1628 462 1782 519; x_wconf 70' lang='lat' dir='ltr'><strong><em>iuttl-</em></strong></span> <span class='ocrx_word' id='word_1_13' title='bbox 1810 463 1860 524; x_wconf 81' lang='grc' dir='ltr'>Α</span> <span class='ocrx_word' id='word_1_14' title='bbox 1961 464 2120 522; x_wconf 90' lang='lat' dir='ltr'><strong><em>Sade.</em></strong></span> <span class='ocrx_word' id='word_1_15' title='bbox 2162 461 2410 534; x_wconf 65' lang='lat' dir='ltr'><strong><em>Equitas</em></strong></span> <span class='ocrx_word' id='word_1_16' title='bbox 2440 461 2748 520; x_wconf 75' lang='lat' dir='ltr'><strong><em>testimonia</em></strong></span> <span class='ocrx_word' id='word_1_17' title='bbox 2781 469 2874 520; x_wconf 88' lang='lat' dir='ltr'><strong><em>tua</em></strong></span> <span class='ocrx_word' id='word_1_18' title='bbox 2903 461 2958 520; x_wconf 88' lang='lat' dir='ltr'><strong><em>in</em></strong></span> <span class='ocrx_word' id='word_1_19' title='bbox 2980 467 3244 521; x_wconf 65' lang='lat' dir='ltr'><strong><em>aeternum</em></strong></span> <span class='ocrx_word' id='word_1_20' title='bbox 3272 461 3478 520; x_wconf 86' lang='lat' dir='ltr'><strong><em>:-intel-</em></strong></span> 
     </span>
    </p>
   </div>
   <div class='ocr_carea' id='block_1_5' title="bbox 186 558 909 626">
    <p class='ocr_par' dir='ltr' id='par_1_5' title="bbox 186 558 909 626">
     <span class='ocr_line' id='line_1_5' title="bbox 186 558 909 626; baseline -0.004 -11"><span class='ocrx_word' id='word_1_21' title='bbox 186 562 359 616; x_wconf 80' lang='lat' dir='ltr'><strong><em>lectum</em></strong></span> <span class='ocrx_word' id='word_1_22' title='bbox 385 558 457 614; x_wconf 85' lang='lat' dir='ltr'><strong><em>da</em></strong></span> <span class='ocrx_word' id='word_1_23' title='bbox 476 559 626 626; x_wconf 88' lang='lat' dir='ltr'><strong><em>ntilti,</em></strong></span> <span class='ocrx_word' id='word_1_24' title='bbox 656 567 703 614; x_wconf 87' lang='lat' dir='ltr'><strong><em>et</em></strong></span> <span class='ocrx_word' id='word_1_25' title='bbox 727 560 909 613; x_wconf 76' lang='lat' dir='ltr'><strong><em>viratu.</em></strong></span> 
     </span>
    </p>
   </div>
   <div class='ocr_carea' id='block_1_6' title="bbox 243 649 1771 723">
    <p class='ocr_par' dir='ltr' id='par_1_6' title="bbox 243 649 1771 723">
     <span class='ocr_line' id='line_1_6' title="bbox 243 649 1771 723; baseline -0.003 -16"><span class='ocrx_word' id='word_1_26' title='bbox 243 652 419 723; x_wconf 86' lang='lat' dir='ltr'><strong><em>Copb.</em></strong></span> <span class='ocrx_word' id='word_1_27' title='bbox 472 650 709 706; x_wconf 82' lang='lat' dir='ltr'><strong><em>Clamavi</em></strong></span> <span class='ocrx_word' id='word_1_28' title='bbox 740 651 792 705; x_wconf 93' lang='lat' dir='ltr'><strong><em>in</em></strong></span> <span class='ocrx_word' id='word_1_29' title='bbox 830 658 937 704; x_wconf 90' lang='lat' dir='ltr'><strong><em>toto</em></strong></span> <span class='ocrx_word' id='word_1_30' title='bbox 975 649 1132 706; x_wconf 88' lang='lat' dir='ltr'><strong><em>corde</em></strong></span> <span class='ocrx_word' id='word_1_31' title='bbox 1163 665 1216 706; x_wconf 62' lang='grc' dir='ltr'><strong><em>σξη</em></strong></span> <span class='ocrx_word' id='word_1_32' title='bbox 1250 666 1360 705; x_wconf 84' lang='lat' dir='ltr'><strong><em>meo</em></strong></span> <span class='ocrx_word' id='word_1_33' title='bbox 1395 651 1417 722; x_wconf 71' lang='grc' dir='ltr'>ζ</span> <span class='ocrx_word' id='word_1_34' title='bbox 1448 649 1641 705; x_wconf 69' lang='lat' dir='ltr'><strong><em>exaudi</em></strong></span> <span class='ocrx_word' id='word_1_35' title='bbox 1670 665 1771 716; x_wconf 89' lang='lat' dir='ltr'><strong><em>me,</em></strong></span> 
     </span>
    </p>
   </div>
   <div class='ocr_carea' id='block_1_7' title="bbox 184 745 1328 820">
    <p class='ocr_par' dir='ltr' id='par_1_7' title="bbox 184 745 1328 820">
     <span class='ocr_line' id='line_1_7' title="bbox 184 745 1328 820; baseline 0 -18"><span class='ocrx_word' id='word_1_36' title='bbox 184 747 400 802; x_wconf 80' lang='lat' dir='ltr'><strong><em>Domine</em></strong></span> <span class='ocrx_word' id='word_1_37' title='bbox 425 762 442 800; x_wconf 93' lang='lat'><em>:</em></span> <span class='ocrx_word' id='word_1_38' title='bbox 463 745 872 820; x_wconf 85' lang='lat' dir='ltr'><strong><em>justi/icationes</em></strong></span> <span class='ocrx_word' id='word_1_39' title='bbox 902 747 1015 800; x_wconf 80' lang='lat' dir='ltr'><strong><em>tuas</em></strong></span> <span class='ocrx_word' id='word_1_40' title='bbox 1045 747 1328 818; x_wconf 77' lang='lat' dir='ltr'><strong><em>requiram.</em></strong></span> 
     </span>
    </p>
   </div>
   <div class='ocr_carea' id='block_1_8' title="bbox 247 838 1785 911">
    <p class='ocr_par' dir='ltr' id='par_1_8' title="bbox 247 838 1785 911">
     <span class='ocr_line' id='line_1_8' title="bbox 247 838 1785 911; baseline -0.001 -17"><span class='ocrx_word' id='word_1_41' title='bbox 247 838 429 910; x_wconf 82' lang='lat' dir='ltr'><strong><em>Ceplt.</em></strong></span> <span class='ocrx_word' id='word_1_42' title='bbox 489 838 720 895; x_wconf 86' lang='lat' dir='ltr'><strong><em>Clamavi</em></strong></span> <span class='ocrx_word' id='word_1_43' title='bbox 746 840 815 894; x_wconf 89' lang='lat' dir='ltr'><strong><em>ad</em></strong></span> <span class='ocrx_word' id='word_1_44' title='bbox 844 846 910 908; x_wconf 88' lang='lat' dir='ltr'><strong><em>te,</em></strong></span> <span class='ocrx_word' id='word_1_45' title='bbox 937 840 1133 895; x_wconf 80' lang='lat' dir='ltr'><strong><em>salvum</em></strong></span> <span class='ocrx_word' id='word_1_46' title='bbox 1153 855 1234 894; x_wconf 92' lang='lat' dir='ltr'><strong><em>me</em></strong></span> <span class='ocrx_word' id='word_1_47' title='bbox 1263 841 1388 911; x_wconf 77' lang='lat' dir='ltr'><strong><em>fac:</em></strong></span> <span class='ocrx_word' id='word_1_48' title='bbox 1424 849 1480 895; x_wconf 83' lang='lat' dir='ltr'><strong><em>ut</em></strong></span> <span class='ocrx_word' id='word_1_49' title='bbox 1501 839 1785 895; x_wconf 73' lang='lat' dir='ltr'><strong><em>custodiam</em></strong></span> 
     </span>
    </p>
   </div>
   <div class='ocr_carea' id='block_1_9' title="bbox 185 933 569 989">
    <p class='ocr_par' dir='ltr' id='par_1_9' title="bbox 185 933 569 989">
     <span class='ocr_line' id='line_1_9' title="bbox 185 933 569 989; baseline 0 0"><span class='ocrx_word' id='word_1_50' title='bbox 185 933 426 989; x_wconf 79' lang='lat' dir='ltr'><strong><em>mandata</em></strong></span> <span class='ocrx_word' id='word_1_51' title='bbox 454 941 569 989; x_wconf 87' lang='lat' dir='ltr'><strong><em>tua.</em></strong></span> 
     </span>
    </p>
   </div>
   <div class='ocr_carea' id='block_1_10' title="bbox 245 1023 1781 1096">
    <p class='ocr_par' dir='ltr' id='par_1_10' title="bbox 245 1023 1781 1096">
     <span class='ocr_line' id='line_1_10' title="bbox 245 1023 1781 1096; baseline -0.003 -15"><span class='ocrx_word' id='word_1_52' title='bbox 245 1025 424 1096; x_wconf 75' lang='lat' dir='ltr'><strong><em>Copti.</em></strong></span> <span class='ocrx_word' id='word_1_53' title='bbox 455 1025 688 1081; x_wconf 80' lang='lat' dir='ltr'><strong><em>Prtereni</em></strong></span> <span class='ocrx_word' id='word_1_54' title='bbox 720 1024 1110 1092; x_wconf 87' lang='lat' dir='ltr'><strong><em>inmaturitate,</em></strong></span> <span class='ocrx_word' id='word_1_55' title='bbox 1139 1033 1186 1078; x_wconf 89' lang='lat' dir='ltr'><strong><em>et</em></strong></span> <span class='ocrx_word' id='word_1_56' title='bbox 1207 1025 1424 1080; x_wconf 76' lang='lat' dir='ltr'><strong><em>clamavi</em></strong></span> <span class='ocrx_word' id='word_1_57' title='bbox 1453 1041 1472 1080; x_wconf 89' lang='lat'><strong><em>:</em></strong></span> <span class='ocrx_word' id='word_1_58' title='bbox 1500 1033 1524 1062; x_wconf 73' lang='grc' dir='ltr'>ἰ</span> <span class='ocrx_word' id='word_1_59' title='bbox 1544 1039 1584 1081; x_wconf 87' lang='lat' dir='ltr'><strong><em>-t</em></strong></span> <span class='ocrx_word' id='word_1_60' title='bbox 1622 1023 1781 1096; x_wconf 67' lang='lat' dir='ltr'><strong><em>quia:</em></strong></span> 
     </span>
    </p>
   </div>
   <div class='ocr_carea' id='block_1_11' title="bbox 186 1117 937 1190">
    <p class='ocr_par' dir='ltr' id='par_1_11' title="bbox 186 1117 937 1190">
     <span class='ocr_line' id='line_1_11' title="bbox 186 1117 937 1190; baseline -0.004 -17"><span class='ocrx_word' id='word_1_61' title='bbox 186 1119 235 1173; x_wconf 88' lang='lat' dir='ltr'><strong><em>in</em></strong></span> <span class='ocrx_word' id='word_1_62' title='bbox 258 1117 418 1171; x_wconf 84' lang='lat' dir='ltr'><strong><em>rerba</em></strong></span> <span class='ocrx_word' id='word_1_63' title='bbox 440 1126 529 1171; x_wconf 88' lang='lat' dir='ltr'><strong><em>ttta</em></strong></span> <span class='ocrx_word' id='word_1_64' title='bbox 554 1117 937 1190; x_wconf 81' lang='lat' dir='ltr'><strong><em>supersperari.</em></strong></span> 
     </span>
    </p>
   </div>
   <div class='ocr_carea' id='block_1_12' title="bbox 249 1207 1785 1282">
    <p class='ocr_par' dir='ltr' id='par_1_12' title="bbox 249 1207 1785 1282">
     <span class='ocr_line' id='line_1_12' title="bbox 249 1207 1785 1282; baseline -0.001 -17"><span class='ocrx_word' id='word_1_65' title='bbox 249 1208 426 1280; x_wconf 79' lang='lat' dir='ltr'><strong><em>Cupit.</em></strong></span> <span class='ocrx_word' id='word_1_66' title='bbox 481 1207 850 1264; x_wconf 67' lang='lat' dir='ltr'><strong><em>Prwsenerunt</em></strong></span> <span class='ocrx_word' id='word_1_67' title='bbox 903 1209 1040 1264; x_wconf 76' lang='lat' dir='ltr'><strong><em>oeuli</em></strong></span> <span class='ocrx_word' id='word_1_68' title='bbox 1085 1209 1228 1265; x_wconf 89' lang='lat' dir='ltr'><strong><em>ntei:</em></strong></span> <span class='ocrx_word' id='word_1_69' title='bbox 1259 1222 1317 1264; x_wconf 79' lang='lat'><em>+</em></span> <span class='ocrx_word' id='word_1_70' title='bbox 1353 1207 1435 1282; x_wconf 88' lang='lat' dir='ltr'><strong><em>ad</em></strong></span> <span class='ocrx_word' id='word_1_71' title='bbox 1460 1213 1548 1277; x_wconf 66' lang='lat' dir='ltr'><strong><em>te:</em></strong></span> <span class='ocrx_word' id='word_1_72' title='bbox 1579 1209 1785 1264; x_wconf 79' lang='lat' dir='ltr'><strong><em>dilutu-</em></strong></span> 
     </span>
    </p>
   </div>
   <div class='ocr_carea' id='block_1_13' title="bbox 186 1301 1040 1373">
    <p class='ocr_par' dir='ltr' id='par_1_13' title="bbox 186 1301 1040 1373">
     <span class='ocr_line' id='line_1_13' title="bbox 186 1301 1040 1373; baseline -0.004 -15"><span class='ocrx_word' id='word_1_73' title='bbox 186 1303 270 1358; x_wconf 90' lang='lat' dir='ltr'><strong><em>lo:</em></strong></span> <span class='ocrx_word' id='word_1_74' title='bbox 306 1311 360 1355; x_wconf 89' lang='lat' dir='ltr'><strong><em>ut</em></strong></span> <span class='ocrx_word' id='word_1_75' title='bbox 391 1302 671 1356; x_wconf 85' lang='lat' dir='ltr'><strong><em>meditarer</em></strong></span> <span class='ocrx_word' id='word_1_76' title='bbox 692 1301 900 1373; x_wconf 88' lang='lat' dir='ltr'><strong><em>eloquia</em></strong></span> <span class='ocrx_word' id='word_1_77' title='bbox 930 1310 1040 1355; x_wconf 89' lang='lat' dir='ltr'><strong><em>tua.</em></strong></span> 
     </span>
    </p>
   </div>
   <div class='ocr_carea' id='block_1_14' title="bbox 247 1392 1774 1464">
    <p class='ocr_par' dir='ltr' id='par_1_14' title="bbox 247 1392 1774 1464">
     <span class='ocr_line' id='line_1_14' title="bbox 247 1392 1774 1464; baseline -0.003 -14"><span class='ocrx_word' id='word_1_78' title='bbox 247 1393 427 1464; x_wconf 77' lang='lat' dir='ltr'><strong><em>Cupit.</em></strong></span> <span class='ocrx_word' id='word_1_79' title='bbox 480 1392 664 1447; x_wconf 87' lang='lat' dir='ltr'><strong><em>Vocem</em></strong></span> <span class='ocrx_word' id='word_1_80' title='bbox 696 1409 861 1447; x_wconf 90' lang='lat' dir='ltr'><strong><em>nteam</em></strong></span> <span class='ocrx_word' id='word_1_81' title='bbox 892 1393 1018 1448; x_wconf 88' lang='lat' dir='ltr'><strong><em>audi</em></strong></span> <span class='ocrx_word' id='word_1_82' title='bbox 1044 1393 1332 1447; x_wconf 76' lang='lat' dir='ltr'><strong><em>secundum</em></strong></span> <span class='ocrx_word' id='word_1_83' title='bbox 1363 1393 1774 1448; x_wconf 81' lang='lat' dir='ltr'><strong><em>misericordiam</em></strong></span> 
     </span>
    </p>
   </div>
   <div class='ocr_carea' id='block_1_15' title="bbox 186 1487 1790 1561">
    <p class='ocr_par' dir='ltr' id='par_1_15' title="bbox 186 1487 1790 1561">
     <span class='ocr_line' id='line_1_15' title="bbox 186 1487 1790 1561; baseline -0.002 -16"><span class='ocrx_word' id='word_1_84' title='bbox 186 1500 349 1558; x_wconf 83' lang='lat' dir='ltr'><strong><em>luant,</em></strong></span> <span class='ocrx_word' id='word_1_85' title='bbox 386 1488 608 1545; x_wconf 90' lang='lat' dir='ltr'><strong><em>Domine</em></strong></span> <span class='ocrx_word' id='word_1_86' title='bbox 639 1505 658 1545; x_wconf 90' lang='lat'><strong><em>:</em></strong></span> <span class='ocrx_word' id='word_1_87' title='bbox 685 1487 714 1528; x_wconf 66' lang='grc' dir='ltr'>δ</span> <span class='ocrx_word' id='word_1_88' title='bbox 769 1489 1054 1545; x_wconf 81' lang='lat' dir='ltr'><strong><em>secundum</em></strong></span> <span class='ocrx_word' id='word_1_89' title='bbox 1095 1487 1358 1561; x_wconf 81' lang='lat' dir='ltr'><strong><em>judicium</em></strong></span> <span class='ocrx_word' id='word_1_90' title='bbox 1402 1498 1546 1543; x_wconf 85' lang='lat' dir='ltr'><strong><em>tuum</em></strong></span> <span class='ocrx_word' id='word_1_91' title='bbox 1589 1487 1790 1558; x_wconf 80' lang='lat' dir='ltr'><strong><em>rivi/ica</em></strong></span> 
     </span>
    </p>
   </div>
   <div class='ocr_carea' id='block_1_16' title="bbox 194 1600 286 1639">
    <p class='ocr_par' dir='ltr' id='par_1_16' title="bbox 194 1600 286 1639">
     <span class='ocr_line' id='line_1_16' title="bbox 194 1600 286 1639; baseline 0 -1"><span class='ocrx_word' id='word_1_92' title='bbox 194 1600 286 1639; x_wconf 83' lang='lat' dir='ltr'><strong><em>me.</em></strong></span> 
     </span>
    </p>
   </div>
   <div class='ocr_carea' id='block_1_17' title="bbox 249 1671 1792 1747">
    <p class='ocr_par' dir='ltr' id='par_1_17' title="bbox 249 1671 1792 1747">
     <span class='ocr_line' id='line_1_17' title="bbox 249 1671 1792 1747; baseline -0.003 -17"><span class='ocrx_word' id='word_1_93' title='bbox 249 1672 424 1744; x_wconf 87' lang='lat' dir='ltr'><strong><em>Cnplt.</em></strong></span> <span class='ocrx_word' id='word_1_94' title='bbox 480 1673 1045 1747; x_wconf 80' lang='lat' dir='ltr'><strong><em>Appropinquaoerunt</em></strong></span> <span class='ocrx_word' id='word_1_95' title='bbox 1095 1681 1446 1742; x_wconf 86' lang='lat' dir='ltr'><strong><em>persequentes</em></strong></span> <span class='ocrx_word' id='word_1_96' title='bbox 1494 1671 1792 1743; x_wconf 88' lang='lat' dir='ltr'><strong><em>meiniqui-</em></strong></span> 
     </span>
    </p>
   </div>
   <div class='ocr_carea' id='block_1_18' title="bbox 188 1763 1464 1838">
    <p class='ocr_par' dir='ltr' id='par_1_18' title="bbox 188 1763 1464 1838">
     <span class='ocr_line' id='line_1_18' title="bbox 188 1763 1464 1838; baseline 0 -18"><span class='ocrx_word' id='word_1_97' title='bbox 188 1768 270 1822; x_wconf 92' lang='lat' dir='ltr'><strong><em>tati</em></strong></span> <span class='ocrx_word' id='word_1_98' title='bbox 305 1783 327 1822; x_wconf 85' lang='lat'><strong><em>.°</em></strong></span> <span class='ocrx_word' id='word_1_99' title='bbox 350 1785 380 1821; x_wconf 92' lang='lat' dir='ltr'><strong><em>a</em></strong></span> <span class='ocrx_word' id='word_1_100' title='bbox 404 1768 515 1838; x_wconf 58' lang='lat' dir='ltr'><strong><em>lege</em></strong></span> <span class='ocrx_word' id='word_1_101' title='bbox 548 1782 606 1822; x_wconf 60' lang='grc' dir='ltr'><strong><em>σξη·</em></strong></span> <span class='ocrx_word' id='word_1_102' title='bbox 633 1777 801 1820; x_wconf 87' lang='lat' dir='ltr'><strong><em>autem</em></strong></span> <span class='ocrx_word' id='word_1_103' title='bbox 830 1766 851 1836; x_wconf 71' lang='grc' dir='ltr'>ζ</span> <span class='ocrx_word' id='word_1_104' title='bbox 882 1775 970 1820; x_wconf 90' lang='lat' dir='ltr'><strong><em>ttta</em></strong></span> <span class='ocrx_word' id='word_1_105' title='bbox 1003 1763 1151 1835; x_wconf 62' lang='lat' dir='ltr'><strong><em>longe</em></strong></span> <span class='ocrx_word' id='word_1_106' title='bbox 1180 1764 1305 1835; x_wconf 77' lang='lat' dir='ltr'><strong><em>facti</em></strong></span> <span class='ocrx_word' id='word_1_107' title='bbox 1327 1773 1464 1820; x_wconf 88' lang='lat' dir='ltr'><strong><em>sunt.</em></strong></span> 
     </span>
    </p>
   </div>
   <div class='ocr_carea' id='block_1_19' title="bbox 251 1849 1810 1941">
    <p class='ocr_par' dir='ltr' id='par_1_19' title="bbox 251 1857 1786 1932">
     <span class='ocr_line' id='line_1_19' title="bbox 251 1857 1786 1932; baseline -0.001 -17"><span class='ocrx_word' id='word_1_108' title='bbox 251 1859 429 1929; x_wconf 80' lang='lat' dir='ltr'><strong><em>Coph.</em></strong></span> <span class='ocrx_word' id='word_1_109' title='bbox 470 1858 644 1932; x_wconf 81' lang='lat' dir='ltr'><strong><em>Prope</em></strong></span> <span class='ocrx_word' id='word_1_110' title='bbox 669 1877 722 1915; x_wconf 88' lang='lat' dir='ltr'><strong><em>es</em></strong></span> <span class='ocrx_word' id='word_1_111' title='bbox 752 1871 834 1928; x_wconf 88' lang='lat' dir='ltr'><strong><em>ttt,</em></strong></span> <span class='ocrx_word' id='word_1_112' title='bbox 868 1857 1088 1913; x_wconf 89' lang='lat' dir='ltr'><strong><em>Domine</em></strong></span> <span class='ocrx_word' id='word_1_113' title='bbox 1117 1873 1137 1913; x_wconf 86' lang='lat'><strong><em>.&#39;</em></strong></span> <span class='ocrx_word' id='word_1_114' title='bbox 1163 1869 1208 1913; x_wconf 90' lang='lat' dir='ltr'><strong><em>et</em></strong></span> <span class='ocrx_word' id='word_1_115' title='bbox 1249 1874 1424 1912; x_wconf 85' lang='lat' dir='ltr'><strong><em>omnes</em></strong></span> <span class='ocrx_word' id='word_1_116' title='bbox 1453 1858 1550 1927; x_wconf 68' lang='lat' dir='ltr'><strong><em>via:</em></strong></span> <span class='ocrx_word' id='word_1_117' title='bbox 1577 1869 1678 1912; x_wconf 79' lang='lat' dir='ltr'><strong><em>tute</em></strong></span> <span class='ocrx_word' id='word_1_118' title='bbox 1705 1873 1786 1913; x_wconf 84' lang='lat' dir='ltr'><strong><em>ve-</em></strong></span> 
     </span>
    </p>
   </div>
   <div class='ocr_carea' id='block_1_20' title="bbox 1915 1849 3598 1941">
    <p class='ocr_par' dir='ltr' id='par_1_20' title="bbox 1959 1849 3598 1941">
     <span class='ocr_line' id='line_1_20' title="bbox 1959 1849 3598 1941; baseline -0.005 -17"><span class='ocrx_word' id='word_1_119' title='bbox 1959 1867 2121 1941; x_wconf 89' lang='lat' dir='ltr'><strong><em>C0plt.</em></strong></span> <span class='ocrx_word' id='word_1_120' title='bbox 2166 1866 2346 1939; x_wconf 87' lang='lat' dir='ltr'><strong><em>Prope</em></strong></span> <span class='ocrx_word' id='word_1_121' title='bbox 2378 1875 2541 1934; x_wconf 90' lang='lat' dir='ltr'><strong><em>cstu,</em></strong></span> <span class='ocrx_word' id='word_1_122' title='bbox 2604 1864 2867 1920; x_wconf 83' lang='lat' dir='ltr'><strong><em>Domine:</em></strong></span> <span class='ocrx_word' id='word_1_123' title='bbox 2910 1874 2965 1920; x_wconf 88' lang='lat' dir='ltr'><strong><em>et</em></strong></span> <span class='ocrx_word' id='word_1_124' title='bbox 3006 1864 3192 1920; x_wconf 83' lang='lat' dir='ltr'><strong><em>omnia</em></strong></span> <span class='ocrx_word' id='word_1_125' title='bbox 3242 1862 3496 1920; x_wconf 86' lang='lat' dir='ltr'><strong><em>mandata</em></strong></span> <span class='ocrx_word' id='word_1_126' title='bbox 3589 1849 3598 1862; x_wconf 79' lang='grc'><em>’</em></span> 
     </span>
    </p>
   </div>
   <div class='ocr_carea' id='block_1_21' title="bbox 188 1954 339 2010">
    <p class='ocr_par' dir='ltr' id='par_1_21' title="bbox 188 1954 339 2010">
     <span class='ocr_line' id='line_1_21' title="bbox 188 1954 339 2010; baseline 0.02 -3"><span class='ocrx_word' id='word_1_127' title='bbox 188 1954 339 2010; x_wconf 77' lang='lat' dir='ltr'><strong><em>ritas.</em></strong></span> 
     </span>
    </p>
   </div>
   <div class='ocr_carea' id='block_1_22' title="bbox 251 2044 1786 2120">
    <p class='ocr_par' dir='ltr' id='par_1_22' title="bbox 251 2044 1786 2120">
     <span class='ocr_line' id='line_1_22' title="bbox 251 2044 1786 2120; baseline -0.001 -16"><span class='ocrx_word' id='word_1_128' title='bbox 251 2047 432 2118; x_wconf 78' lang='lat' dir='ltr'><strong><em>Coplt.</em></strong></span> <span class='ocrx_word' id='word_1_129' title='bbox 465 2044 628 2103; x_wconf 83' lang='lat' dir='ltr'><strong><em>Initio</em></strong></span> <span class='ocrx_word' id='word_1_130' title='bbox 655 2046 870 2120; x_wconf 74' lang='lat' dir='ltr'><strong><em>coqnori</em></strong></span> <span class='ocrx_word' id='word_1_131' title='bbox 899 2047 962 2103; x_wconf 89' lang='lat' dir='ltr'><strong><em>de</em></strong></span> <span class='ocrx_word' id='word_1_132' title='bbox 984 2046 1286 2104; x_wconf 81' lang='lat' dir='ltr'><strong><em>testimoniis</em></strong></span> <span class='ocrx_word' id='word_1_133' title='bbox 1318 2046 1422 2101; x_wconf 88' lang='lat' dir='ltr'><strong><em>tuis</em></strong></span> <span class='ocrx_word' id='word_1_134' title='bbox 1456 2047 1621 2117; x_wconf 89' lang='lat' dir='ltr'><strong><em>:quia</em></strong></span> <span class='ocrx_word' id='word_1_135' title='bbox 1661 2045 1786 2120; x_wconf 67' lang='grc' dir='ltr'><strong><em>[Μς.</em></strong></span> 
     </span>
    </p>
   </div>
   <div class='ocr_carea' id='block_1_23' title="bbox 197 2139 1196 2213">
    <p class='ocr_par' dir='ltr' id='par_1_23' title="bbox 197 2139 1196 2213">
     <span class='ocr_line' id='line_1_23' title="bbox 197 2139 1196 2213; baseline 0.001 -19"><span class='ocrx_word' id='word_1_136' title='bbox 197 2139 461 2213; x_wconf 84' lang='lat' dir='ltr'><strong><em>quoniam]</em></strong></span> <span class='ocrx_word' id='word_1_137' title='bbox 492 2141 545 2195; x_wconf 90' lang='lat' dir='ltr'><strong><em>in</em></strong></span> <span class='ocrx_word' id='word_1_138' title='bbox 574 2150 826 2196; x_wconf 52' lang='lat' dir='ltr'><strong><em>«ternum</em></strong></span> <span class='ocrx_word' id='word_1_139' title='bbox 855 2141 1089 2213; x_wconf 78' lang='lat' dir='ltr'><strong><em>fundasti</em></strong></span> <span class='ocrx_word' id='word_1_140' title='bbox 1115 2156 1196 2195; x_wconf 87' lang='lat' dir='ltr'><strong><em>ea.</em></strong></span> 
     </span>
    </p>
   </div>
   <div class='ocr_carea' id='block_1_24' title="bbox 255 2231 1792 2304">
    <p class='ocr_par' dir='ltr' id='par_1_24' title="bbox 255 2231 1792 2304">
     <span class='ocr_line' id='line_1_24' title="bbox 255 2231 1792 2304; baseline 0.001 -18"><span class='ocrx_word' id='word_1_141' title='bbox 255 2233 391 2288; x_wconf 91' lang='lat' dir='ltr'><strong><em>Res.</em></strong></span> <span class='ocrx_word' id='word_1_142' title='bbox 430 2231 560 2287; x_wconf 86' lang='lat' dir='ltr'><strong><em>Vide</em></strong></span> <span class='ocrx_word' id='word_1_143' title='bbox 582 2231 932 2288; x_wconf 75' lang='lat' dir='ltr'><strong><em>humilitatem</em></strong></span> <span class='ocrx_word' id='word_1_144' title='bbox 955 2249 1144 2301; x_wconf 72' lang='lat' dir='ltr'><strong><em>meum,</em></strong></span> <span class='ocrx_word' id='word_1_145' title='bbox 1175 2241 1222 2287; x_wconf 91' lang='lat' dir='ltr'><strong><em>et</em></strong></span> <span class='ocrx_word' id='word_1_146' title='bbox 1247 2233 1388 2304; x_wconf 82' lang='lat' dir='ltr'><strong><em>eripe</em></strong></span> <span class='ocrx_word' id='word_1_147' title='bbox 1416 2248 1494 2288; x_wconf 88' lang='lat' dir='ltr'><strong><em>me</em></strong></span> <span class='ocrx_word' id='word_1_148' title='bbox 1526 2232 1688 2304; x_wconf 88' lang='lat' dir='ltr'><strong><em>:quio</em></strong></span> <span class='ocrx_word' id='word_1_149' title='bbox 1718 2232 1792 2288; x_wconf 84' lang='lat' dir='ltr'><strong><em>le-</em></strong></span> 
     </span>
    </p>
   </div>
   <div class='ocr_carea' id='block_1_25' title="bbox 189 2326 978 2397">
    <p class='ocr_par' dir='ltr' id='par_1_25' title="bbox 189 2326 978 2397">
     <span class='ocr_line' id='line_1_25' title="bbox 189 2326 978 2397; baseline -0.001 -16"><span class='ocrx_word' id='word_1_150' title='bbox 189 2343 298 2397; x_wconf 83' lang='lat' dir='ltr'><strong><em>gem</em></strong></span> <span class='ocrx_word' id='word_1_151' title='bbox 329 2335 596 2380; x_wconf 84' lang='lat' dir='ltr'><strong><em>tuumnon</em></strong></span> <span class='ocrx_word' id='word_1_152' title='bbox 625 2341 738 2381; x_wconf 78' lang='lat' dir='ltr'><strong><em>sunt</em></strong></span> <span class='ocrx_word' id='word_1_153' title='bbox 771 2326 978 2381; x_wconf 77' lang='lat' dir='ltr'><strong><em>oblitus.</em></strong></span> 
     </span>
    </p>
   </div>
   <div class='ocr_carea' id='block_1_26' title="bbox 255 2419 1786 2493">
    <p class='ocr_par' dir='ltr' id='par_1_26' title="bbox 255 2419 1786 2493">
     <span class='ocr_line' id='line_1_26' title="bbox 255 2419 1786 2493; baseline 0 -19"><span class='ocrx_word' id='word_1_154' title='bbox 255 2420 390 2477; x_wconf 92' lang='lat' dir='ltr'><strong><em>Res.</em></strong></span> <span class='ocrx_word' id='word_1_155' title='bbox 439 2420 629 2475; x_wconf 85' lang='lat' dir='ltr'><strong><em>.ludica</em></strong></span> <span class='ocrx_word' id='word_1_156' title='bbox 648 2419 919 2493; x_wconf 84' lang='lat' dir='ltr'><strong><em>judicium</em></strong></span> <span class='ocrx_word' id='word_1_157' title='bbox 945 2437 1137 2488; x_wconf 86' lang='lat' dir='ltr'><strong><em>meum,</em></strong></span> <span class='ocrx_word' id='word_1_158' title='bbox 1169 2428 1215 2476; x_wconf 88' lang='lat' dir='ltr'><strong><em>et</em></strong></span> <span class='ocrx_word' id='word_1_159' title='bbox 1255 2419 1452 2476; x_wconf 86' lang='lat' dir='ltr'><strong><em>redime</em></strong></span> <span class='ocrx_word' id='word_1_160' title='bbox 1493 2435 1618 2475; x_wconf 88' lang='lat' dir='ltr'><strong><em>nte:</em></strong></span> <span class='ocrx_word' id='word_1_161' title='bbox 1661 2435 1786 2490; x_wconf 82' lang='lat' dir='ltr'><strong><em>pro-</em></strong></span> 
     </span>
    </p>
   </div>
   <div class='ocr_carea' id='block_1_27' title="bbox 193 2502 1254 2588">
    <p class='ocr_par' dir='ltr' id='par_1_27' title="bbox 193 2502 1254 2588">
     <span class='ocr_line' id='line_1_27' title="bbox 193 2502 1254 2588; baseline 0.001 -21"><span class='ocrx_word' id='word_1_162' title='bbox 193 2526 298 2588; x_wconf 72' lang='lat' dir='ltr'><strong><em>pter</em></strong></span> <span class='ocrx_word' id='word_1_163' title='bbox 325 2515 588 2587; x_wconf 84' lang='lat' dir='ltr'><strong><em>eloquium</em></strong></span> <span class='ocrx_word' id='word_1_164' title='bbox 618 2524 765 2569; x_wconf 89' lang='lat' dir='ltr'><strong><em>tuum</em></strong></span> <span class='ocrx_word' id='word_1_165' title='bbox 790 2515 994 2585; x_wconf 74' lang='lat' dir='ltr'><strong><em>rit&#39;iftea</em></strong></span> <span class='ocrx_word' id='word_1_166' title='bbox 1028 2531 1126 2568; x_wconf 89' lang='lat' dir='ltr'><strong><em>me.</em></strong></span> <span class='ocrx_word' id='word_1_167' title='bbox 1242 2502 1254 2511; x_wconf 74' lang='grc'><em>’</em></span> 
     </span>
    </p>
   </div>
   <div class='ocr_carea' id='block_1_28' title="bbox 256 2605 1794 2680">
    <p class='ocr_par' dir='ltr' id='par_1_28' title="bbox 256 2605 1794 2680">
     <span class='ocr_line' id='line_1_28' title="bbox 256 2605 1794 2680; baseline 0.001 -18"><span class='ocrx_word' id='word_1_168' title='bbox 256 2607 388 2663; x_wconf 84' lang='lat' dir='ltr'><strong><em>Res.</em></strong></span> <span class='ocrx_word' id='word_1_169' title='bbox 445 2607 618 2679; x_wconf 81' lang='lat' dir='ltr'><strong><em>Longe</em></strong></span> <span class='ocrx_word' id='word_1_170' title='bbox 645 2625 676 2661; x_wconf 91' lang='lat' dir='ltr'><strong><em>a</em></strong></span> <span class='ocrx_word' id='word_1_171' title='bbox 707 2607 1063 2678; x_wconf 84' lang='lat' dir='ltr'><strong><em>peccatoribus</em></strong></span> <span class='ocrx_word' id='word_1_172' title='bbox 1094 2607 1238 2663; x_wconf 90' lang='lat' dir='ltr'><strong><em>salus</em></strong></span> <span class='ocrx_word' id='word_1_173' title='bbox 1269 2607 1434 2678; x_wconf 87' lang='lat' dir='ltr'><strong><em>:quia</em></strong></span> <span class='ocrx_word' id='word_1_174' title='bbox 1454 2605 1794 2680; x_wconf 74' lang='lat' dir='ltr'><strong><em>jttstificatio-</em></strong></span> 
     </span>
    </p>
   </div>
   <div class='ocr_carea' id='block_1_29' title="bbox 194 2704 1006 2776">
    <p class='ocr_par' dir='ltr' id='par_1_29' title="bbox 194 2704 1006 2776">
     <span class='ocr_line' id='line_1_29' title="bbox 194 2704 1006 2776; baseline -0.001 -17"><span class='ocrx_word' id='word_1_175' title='bbox 194 2723 278 2762; x_wconf 79' lang='lat' dir='ltr'><strong><em>nes</em></strong></span> <span class='ocrx_word' id='word_1_176' title='bbox 300 2715 420 2759; x_wconf 84' lang='lat' dir='ltr'><strong><em>tuas</em></strong></span> <span class='ocrx_word' id='word_1_177' title='bbox 444 2721 546 2760; x_wconf 89' lang='lat' dir='ltr'><strong><em>non</em></strong></span> <span class='ocrx_word' id='word_1_178' title='bbox 584 2715 606 2744; x_wconf 67' lang='grc' dir='ltr'><strong><em>ε·</em></strong></span> <span class='ocrx_word' id='word_1_179' title='bbox 636 2704 1006 2776; x_wconf 75' lang='lat' dir='ltr'><strong><em>exquisierunt.</em></strong></span> 
     </span>
    </p>
   </div>
   <div class='ocr_carea' id='block_1_30' title="bbox 263 2779 1859 2877">
    <p class='ocr_par' dir='ltr' id='par_1_30' title="bbox 263 2779 1859 2877">
     <span class='ocr_line' id='line_1_30' title="bbox 263 2779 1859 2877; baseline -0.002 -23"><span class='ocrx_word' id='word_1_180' title='bbox 263 2799 393 2854; x_wconf 87' lang='lat' dir='ltr'><strong><em>Res.</em></strong></span> <span class='ocrx_word' id='word_1_181' title='bbox 454 2796 832 2852; x_wconf 59' lang='lat' dir='ltr'><strong><em>Mismicordim</em></strong></span> <span class='ocrx_word' id='word_1_182' title='bbox 857 2807 962 2853; x_wconf 80' lang='lat' dir='ltr'><strong><em>tua:</em></strong></span> <span class='ocrx_word' id='word_1_183' title='bbox 993 2779 1186 2868; x_wconf 73' lang='lat' dir='ltr'><strong><em>multm,</em></strong></span> <span class='ocrx_word' id='word_1_184' title='bbox 1221 2795 1488 2877; x_wconf 78' lang='lat' dir='ltr'><strong><em>Domine:</em></strong></span> <span class='ocrx_word' id='word_1_185' title='bbox 1518 2797 1798 2852; x_wconf 82' lang='lat' dir='ltr'><strong><em>secundum</em></strong></span> <span class='ocrx_word' id='word_1_186' title='bbox 1848 2816 1859 2825; x_wconf 92' lang='grc'><strong>·</strong></span> 
     </span>
    </p>
   </div>
   <div class='ocr_carea' id='block_1_31' title="bbox 185 2890 970 2961">
    <p class='ocr_par' dir='ltr' id='par_1_31' title="bbox 185 2890 970 2961">
     <span class='ocr_line' id='line_1_31' title="bbox 185 2890 970 2961; baseline 0 -17"><span class='ocrx_word' id='word_1_187' title='bbox 185 2890 446 2961; x_wconf 84' lang='lat' dir='ltr'><strong><em>judicium</em></strong></span> <span class='ocrx_word' id='word_1_188' title='bbox 469 2898 616 2944; x_wconf 87' lang='lat' dir='ltr'><strong><em>tttttnt</em></strong></span> <span class='ocrx_word' id='word_1_189' title='bbox 641 2891 843 2960; x_wconf 80' lang='lat' dir='ltr'><strong><em>vivi/ica</em></strong></span> <span class='ocrx_word' id='word_1_190' title='bbox 869 2906 970 2944; x_wconf 89' lang='lat' dir='ltr'><strong><em>nte.</em></strong></span> 
     </span>
    </p>
   </div>
   <div class='ocr_carea' id='block_1_32' title="bbox 264 2979 1797 3054">
    <p class='ocr_par' dir='ltr' id='par_1_32' title="bbox 264 2979 1797 3054">
     <span class='ocr_line' id='line_1_32' title="bbox 264 2979 1797 3054; baseline -0.003 -16"><span class='ocrx_word' id='word_1_191' title='bbox 264 2984 394 3038; x_wconf 87' lang='lat' dir='ltr'><strong><em>Res.</em></strong></span> <span class='ocrx_word' id='word_1_192' title='bbox 443 2979 601 3036; x_wconf 78' lang='lat' dir='ltr'><strong><em>Multi</em></strong></span> <span class='ocrx_word' id='word_1_193' title='bbox 621 2982 712 3054; x_wconf 85' lang='lat' dir='ltr'><strong><em>qui</em></strong></span> <span class='ocrx_word' id='word_1_194' title='bbox 737 2993 1112 3054; x_wconf 85' lang='lat' dir='ltr'><strong><em>persequuntur</em></strong></span> <span class='ocrx_word' id='word_1_195' title='bbox 1137 2999 1236 3053; x_wconf 83' lang='lat' dir='ltr'><strong><em>me,</em></strong></span> <span class='ocrx_word' id='word_1_196' title='bbox 1258 2991 1308 3039; x_wconf 87' lang='lat' dir='ltr'><strong><em>et</em></strong></span> <span class='ocrx_word' id='word_1_197' title='bbox 1346 2981 1597 3038; x_wconf 82' lang='lat' dir='ltr'><strong><em>tribulam</em></strong></span> <span class='ocrx_word' id='word_1_198' title='bbox 1623 2995 1797 3036; x_wconf 88' lang='lat' dir='ltr'><strong><em>nte:a</em></strong></span> 
     </span>
    </p>
   </div>
   <div class='ocr_carea' id='block_1_33' title="bbox 197 3077 1081 3134">
    <p class='ocr_par' dir='ltr' id='par_1_33' title="bbox 197 3077 1081 3134">
     <span class='ocr_line' id='line_1_33' title="bbox 197 3077 1081 3134; baseline 0.003 -3"><span class='ocrx_word' id='word_1_199' title='bbox 197 3079 503 3133; x_wconf 81' lang='lat' dir='ltr'><strong><em>testimoniis</em></strong></span> <span class='ocrx_word' id='word_1_200' title='bbox 535 3079 636 3133; x_wconf 74' lang='lat' dir='ltr'><strong><em>tuis</em></strong></span> <span class='ocrx_word' id='word_1_201' title='bbox 666 3094 770 3133; x_wconf 86' lang='lat' dir='ltr'><strong><em>non</em></strong></span> <span class='ocrx_word' id='word_1_202' title='bbox 803 3077 1081 3134; x_wconf 83' lang='lat' dir='ltr'><strong><em>declinavi.</em></strong></span> 
     </span>
    </p>
   </div>
   <div class='ocr_carea' id='block_1_34' title="bbox 266 3166 1797 3245">
    <p class='ocr_par' dir='ltr' id='par_1_34' title="bbox 266 3166 1797 3245">
     <span class='ocr_line' id='line_1_34' title="bbox 266 3166 1797 3245; baseline -0.002 -18"><span class='ocrx_word' id='word_1_203' title='bbox 266 3173 397 3230; x_wconf 88' lang='lat' dir='ltr'><strong><em>Res.</em></strong></span> <span class='ocrx_word' id='word_1_204' title='bbox 450 3171 566 3228; x_wconf 85' lang='lat' dir='ltr'><strong><em>Vidi</em></strong></span> <span class='ocrx_word' id='word_1_205' title='bbox 595 3173 1017 3245; x_wconf 76' lang='lat' dir='ltr'><strong><em>pra&#39;varicanres,</em></strong></span> <span class='ocrx_word' id='word_1_206' title='bbox 1045 3179 1093 3226; x_wconf 90' lang='lat' dir='ltr'><strong><em>et</em></strong></span> <span class='ocrx_word' id='word_1_207' title='bbox 1140 3172 1496 3238; x_wconf 84' lang='lat' dir='ltr'><strong><em>tabescebam;</em></strong></span> <span class='ocrx_word' id='word_1_208' title='bbox 1538 3170 1660 3242; x_wconf 86' lang='lat' dir='ltr'><strong><em>quia</em></strong></span> <span class='ocrx_word' id='word_1_209' title='bbox 1683 3166 1797 3224; x_wconf 80' lang='lat' dir='ltr'><strong><em>elo-</em></strong></span> 
     </span>
    </p>
   </div>
   <div class='ocr_carea' id='block_1_35' title="bbox 197 3266 976 3337">
    <p class='ocr_par' dir='ltr' id='par_1_35' title="bbox 197 3266 976 3337">
     <span class='ocr_line' id='line_1_35' title="bbox 197 3266 976 3337; baseline 0 -18"><span class='ocrx_word' id='word_1_210' title='bbox 197 3267 316 3337; x_wconf 88' lang='lat' dir='ltr'><strong><em>quia</em></strong></span> <span class='ocrx_word' id='word_1_211' title='bbox 347 3275 436 3320; x_wconf 89' lang='lat' dir='ltr'><strong><em>tua</em></strong></span> <span class='ocrx_word' id='word_1_212' title='bbox 464 3282 566 3320; x_wconf 89' lang='lat' dir='ltr'><strong><em>non</em></strong></span> <span class='ocrx_word' id='word_1_213' title='bbox 596 3266 976 3323; x_wconf 82' lang='lat' dir='ltr'><strong><em>custodierunt.</em></strong></span> 
     </span>
    </p>
   </div>
   <div class='ocr_carea' id='block_1_36' title="bbox 269 3356 1796 3430">
    <p class='ocr_par' dir='ltr' id='par_1_36' title="bbox 269 3356 1796 3430">
     <span class='ocr_line' id='line_1_36' title="bbox 269 3356 1796 3430; baseline -0.001 -16"><span class='ocrx_word' id='word_1_214' title='bbox 269 3359 397 3416; x_wconf 90' lang='lat' dir='ltr'><strong><em>Res.</em></strong></span> <span class='ocrx_word' id='word_1_215' title='bbox 459 3358 610 3428; x_wconf 83' lang='lat' dir='ltr'><strong><em>Vide,</em></strong></span> <span class='ocrx_word' id='word_1_216' title='bbox 635 3358 879 3430; x_wconf 89' lang='lat' dir='ltr'><strong><em>quoniam</em></strong></span> <span class='ocrx_word' id='word_1_217' title='bbox 910 3359 1160 3414; x_wconf 87' lang='lat' dir='ltr'><strong><em>ntandata</em></strong></span> <span class='ocrx_word' id='word_1_218' title='bbox 1192 3368 1280 3414; x_wconf 91' lang='lat' dir='ltr'><strong><em>tua</em></strong></span> <span class='ocrx_word' id='word_1_219' title='bbox 1309 3358 1492 3429; x_wconf 78' lang='lat' dir='ltr'><strong><em>dtleai,</em></strong></span> <span class='ocrx_word' id='word_1_220' title='bbox 1531 3356 1750 3413; x_wconf 82' lang='lat' dir='ltr'><strong><em>Domine</em></strong></span> <span class='ocrx_word' id='word_1_221' title='bbox 1778 3373 1796 3412; x_wconf 91' lang='lat'><strong><em>:</em></strong></span> 
     </span>
    </p>
   </div>
   <div class='ocr_carea' id='block_1_37' title="bbox 211 3451 1120 3522">
    <p class='ocr_par' dir='ltr' id='par_1_37' title="bbox 211 3451 1120 3522">
     <span class='ocr_line' id='line_1_37' title="bbox 211 3451 1120 3522; baseline 0.001 -15"><span class='ocrx_word' id='word_1_222' title='bbox 211 3451 262 3507; x_wconf 86' lang='lat' dir='ltr'><strong><em>in</em></strong></span> <span class='ocrx_word' id='word_1_223' title='bbox 287 3452 646 3507; x_wconf 82' lang='lat' dir='ltr'><strong><em>misericordia</em></strong></span> <span class='ocrx_word' id='word_1_224' title='bbox 673 3463 762 3506; x_wconf 88' lang='lat' dir='ltr'><strong><em>tua</em></strong></span> <span class='ocrx_word' id='word_1_225' title='bbox 789 3451 992 3522; x_wconf 78' lang='lat' dir='ltr'><strong><em>riuiftea</em></strong></span> <span class='ocrx_word' id='word_1_226' title='bbox 1010 3464 1120 3508; x_wconf 83' lang='lat' dir='ltr'><strong><em>&quot;me.</em></strong></span> 
     </span>
    </p>
   </div>
   <div class='ocr_carea' id='block_1_38' title="bbox 269 3541 1800 3618">
    <p class='ocr_par' dir='ltr' id='par_1_38' title="bbox 269 3541 1800 3618">
     <span class='ocr_line' id='line_1_38' title="bbox 269 3541 1800 3618; baseline -0.005 -14"><span class='ocrx_word' id='word_1_227' title='bbox 269 3547 402 3604; x_wconf 86' lang='lat' dir='ltr'><strong><em>Res.</em></strong></span> <span class='ocrx_word' id='word_1_228' title='bbox 457 3546 786 3618; x_wconf 81' lang='lat' dir='ltr'><strong><em>Principium</em></strong></span> <span class='ocrx_word' id='word_1_229' title='bbox 816 3547 1084 3602; x_wconf 83' lang='lat' dir='ltr'><strong><em>uerborum</em></strong></span> <span class='ocrx_word' id='word_1_230' title='bbox 1115 3555 1318 3601; x_wconf 83' lang='lat' dir='ltr'><strong><em>tuorum</em></strong></span> <span class='ocrx_word' id='word_1_231' title='bbox 1351 3545 1535 3600; x_wconf 75' lang='lat' dir='ltr'><strong><em>veritas</em></strong></span> <span class='ocrx_word' id='word_1_232' title='bbox 1565 3559 1582 3599; x_wconf 91' lang='lat'><strong><em>:</em></strong></span> <span class='ocrx_word' id='word_1_233' title='bbox 1611 3541 1635 3581; x_wconf 74' lang='grc' dir='ltr'><em>ά</em></span> <span class='ocrx_word' id='word_1_234' title='bbox 1666 3554 1714 3598; x_wconf 87' lang='lat' dir='ltr'><strong><em>et</em></strong></span> <span class='ocrx_word' id='word_1_235' title='bbox 1750 3543 1800 3598; x_wconf 91' lang='lat' dir='ltr'><strong><em>in</em></strong></span> 
     </span>
    </p>
   </div>
   <div class='ocr_carea' id='block_1_39' title="bbox 197 3639 1269 3713">
    <p class='ocr_par' dir='ltr' id='par_1_39' title="bbox 197 3639 1269 3713">
     <span class='ocr_line' id='line_1_39' title="bbox 197 3639 1269 3713; baseline -0.006 -14"><span class='ocrx_word' id='word_1_236' title='bbox 197 3651 448 3699; x_wconf 70' lang='lat' dir='ltr'><strong><em>etcruunt</em></strong></span> <span class='ocrx_word' id='word_1_237' title='bbox 473 3641 649 3695; x_wconf 86' lang='lat' dir='ltr'><strong><em>omnia</em></strong></span> <span class='ocrx_word' id='word_1_238' title='bbox 666 3639 876 3713; x_wconf 83' lang='lat' dir='ltr'><strong><em>judicia</em></strong></span> <span class='ocrx_word' id='word_1_239' title='bbox 897 3639 1125 3713; x_wconf 80' lang='lat' dir='ltr'><strong><em>justitite</em></strong></span> <span class='ocrx_word' id='word_1_240' title='bbox 1151 3651 1269 3693; x_wconf 82' lang='lat' dir='ltr'><strong><em>tute.</em></strong></span> 
     </span>
    </p>
   </div>
   <div class='ocr_carea' id='block_1_40' title="bbox 268 3730 1802 3804">
    <p class='ocr_par' dir='ltr' id='par_1_40' title="bbox 268 3730 1802 3804">
     <span class='ocr_line' id='line_1_40' title="bbox 268 3730 1802 3804; baseline -0.003 -14"><span class='ocrx_word' id='word_1_241' title='bbox 268 3735 392 3790; x_wconf 91' lang='lat' dir='ltr'><strong><em>Sin.</em></strong></span> <span class='ocrx_word' id='word_1_242' title='bbox 448 3731 720 3804; x_wconf 70' lang='lat' dir='ltr'><strong><em>Principes</em></strong></span> <span class='ocrx_word' id='word_1_243' title='bbox 749 3731 1004 3804; x_wconf 79' lang='lat' dir='ltr'><strong><em>persecuti</em></strong></span> <span class='ocrx_word' id='word_1_244' title='bbox 1025 3739 1142 3786; x_wconf 86' lang='lat' dir='ltr'><strong><em>sunt</em></strong></span> <span class='ocrx_word' id='word_1_245' title='bbox 1172 3747 1251 3785; x_wconf 89' lang='lat' dir='ltr'><strong><em>me</em></strong></span> <span class='ocrx_word' id='word_1_246' title='bbox 1268 3732 1431 3803; x_wconf 86' lang='lat' dir='ltr'><strong><em>gratis</em></strong></span> <span class='ocrx_word' id='word_1_247' title='bbox 1461 3746 1479 3785; x_wconf 92' lang='lat'><strong><em>:</em></strong></span> <span class='ocrx_word' id='word_1_248' title='bbox 1511 3742 1556 3787; x_wconf 92' lang='lat' dir='ltr'><strong><em>et</em></strong></span> <span class='ocrx_word' id='word_1_249' title='bbox 1586 3747 1617 3785; x_wconf 91' lang='lat' dir='ltr'><strong><em>a</em></strong></span> <span class='ocrx_word' id='word_1_250' title='bbox 1638 3730 1802 3787; x_wconf 65' lang='lat' dir='ltr'><strong><em>ost-bis</em></strong></span> 
     </span>
    </p>
   </div>
   <div class='ocr_carea' id='block_1_41' title="bbox 203 3823 1460 3901">
    <p class='ocr_par' dir='ltr' id='par_1_41' title="bbox 203 3823 1460 3901">
     <span class='ocr_line' id='line_1_41' title="bbox 203 3823 1460 3901; baseline -0.004 -16"><span class='ocrx_word' id='word_1_251' title='bbox 203 3828 302 3884; x_wconf 80' lang='lat' dir='ltr'><strong><em>tuis</em></strong></span> <span class='ocrx_word' id='word_1_252' title='bbox 334 3827 632 3901; x_wconf 74' lang='lat' dir='ltr'><strong><em>formidavit</em></strong></span> <span class='ocrx_word' id='word_1_253' title='bbox 657 3827 779 3901; x_wconf 61' lang='lat' dir='ltr'><strong><em>Uis.</em></strong></span> <span class='ocrx_word' id='word_1_254' title='bbox 813 3823 1134 3898; x_wconf 75' lang='lat' dir='ltr'><strong><em>formidubit]</em></strong></span> <span class='ocrx_word' id='word_1_255' title='bbox 1162 3842 1250 3881; x_wconf 90' lang='lat' dir='ltr'><strong><em>cor</em></strong></span> <span class='ocrx_word' id='word_1_256' title='bbox 1273 3843 1460 3880; x_wconf 90' lang='lat' dir='ltr'><strong><em>nteum.</em></strong></span> 
     </span>
    </p>
   </div>
   <div class='ocr_carea' id='block_1_42' title="bbox 273 3963 1794 4038">
    <p class='ocr_par' dir='ltr' id='par_1_42' title="bbox 273 3963 1794 4038">
     <span class='ocr_line' id='line_1_42' title="bbox 273 3963 1794 4038; baseline -0.003 -13"><span class='ocrx_word' id='word_1_257' title='bbox 273 3978 301 4007; x_wconf 81' lang='grc' dir='ltr'>ι</span> <span class='ocrx_word' id='word_1_258' title='bbox 355 3967 531 4038; x_wconf 80' lang='lat' dir='ltr'><strong><em>Atque</em></strong></span> <span class='ocrx_word' id='word_1_259' title='bbox 556 3965 646 4021; x_wconf 83' lang='lat' dir='ltr'><strong><em>hic</em></strong></span> <span class='ocrx_word' id='word_1_260' title='bbox 673 3964 871 4020; x_wconf 86' lang='lat' dir='ltr'><strong><em>rectius</em></strong></span> <span class='ocrx_word' id='word_1_261' title='bbox 900 3975 1040 4022; x_wconf 84' lang='lat' dir='ltr'><strong><em>tacet</em></strong></span> <span class='ocrx_word' id='word_1_262' title='bbox 1071 3965 1296 4023; x_wconf 83' lang='lat' dir='ltr'><strong><em>Palatio.</em></strong></span> <span class='ocrx_word' id='word_1_263' title='bbox 1342 3981 1443 4021; x_wconf 86' lang='lat' dir='ltr'><strong><em>ms.</em></strong></span> <span class='ocrx_word' id='word_1_264' title='bbox 1478 3963 1794 4021; x_wconf 75' lang='lat' dir='ltr'><strong><em>adverbium</em></strong></span> 
     </span>
    </p>
   </div>
   <div class='ocr_carea' id='block_1_43' title="bbox 202 4038 1801 4112">
    <p class='ocr_par' dir='ltr' id='par_1_43' title="bbox 202 4038 1801 4112">
     <span class='ocr_line' id='line_1_43' title="bbox 202 4038 1801 4112; baseline -0.002 -18"><span class='ocrx_word' id='word_1_265' title='bbox 202 4041 325 4112; x_wconf 84' lang='lat' dir='ltr'><strong><em>quia</em></strong></span> <span class='ocrx_word' id='word_1_266' title='bbox 346 4057 364 4094; x_wconf 90' lang='lat'><strong><em>:</em></strong></span> <span class='ocrx_word' id='word_1_267' title='bbox 391 4038 532 4112; x_wconf 88' lang='lat' dir='ltr'><strong><em>quod</em></strong></span> <span class='ocrx_word' id='word_1_268' title='bbox 560 4047 737 4091; x_wconf 86' lang='lat' dir='ltr'><strong><em>autem</em></strong></span> <span class='ocrx_word' id='word_1_269' title='bbox 772 4054 867 4107; x_wconf 87' lang='lat' dir='ltr'><strong><em>pro</em></strong></span> <span class='ocrx_word' id='word_1_270' title='bbox 888 4039 1350 4112; x_wconf 15' lang='lat' dir='ltr'><strong><em>eoiinsequentem</em></strong></span> <span class='ocrx_word' id='word_1_271' title='bbox 1384 4040 1436 4092; x_wconf 90' lang='lat' dir='ltr'><strong><em>in</em></strong></span> <span class='ocrx_word' id='word_1_272' title='bbox 1461 4040 1801 4112; x_wconf 71' lang='lat' dir='ltr'><strong><em>prtcposilio-</em></strong></span> 
     </span>
    </p>
   </div>
   <div class='ocr_carea' id='block_1_44' title="bbox 206 4109 1802 4180">
    <p class='ocr_par' dir='ltr' id='par_1_44' title="bbox 206 4109 1802 4180">
     <span class='ocr_line' id='line_1_44' title="bbox 206 4109 1802 4180; baseline -0.003 -13"><span class='ocrx_word' id='word_1_273' title='bbox 206 4109 329 4168; x_wconf 85' lang='lat' dir='ltr'><strong><em>nem</em></strong></span> <span class='ocrx_word' id='word_1_274' title='bbox 360 4111 520 4165; x_wconf 86' lang='lat' dir='ltr'><strong><em>obelo</em></strong></span> <span class='ocrx_word' id='word_1_275' title='bbox 553 4117 836 4178; x_wconf 72' lang='lat' dir='ltr'><strong><em>przeuotat,</em></strong></span> <span class='ocrx_word' id='word_1_276' title='bbox 871 4111 1010 4165; x_wconf 89' lang='lat' dir='ltr'><strong><em>male</em></strong></span> <span class='ocrx_word' id='word_1_277' title='bbox 1042 4111 1200 4164; x_wconf 77' lang='lat' dir='ltr'><strong><em>liabet</em></strong></span> <span class='ocrx_word' id='word_1_278' title='bbox 1233 4127 1246 4165; x_wconf 91' lang='lat'><strong>:</strong></span> <span class='ocrx_word' id='word_1_279' title='bbox 1277 4119 1440 4180; x_wconf 90' lang='lat' dir='ltr'><strong><em>atque</em></strong></span> <span class='ocrx_word' id='word_1_280' title='bbox 1475 4111 1613 4164; x_wconf 81' lang='lat' dir='ltr'><strong><em>adeo</em></strong></span> <span class='ocrx_word' id='word_1_281' title='bbox 1650 4109 1802 4178; x_wconf 87' lang='lat' dir='ltr'><strong><em>pejus</em></strong></span> 
     </span>
    </p>
   </div>
   <div class='ocr_carea' id='block_1_45' title="bbox 210 4181 1798 4249">
    <p class='ocr_par' dir='ltr' id='par_1_45' title="bbox 210 4181 1798 4249">
     <span class='ocr_line' id='line_1_45' title="bbox 210 4181 1798 4249; baseline -0.001 -13"><span class='ocrx_word' id='word_1_282' title='bbox 210 4184 336 4236; x_wconf 83' lang='lat' dir='ltr'><strong><em>Cari</em></strong></span> <span class='ocrx_word' id='word_1_283' title='bbox 361 4181 547 4248; x_wconf 81' lang='lat' dir='ltr'><strong><em>editio,</em></strong></span> <span class='ocrx_word' id='word_1_284' title='bbox 580 4196 699 4247; x_wconf 69' lang='lat' dir='ltr'><strong><em>qua:</em></strong></span> <span class='ocrx_word' id='word_1_285' title='bbox 738 4191 1023 4249; x_wconf 85' lang='lat' dir='ltr'><strong><em>utramque</em></strong></span> <span class='ocrx_word' id='word_1_286' title='bbox 1071 4197 1259 4236; x_wconf 76' lang='lat' dir='ltr'><strong><em>vocent</em></strong></span> <span class='ocrx_word' id='word_1_287' title='bbox 1303 4183 1705 4235; x_wconf 80' lang='lat' dir='ltr'><strong><em>transverberat</em></strong></span> <span class='ocrx_word' id='word_1_288' title='bbox 1737 4195 1798 4234; x_wconf 58' lang='grc' dir='ltr'><strong><em>σξη</em></strong></span> 
     </span>
    </p>
   </div>
   <div class='ocr_carea' id='block_1_46' title="bbox 207 4250 1803 4326">
    <p class='ocr_par' dir='ltr' id='par_1_46' title="bbox 207 4250 1803 4326">
     <span class='ocr_line' id='line_1_46' title="bbox 207 4250 1803 4326; baseline -0.002 -18"><span class='ocrx_word' id='word_1_289' title='bbox 207 4255 331 4326; x_wconf 83' lang='lat' dir='ltr'><strong><em>quia</em></strong></span> <span class='ocrx_word' id='word_1_290' title='bbox 363 4255 413 4308; x_wconf 88' lang='lat' dir='ltr'><strong><em>in</em></strong></span> <span class='ocrx_word' id='word_1_291' title='bbox 433 4255 456 4322; x_wconf 71' lang='grc' dir='ltr'>ζ</span> <span class='ocrx_word' id='word_1_292' title='bbox 477 4251 649 4326; x_wconf 73' lang='lat' dir='ltr'><strong><em>verba,</em></strong></span> <span class='ocrx_word' id='word_1_293' title='bbox 683 4263 789 4308; x_wconf 90' lang='lat' dir='ltr'><strong><em>etc.</em></strong></span> <span class='ocrx_word' id='word_1_294' title='bbox 822 4251 955 4326; x_wconf 66' lang='lat' dir='ltr'><strong><em>male</em></strong></span> <span class='ocrx_word' id='word_1_295' title='bbox 982 4260 1240 4326; x_wconf 58' lang='lat' dir='ltr'><strong><em>prarterea</em></strong></span> <span class='ocrx_word' id='word_1_296' title='bbox 1265 4250 1424 4307; x_wconf 65' lang='lat' dir='ltr'><strong><em>iédcm</em></strong></span> <span class='ocrx_word' id='word_1_297' title='bbox 1454 4251 1803 4326; x_wconf 82' lang='lat' dir='ltr'><strong><em>subsequenti</em></strong></span> 
     </span>
    </p>
   </div>
   <div class='ocr_carea' id='block_1_47' title="bbox 214 4323 1804 4392">
    <p class='ocr_par' dir='ltr' id='par_1_47' title="bbox 214 4323 1804 4392">
     <span class='ocr_line' id='line_1_47' title="bbox 214 4323 1804 4392; baseline -0.003 -13"><span class='ocrx_word' id='word_1_298' title='bbox 214 4323 372 4381; x_wconf 67' lang='lat' dir='ltr'><strong><em>versu</em></strong></span> <span class='ocrx_word' id='word_1_299' title='bbox 405 4323 680 4392; x_wconf 78' lang='lat' dir='ltr'><strong><em>pra-ﬁxum</em></strong></span> <span class='ocrx_word' id='word_1_300' title='bbox 711 4325 917 4378; x_wconf 81' lang='lat' dir='ltr'><strong><em>voculis</em></strong></span> <span class='ocrx_word' id='word_1_301' title='bbox 945 4323 1015 4376; x_wconf 87' lang='lat' dir='ltr'><strong><em>ad</em></strong></span> <span class='ocrx_word' id='word_1_302' title='bbox 1036 4335 1084 4379; x_wconf 94' lang='lat' dir='ltr'><strong><em>te</em></strong></span> <span class='ocrx_word' id='word_1_303' title='bbox 1121 4324 1334 4378; x_wconf 69' lang='lat' dir='ltr'><strong><em>obuium</em></strong></span> <span class='ocrx_word' id='word_1_304' title='bbox 1363 4323 1804 4390; x_wconf 69' lang='lat' dir='ltr'><strong><em>prtetortnittuut.</em></strong></span> 
     </span>
    </p>
   </div>
   <div class='ocr_carea' id='block_1_48' title="bbox 291 4394 1802 4465">
    <p class='ocr_par' dir='ltr' id='par_1_48' title="bbox 291 4394 1802 4465">
     <span class='ocr_line' id='line_1_48' title="bbox 291 4394 1802 4465; baseline -0.005 -14"><span class='ocrx_word' id='word_1_305' title='bbox 291 4398 318 4434; x_wconf 72' lang='grc' dir='ltr'>δ</span> <span class='ocrx_word' id='word_1_306' title='bbox 362 4395 740 4464; x_wconf 75' lang='lat' dir='ltr'><strong><em>Expumimus</em></strong></span> <span class='ocrx_word' id='word_1_307' title='bbox 763 4405 809 4447; x_wconf 87' lang='lat' dir='ltr'><strong><em>et</em></strong></span> <span class='ocrx_word' id='word_1_308' title='bbox 835 4397 1080 4465; x_wconf 82' lang='lat' dir='ltr'><strong><em>copulam</em></strong></span> <span class='ocrx_word' id='word_1_309' title='bbox 1119 4397 1184 4449; x_wconf 89' lang='lat' dir='ltr'><strong><em>ad</em></strong></span> <span class='ocrx_word' id='word_1_310' title='bbox 1214 4409 1316 4448; x_wconf 87' lang='lat' dir='ltr'><strong><em>ms.</em></strong></span> <span class='ocrx_word' id='word_1_311' title='bbox 1349 4395 1575 4450; x_wconf 88' lang='lat' dir='ltr'><strong><em>Palatini</em></strong></span> <span class='ocrx_word' id='word_1_312' title='bbox 1619 4394 1802 4458; x_wconf 83' lang='lat' dir='ltr'><strong><em>ﬁdem,</em></strong></span> 
     </span>
    </p>
   </div>
   <div class='ocr_carea' id='block_1_49' title="bbox 213 4466 1585 4535">
    <p class='ocr_par' dir='ltr' id='par_1_49' title="bbox 213 4466 1585 4535">
     <span class='ocr_line' id='line_1_49' title="bbox 213 4466 1585 4535; baseline -0.004 -11"><span class='ocrx_word' id='word_1_313' title='bbox 213 4467 447 4524; x_wconf 69' lang='lat' dir='ltr'><strong><em>llebra&#39;o</em></strong></span> <span class='ocrx_word' id='word_1_314' title='bbox 470 4481 592 4523; x_wconf 88' lang='lat' dir='ltr'><strong><em>cum</em></strong></span> <span class='ocrx_word' id='word_1_315' title='bbox 623 4467 834 4535; x_wconf 80' lang='lat' dir='ltr'><strong><em>primis,</em></strong></span> <span class='ocrx_word' id='word_1_316' title='bbox 859 4477 914 4521; x_wconf 86' lang='lat' dir='ltr'><strong><em>et</em></strong></span> <span class='ocrx_word' id='word_1_317' title='bbox 935 4466 1124 4521; x_wconf 71' lang='lat' dir='ltr'><strong><em>Grtcco</em></strong></span> <span class='ocrx_word' id='word_1_318' title='bbox 1149 4467 1585 4535; x_wconf 87' lang='lat' dir='ltr'><strong><em>astipulantibus.</em></strong></span> 
     </span>
    </p>
   </div>
   <div class='ocr_carea' id='block_1_50' title="bbox 287 4537 1803 4608">
    <p class='ocr_par' dir='ltr' id='par_1_50' title="bbox 287 4537 1803 4608">
     <span class='ocr_line' id='line_1_50' title="bbox 287 4537 1803 4608; baseline -0.002 -16"><span class='ocrx_word' id='word_1_319' title='bbox 287 4550 311 4577; x_wconf 70' lang='grc' dir='ltr'><em>ε</em></span> <span class='ocrx_word' id='word_1_320' title='bbox 357 4538 804 4607; x_wconf 74' lang='lat' dir='ltr'><strong><em>l‘rznpositionem</em></strong></span> <span class='ocrx_word' id='word_1_321' title='bbox 845 4539 995 4592; x_wconf 77' lang='lat' dir='ltr'><strong><em>verbi</em></strong></span> <span class='ocrx_word' id='word_1_322' title='bbox 1043 4537 1390 4608; x_wconf 66' lang='lat' dir='ltr'><strong><em>exquiticrunt</em></strong></span> <span class='ocrx_word' id='word_1_323' title='bbox 1442 4537 1670 4593; x_wconf 75' lang='lat' dir='ltr'><strong><em>I’alatin.</em></strong></span> <span class='ocrx_word' id='word_1_324' title='bbox 1701 4551 1803 4592; x_wconf 87' lang='lat' dir='ltr'><strong><em>ms.</em></strong></span> 
     </span>
    </p>
   </div>
   <div class='ocr_carea' id='block_1_51' title="bbox 214 4611 949 4679">
    <p class='ocr_par' dir='ltr' id='par_1_51' title="bbox 214 4611 949 4679">
     <span class='ocr_line' id='line_1_51' title="bbox 214 4611 949 4679; baseline -0.005 -13"><span class='ocrx_word' id='word_1_325' title='bbox 214 4611 283 4666; x_wconf 87' lang='lat' dir='ltr'><strong><em>de</em></strong></span> <span class='ocrx_word' id='word_1_326' title='bbox 303 4625 467 4679; x_wconf 84' lang='lat' dir='ltr'><strong><em>more</em></strong></span> <span class='ocrx_word' id='word_1_327' title='bbox 497 4617 758 4679; x_wconf 76' lang='lat' dir='ltr'><strong><em>pramotat</em></strong></span> <span class='ocrx_word' id='word_1_328' title='bbox 799 4624 949 4663; x_wconf 88' lang='lat' dir='ltr'><strong><em>veru.</em></strong></span> 
     </span>
    </p>
   </div>
   <div class='ocr_carea' id='block_1_52' title="bbox 284 4678 1808 4750">
    <p class='ocr_par' dir='ltr' id='par_1_52' title="bbox 284 4678 1808 4750">
     <span class='ocr_line' id='line_1_52' title="bbox 284 4678 1808 4750; baseline -0.001 -17"><span class='ocrx_word' id='word_1_329' title='bbox 284 4678 314 4719; x_wconf 78' lang='grc' dir='ltr'>ιι</span> <span class='ocrx_word' id='word_1_330' title='bbox 353 4679 417 4734; x_wconf 80' lang='lat' dir='ltr'><em>Et</em></span> <span class='ocrx_word' id='word_1_331' title='bbox 436 4678 840 4750; x_wconf 76' lang='lat' dir='ltr'><strong><em>vaculam,qua:</em></strong></span> <span class='ocrx_word' id='word_1_332' title='bbox 861 4679 1066 4748; x_wconf 84' lang='lat' dir='ltr'><strong><em>deerat,</em></strong></span> <span class='ocrx_word' id='word_1_333' title='bbox 1084 4678 1439 4735; x_wconf 82' lang='lat' dir='ltr'><strong><em>Palatinoms.</em></strong></span> <span class='ocrx_word' id='word_1_334' title='bbox 1462 4679 1808 4745; x_wconf 79' lang='lat' dir='ltr'><strong><em>admonente,</em></strong></span> 
     </span>
    </p>
   </div>
   <div class='ocr_carea' id='block_1_53' title="bbox 219 4749 1810 4820">
    <p class='ocr_par' dir='ltr' id='par_1_53' title="bbox 219 4749 1810 4820">
     <span class='ocr_line' id='line_1_53' title="bbox 219 4749 1810 4820; baseline -0.001 -13"><span class='ocrx_word' id='word_1_335' title='bbox 219 4751 289 4806; x_wconf 79' lang='lat' dir='ltr'><strong><em>ad</em></strong></span> <span class='ocrx_word' id='word_1_336' title='bbox 324 4752 532 4807; x_wconf 70' lang='lat' dir='ltr'><strong><em>llebrmi</em></strong></span> <span class='ocrx_word' id='word_1_337' title='bbox 565 4751 848 4819; x_wconf 73' lang='lat' dir='ltr'><strong><em>Grascique</em></strong></span> <span class='ocrx_word' id='word_1_338' title='bbox 895 4751 1063 4820; x_wconf 75' lang='lat' dir='ltr'><strong><em>ipsius</em></strong></span> <span class='ocrx_word' id='word_1_339' title='bbox 1084 4761 1260 4805; x_wconf 76' lang='lat' dir='ltr'><strong><em>textus</em></strong></span> <span class='ocrx_word' id='word_1_340' title='bbox 1294 4749 1454 4805; x_wconf 85' lang='lat' dir='ltr'><strong><em>Iidem</em></strong></span> <span class='ocrx_word' id='word_1_341' title='bbox 1479 4751 1810 4806; x_wconf 73' lang='lat' dir='ltr'><strong><em>sulleciums.</em></strong></span> 
     </span>
    </p>
   </div>
   <div class='ocr_carea' id='block_1_54' title="bbox 293 4820 1812 4889">
    <p class='ocr_par' dir='ltr' id='par_1_54' title="bbox 293 4820 1812 4889">
     <span class='ocr_line' id='line_1_54' title="bbox 293 4820 1812 4889; baseline -0.001 -11"><span class='ocrx_word' id='word_1_342' title='bbox 293 4834 317 4862; x_wconf 75' lang='grc' dir='ltr'>ε</span> <span class='ocrx_word' id='word_1_343' title='bbox 362 4823 542 4878; x_wconf 79' lang='lat' dir='ltr'><strong><em>Codex</em></strong></span> <span class='ocrx_word' id='word_1_344' title='bbox 576 4821 931 4887; x_wconf 81' lang='lat' dir='ltr'><strong><em>Veronensis,</em></strong></span> <span class='ocrx_word' id='word_1_345' title='bbox 961 4820 1260 4877; x_wconf 70' lang='lat' dir='ltr'><strong><em>Exclamavi</em></strong></span> <span class='ocrx_word' id='word_1_346' title='bbox 1287 4823 1337 4875; x_wconf 85' lang='lat' dir='ltr'><strong><em>in</em></strong></span> <span class='ocrx_word' id='word_1_347' title='bbox 1363 4835 1466 4875; x_wconf 84' lang='lat' dir='ltr'><strong><em>toto</em></strong></span> <span class='ocrx_word' id='word_1_348' title='bbox 1489 4820 1661 4889; x_wconf 86' lang='lat' dir='ltr'><strong><em>corde,</em></strong></span> <span class='ocrx_word' id='word_1_349' title='bbox 1695 4831 1812 4876; x_wconf 85' lang='lat' dir='ltr'><strong><em>etc.</em></strong></span> 
     </span>
    </p>
   </div>
   <div class='ocr_carea' id='block_1_55' title="bbox 216 4893 1815 4968">
    <p class='ocr_par' dir='ltr' id='par_1_55' title="bbox 216 4893 1815 4968">
     <span class='ocr_line' id='line_1_55' title="bbox 216 4893 1815 4968; baseline -0.003 -19"><span class='ocrx_word' id='word_1_350' title='bbox 216 4905 264 4950; x_wconf 83' lang='lat' dir='ltr'><strong><em>et</em></strong></span> <span class='ocrx_word' id='word_1_351' title='bbox 305 4893 712 4968; x_wconf 79' lang='lat' dir='ltr'><strong><em>justiﬁcationes</em></strong></span> <span class='ocrx_word' id='word_1_352' title='bbox 757 4894 1206 4968; x_wconf 76' lang='lat' dir='ltr'><strong><em>tttas_exqttirant.</em></strong></span> <span class='ocrx_word' id='word_1_353' title='bbox 1257 4893 1578 4968; x_wconf 75' lang='lat' dir='ltr'><strong><em>Ea&#39;clautavi,</em></strong></span> <span class='ocrx_word' id='word_1_354' title='bbox 1620 4893 1815 4968; x_wconf 76' lang='lat' dir='ltr'><strong><em>solrum</em></strong></span> 
     </span>
    </p>
   </div>
   <div class='ocr_carea' id='block_1_56' title="bbox 218 4965 1815 5036">
    <p class='ocr_par' dir='ltr' id='par_1_56' title="bbox 218 4965 1815 5036">
     <span class='ocr_line' id='line_1_56' title="bbox 218 4965 1815 5036; baseline 0 -17"><span class='ocrx_word' id='word_1_355' title='bbox 218 4965 418 5036; x_wconf 57' lang='grc' dir='ltr'><strong><em>πτέρις</em></strong></span> <span class='ocrx_word' id='word_1_356' title='bbox 451 4967 587 5036; x_wconf 86' lang='lat' dir='ltr'><strong><em>(sine</em></strong></span> <span class='ocrx_word' id='word_1_357' title='bbox 633 4965 972 5019; x_wconf 81' lang='lat' dir='ltr'><strong><em>iutennediis</em></strong></span> <span class='ocrx_word' id='word_1_358' title='bbox 1017 4965 1242 5019; x_wconf 83' lang='lat' dir='ltr'><strong><em>vocibus</em></strong></span> <span class='ocrx_word' id='word_1_359' title='bbox 1287 4965 1356 5017; x_wconf 88' lang='lat' dir='ltr'><strong><em>ad</em></strong></span> <span class='ocrx_word' id='word_1_360' title='bbox 1408 4975 1476 5025; x_wconf 90' lang='lat' dir='ltr'><strong><em>te.</em></strong></span> <span class='ocrx_word' id='word_1_361' title='bbox 1521 4978 1655 5032; x_wconf 88' lang='lat' dir='ltr'><strong><em>quas</em></strong></span> <span class='ocrx_word' id='word_1_362' title='bbox 1679 4966 1815 5036; x_wconf 64' lang='lat' dir='ltr'><strong><em>ipse</em></strong></span> 
     </span>
    </p>
   </div>
   <div class='ocr_carea' id='block_1_57' title="bbox 218 5034 1813 5106">
    <p class='ocr_par' dir='ltr' id='par_1_57' title="bbox 218 5034 1813 5106">
     <span class='ocr_line' id='line_1_57' title="bbox 218 5034 1813 5106; baseline -0.003 -14"><span class='ocrx_word' id='word_1_363' title='bbox 218 5034 389 5092; x_wconf 76' lang='lat' dir='ltr'><strong><em>etiam</em></strong></span> <span class='ocrx_word' id='word_1_364' title='bbox 420 5034 616 5090; x_wconf 82' lang='lat' dir='ltr'><strong><em>omittit</em></strong></span> <span class='ocrx_word' id='word_1_365' title='bbox 648 5036 1002 5106; x_wconf 75' lang='lat' dir='ltr'><strong><em>Augustinus,</em></strong></span> <span class='ocrx_word' id='word_1_366' title='bbox 1031 5036 1120 5091; x_wconf 85' lang='lat' dir='ltr'><strong><em>ubi</em></strong></span> <span class='ocrx_word' id='word_1_367' title='bbox 1139 5037 1258 5091; x_wconf 89' lang='lat' dir='ltr'><strong><em>aliis</em></strong></span> <span class='ocrx_word' id='word_1_368' title='bbox 1285 5037 1338 5090; x_wconf 91' lang='lat' dir='ltr'><strong><em>in</em></strong></span> <span class='ocrx_word' id='word_1_369' title='bbox 1366 5036 1640 5091; x_wconf 78' lang='lat' dir='ltr'><strong><em>codicibus</em></strong></span> <span class='ocrx_word' id='word_1_370' title='bbox 1664 5034 1813 5090; x_wconf 72' lang='lat' dir='ltr'><strong><em>Grut-</em></strong></span> 
     </span>
    </p>
   </div>
   <div class='ocr_carea' id='block_1_58' title="bbox 219 5106 1820 5175">
    <p class='ocr_par' dir='ltr' id='par_1_58' title="bbox 219 5106 1820 5175">
     <span class='ocr_line' id='line_1_58' title="bbox 219 5106 1820 5175; baseline -0.003 -12"><span class='ocrx_word' id='word_1_371' title='bbox 219 5110 328 5168; x_wconf 84' lang='lat' dir='ltr'><strong><em>cis.</em></strong></span> <span class='ocrx_word' id='word_1_372' title='bbox 366 5107 678 5175; x_wconf 53' lang='lat' dir='ltr'><strong><em>Latinisvluc</em></strong></span> <span class='ocrx_word' id='word_1_373' title='bbox 702 5107 891 5162; x_wconf 85' lang='lat' dir='ltr'><strong><em>haberi</em></strong></span> <span class='ocrx_word' id='word_1_374' title='bbox 919 5117 1088 5174; x_wconf 87' lang='lat' dir='ltr'><strong><em>nmat,</em></strong></span> <span class='ocrx_word' id='word_1_375' title='bbox 1115 5106 1349 5160; x_wconf 83' lang='lat' dir='ltr'><strong><em>Clamavi</em></strong></span> <span class='ocrx_word' id='word_1_376' title='bbox 1374 5118 1438 5170; x_wconf 87' lang='lat' dir='ltr'><strong><em>te,</em></strong></span> <span class='ocrx_word' id='word_1_377' title='bbox 1473 5113 1629 5175; x_wconf 89' lang='lat' dir='ltr'><strong><em>etc.),</em></strong></span> <span class='ocrx_word' id='word_1_378' title='bbox 1661 5117 1706 5159; x_wconf 90' lang='lat' dir='ltr'><strong><em>et</em></strong></span> <span class='ocrx_word' id='word_1_379' title='bbox 1729 5124 1820 5158; x_wconf 88' lang='lat' dir='ltr'><strong><em>ett-</em></strong></span> 
     </span>
    </p>
   </div>
   <div class='ocr_carea' id='block_1_59' title="bbox 217 5178 1820 5249">
    <p class='ocr_par' dir='ltr' id='par_1_59' title="bbox 217 5178 1820 5249">
     <span class='ocr_line' id='line_1_59' title="bbox 217 5178 1820 5249; baseline -0.002 -15"><span class='ocrx_word' id='word_1_380' title='bbox 217 5182 427 5235; x_wconf 78' lang='lat' dir='ltr'><strong><em>stodilto</em></strong></span> <span class='ocrx_word' id='word_1_381' title='bbox 451 5179 736 5233; x_wconf 82' lang='lat' dir='ltr'><strong><em>testimonia</em></strong></span> <span class='ocrx_word' id='word_1_382' title='bbox 767 5189 873 5232; x_wconf 88' lang='lat' dir='ltr'><strong><em>tua.</em></strong></span> <span class='ocrx_word' id='word_1_383' title='bbox 900 5178 1139 5233; x_wconf 67' lang='lat' dir='ltr'><strong><em>Pra‘veni</em></strong></span> <span class='ocrx_word' id='word_1_384' title='bbox 1165 5178 1468 5249; x_wconf 84' lang='lat' dir='ltr'><strong><em>intempesta</em></strong></span> <span class='ocrx_word' id='word_1_385' title='bbox 1499 5188 1545 5233; x_wconf 92' lang='lat' dir='ltr'><strong><em>te</em></strong></span> <span class='ocrx_word' id='word_1_386' title='bbox 1577 5186 1744 5244; x_wconf 82' lang='lat' dir='ltr'><strong><em>nocte,</em></strong></span> <span class='ocrx_word' id='word_1_387' title='bbox 1771 5189 1820 5232; x_wconf 92' lang='lat' dir='ltr'><strong><em>et</em></strong></span> 
     </span>
    </p>
   </div>
   <div class='ocr_carea' id='block_1_60' title="bbox 219 5249 1821 5320">
    <p class='ocr_par' dir='ltr' id='par_1_60' title="bbox 219 5249 1821 5320">
     <span class='ocr_line' id='line_1_60' title="bbox 219 5249 1821 5320; baseline -0.005 -13"><span class='ocrx_word' id='word_1_388' title='bbox 219 5252 528 5316; x_wconf 71' lang='lat' dir='ltr'><strong><em>exclamavi,</em></strong></span> <span class='ocrx_word' id='word_1_389' title='bbox 558 5251 613 5304; x_wconf 89' lang='lat' dir='ltr'><strong><em>in</em></strong></span> <span class='ocrx_word' id='word_1_390' title='bbox 644 5251 792 5303; x_wconf 83' lang='lat' dir='ltr'><strong><em>rerba</em></strong></span> <span class='ocrx_word' id='word_1_391' title='bbox 819 5261 906 5304; x_wconf 89' lang='lat' dir='ltr'><strong><em>tua</em></strong></span> <span class='ocrx_word' id='word_1_392' title='bbox 934 5251 1154 5319; x_wconf 75' lang='lat' dir='ltr'><strong><em>sperari.</em></strong></span> <span class='ocrx_word' id='word_1_393' title='bbox 1187 5249 1239 5303; x_wconf 93' lang='lat' dir='ltr'><strong><em>ln</em></strong></span> <span class='ocrx_word' id='word_1_394' title='bbox 1262 5265 1421 5320; x_wconf 85' lang='lat' dir='ltr'><strong><em>quem</em></strong></span> <span class='ocrx_word' id='word_1_395' title='bbox 1447 5249 1821 5320; x_wconf 77' lang='lat' dir='ltr'><strong><em>locuntdenuo</em></strong></span> 
     </span>
    </p>
   </div>
   <div class='ocr_carea' id='block_1_61' title="bbox 225 5319 1819 5392">
    <p class='ocr_par' dir='ltr' id='par_1_61' title="bbox 225 5319 1819 5392">
     <span class='ocr_line' id='line_1_61' title="bbox 225 5319 1819 5392; baseline -0.003 -16"><span class='ocrx_word' id='word_1_396' title='bbox 225 5332 477 5376; x_wconf 85' lang='lat' dir='ltr'><strong><em>notatum</em></strong></span> <span class='ocrx_word' id='word_1_397' title='bbox 504 5323 807 5392; x_wconf 85' lang='lat' dir='ltr'><strong><em>Augustino</em></strong></span> <span class='ocrx_word' id='word_1_398' title='bbox 836 5331 919 5376; x_wconf 84' lang='lat' dir='ltr'><strong><em>est</em></strong></span> <span class='ocrx_word' id='word_1_399' title='bbox 950 5340 963 5377; x_wconf 92' lang='lat'>:</span> <span class='ocrx_word' id='word_1_400' title='bbox 997 5321 1184 5375; x_wconf 81' lang='lat' dir='ltr'><strong><em>Plures</em></strong></span> <span class='ocrx_word' id='word_1_401' title='bbox 1225 5319 1423 5392; x_wconf 80' lang='lat' dir='ltr'><strong><em>codices</em></strong></span> <span class='ocrx_word' id='word_1_402' title='bbox 1470 5337 1572 5373; x_wconf 89' lang='lat' dir='ltr'><strong><em>non</em></strong></span> <span class='ocrx_word' id='word_1_403' title='bbox 1613 5319 1819 5383; x_wconf 81' lang='lat' dir='ltr'><strong><em>habent,</em></strong></span> 
     </span>
    </p>
   </div>
   <div class='ocr_carea' id='block_1_62' title="bbox 222 5391 1823 5463">
    <p class='ocr_par' dir='ltr' id='par_1_62' title="bbox 222 5391 1823 5463">
     <span class='ocr_line' id='line_1_62' title="bbox 222 5391 1823 5463; baseline -0.003 -14"><span class='ocrx_word' id='word_1_404' title='bbox 222 5395 550 5463; x_wconf 74' lang='lat' dir='ltr'><strong><em>intempesta</em></strong></span> <span class='ocrx_word' id='word_1_405' title='bbox 581 5391 760 5458; x_wconf 83' lang='lat' dir='ltr'><strong><em>nocte,</em></strong></span> <span class='ocrx_word' id='word_1_406' title='bbox 793 5393 882 5446; x_wconf 85' lang='lat' dir='ltr'><strong><em>sed</em></strong></span> <span class='ocrx_word' id='word_1_407' title='bbox 914 5392 1319 5447; x_wconf 87' lang='lat' dir='ltr'><strong><em>immaturitate.</em></strong></span> <span class='ocrx_word' id='word_1_408' title='bbox 1368 5391 1469 5446; x_wconf 78' lang='lat' dir='ltr'><strong><em>Via:</em></strong></span> <span class='ocrx_word' id='word_1_409' title='bbox 1497 5401 1668 5445; x_wconf 88' lang='lat' dir='ltr'><strong><em>autem</em></strong></span> <span class='ocrx_word' id='word_1_410' title='bbox 1692 5408 1823 5444; x_wconf 85' lang='lat' dir='ltr'><strong><em>unus</em></strong></span> 
     </span>
    </p>
   </div>
   <div class='ocr_carea' id='block_1_63' title="bbox 221 5464 1823 5537">
    <p class='ocr_par' dir='ltr' id='par_1_63' title="bbox 221 5464 1823 5537">
     <span class='ocr_line' id='line_1_63' title="bbox 221 5464 1823 5537; baseline -0.002 -18"><span class='ocrx_word' id='word_1_411' title='bbox 221 5466 464 5519; x_wconf 77' lang='lat' dir='ltr'><strong><em>iuventus</em></strong></span> <span class='ocrx_word' id='word_1_412' title='bbox 493 5474 589 5530; x_wconf 86' lang='lat' dir='ltr'><strong><em>est,</em></strong></span> <span class='ocrx_word' id='word_1_413' title='bbox 619 5465 709 5532; x_wconf 90' lang='lat' dir='ltr'><strong><em>qui</em></strong></span> <span class='ocrx_word' id='word_1_414' title='bbox 731 5464 932 5537; x_wconf 58' lang='lat' dir='ltr'><strong><em>haberet</em></strong></span> <span class='ocrx_word' id='word_1_415' title='bbox 963 5466 1267 5537; x_wconf 82' lang='lat' dir='ltr'><strong><em>geminatum</em></strong></span> <span class='ocrx_word' id='word_1_416' title='bbox 1304 5464 1739 5537; x_wconf 59' lang='lat' dir='ltr'><strong><em>propositionem,</em></strong></span> <span class='ocrx_word' id='word_1_417' title='bbox 1770 5464 1823 5515; x_wconf 89' lang='lat' dir='ltr'><strong><em>id</em></strong></span> 
     </span>
    </p>
   </div>
   <div class='ocr_carea' id='block_1_64' title="bbox 223 5534 1824 5606">
    <p class='ocr_par' dir='ltr' id='par_1_64' title="bbox 223 5534 1824 5606">
     <span class='ocr_line' id='line_1_64' title="bbox 223 5534 1824 5606; baseline -0.003 -15"><span class='ocrx_word' id='word_1_418' title='bbox 223 5544 326 5605; x_wconf 75' lang='lat' dir='ltr'><strong><em>est,</em></strong></span> <span class='ocrx_word' id='word_1_419' title='bbox 365 5537 418 5590; x_wconf 92' lang='lat' dir='ltr'><strong><em>in</em></strong></span> <span class='ocrx_word' id='word_1_420' title='bbox 450 5537 859 5591; x_wconf 79' lang='lat' dir='ltr'><strong><em>immaturitate.</em></strong></span> <span class='ocrx_word' id='word_1_421' title='bbox 888 5534 1136 5605; x_wconf 63' lang='lat' dir='ltr'><strong><em>Et&#39;paulo</em></strong></span> <span class='ocrx_word' id='word_1_422' title='bbox 1167 5543 1284 5606; x_wconf 85' lang='lat' dir='ltr'><strong><em>post</em></strong></span> <span class='ocrx_word' id='word_1_423' title='bbox 1315 5550 1329 5588; x_wconf 84' lang='lat'><strong>:</strong></span> <span class='ocrx_word' id='word_1_424' title='bbox 1357 5535 1508 5602; x_wconf 85' lang='lat' dir='ltr'><strong><em>Quod</em></strong></span> <span class='ocrx_word' id='word_1_425' title='bbox 1536 5551 1656 5604; x_wconf 76' lang='lat' dir='ltr'><strong><em>ergo</em></strong></span> <span class='ocrx_word' id='word_1_426' title='bbox 1680 5534 1824 5588; x_wconf 67' lang='lat' dir='ltr'><strong><em>GNU-</em></strong></span> 
     </span>
    </p>
   </div>
   <div class='ocr_carea' id='block_1_65' title="bbox 223 5607 1823 5680">
    <p class='ocr_par' dir='ltr' id='par_1_65' title="bbox 223 5607 1823 5680">
     <span class='ocr_line' id='line_1_65' title="bbox 223 5607 1823 5680; baseline -0.004 -18"><span class='ocrx_word' id='word_1_427' title='bbox 223 5623 284 5662; x_wconf 82' lang='lat' dir='ltr'><strong><em>ee</em></strong></span> <span class='ocrx_word' id='word_1_428' title='bbox 315 5607 512 5662; x_wconf 85' lang='lat' dir='ltr'><strong><em>dictum</em></strong></span> <span class='ocrx_word' id='word_1_429' title='bbox 556 5616 634 5662; x_wconf 87' lang='lat' dir='ltr'><strong><em>est</em></strong></span> <span class='ocrx_word' id='word_1_430' title='bbox 685 5609 736 5661; x_wconf 77' lang='grc' dir='ltr'><strong><em>ἐν</em></strong></span> <span class='ocrx_word' id='word_1_431' title='bbox 783 5610 968 5680; x_wconf 46' lang='lat' dir='ltr'><strong><em>itania,</em></strong></span> <span class='ocrx_word' id='word_1_432' title='bbox 1020 5623 1119 5659; x_wconf 90' lang='lat' dir='ltr'><strong><em>non</em></strong></span> <span class='ocrx_word' id='word_1_433' title='bbox 1158 5622 1258 5680; x_wconf 80' lang='lat' dir='ltr'><strong><em>uno</em></strong></span> <span class='ocrx_word' id='word_1_434' title='bbox 1287 5609 1456 5680; x_wconf 67' lang='lat' dir='ltr'><strong><em>verbo,</em></strong></span> <span class='ocrx_word' id='word_1_435' title='bbox 1489 5609 1576 5659; x_wconf 67' lang='lat' dir='ltr'><strong><em>sed</em></strong></span> <span class='ocrx_word' id='word_1_436' title='bbox 1603 5609 1823 5680; x_wconf 65' lang='lat' dir='ltr'><strong><em>(lucibus,</em></strong></span> 
     </span>
    </p>
   </div>
   <div class='ocr_carea' id='block_1_66' title="bbox 222 5667 1827 5749">
    <p class='ocr_par' dir='ltr' id='par_1_66' title="bbox 222 5667 1827 5749">
     <span class='ocr_line' id='line_1_66' title="bbox 222 5667 1827 5749; baseline -0.002 -16"><span class='ocrx_word' id='word_1_437' title='bbox 222 5680 282 5733; x_wconf 83' lang='lat' dir='ltr'><strong><em>id</em></strong></span> <span class='ocrx_word' id='word_1_438' title='bbox 307 5685 407 5743; x_wconf 70' lang='lat' dir='ltr'><strong><em>est,</em></strong></span> <span class='ocrx_word' id='word_1_439' title='bbox 435 5680 810 5749; x_wconf 79' lang='lat' dir='ltr'><strong><em>prtepositione,</em></strong></span> <span class='ocrx_word' id='word_1_440' title='bbox 838 5667 884 5732; x_wconf 76' lang='grc' dir='ltr'><strong><em>εἰ</em></strong></span> <span class='ocrx_word' id='word_1_441' title='bbox 908 5667 1110 5732; x_wconf 71' lang='lat' dir='ltr'><strong><em>nomine</em></strong></span> <span class='ocrx_word' id='word_1_442' title='bbox 1142 5693 1158 5730; x_wconf 91' lang='lat'><strong><em>:</em></strong></span> <span class='ocrx_word' id='word_1_443' title='bbox 1194 5677 1291 5730; x_wconf 85' lang='lat' dir='ltr'><strong><em>Itoc</em></strong></span> <span class='ocrx_word' id='word_1_444' title='bbox 1329 5667 1640 5749; x_wconf 14' lang='lat' dir='ltr'><strong><em>Intevrpt&#39;etes</em></strong></span> <span class='ocrx_word' id='word_1_445' title='bbox 1667 5677 1827 5730; x_wconf 79' lang='lat' dir='ltr'><strong><em>nostri</em></strong></span> 
     </span>
    </p>
   </div>
   <div class='ocr_carea' id='block_1_67' title="bbox 223 5745 1827 5820">
    <p class='ocr_par' dir='ltr' id='par_1_67' title="bbox 223 5745 1827 5820">
     <span class='ocr_line' id='line_1_67' title="bbox 223 5745 1827 5820; baseline -0.001 -18"><span class='ocrx_word' id='word_1_446' title='bbox 223 5750 444 5820; x_wconf 84' lang='lat' dir='ltr'><strong><em>quidam</em></strong></span> <span class='ocrx_word' id='word_1_447' title='bbox 477 5745 742 5812; x_wconf 69' lang='lat' dir='ltr'><strong><em>direrunt,</em></strong></span> <span class='ocrx_word' id='word_1_448' title='bbox 777 5750 1100 5819; x_wconf 81' lang='lat' dir='ltr'><strong><em>intempesta</em></strong></span> <span class='ocrx_word' id='word_1_449' title='bbox 1133 5759 1317 5813; x_wconf 91' lang='lat' dir='ltr'><strong><em>nocte;</em></strong></span> <span class='ocrx_word' id='word_1_450' title='bbox 1353 5745 1524 5815; x_wconf 76' lang='lat' dir='ltr'><strong><em>plures</em></strong></span> <span class='ocrx_word' id='word_1_451' title='bbox 1573 5751 1827 5820; x_wconf 78' lang='lat' dir='ltr'><strong><em>immatu-</em></strong></span> 
     </span>
    </p>
   </div>
   <div class='ocr_carea' id='block_1_68' title="bbox 224 5817 1829 5889">
    <p class='ocr_par' dir='ltr' id='par_1_68' title="bbox 224 5817 1829 5889">
     <span class='ocr_line' id='line_1_68' title="bbox 224 5817 1829 5889; baseline -0.004 -11"><span class='ocrx_word' id='word_1_452' title='bbox 224 5817 422 5886; x_wconf 72' lang='lat' dir='ltr'><strong><em>ritate,</em></strong></span> <span class='ocrx_word' id='word_1_453' title='bbox 449 5839 545 5876; x_wconf 91' lang='lat' dir='ltr'><strong><em>tton</em></strong></span> <span class='ocrx_word' id='word_1_454' title='bbox 569 5820 767 5876; x_wconf 66' lang='lat' dir='ltr'><strong><em>dttobu.</em></strong></span> <span class='ocrx_word' id='word_1_455' title='bbox 799 5817 983 5889; x_wconf 73' lang='lat' dir='ltr'><strong><em>verbis,</em></strong></span> <span class='ocrx_word' id='word_1_456' title='bbox 1013 5822 1102 5874; x_wconf 86' lang='lat' dir='ltr'><strong><em>sed</em></strong></span> <span class='ocrx_word' id='word_1_457' title='bbox 1132 5834 1255 5884; x_wconf 90' lang='lat' dir='ltr'><strong><em>uno,</em></strong></span> <span class='ocrx_word' id='word_1_458' title='bbox 1288 5821 1440 5889; x_wconf 83' lang='lat' dir='ltr'><strong><em>cujus</em></strong></span> <span class='ocrx_word' id='word_1_459' title='bbox 1466 5817 1700 5872; x_wconf 77' lang='lat' dir='ltr'><strong><em>rocabnli</em></strong></span> <span class='ocrx_word' id='word_1_460' title='bbox 1738 5835 1829 5872; x_wconf 88' lang='lat' dir='ltr'><strong><em>no-</em></strong></span> 
     </span>
    </p>
   </div>
   <div class='ocr_carea' id='block_1_69' title="bbox 225 5891 1831 5951">
    <p class='ocr_par' dir='ltr' id='par_1_69' title="bbox 225 5891 1831 5951">
     <span class='ocr_line' id='line_1_69' title="bbox 225 5891 1831 5951; baseline -0.003 -2"><span class='ocrx_word' id='word_1_461' title='bbox 225 5893 507 5950; x_wconf 75' lang='lat' dir='ltr'><strong><em>miuaﬁvus</em></strong></span> <span class='ocrx_word' id='word_1_462' title='bbox 527 5902 600 5950; x_wconf 77' lang='lat' dir='ltr'><strong><em>est</em></strong></span> <span class='ocrx_word' id='word_1_463' title='bbox 622 5892 965 5951; x_wconf 81' lang='lat' dir='ltr'><strong><em>immaturitas</em></strong></span> <span class='ocrx_word' id='word_1_464' title='bbox 991 5905 1008 5948; x_wconf 89' lang='lat'><strong><em>:</em></strong></span> <span class='ocrx_word' id='word_1_465' title='bbox 1039 5891 1272 5950; x_wconf 86' lang='lat' dir='ltr'><strong><em>nonnulli</em></strong></span> <span class='ocrx_word' id='word_1_466' title='bbox 1302 5904 1418 5950; x_wconf 83' lang='lat' dir='ltr'><strong><em>rero</em></strong></span> <span class='ocrx_word' id='word_1_467' title='bbox 1435 5891 1486 5950; x_wconf 77' lang='lat' dir='ltr'><strong><em>in</em></strong></span> <span class='ocrx_word' id='word_1_468' title='bbox 1509 5893 1703 5951; x_wconf 80' lang='lat' dir='ltr'><strong><em>duobus</em></strong></span> <span class='ocrx_word' id='word_1_469' title='bbox 1720 5905 1831 5946; x_wconf 79' lang='lat' dir='ltr'><strong><em>ver-</em></strong></span> 
     </span>
    </p>
   </div>
   <div class='ocr_carea' id='block_1_70' title="bbox 1894 556 2697 626">
    <p class='ocr_par' dir='ltr' id='par_1_70' title="bbox 1894 556 2697 626">
     <span class='ocr_line' id='line_1_70' title="bbox 1894 556 2697 626; baseline 0 -13"><span class='ocrx_word' id='word_1_470' title='bbox 1894 556 2092 613; x_wconf 84' lang='lat' dir='ltr'><strong><em>lectum</em></strong></span> <span class='ocrx_word' id='word_1_471' title='bbox 2118 557 2183 612; x_wconf 87' lang='lat' dir='ltr'><strong><em>da</em></strong></span> <span class='ocrx_word' id='word_1_472' title='bbox 2219 557 2375 626; x_wconf 86' lang='lat' dir='ltr'><strong><em>mihi,</em></strong></span> <span class='ocrx_word' id='word_1_473' title='bbox 2409 565 2461 613; x_wconf 88' lang='lat' dir='ltr'><strong><em>et</em></strong></span> <span class='ocrx_word' id='word_1_474' title='bbox 2497 557 2697 613; x_wconf 84' lang='lat' dir='ltr'><strong><em>vivam.</em></strong></span> 
     </span>
    </p>
   </div>
   <div class='ocr_carea' id='block_1_71' title="bbox 1961 647 3482 722">
    <p class='ocr_par' dir='ltr' id='par_1_71' title="bbox 1961 647 3482 722">
     <span class='ocr_line' id='line_1_71' title="bbox 1961 647 3482 722; baseline 0.001 -17"><span class='ocrx_word' id='word_1_475' title='bbox 1961 647 2126 722; x_wconf 72' lang='lat' dir='ltr'><strong><em>Copti.</em></strong></span> <span class='ocrx_word' id='word_1_476' title='bbox 2171 659 2193 687; x_wconf 72' lang='grc' dir='ltr'>ε</span> <span class='ocrx_word' id='word_1_477' title='bbox 2225 650 2464 706; x_wconf 86' lang='lat' dir='ltr'><strong><em>Clamavi</em></strong></span> <span class='ocrx_word' id='word_1_478' title='bbox 2494 651 2546 706; x_wconf 86' lang='lat' dir='ltr'><strong><em>in</em></strong></span> <span class='ocrx_word' id='word_1_479' title='bbox 2581 659 2697 706; x_wconf 91' lang='lat' dir='ltr'><strong><em>toto</em></strong></span> <span class='ocrx_word' id='word_1_480' title='bbox 2725 647 2892 706; x_wconf 88' lang='lat' dir='ltr'><strong><em>corde</em></strong></span> <span class='ocrx_word' id='word_1_481' title='bbox 2936 653 3082 718; x_wconf 85' lang='lat' dir='ltr'><strong><em>meo,</em></strong></span> <span class='ocrx_word' id='word_1_482' title='bbox 3125 649 3322 707; x_wconf 73' lang='lat' dir='ltr'><strong><em>exaudi</em></strong></span> <span class='ocrx_word' id='word_1_483' title='bbox 3371 663 3482 717; x_wconf 87' lang='lat' dir='ltr'><strong><em>me,</em></strong></span> 
     </span>
    </p>
   </div>
   <div class='ocr_carea' id='block_1_72' title="bbox 1849 741 3084 813">
    <p class='ocr_par' dir='ltr' id='par_1_72' title="bbox 1849 741 3084 813">
     <span class='ocr_line' id='line_1_72' title="bbox 1849 741 3084 813; baseline 0.001 -15"><span class='ocrx_word' id='word_1_484' title='bbox 1849 783 1855 786; x_wconf 93' lang='grc'><strong>-</strong></span> <span class='ocrx_word' id='word_1_485' title='bbox 1890 743 2120 798; x_wconf 87' lang='lat' dir='ltr'><strong><em>Domine</em></strong></span> <span class='ocrx_word' id='word_1_486' title='bbox 2147 760 2159 798; x_wconf 89' lang='lat'><strong>:</strong></span> <span class='ocrx_word' id='word_1_487' title='bbox 2189 741 2610 813; x_wconf 72' lang='lat' dir='ltr'><strong><em>iustiﬁcationes</em></strong></span> <span class='ocrx_word' id='word_1_488' title='bbox 2641 749 2762 798; x_wconf 84' lang='lat' dir='ltr'><strong><em>tuas</em></strong></span> <span class='ocrx_word' id='word_1_489' title='bbox 2789 742 3084 813; x_wconf 84' lang='lat' dir='ltr'><strong><em>requiram.</em></strong></span> 
     </span>
    </p>
   </div>
   <div class='ocr_carea' id='block_1_73' title="bbox 1962 837 3485 910">
    <p class='ocr_par' dir='ltr' id='par_1_73' title="bbox 1962 837 3485 910">
     <span class='ocr_line' id='line_1_73' title="bbox 1962 837 3485 910; baseline -0.002 -16"><span class='ocrx_word' id='word_1_490' title='bbox 1962 838 2129 910; x_wconf 90' lang='lat' dir='ltr'><strong><em>Coplt.</em></strong></span> <span class='ocrx_word' id='word_1_491' title='bbox 2160 837 2400 894; x_wconf 77' lang='lat' dir='ltr'><strong><em>Clamavi</em></strong></span> <span class='ocrx_word' id='word_1_492' title='bbox 2434 837 2502 894; x_wconf 88' lang='lat' dir='ltr'><strong><em>ad</em></strong></span> <span class='ocrx_word' id='word_1_493' title='bbox 2536 847 2610 909; x_wconf 90' lang='lat' dir='ltr'><strong><em>te,</em></strong></span> <span class='ocrx_word' id='word_1_494' title='bbox 2639 839 2854 896; x_wconf 77' lang='lat' dir='ltr'><strong><em>salvum</em></strong></span> <span class='ocrx_word' id='word_1_495' title='bbox 2887 854 2972 896; x_wconf 88' lang='lat' dir='ltr'><strong><em>me</em></strong></span> <span class='ocrx_word' id='word_1_496' title='bbox 3021 837 3146 896; x_wconf 79' lang='lat' dir='ltr'><strong><em>fac:</em></strong></span> <span class='ocrx_word' id='word_1_497' title='bbox 3191 844 3251 896; x_wconf 84' lang='lat' dir='ltr'><strong><em>ut</em></strong></span> <span class='ocrx_word' id='word_1_498' title='bbox 3299 845 3485 895; x_wconf 75' lang='lat' dir='ltr'><strong><em>custo-</em></strong></span> 
     </span>
    </p>
   </div>
   <div class='ocr_carea' id='block_1_74' title="bbox 1889 928 2464 988">
    <p class='ocr_par' dir='ltr' id='par_1_74' title="bbox 1889 928 2464 988">
     <span class='ocr_line' id='line_1_74' title="bbox 1889 928 2464 988; baseline -0.002 -1"><span class='ocrx_word' id='word_1_499' title='bbox 1889 929 2034 988; x_wconf 88' lang='lat' dir='ltr'><strong><em>diam</em></strong></span> <span class='ocrx_word' id='word_1_500' title='bbox 2068 928 2324 985; x_wconf 82' lang='lat' dir='ltr'><strong><em>maudata</em></strong></span> <span class='ocrx_word' id='word_1_501' title='bbox 2352 937 2464 986; x_wconf 86' lang='lat' dir='ltr'><strong><em>tua.</em></strong></span> 
     </span>
    </p>
   </div>
   <div class='ocr_carea' id='block_1_75' title="bbox 1961 1021 3205 1091">
    <p class='ocr_par' dir='ltr' id='par_1_75' title="bbox 1961 1021 3205 1091">
     <span class='ocr_line' id='line_1_75' title="bbox 1961 1021 3205 1091; baseline 0 -13"><span class='ocrx_word' id='word_1_502' title='bbox 1961 1022 2122 1091; x_wconf 79' lang='lat' dir='ltr'><strong><em>Copti.</em></strong></span> <span class='ocrx_word' id='word_1_503' title='bbox 2157 1022 2401 1078; x_wconf 71' lang='lat' dir='ltr'><strong><em>Prtevcni</em></strong></span> <span class='ocrx_word' id='word_1_504' title='bbox 2433 1023 2485 1076; x_wconf 92' lang='lat' dir='ltr'><strong><em>in</em></strong></span> <span class='ocrx_word' id='word_1_505' title='bbox 2514 1021 2850 1090; x_wconf 79' lang='lat' dir='ltr'><strong><em>maturitate,</em></strong></span> <span class='ocrx_word' id='word_1_506' title='bbox 2885 1030 2940 1079; x_wconf 89' lang='lat' dir='ltr'><strong><em>et</em></strong></span> <span class='ocrx_word' id='word_1_507' title='bbox 2970 1021 3205 1080; x_wconf 68' lang='lat' dir='ltr'><strong><em>clamavi</em></strong></span> 
     </span>
    </p>
   </div>
   <div class='ocr_carea' id='block_1_76' title="bbox 1892 1112 2486 1184">
    <p class='ocr_par' dir='ltr' id='par_1_76' title="bbox 1892 1112 2486 1184">
     <span class='ocr_line' id='line_1_76' title="bbox 1892 1112 2486 1184; baseline -0.008 -12"><span class='ocrx_word' id='word_1_508' title='bbox 1892 1115 2062 1172; x_wconf 86' lang='lat' dir='ltr'><strong><em>verbo</em></strong></span> <span class='ocrx_word' id='word_1_509' title='bbox 2109 1124 2200 1169; x_wconf 86' lang='lat' dir='ltr'><strong><em>tuo</em></strong></span> <span class='ocrx_word' id='word_1_510' title='bbox 2248 1112 2486 1184; x_wconf 82' lang='lat' dir='ltr'><strong><em>speravi.</em></strong></span> 
     </span>
    </p>
   </div>
   <div class='ocr_carea' id='block_1_77' title="bbox 1964 1199 3492 1282">
    <p class='ocr_par' dir='ltr' id='par_1_77' title="bbox 1964 1199 3492 1282">
     <span class='ocr_line' id='line_1_77' title="bbox 1964 1199 3492 1282; baseline -0.005 -18"><span class='ocrx_word' id='word_1_511' title='bbox 1964 1207 2130 1282; x_wconf 88' lang='lat' dir='ltr'><strong><em>Coplt.</em></strong></span> <span class='ocrx_word' id='word_1_512' title='bbox 2167 1206 2551 1264; x_wconf 65' lang='lat' dir='ltr'><strong><em>Prmenerunt</em></strong></span> <span class='ocrx_word' id='word_1_513' title='bbox 2584 1204 2723 1262; x_wconf 88' lang='lat' dir='ltr'><strong><em>oculi</em></strong></span> <span class='ocrx_word' id='word_1_514' title='bbox 2751 1203 2856 1260; x_wconf 89' lang='lat' dir='ltr'><strong><em>mei</em></strong></span> <span class='ocrx_word' id='word_1_515' title='bbox 2884 1202 2951 1260; x_wconf 89' lang='lat' dir='ltr'><strong><em>ad</em></strong></span> <span class='ocrx_word' id='word_1_516' title='bbox 2985 1211 3036 1259; x_wconf 88' lang='lat' dir='ltr'><strong><em>te</em></strong></span> <span class='ocrx_word' id='word_1_517' title='bbox 3074 1199 3316 1258; x_wconf 86' lang='lat' dir='ltr'><strong><em>diluculo</em></strong></span> <span class='ocrx_word' id='word_1_518' title='bbox 3366 1218 3379 1253; x_wconf 89' lang='lat'>:</span> <span class='ocrx_word' id='word_1_519' title='bbox 3433 1208 3492 1256; x_wconf 90' lang='lat' dir='ltr'><strong><em>nt</em></strong></span> 
     </span>
    </p>
   </div>
   <div class='ocr_carea' id='block_1_78' title="bbox 1891 1300 3105 1373">
    <p class='ocr_par' dir='ltr' id='par_1_78' title="bbox 1891 1300 3105 1373">
     <span class='ocr_line' id='line_1_78' title="bbox 1891 1300 3105 1373; baseline -0.007 -13"><span class='ocrx_word' id='word_1_520' title='bbox 1891 1301 2185 1360; x_wconf 72' lang='lat' dir='ltr'><strong><em>meditarer</em></strong></span> <span class='ocrx_word' id='word_1_521' title='bbox 2214 1302 2424 1373; x_wconf 83' lang='lat' dir='ltr'><strong><em>eloquia</em></strong></span> <span class='ocrx_word' id='word_1_522' title='bbox 2431 1309 2568 1373; x_wconf 52' lang='lat' dir='ltr'><strong><em>,lua.</em></strong></span> <span class='ocrx_word' id='word_1_523' title='bbox 3103 1300 3105 1302; x_wconf 83' lang='grc'><em>’</em></span> 
     </span>
    </p>
   </div>
   <div class='ocr_carea' id='block_1_79' title="bbox 1970 1391 3489 1468">
    <p class='ocr_par' dir='ltr' id='par_1_79' title="bbox 1970 1391 3489 1468">
     <span class='ocr_line' id='line_1_79' title="bbox 1970 1391 3489 1468; baseline -0.004 -14"><span class='ocrx_word' id='word_1_524' title='bbox 1970 1397 2139 1468; x_wconf 84' lang='lat' dir='ltr'><strong><em>Coplt.</em></strong></span> <span class='ocrx_word' id='word_1_525' title='bbox 2184 1396 2383 1454; x_wconf 82' lang='lat' dir='ltr'><strong><em>Vocem</em></strong></span> <span class='ocrx_word' id='word_1_526' title='bbox 2415 1412 2590 1453; x_wconf 85' lang='lat' dir='ltr'><strong><em>meam</em></strong></span> <span class='ocrx_word' id='word_1_527' title='bbox 2619 1395 2839 1463; x_wconf 80' lang='lat' dir='ltr'><strong><em>exaudi,</em></strong></span> <span class='ocrx_word' id='word_1_528' title='bbox 2886 1393 3137 1461; x_wconf 84' lang='lat' dir='ltr'><strong><em>Domine,</em></strong></span> <span class='ocrx_word' id='word_1_529' title='bbox 3187 1391 3489 1450; x_wconf 87' lang='lat' dir='ltr'><strong><em>secundum</em></strong></span> 
     </span>
    </p>
   </div>
   <div class='ocr_carea' id='block_1_80' title="bbox 1894 1485 3488 1558">
    <p class='ocr_par' dir='ltr' id='par_1_80' title="bbox 1894 1485 3488 1558">
     <span class='ocr_line' id='line_1_80' title="bbox 1894 1485 3488 1558; baseline -0.006 -11"><span class='ocrx_word' id='word_1_530' title='bbox 1894 1488 2326 1547; x_wconf 87' lang='lat' dir='ltr'><strong><em>misericordiam</em></strong></span> <span class='ocrx_word' id='word_1_531' title='bbox 2381 1497 2552 1557; x_wconf 87' lang='lat' dir='ltr'><strong><em>tuam,</em></strong></span> <span class='ocrx_word' id='word_1_532' title='bbox 2612 1497 2668 1545; x_wconf 87' lang='lat' dir='ltr'><strong><em>et</em></strong></span> <span class='ocrx_word' id='word_1_533' title='bbox 2713 1485 3014 1545; x_wconf 87' lang='lat' dir='ltr'><strong><em>sccundmn</em></strong></span> <span class='ocrx_word' id='word_1_534' title='bbox 3044 1485 3307 1558; x_wconf 83' lang='lat' dir='ltr'><strong><em>judicium</em></strong></span> <span class='ocrx_word' id='word_1_535' title='bbox 3341 1494 3488 1540; x_wconf 89' lang='lat' dir='ltr'><strong><em>tuum</em></strong></span> 
     </span>
    </p>
   </div>
   <div class='ocr_carea' id='block_1_81' title="bbox 1893 1574 3310 1641">
    <p class='ocr_par' dir='ltr' id='par_1_81' title="bbox 1893 1574 3310 1641">
     <span class='ocr_line' id='line_1_81' title="bbox 1893 1574 3310 1641; baseline -0.012 0"><span class='ocrx_word' id='word_1_536' title='bbox 1893 1585 2106 1641; x_wconf 78' lang='lat' dir='ltr'><strong><em>viviﬁca</em></strong></span> <span class='ocrx_word' id='word_1_537' title='bbox 2136 1599 2243 1639; x_wconf 88' lang='lat' dir='ltr'><strong><em>me.</em></strong></span> <span class='ocrx_word' id='word_1_538' title='bbox 3308 1574 3310 1577; x_wconf 85' lang='grc'><em>’</em></span> 
     </span>
    </p>
   </div>
   <div class='ocr_carea' id='block_1_82' title="bbox 1967 1671 3487 1749">
    <p class='ocr_par' dir='ltr' id='par_1_82' title="bbox 1967 1671 3487 1749">
     <span class='ocr_line' id='line_1_82' title="bbox 1967 1671 3487 1749; baseline -0.003 -16"><span class='ocrx_word' id='word_1_539' title='bbox 1967 1676 2132 1749; x_wconf 78' lang='lat' dir='ltr'><strong><em>Capti.</em></strong></span> <span class='ocrx_word' id='word_1_540' title='bbox 2162 1675 2653 1747; x_wconf 81' lang='lat' dir='ltr'><strong><em>Appmpiaverunt</em></strong></span> <span class='ocrx_word' id='word_1_541' title='bbox 2687 1671 2705 1712; x_wconf 70' lang='grc' dir='ltr'>ί</span> <span class='ocrx_word' id='word_1_542' title='bbox 2738 1681 3138 1745; x_wconf 87' lang='lat' dir='ltr'><strong><em>persequentes</em></strong></span> <span class='ocrx_word' id='word_1_543' title='bbox 3171 1689 3256 1730; x_wconf 91' lang='lat' dir='ltr'><strong><em>me</em></strong></span> <span class='ocrx_word' id='word_1_544' title='bbox 3278 1671 3445 1744; x_wconf 89' lang='lat' dir='ltr'><strong><em>iniqui</em></strong></span> <span class='ocrx_word' id='word_1_545' title='bbox 3473 1689 3487 1728; x_wconf 91' lang='lat'><strong>:</strong></span> 
     </span>
    </p>
   </div>
   <div class='ocr_carea' id='block_1_83' title="bbox 1897 1770 2937 1844">
    <p class='ocr_par' dir='ltr' id='par_1_83' title="bbox 1897 1770 2937 1844">
     <span class='ocr_line' id='line_1_83' title="bbox 1897 1770 2937 1844; baseline -0.006 -14"><span class='ocrx_word' id='word_1_546' title='bbox 1897 1789 1926 1830; x_wconf 87' lang='lat' dir='ltr'><strong><em>a</em></strong></span> <span class='ocrx_word' id='word_1_547' title='bbox 1961 1774 2081 1844; x_wconf 76' lang='lat' dir='ltr'><strong><em>lege</em></strong></span> <span class='ocrx_word' id='word_1_548' title='bbox 2112 1780 2293 1828; x_wconf 87' lang='lat' dir='ltr'><strong><em>autem</em></strong></span> <span class='ocrx_word' id='word_1_549' title='bbox 2329 1780 2420 1826; x_wconf 84' lang='lat' dir='ltr'><strong><em>tua</em></strong></span> <span class='ocrx_word' id='word_1_550' title='bbox 2451 1771 2610 1841; x_wconf 79' lang='lat' dir='ltr'><strong><em>longe</em></strong></span> <span class='ocrx_word' id='word_1_551' title='bbox 2643 1770 2766 1825; x_wconf 81' lang='lat' dir='ltr'><strong><em>lacti</em></strong></span> <span class='ocrx_word' id='word_1_552' title='bbox 2793 1779 2937 1825; x_wconf 49' lang='lat' dir='ltr'><strong><em>sunt.</em></strong></span> 
     </span>
    </p>
   </div>
   <div class='ocr_carea' id='block_1_84' title="bbox 3257 1020 3486 1080">
    <p class='ocr_par' dir='ltr' id='par_1_84' title="bbox 3257 1020 3486 1080">
     <span class='ocr_line' id='line_1_84' title="bbox 3257 1020 3486 1080; baseline 0 -3"><span class='ocrx_word' id='word_1_553' title='bbox 3257 1020 3486 1080; x_wconf 87' lang='lat' dir='ltr'><strong><em>:etin</em></strong></span> 
     </span>
    </p>
   </div>
   <div class='ocr_carea' id='block_1_85' title="bbox 1894 1965 2242 2017">
    <p class='ocr_par' dir='ltr' id='par_1_85' title="bbox 1894 1965 2242 2017">
     <span class='ocr_line' id='line_1_85' title="bbox 1894 1965 2242 2017; baseline -0.003 -2"><span class='ocrx_word' id='word_1_554' title='bbox 1894 1969 1983 2017; x_wconf 86' lang='lat' dir='ltr'><strong><em>tua</em></strong></span> <span class='ocrx_word' id='word_1_555' title='bbox 2020 1965 2242 2017; x_wconf 73' lang='lat' dir='ltr'><strong><em>veritas.</em></strong></span> 
     </span>
    </p>
   </div>
   <div class='ocr_carea' id='block_1_86' title="bbox 1869 2051 3484 2128">
    <p class='ocr_par' dir='ltr' id='par_1_86' title="bbox 1869 2051 3484 2128">
     <span class='ocr_line' id='line_1_86' title="bbox 1869 2051 3484 2128; baseline -0.006 -14"><span class='ocrx_word' id='word_1_556' title='bbox 1869 2110 1874 2114; x_wconf 34' lang='grc' dir='ltr'>κ</span> <span class='ocrx_word' id='word_1_557' title='bbox 1964 2055 2130 2128; x_wconf 68' lang='grc' dir='ltr'><strong><em>(ἔορΙι.</em></strong></span> <span class='ocrx_word' id='word_1_558' title='bbox 2163 2053 2324 2109; x_wconf 75' lang='lat' dir='ltr'><strong><em>Initio</em></strong></span> <span class='ocrx_word' id='word_1_559' title='bbox 2351 2051 2583 2125; x_wconf 83' lang='lat' dir='ltr'><strong><em>cognovi</em></strong></span> <span class='ocrx_word' id='word_1_560' title='bbox 2615 2051 2682 2109; x_wconf 89' lang='lat' dir='ltr'><strong><em>de</em></strong></span> <span class='ocrx_word' id='word_1_561' title='bbox 2710 2052 3038 2108; x_wconf 80' lang='lat' dir='ltr'><strong><em>testimoniis</em></strong></span> <span class='ocrx_word' id='word_1_562' title='bbox 3063 2051 3167 2108; x_wconf 79' lang='lat' dir='ltr'><strong><em>luis</em></strong></span> <span class='ocrx_word' id='word_1_563' title='bbox 3197 2069 3209 2105; x_wconf 89' lang='lat'><strong>:</strong></span> <span class='ocrx_word' id='word_1_564' title='bbox 3243 2053 3376 2124; x_wconf 85' lang='lat' dir='ltr'><strong><em>quia</em></strong></span> <span class='ocrx_word' id='word_1_565' title='bbox 3431 2051 3484 2106; x_wconf 93' lang='lat' dir='ltr'><strong><em>iu</em></strong></span> 
     </span>
    </p>
   </div>
   <div class='ocr_carea' id='block_1_87' title="bbox 1895 2146 2546 2206">
    <p class='ocr_par' dir='ltr' id='par_1_87' title="bbox 1895 2146 2546 2206">
     <span class='ocr_line' id='line_1_87' title="bbox 1895 2146 2546 2206; baseline -0.008 0"><span class='ocrx_word' id='word_1_566' title='bbox 1895 2157 2158 2206; x_wconf 69' lang='lat' dir='ltr'><strong><em>atternum</em></strong></span> <span class='ocrx_word' id='word_1_567' title='bbox 2192 2146 2427 2204; x_wconf 80' lang='lat' dir='ltr'><strong><em>fundasti</em></strong></span> <span class='ocrx_word' id='word_1_568' title='bbox 2459 2162 2546 2203; x_wconf 86' lang='lat' dir='ltr'><strong><em>ea.</em></strong></span> 
     </span>
    </p>
   </div>
   <div class='ocr_carea' id='block_1_88' title="bbox 1970 2236 3494 2309">
    <p class='ocr_par' dir='ltr' id='par_1_88' title="bbox 1970 2236 3494 2309">
     <span class='ocr_line' id='line_1_88' title="bbox 1970 2236 3494 2309; baseline -0.004 -12"><span class='ocrx_word' id='word_1_569' title='bbox 1970 2241 2095 2297; x_wconf 82' lang='lat' dir='ltr'><strong><em>Res.</em></strong></span> <span class='ocrx_word' id='word_1_570' title='bbox 2127 2238 2263 2297; x_wconf 88' lang='lat' dir='ltr'><strong><em>Vide</em></strong></span> <span class='ocrx_word' id='word_1_571' title='bbox 2295 2239 2658 2294; x_wconf 85' lang='lat' dir='ltr'><strong><em>humilitatem</em></strong></span> <span class='ocrx_word' id='word_1_572' title='bbox 2709 2252 2908 2305; x_wconf 88' lang='lat' dir='ltr'><strong><em>meam,</em></strong></span> <span class='ocrx_word' id='word_1_573' title='bbox 2940 2247 2995 2295; x_wconf 84' lang='lat' dir='ltr'><strong><em>et</em></strong></span> <span class='ocrx_word' id='word_1_574' title='bbox 3016 2237 3164 2309; x_wconf 84' lang='lat' dir='ltr'><strong><em>eripe</em></strong></span> <span class='ocrx_word' id='word_1_575' title='bbox 3196 2252 3282 2294; x_wconf 90' lang='lat' dir='ltr'><strong><em>me</em></strong></span> <span class='ocrx_word' id='word_1_576' title='bbox 3310 2255 3325 2294; x_wconf 89' lang='lat'><strong>:</strong></span> <span class='ocrx_word' id='word_1_577' title='bbox 3372 2236 3494 2309; x_wconf 88' lang='lat' dir='ltr'><strong><em>quia</em></strong></span> 
     </span>
    </p>
   </div>
   <div class='ocr_carea' id='block_1_89' title="bbox 1897 2331 2809 2407">
    <p class='ocr_par' dir='ltr' id='par_1_89' title="bbox 1897 2331 2809 2407">
     <span class='ocr_line' id='line_1_89' title="bbox 1897 2331 2809 2407; baseline -0.004 -15"><span class='ocrx_word' id='word_1_578' title='bbox 1897 2333 2072 2407; x_wconf 80' lang='lat' dir='ltr'><strong><em>legem</em></strong></span> <span class='ocrx_word' id='word_1_579' title='bbox 2124 2342 2272 2390; x_wconf 84' lang='lat' dir='ltr'><strong><em>tuam</em></strong></span> <span class='ocrx_word' id='word_1_580' title='bbox 2305 2348 2410 2390; x_wconf 91' lang='lat' dir='ltr'><strong><em>non</em></strong></span> <span class='ocrx_word' id='word_1_581' title='bbox 2439 2345 2559 2388; x_wconf 86' lang='lat' dir='ltr'><strong><em>Sum</em></strong></span> <span class='ocrx_word' id='word_1_582' title='bbox 2587 2331 2809 2389; x_wconf 88' lang='lat' dir='ltr'><strong><em>oblitus.</em></strong></span> 
     </span>
    </p>
   </div>
   <div class='ocr_carea' id='block_1_90' title="bbox 1968 2425 3492 2497">
    <p class='ocr_par' dir='ltr' id='par_1_90' title="bbox 1968 2425 3492 2497">
     <span class='ocr_line' id='line_1_90' title="bbox 1968 2425 3492 2497; baseline 0 -13"><span class='ocrx_word' id='word_1_583' title='bbox 1968 2427 2091 2484; x_wconf 86' lang='lat' dir='ltr'><strong><em>Res.</em></strong></span> <span class='ocrx_word' id='word_1_584' title='bbox 2150 2425 2340 2484; x_wconf 85' lang='lat' dir='ltr'><strong><em>Judica</em></strong></span> <span class='ocrx_word' id='word_1_585' title='bbox 2391 2426 2657 2497; x_wconf 81' lang='lat' dir='ltr'><strong><em>judicium</em></strong></span> <span class='ocrx_word' id='word_1_586' title='bbox 2718 2442 2920 2493; x_wconf 87' lang='lat' dir='ltr'><strong><em>meum,</em></strong></span> <span class='ocrx_word' id='word_1_587' title='bbox 2985 2431 3040 2483; x_wconf 90' lang='lat' dir='ltr'><strong><em>et</em></strong></span> <span class='ocrx_word' id='word_1_588' title='bbox 3097 2426 3307 2484; x_wconf 84' lang='lat' dir='ltr'><strong><em>rcd&#39;me</em></strong></span> <span class='ocrx_word' id='word_1_589' title='bbox 3360 2443 3492 2484; x_wconf 83' lang='lat' dir='ltr'><strong><em>me:</em></strong></span> 
     </span>
    </p>
   </div>
   <div class='ocr_carea' id='block_1_91' title="bbox 1898 2501 3005 2594">
    <p class='ocr_par' dir='ltr' id='par_1_91' title="bbox 1898 2501 3005 2594">
     <span class='ocr_line' id='line_1_91' title="bbox 1898 2501 3005 2594; baseline -0.003 -17"><span class='ocrx_word' id='word_1_590' title='bbox 1898 2529 2125 2594; x_wconf 75' lang='lat' dir='ltr'><strong><em>propter</em></strong></span> <span class='ocrx_word' id='word_1_591' title='bbox 2153 2520 2433 2591; x_wconf 83' lang='lat' dir='ltr'><strong><em>eloquium</em></strong></span> <span class='ocrx_word' id='word_1_592' title='bbox 2469 2501 2619 2574; x_wconf 86' lang='lat' dir='ltr'><strong><em>tuum</em></strong></span> <span class='ocrx_word' id='word_1_593' title='bbox 2651 2505 2862 2573; x_wconf 68' lang='lat' dir='ltr'><strong><em>vit-ilico</em></strong></span> <span class='ocrx_word' id='word_1_594' title='bbox 2897 2534 3005 2575; x_wconf 89' lang='lat' dir='ltr'><strong><em>me.</em></strong></span> 
     </span>
    </p>
   </div>
   <div class='ocr_carea' id='block_1_92' title="bbox 1973 2610 3497 2690">
    <p class='ocr_par' dir='ltr' id='par_1_92' title="bbox 1973 2610 3497 2690">
     <span class='ocr_line' id='line_1_92' title="bbox 1973 2610 3497 2690; baseline -0.001 -22"><span class='ocrx_word' id='word_1_595' title='bbox 1973 2613 2094 2670; x_wconf 72' lang='lat' dir='ltr'><strong><em>lies.</em></strong></span> <span class='ocrx_word' id='word_1_596' title='bbox 2150 2612 2338 2684; x_wconf 78' lang='lat' dir='ltr'><strong><em>Longe</em></strong></span> <span class='ocrx_word' id='word_1_597' title='bbox 2369 2619 2454 2667; x_wconf 85' lang='lat' dir='ltr'><strong><em>est</em></strong></span> <span class='ocrx_word' id='word_1_598' title='bbox 2481 2628 2510 2665; x_wconf 89' lang='lat' dir='ltr'><strong><em>a</em></strong></span> <span class='ocrx_word' id='word_1_599' title='bbox 2543 2611 2924 2686; x_wconf 74' lang='lat' dir='ltr'><strong><em>peccatoribus</em></strong></span> <span class='ocrx_word' id='word_1_600' title='bbox 2951 2610 3141 2690; x_wconf 80' lang='lat' dir='ltr'><strong><em>salus:</em></strong></span> <span class='ocrx_word' id='word_1_601' title='bbox 3181 2611 3304 2684; x_wconf 90' lang='lat' dir='ltr'><strong><em>quia</em></strong></span> <span class='ocrx_word' id='word_1_602' title='bbox 3334 2611 3497 2682; x_wconf 83' lang='lat' dir='ltr'><strong><em>justi-</em></strong></span> 
     </span>
    </p>
   </div>
   <div class='ocr_carea' id='block_1_93' title="bbox 1897 2704 2897 2778">
    <p class='ocr_par' dir='ltr' id='par_1_93' title="bbox 1897 2704 2897 2778">
     <span class='ocr_line' id='line_1_93' title="bbox 1897 2704 2897 2778; baseline -0.005 -15"><span class='ocrx_word' id='word_1_603' title='bbox 1897 2706 2180 2763; x_wconf 86' lang='lat' dir='ltr'><strong><em>ﬂcationes</em></strong></span> <span class='ocrx_word' id='word_1_604' title='bbox 2205 2713 2324 2762; x_wconf 85' lang='lat' dir='ltr'><strong><em>tuas</em></strong></span> <span class='ocrx_word' id='word_1_605' title='bbox 2353 2721 2461 2761; x_wconf 90' lang='lat' dir='ltr'><strong><em>non</em></strong></span> <span class='ocrx_word' id='word_1_606' title='bbox 2491 2704 2897 2778; x_wconf 82' lang='lat' dir='ltr'><strong><em>exquisierunt.</em></strong></span> 
     </span>
    </p>
   </div>
   <div class='ocr_carea' id='block_1_94' title="bbox 1973 2792 3496 2862">
    <p class='ocr_par' dir='ltr' id='par_1_94' title="bbox 1973 2792 3496 2862">
     <span class='ocr_line' id='line_1_94' title="bbox 1973 2792 3496 2862; baseline -0.002 -8"><span class='ocrx_word' id='word_1_607' title='bbox 1973 2798 2098 2854; x_wconf 83' lang='lat' dir='ltr'><strong><em>Res.</em></strong></span> <span class='ocrx_word' id='word_1_608' title='bbox 2144 2797 2528 2854; x_wconf 83' lang='lat' dir='ltr'><strong><em>ldiserationes</em></strong></span> <span class='ocrx_word' id='word_1_609' title='bbox 2579 2805 2690 2851; x_wconf 74' lang='lat' dir='ltr'><strong><em>tua:</em></strong></span> <span class='ocrx_word' id='word_1_610' title='bbox 2744 2797 2930 2852; x_wconf 78' lang='lat' dir='ltr'><strong><em>multt&#39;e</em></strong></span> <span class='ocrx_word' id='word_1_611' title='bbox 2979 2795 3165 2862; x_wconf 89' lang='lat' dir='ltr'><strong><em>nimis,</em></strong></span> <span class='ocrx_word' id='word_1_612' title='bbox 3229 2792 3496 2852; x_wconf 88' lang='lat' dir='ltr'><strong><em>Domine:</em></strong></span> 
     </span>
    </p>
   </div>
   <div class='ocr_carea' id='block_1_95' title="bbox 1903 2889 3070 2962">
    <p class='ocr_par' dir='ltr' id='par_1_95' title="bbox 1903 2889 3070 2962">
     <span class='ocr_line' id='line_1_95' title="bbox 1903 2889 3070 2962; baseline -0.004 -13"><span class='ocrx_word' id='word_1_613' title='bbox 1903 2893 2208 2949; x_wconf 87' lang='lat' dir='ltr'><strong><em>secundum</em></strong></span> <span class='ocrx_word' id='word_1_614' title='bbox 2236 2891 2500 2962; x_wconf 88' lang='lat' dir='ltr'><strong><em>judicium</em></strong></span> <span class='ocrx_word' id='word_1_615' title='bbox 2531 2897 2680 2944; x_wconf 90' lang='lat' dir='ltr'><strong><em>tuum</em></strong></span> <span class='ocrx_word' id='word_1_616' title='bbox 2713 2889 2931 2946; x_wconf 83' lang='lat' dir='ltr'><strong><em>vivilica</em></strong></span> <span class='ocrx_word' id='word_1_617' title='bbox 2964 2904 3070 2944; x_wconf 88' lang='lat' dir='ltr'><strong><em>me.</em></strong></span> 
     </span>
    </p>
   </div>
   <div class='ocr_carea' id='block_1_96' title="bbox 1974 2980 3492 3056">
    <p class='ocr_par' dir='ltr' id='par_1_96' title="bbox 1974 2980 3492 3056">
     <span class='ocr_line' id='line_1_96' title="bbox 1974 2980 3492 3056; baseline 0.001 -16"><span class='ocrx_word' id='word_1_618' title='bbox 1974 2985 2102 3040; x_wconf 84' lang='lat' dir='ltr'><strong><em>ltes.</em></strong></span> <span class='ocrx_word' id='word_1_619' title='bbox 2136 2985 2320 3056; x_wconf 24' lang='lat' dir='ltr'><strong><em>Multi,</em></strong></span> <span class='ocrx_word' id='word_1_620' title='bbox 2349 2991 2739 3055; x_wconf 85' lang='lat' dir='ltr'><strong><em>persequentes</em></strong></span> <span class='ocrx_word' id='word_1_621' title='bbox 2762 2997 2870 3050; x_wconf 87' lang='lat' dir='ltr'><strong><em>me,</em></strong></span> <span class='ocrx_word' id='word_1_622' title='bbox 2904 2991 2959 3039; x_wconf 86' lang='lat' dir='ltr'><strong><em>et</em></strong></span> <span class='ocrx_word' id='word_1_623' title='bbox 2983 2980 3303 3040; x_wconf 78' lang='lat' dir='ltr'><strong><em>tribulautcs</em></strong></span> <span class='ocrx_word' id='word_1_624' title='bbox 3350 2998 3446 3040; x_wconf 90' lang='lat' dir='ltr'><strong><em>me</em></strong></span> <span class='ocrx_word' id='word_1_625' title='bbox 3477 3001 3492 3041; x_wconf 87' lang='lat'><strong>:</strong></span> 
     </span>
    </p>
   </div>
   <div class='ocr_carea' id='block_1_97' title="bbox 1900 3077 2915 3139">
    <p class='ocr_par' dir='ltr' id='par_1_97' title="bbox 1900 3077 2915 3139">
     <span class='ocr_line' id='line_1_97' title="bbox 1900 3077 2915 3139; baseline -0.006 0"><span class='ocrx_word' id='word_1_626' title='bbox 1900 3099 1928 3139; x_wconf 86' lang='lat' dir='ltr'><strong><em>a</em></strong></span> <span class='ocrx_word' id='word_1_627' title='bbox 1982 3080 2314 3138; x_wconf 87' lang='lat' dir='ltr'><strong><em>testimoniis</em></strong></span> <span class='ocrx_word' id='word_1_628' title='bbox 2354 3079 2460 3134; x_wconf 89' lang='lat' dir='ltr'><strong><em>tuis</em></strong></span> <span class='ocrx_word' id='word_1_629' title='bbox 2491 3093 2597 3133; x_wconf 90' lang='lat' dir='ltr'><strong><em>non</em></strong></span> <span class='ocrx_word' id='word_1_630' title='bbox 2628 3077 2915 3134; x_wconf 84' lang='lat' dir='ltr'><strong><em>declinavi.</em></strong></span> 
     </span>
    </p>
   </div>
   <div class='ocr_carea' id='block_1_98' title="bbox 1985 3173 3494 3244">
    <p class='ocr_par' dir='ltr' id='par_1_98' title="bbox 1985 3173 3494 3244">
     <span class='ocr_line' id='line_1_98' title="bbox 1985 3173 3494 3244; baseline -0.003 -12"><span class='ocrx_word' id='word_1_631' title='bbox 1985 3176 2107 3232; x_wconf 84' lang='lat' dir='ltr'><strong><em>Res.</em></strong></span> <span class='ocrx_word' id='word_1_632' title='bbox 2142 3173 2265 3230; x_wconf 88' lang='lat' dir='ltr'><strong><em>Vidi</em></strong></span> <span class='ocrx_word' id='word_1_633' title='bbox 2307 3187 2416 3229; x_wconf 90' lang='lat' dir='ltr'><strong><em>non</em></strong></span> <span class='ocrx_word' id='word_1_634' title='bbox 2448 3181 2731 3229; x_wconf 83' lang='lat' dir='ltr'><strong><em>servmtes</em></strong></span> <span class='ocrx_word' id='word_1_635' title='bbox 2760 3181 2997 3244; x_wconf 88' lang='lat' dir='ltr'><strong><em>pactum,</em></strong></span> <span class='ocrx_word' id='word_1_636' title='bbox 3024 3181 3080 3230; x_wconf 89' lang='lat' dir='ltr'><strong><em>et</em></strong></span> <span class='ocrx_word' id='word_1_637' title='bbox 3105 3173 3494 3231; x_wconf 85' lang='lat' dir='ltr'><strong><em>tabescebam:</em></strong></span> 
     </span>
    </p>
   </div>
   <div class='ocr_carea' id='block_1_99' title="bbox 1823 3265 2974 3343">
    <p class='ocr_par' dir='ltr' id='par_1_99' title="bbox 1823 3265 2974 3343">
     <span class='ocr_line' id='line_1_99' title="bbox 1823 3265 2974 3343; baseline -0.009 -13"><span class='ocrx_word' id='word_1_638' title='bbox 1823 3267 1868 3330; x_wconf 87' lang='lat' dir='ltr'><strong>C</strong></span> <span class='ocrx_word' id='word_1_639' title='bbox 1903 3269 2026 3343; x_wconf 88' lang='lat' dir='ltr'><strong><em>quia</em></strong></span> <span class='ocrx_word' id='word_1_640' title='bbox 2061 3267 2274 3339; x_wconf 72' lang='lat' dir='ltr'><strong><em>eloquia</em></strong></span> <span class='ocrx_word' id='word_1_641' title='bbox 2305 3275 2394 3322; x_wconf 84' lang='lat' dir='ltr'><strong><em>tua</em></strong></span> <span class='ocrx_word' id='word_1_642' title='bbox 2434 3282 2543 3322; x_wconf 91' lang='lat' dir='ltr'><strong><em>non</em></strong></span> <span class='ocrx_word' id='word_1_643' title='bbox 2569 3265 2974 3323; x_wconf 79' lang='lat' dir='ltr'><strong><em>custodierunt.</em></strong></span> 
     </span>
    </p>
   </div>
   <div class='ocr_carea' id='block_1_100' title="bbox 1974 3358 3490 3432">
    <p class='ocr_par' dir='ltr' id='par_1_100' title="bbox 1974 3358 3490 3432">
     <span class='ocr_line' id='line_1_100' title="bbox 1974 3358 3490 3432; baseline 0 -13"><span class='ocrx_word' id='word_1_644' title='bbox 1974 3363 2098 3419; x_wconf 85' lang='lat' dir='ltr'><strong><em>Res.</em></strong></span> <span class='ocrx_word' id='word_1_645' title='bbox 2140 3360 2300 3426; x_wconf 87' lang='lat' dir='ltr'><strong><em>Vide,</em></strong></span> <span class='ocrx_word' id='word_1_646' title='bbox 2329 3359 2453 3432; x_wconf 85' lang='lat' dir='ltr'><strong><em>quia</em></strong></span> <span class='ocrx_word' id='word_1_647' title='bbox 2486 3359 2738 3415; x_wconf 89' lang='lat' dir='ltr'><strong><em>mandata</em></strong></span> <span class='ocrx_word' id='word_1_648' title='bbox 2769 3368 2857 3416; x_wconf 89' lang='lat' dir='ltr'><strong><em>tua</em></strong></span> <span class='ocrx_word' id='word_1_649' title='bbox 2902 3358 3091 3432; x_wconf 81' lang='lat' dir='ltr'><strong><em>dilexi,</em></strong></span> <span class='ocrx_word' id='word_1_650' title='bbox 3126 3360 3359 3420; x_wconf 86' lang='lat' dir='ltr'><strong><em>Domine</em></strong></span> <span class='ocrx_word' id='word_1_651' title='bbox 3391 3379 3403 3418; x_wconf 90' lang='lat'><strong>:</strong></span> <span class='ocrx_word' id='word_1_652' title='bbox 3435 3361 3490 3419; x_wconf 87' lang='lat' dir='ltr'><strong><em>in</em></strong></span> 
     </span>
    </p>
   </div>
   <div class='ocr_carea' id='block_1_101' title="bbox 1900 3451 2784 3513">
    <p class='ocr_par' dir='ltr' id='par_1_101' title="bbox 1900 3451 2784 3513">
     <span class='ocr_line' id='line_1_101' title="bbox 1900 3451 2784 3513; baseline -0.006 0"><span class='ocrx_word' id='word_1_653' title='bbox 1900 3465 1990 3513; x_wconf 91' lang='lat' dir='ltr'><strong><em>tua</em></strong></span> <span class='ocrx_word' id='word_1_654' title='bbox 2023 3451 2400 3510; x_wconf 81' lang='lat' dir='ltr'><strong><em>misericordia</em></strong></span> <span class='ocrx_word' id='word_1_655' title='bbox 2432 3451 2644 3508; x_wconf 82' lang='lat' dir='ltr'><strong><em>viviﬁca</em></strong></span> <span class='ocrx_word' id='word_1_656' title='bbox 2674 3467 2784 3508; x_wconf 86' lang='lat' dir='ltr'><strong><em>me.</em></strong></span> 
     </span>
    </p>
   </div>
   <div class='ocr_carea' id='block_1_102' title="bbox 1978 3543 3497 3618">
    <p class='ocr_par' dir='ltr' id='par_1_102' title="bbox 1978 3543 3497 3618">
     <span class='ocr_line' id='line_1_102' title="bbox 1978 3543 3497 3618; baseline 0.002 -15"><span class='ocrx_word' id='word_1_657' title='bbox 1978 3547 2100 3603; x_wconf 85' lang='lat' dir='ltr'><strong><em>Res.</em></strong></span> <span class='ocrx_word' id='word_1_658' title='bbox 2156 3543 2487 3618; x_wconf 82' lang='lat' dir='ltr'><strong><em>Principium</em></strong></span> <span class='ocrx_word' id='word_1_659' title='bbox 2520 3545 2814 3601; x_wconf 73' lang='lat' dir='ltr'><strong><em>verborum</em></strong></span> <span class='ocrx_word' id='word_1_660' title='bbox 2868 3553 3087 3602; x_wconf 89' lang='lat' dir='ltr'><strong><em>tuorum</em></strong></span> <span class='ocrx_word' id='word_1_661' title='bbox 3135 3547 3338 3604; x_wconf 77' lang='lat' dir='ltr'><strong><em>veritas</em></strong></span> <span class='ocrx_word' id='word_1_662' title='bbox 3387 3563 3402 3606; x_wconf 87' lang='lat'><strong>:</strong></span> <span class='ocrx_word' id='word_1_663' title='bbox 3443 3548 3497 3605; x_wconf 92' lang='lat' dir='ltr'><strong><em>iu</em></strong></span> 
     </span>
    </p>
   </div>
   <div class='ocr_carea' id='block_1_103' title="bbox 1904 3637 3372 3714">
    <p class='ocr_par' dir='ltr' id='par_1_103' title="bbox 1904 3637 3372 3714">
     <span class='ocr_line' id='line_1_103' title="bbox 1904 3637 3372 3714; baseline 0 -18"><span class='ocrx_word' id='word_1_664' title='bbox 1904 3639 2034 3714; x_wconf 64' lang='lat' dir='ltr'><strong><em>[31s.</em></strong></span> <span class='ocrx_word' id='word_1_665' title='bbox 2065 3647 2120 3696; x_wconf 91' lang='lat' dir='ltr'><strong><em>et</em></strong></span> <span class='ocrx_word' id='word_1_666' title='bbox 2150 3637 2227 3710; x_wconf 89' lang='lat' dir='ltr'><strong><em>in]</em></strong></span> <span class='ocrx_word' id='word_1_667' title='bbox 2257 3645 2525 3694; x_wconf 68' lang='lat' dir='ltr'><strong><em>aeternum</em></strong></span> <span class='ocrx_word' id='word_1_668' title='bbox 2552 3637 2732 3692; x_wconf 89' lang='lat' dir='ltr'><strong><em>omnia</em></strong></span> <span class='ocrx_word' id='word_1_669' title='bbox 2761 3637 2961 3708; x_wconf 83' lang='lat' dir='ltr'><strong><em>judicia</em></strong></span> <span class='ocrx_word' id='word_1_670' title='bbox 2989 3638 3211 3709; x_wconf 70' lang='lat' dir='ltr'><strong><em>iustitia:</em></strong></span> <span class='ocrx_word' id='word_1_671' title='bbox 3246 3651 3372 3696; x_wconf 74' lang='lat' dir='ltr'><strong><em>tum.</em></strong></span> 
     </span>
    </p>
   </div>
   <div class='ocr_carea' id='block_1_104' title="bbox 1979 3727 3502 3803">
    <p class='ocr_par' dir='ltr' id='par_1_104' title="bbox 1979 3727 3502 3803">
     <span class='ocr_line' id='line_1_104' title="bbox 1979 3727 3502 3803; baseline -0.001 -14"><span class='ocrx_word' id='word_1_672' title='bbox 1979 3733 2096 3789; x_wconf 91' lang='lat' dir='ltr'><strong><em>Sin.</em></strong></span> <span class='ocrx_word' id='word_1_673' title='bbox 2123 3731 2403 3800; x_wconf 85' lang='lat' dir='ltr'><strong><em>Principes</em></strong></span> <span class='ocrx_word' id='word_1_674' title='bbox 2435 3727 2711 3801; x_wconf 82' lang='lat' dir='ltr'><strong><em>persecuti</em></strong></span> <span class='ocrx_word' id='word_1_675' title='bbox 2729 3738 2856 3785; x_wconf 87' lang='lat' dir='ltr'><strong><em>sunt</em></strong></span> <span class='ocrx_word' id='word_1_676' title='bbox 2887 3747 2971 3786; x_wconf 90' lang='lat' dir='ltr'><strong><em>me</em></strong></span> <span class='ocrx_word' id='word_1_677' title='bbox 2996 3730 3169 3803; x_wconf 81' lang='lat' dir='ltr'><strong><em>gratis</em></strong></span> <span class='ocrx_word' id='word_1_678' title='bbox 3193 3747 3208 3790; x_wconf 86' lang='lat'><strong>:</strong></span> <span class='ocrx_word' id='word_1_679' title='bbox 3244 3740 3298 3788; x_wconf 87' lang='lat' dir='ltr'><strong><em>et</em></strong></span> <span class='ocrx_word' id='word_1_680' title='bbox 3326 3747 3357 3788; x_wconf 91' lang='lat' dir='ltr'><strong><em>a</em></strong></span> <span class='ocrx_word' id='word_1_681' title='bbox 3379 3747 3502 3790; x_wconf 83' lang='lat' dir='ltr'><strong><em>vcr-</em></strong></span> 
     </span>
    </p>
   </div>
   <div class='ocr_carea' id='block_1_105' title="bbox 1910 3821 2867 3882">
    <p class='ocr_par' dir='ltr' id='par_1_105' title="bbox 1910 3821 2867 3882">
     <span class='ocr_line' id='line_1_105' title="bbox 1910 3821 2867 3882; baseline -0.005 0"><span class='ocrx_word' id='word_1_682' title='bbox 1910 3824 1993 3882; x_wconf 86' lang='lat' dir='ltr'><strong><em>bis</em></strong></span> <span class='ocrx_word' id='word_1_683' title='bbox 2026 3822 2132 3880; x_wconf 87' lang='lat' dir='ltr'><strong><em>tuis</em></strong></span> <span class='ocrx_word' id='word_1_684' title='bbox 2161 3832 2186 3871; x_wconf 69' lang='grc' dir='ltr'><strong>Β</strong></span> <span class='ocrx_word' id='word_1_685' title='bbox 2211 3821 2524 3879; x_wconf 78' lang='lat' dir='ltr'><strong><em>formidavit</em></strong></span> <span class='ocrx_word' id='word_1_686' title='bbox 2547 3837 2641 3878; x_wconf 87' lang='lat' dir='ltr'><strong><em>cor</em></strong></span> <span class='ocrx_word' id='word_1_687' title='bbox 2664 3836 2867 3879; x_wconf 86' lang='lat' dir='ltr'><strong><em>meum.</em></strong></span> 
     </span>
    </p>
   </div>
   <div class='ocr_carea' id='block_1_106' title="bbox 1903 3961 3498 4042">
    <p class='ocr_par' dir='ltr' id='par_1_106' title="bbox 1903 3961 3498 4042">
     <span class='ocr_line' id='line_1_106' title="bbox 1903 3961 3498 4042; baseline 0.002 -22"><span class='ocrx_word' id='word_1_688' title='bbox 1903 3967 2016 4042; x_wconf 80' lang='lat' dir='ltr'><strong><em>bis,</em></strong></span> <span class='ocrx_word' id='word_1_689' title='bbox 2069 3965 2203 4042; x_wconf 80' lang='lat' dir='ltr'><strong><em>sicut</em></strong></span> <span class='ocrx_word' id='word_1_690' title='bbox 2257 3961 2470 4042; x_wconf 69' lang='lat' dir='ltr'><strong><em>Gnatus</em></strong></span> <span class='ocrx_word' id='word_1_691' title='bbox 2525 3965 2752 4042; x_wconf 49' lang='lat' dir='ltr'><strong><em>posuit,</em></strong></span> <span class='ocrx_word' id='word_1_692' title='bbox 2788 3964 3498 4042; x_wconf 27' lang='lat' dir='ltr'><strong><em>in‘immaturitale;ampla</em></strong></span> 
     </span>
    </p>
   </div>
   <div class='ocr_carea' id='block_1_107' title="bbox 1903 4037 3496 4113">
    <p class='ocr_par' dir='ltr' id='par_1_107' title="bbox 1903 4037 3496 4113">
     <span class='ocr_line' id='line_1_107' title="bbox 1903 4037 3496 4113; baseline 0.003 -22"><span class='ocrx_word' id='word_1_693' title='bbox 1903 4041 2091 4108; x_wconf 82' lang='lat' dir='ltr'><strong><em>quippe</em></strong></span> <span class='ocrx_word' id='word_1_694' title='bbox 2122 4039 2464 4113; x_wconf 76' lang='lat' dir='ltr'><strong><em>immaturitas</em></strong></span> <span class='ocrx_word' id='word_1_695' title='bbox 2501 4045 2612 4113; x_wconf 71' lang='lat' dir='ltr'><strong><em>est,</em></strong></span> <span class='ocrx_word' id='word_1_696' title='bbox 2732 4038 2918 4113; x_wconf 56' lang='lat' dir='ltr'><strong><em>éwpiqz,</em></strong></span> <span class='ocrx_word' id='word_1_697' title='bbox 2963 4038 3014 4113; x_wconf 82' lang='lat' dir='ltr'><strong><em>in</em></strong></span> <span class='ocrx_word' id='word_1_698' title='bbox 3060 4037 3447 4095; x_wconf 79' lang='lat' dir='ltr'><strong><em>immaturitate</em></strong></span> <span class='ocrx_word' id='word_1_699' title='bbox 3483 4060 3496 4095; x_wconf 90' lang='lat'><strong>:</strong></span> 
     </span>
    </p>
   </div>
   <div class='ocr_carea' id='block_1_108' title="bbox 1906 4107 3502 4181">
    <p class='ocr_par' dir='ltr' id='par_1_108' title="bbox 1906 4107 3502 4181">
     <span class='ocr_line' id='line_1_108' title="bbox 1906 4107 3502 4181; baseline 0 -18"><span class='ocrx_word' id='word_1_700' title='bbox 1906 4107 2168 4180; x_wconf 85' lang='lat' dir='ltr'><strong><em>tamquam</em></strong></span> <span class='ocrx_word' id='word_1_701' title='bbox 2191 4109 2236 4161; x_wconf 90' lang='lat' dir='ltr'><strong><em>si</em></strong></span> <span class='ocrx_word' id='word_1_702' title='bbox 2256 4108 2402 4181; x_wconf 77' lang='lat' dir='ltr'><strong><em>uellet</em></strong></span> <span class='ocrx_word' id='word_1_703' title='bbox 2444 4109 2599 4162; x_wconf 86' lang='lat' dir='ltr'><strong><em>etiam</em></strong></span> <span class='ocrx_word' id='word_1_704' title='bbox 2630 4107 2718 4161; x_wconf 80' lang='lat' dir='ltr'><strong><em>ille</em></strong></span> <span class='ocrx_word' id='word_1_705' title='bbox 2752 4107 2835 4178; x_wconf 75' lang='grc' dir='ltr'><strong><em>(Ῑιὶι</em></strong></span> <span class='ocrx_word' id='word_1_706' title='bbox 2869 4107 3020 4175; x_wconf 76' lang='lat' dir='ltr'><strong><em>dixit,</em></strong></span> <span class='ocrx_word' id='word_1_707' title='bbox 3059 4113 3378 4181; x_wconf 86' lang='lat' dir='ltr'><strong><em>intempesta</em></strong></span> <span class='ocrx_word' id='word_1_708' title='bbox 3407 4130 3502 4166; x_wconf 88' lang='lat' dir='ltr'><strong><em>tto-</em></strong></span> 
     </span>
    </p>
   </div>
   <div class='ocr_carea' id='block_1_109' title="bbox 1907 4179 3499 4252">
    <p class='ocr_par' dir='ltr' id='par_1_109' title="bbox 1907 4179 3499 4252">
     <span class='ocr_line' id='line_1_109' title="bbox 1907 4179 3499 4252; baseline 0.001 -16"><span class='ocrx_word' id='word_1_709' title='bbox 1907 4179 2032 4248; x_wconf 24' lang='lat' dir='ltr'><strong><em>cte,’</em></strong></span> <span class='ocrx_word' id='word_1_710' title='bbox 2064 4179 2432 4249; x_wconf 74' lang='lat' dir='ltr'><strong><em>prtepositione</em></strong></span> <span class='ocrx_word' id='word_1_711' title='bbox 2477 4181 2644 4252; x_wconf 82' lang='lat' dir='ltr'><strong><em>dicere</em></strong></span> <span class='ocrx_word' id='word_1_712' title='bbox 2671 4181 2931 4252; x_wconf 81' lang='lat' dir='ltr'><strong><em>geminata</em></strong></span> <span class='ocrx_word' id='word_1_713' title='bbox 2962 4181 3015 4235; x_wconf 91' lang='lat' dir='ltr'><strong><em>in</em></strong></span> <span class='ocrx_word' id='word_1_714' title='bbox 3049 4179 3391 4251; x_wconf 78' lang='lat' dir='ltr'><strong><em>intempesta,</em></strong></span> <span class='ocrx_word' id='word_1_715' title='bbox 3443 4193 3499 4237; x_wconf 90' lang='lat' dir='ltr'><strong><em>ut</em></strong></span> 
     </span>
    </p>
   </div>
   <div class='ocr_carea' id='block_1_110' title="bbox 1914 4251 3504 4322">
    <p class='ocr_par' dir='ltr' id='par_1_110' title="bbox 1914 4251 3504 4322">
     <span class='ocr_line' id='line_1_110' title="bbox 1914 4251 3504 4322; baseline 0.001 -17"><span class='ocrx_word' id='word_1_716' title='bbox 1914 4269 2016 4306; x_wconf 88' lang='lat' dir='ltr'><strong><em>una</em></strong></span> <span class='ocrx_word' id='word_1_717' title='bbox 2043 4252 2343 4319; x_wconf 70' lang='lat' dir='ltr'><strong><em>prarpositio</em></strong></span> <span class='ocrx_word' id='word_1_718' title='bbox 2371 4251 2643 4322; x_wconf 81' lang='lat' dir='ltr'><strong><em>signiﬁcet,</em></strong></span> <span class='ocrx_word' id='word_1_719' title='bbox 2677 4255 2728 4304; x_wconf 84' lang='lat' dir='ltr'><strong><em>in</em></strong></span> <span class='ocrx_word' id='word_1_720' title='bbox 2754 4268 2855 4320; x_wconf 89' lang='lat' dir='ltr'><strong><em>qua</em></strong></span> <span class='ocrx_word' id='word_1_721' title='bbox 2876 4251 3026 4318; x_wconf 87' lang='lat' dir='ltr'><strong><em>ltora,</em></strong></span> <span class='ocrx_word' id='word_1_722' title='bbox 3064 4254 3227 4307; x_wconf 87' lang='lat' dir='ltr'><strong><em>altera</em></strong></span> <span class='ocrx_word' id='word_1_723' title='bbox 3255 4257 3504 4322; x_wconf 85' lang='lat' dir='ltr'><strong><em>pertineat</em></strong></span> 
     </span>
    </p>
   </div>
   <div class='ocr_carea' id='block_1_111' title="bbox 1912 4323 3505 4393">
    <p class='ocr_par' dir='ltr' id='par_1_111' title="bbox 1912 4323 3505 4393">
     <span class='ocr_line' id='line_1_111' title="bbox 1912 4323 3505 4393; baseline 0.002 -17"><span class='ocrx_word' id='word_1_724' title='bbox 1912 4324 1981 4376; x_wconf 90' lang='lat' dir='ltr'><strong><em>ad</em></strong></span> <span class='ocrx_word' id='word_1_725' title='bbox 2009 4323 2427 4393; x_wconf 81' lang='lat' dir='ltr'><strong><em>compositionem</em></strong></span> <span class='ocrx_word' id='word_1_726' title='bbox 2448 4323 2687 4386; x_wconf 84' lang='lat' dir='ltr'><strong><em>nominis,</em></strong></span> <span class='ocrx_word' id='word_1_727' title='bbox 2713 4337 2818 4377; x_wconf 86' lang='lat' dir='ltr'><strong><em>etc.</em></strong></span> <span class='ocrx_word' id='word_1_728' title='bbox 2852 4323 3072 4377; x_wconf 80' lang='lat' dir='ltr'><strong><em>llcmum</em></strong></span> <span class='ocrx_word' id='word_1_729' title='bbox 3105 4324 3157 4378; x_wconf 88' lang='lat' dir='ltr'><strong><em>in</em></strong></span> <span class='ocrx_word' id='word_1_730' title='bbox 3190 4326 3380 4380; x_wconf 79' lang='lat' dir='ltr'><strong><em>cedent</em></strong></span> <span class='ocrx_word' id='word_1_731' title='bbox 3411 4342 3505 4380; x_wconf 87' lang='lat' dir='ltr'><strong><em>co-</em></strong></span> 
     </span>
    </p>
   </div>
   <div class='ocr_carea' id='block_1_112' title="bbox 1914 4393 3505 4468">
    <p class='ocr_par' dir='ltr' id='par_1_112' title="bbox 1914 4393 3505 4468">
     <span class='ocr_line' id='line_1_112' title="bbox 1914 4393 3505 4468; baseline 0.002 -19"><span class='ocrx_word' id='word_1_732' title='bbox 1914 4396 2033 4468; x_wconf 83' lang='lat' dir='ltr'><strong><em>dice</em></strong></span> <span class='ocrx_word' id='word_1_733' title='bbox 2079 4393 2428 4468; x_wconf 85' lang='lat' dir='ltr'><strong><em>subsequcn_ti</em></strong></span> <span class='ocrx_word' id='word_1_734' title='bbox 2473 4408 2663 4459; x_wconf 89' lang='lat' dir='ltr'><strong><em>versu,</em></strong></span> <span class='ocrx_word' id='word_1_735' title='bbox 2712 4395 2952 4448; x_wconf 74' lang='lat' dir='ltr'><strong><em>meditari</em></strong></span> <span class='ocrx_word' id='word_1_736' title='bbox 2984 4393 3135 4449; x_wconf 78' lang='lat' dir='ltr'><strong><em>verba</em></strong></span> <span class='ocrx_word' id='word_1_737' title='bbox 3165 4404 3278 4465; x_wconf 85' lang='lat' dir='ltr'><strong><em>tua,</em></strong></span> <span class='ocrx_word' id='word_1_738' title='bbox 3322 4412 3420 4468; x_wconf 90' lang='lat' dir='ltr'><strong><em>pro</em></strong></span> <span class='ocrx_word' id='word_1_739' title='bbox 3450 4408 3505 4452; x_wconf 87' lang='lat' dir='ltr'><strong><em>ut</em></strong></span> 
     </span>
    </p>
   </div>
   <div class='ocr_carea' id='block_1_113' title="bbox 1914 4465 2592 4535">
    <p class='ocr_par' dir='ltr' id='par_1_113' title="bbox 1914 4465 2592 4535">
     <span class='ocr_line' id='line_1_113' title="bbox 1914 4465 2592 4535; baseline -0.003 -16"><span class='ocrx_word' id='word_1_740' title='bbox 1914 4467 2191 4519; x_wconf 83' lang='lat' dir='ltr'><strong><em>meditarer</em></strong></span> <span class='ocrx_word' id='word_1_741' title='bbox 2219 4465 2448 4535; x_wconf 88' lang='lat' dir='ltr'><strong><em>eloquia,</em></strong></span> <span class='ocrx_word' id='word_1_742' title='bbox 2485 4476 2592 4519; x_wconf 89' lang='lat' dir='ltr'><strong><em>etc.</em></strong></span> 
     </span>
    </p>
   </div>
   <div class='ocr_carea' id='block_1_114' title="bbox 1990 4533 3506 4608">
    <p class='ocr_par' dir='ltr' id='par_1_114' title="bbox 1990 4533 3506 4608">
     <span class='ocr_line' id='line_1_114' title="bbox 1990 4533 3506 4608; baseline 0.002 -18"><span class='ocrx_word' id='word_1_743' title='bbox 1990 4535 2009 4574; x_wconf 72' lang='grc' dir='ltr'>ί</span> <span class='ocrx_word' id='word_1_744' title='bbox 2053 4535 2279 4608; x_wconf 73' lang='lat' dir='ltr'><strong><em>Prtel’ert</em></strong></span> <span class='ocrx_word' id='word_1_745' title='bbox 2313 4533 2452 4608; x_wconf 75' lang='lat' dir='ltr'><strong><em>idem</em></strong></span> <span class='ocrx_word' id='word_1_746' title='bbox 2487 4552 2586 4588; x_wconf 76' lang='lat' dir='ltr'><strong><em>ms.</em></strong></span> <span class='ocrx_word' id='word_1_747' title='bbox 2622 4533 3178 4607; x_wconf 80' lang='lat' dir='ltr'><strong><em>Appmpinquarerunt</em></strong></span> <span class='ocrx_word' id='word_1_748' title='bbox 3213 4555 3292 4592; x_wconf 89' lang='lat' dir='ltr'><strong><em>me</em></strong></span> <span class='ocrx_word' id='word_1_749' title='bbox 3338 4555 3506 4608; x_wconf 83' lang='lat' dir='ltr'><strong><em>perse-</em></strong></span> 
     </span>
    </p>
   </div>
   <div class='ocr_carea' id='block_1_115' title="bbox 1914 4605 3506 4676">
    <p class='ocr_par' dir='ltr' id='par_1_115' title="bbox 1914 4605 3506 4676">
     <span class='ocr_line' id='line_1_115' title="bbox 1914 4605 3506 4676; baseline 0.002 -15"><span class='ocrx_word' id='word_1_750' title='bbox 1914 4618 2124 4676; x_wconf 79' lang='lat' dir='ltr'><strong><em>quentes</em></strong></span> <span class='ocrx_word' id='word_1_751' title='bbox 2152 4623 2232 4660; x_wconf 90' lang='lat' dir='ltr'><strong><em>nte</em></strong></span> <span class='ocrx_word' id='word_1_752' title='bbox 2252 4605 2446 4674; x_wconf 85' lang='lat' dir='ltr'><strong><em>inique.</em></strong></span> <span class='ocrx_word' id='word_1_753' title='bbox 2465 4621 2622 4671; x_wconf 82' lang='lat' dir='ltr'><strong><em>quam</em></strong></span> <span class='ocrx_word' id='word_1_754' title='bbox 2650 4605 2710 4659; x_wconf 76' lang='lat' dir='ltr'><strong><em>et</em></strong></span> <span class='ocrx_word' id='word_1_755' title='bbox 2729 4608 3058 4676; x_wconf 81' lang='lat' dir='ltr'><strong><em>Augustinus</em></strong></span> <span class='ocrx_word' id='word_1_756' title='bbox 3081 4605 3365 4665; x_wconf 84' lang='lat' dir='ltr'><strong><em>lectionem</em></strong></span> <span class='ocrx_word' id='word_1_757' title='bbox 3394 4615 3506 4666; x_wconf 86' lang='lat' dir='ltr'><strong><em>latt-</em></strong></span> 
     </span>
    </p>
   </div>
   <div class='ocr_carea' id='block_1_116' title="bbox 1915 4675 3506 4750">
    <p class='ocr_par' dir='ltr' id='par_1_116' title="bbox 1915 4675 3506 4750">
     <span class='ocr_line' id='line_1_116' title="bbox 1915 4675 3506 4750; baseline -0.001 -18"><span class='ocrx_word' id='word_1_758' title='bbox 1915 4675 2029 4742; x_wconf 88' lang='lat' dir='ltr'><strong><em>dat,</em></strong></span> <span class='ocrx_word' id='word_1_759' title='bbox 2067 4688 2295 4750; x_wconf 75' lang='lat' dir='ltr'><strong><em>excepto</em></strong></span> <span class='ocrx_word' id='word_1_760' title='bbox 2327 4676 2530 4750; x_wconf 68' lang='lat' dir='ltr'><strong><em>librarii</em></strong></span> <span class='ocrx_word' id='word_1_761' title='bbox 2573 4675 2770 4731; x_wconf 87' lang='lat' dir='ltr'><strong><em>mendo</em></strong></span> <span class='ocrx_word' id='word_1_762' title='bbox 2799 4675 2849 4731; x_wconf 86' lang='lat' dir='ltr'><strong><em>in</em></strong></span> <span class='ocrx_word' id='word_1_763' title='bbox 2872 4695 2959 4750; x_wconf 59' lang='lat' dir='ltr'><strong><em>tne</em></strong></span> <span class='ocrx_word' id='word_1_764' title='bbox 2991 4681 3326 4746; x_wconf 72' lang='lat' dir='ltr'><strong><em>pronominis</em></strong></span> <span class='ocrx_word' id='word_1_765' title='bbox 3353 4697 3506 4750; x_wconf 72' lang='lat' dir='ltr'><strong><em>repo-</em></strong></span> 
     </span>
    </p>
   </div>
   <div class='ocr_carea' id='block_1_117' title="bbox 1917 4746 3504 4817">
    <p class='ocr_par' dir='ltr' id='par_1_117' title="bbox 1917 4746 3504 4817">
     <span class='ocr_line' id='line_1_117' title="bbox 1917 4746 3504 4817; baseline 0.002 -15"><span class='ocrx_word' id='word_1_766' title='bbox 1917 4751 2105 4803; x_wconf 87' lang='lat' dir='ltr'><strong><em>titione</em></strong></span> <span class='ocrx_word' id='word_1_767' title='bbox 2137 4767 2148 4802; x_wconf 88' lang='lat'><strong>:</strong></span> <span class='ocrx_word' id='word_1_768' title='bbox 2177 4748 2448 4816; x_wconf 87' lang='lat' dir='ltr'><strong><em>Sequitur,</em></strong></span> <span class='ocrx_word' id='word_1_769' title='bbox 2484 4746 2656 4816; x_wconf 85' lang='lat' dir='ltr'><strong><em>Prope</em></strong></span> <span class='ocrx_word' id='word_1_770' title='bbox 2684 4763 2735 4802; x_wconf 87' lang='lat' dir='ltr'><strong><em>es</em></strong></span> <span class='ocrx_word' id='word_1_771' title='bbox 2754 4756 2829 4812; x_wconf 86' lang='lat' dir='ltr'><strong><em>tu,</em></strong></span> <span class='ocrx_word' id='word_1_772' title='bbox 2860 4748 3098 4817; x_wconf 82' lang='lat' dir='ltr'><strong><em>Domine,</em></strong></span> <span class='ocrx_word' id='word_1_773' title='bbox 3127 4763 3174 4805; x_wconf 88' lang='lat' dir='ltr'><strong><em>et</em></strong></span> <span class='ocrx_word' id='word_1_774' title='bbox 3204 4768 3379 4805; x_wconf 81' lang='lat' dir='ltr'><strong><em>omnes</em></strong></span> <span class='ocrx_word' id='word_1_775' title='bbox 3410 4746 3504 4806; x_wconf 66' lang='lat' dir='ltr'><strong><em>nia:</em></strong></span> 
     </span>
    </p>
   </div>
   <div class='ocr_carea' id='block_1_118' title="bbox 1916 4819 3508 4892">
    <p class='ocr_par' dir='ltr' id='par_1_118' title="bbox 1916 4819 3508 4892">
     <span class='ocr_line' id='line_1_118' title="bbox 1916 4819 3508 4892; baseline 0 -18"><span class='ocrx_word' id='word_1_776' title='bbox 1916 4831 2018 4874; x_wconf 79' lang='lat' dir='ltr'><strong><em>tua:</em></strong></span> <span class='ocrx_word' id='word_1_777' title='bbox 2045 4820 2250 4874; x_wconf 73' lang='lat' dir='ltr'><strong><em>ueritas.</em></strong></span> <span class='ocrx_word' id='word_1_778' title='bbox 2274 4820 2350 4873; x_wconf 83' lang='lat' dir='ltr'><strong><em>Ab</em></strong></span> <span class='ocrx_word' id='word_1_779' title='bbox 2372 4819 2518 4892; x_wconf 84' lang='lat' dir='ltr'><strong><em>initio</em></strong></span> <span class='ocrx_word' id='word_1_780' title='bbox 2552 4820 2785 4892; x_wconf 65' lang='lat' dir='ltr'><strong><em>cor/novi,</em></strong></span> <span class='ocrx_word' id='word_1_781' title='bbox 2809 4831 2915 4875; x_wconf 89' lang='lat' dir='ltr'><strong><em>etc.</em></strong></span> <span class='ocrx_word' id='word_1_782' title='bbox 2946 4822 3002 4876; x_wconf 83' lang='lat' dir='ltr'><strong><em>In</em></strong></span> <span class='ocrx_word' id='word_1_783' title='bbox 3034 4840 3190 4892; x_wconf 82' lang='lat' dir='ltr'><strong><em>quem</em></strong></span> <span class='ocrx_word' id='word_1_784' title='bbox 3219 4837 3405 4877; x_wconf 81' lang='lat' dir='ltr'><strong><em>rursus</em></strong></span> <span class='ocrx_word' id='word_1_785' title='bbox 3431 4825 3508 4878; x_wconf 88' lang='lat' dir='ltr'><strong><em>lo-</em></strong></span> 
     </span>
    </p>
   </div>
   <div class='ocr_carea' id='block_1_119' title="bbox 1917 4891 3507 4971">
    <p class='ocr_par' dir='ltr' id='par_1_119' title="bbox 1917 4891 3507 4971">
     <span class='ocr_line' id='line_1_119' title="bbox 1917 4891 3507 4971; baseline 0.001 -26"><span class='ocrx_word' id='word_1_786' title='bbox 1917 4908 2038 4946; x_wconf 89' lang='lat' dir='ltr'><strong><em>cum</em></strong></span> <span class='ocrx_word' id='word_1_787' title='bbox 2071 4891 2626 4971; x_wconf 44' lang='lat' dir='ltr'><strong><em>AugustinusghQuod</em></strong></span> <span class='ocrx_word' id='word_1_788' title='bbox 2652 4891 2860 4971; x_wconf 53' lang='lat' dir='ltr'><strong><em>(fractis</em></strong></span> <span class='ocrx_word' id='word_1_789' title='bbox 2885 4895 2980 4971; x_wconf 77' lang='lat' dir='ltr'><strong><em>ait.</em></strong></span> <span class='ocrx_word' id='word_1_790' title='bbox 3010 4891 3309 4971; x_wconf 65' lang='grc' dir='ltr'><strong><em>καταρχὰς,</em></strong></span> <span class='ocrx_word' id='word_1_791' title='bbox 3346 4895 3507 4971; x_wconf 76' lang='lat' dir='ltr'><strong><em>aliqui</em></strong></span> 
     </span>
    </p>
   </div>
   <div class='ocr_carea' id='block_1_120' title="bbox 1920 4961 3508 5032">
    <p class='ocr_par' dir='ltr' id='par_1_120' title="bbox 1920 4961 3508 5032">
     <span class='ocr_line' id='line_1_120' title="bbox 1920 4961 3508 5032; baseline 0.002 -18"><span class='ocrx_word' id='word_1_792' title='bbox 1920 4965 2079 5016; x_wconf 83' lang='lat' dir='ltr'><strong><em>nostri</em></strong></span> <span class='ocrx_word' id='word_1_793' title='bbox 2110 4963 2178 5015; x_wconf 88' lang='lat' dir='ltr'><strong><em>ab</em></strong></span> <span class='ocrx_word' id='word_1_794' title='bbox 2203 4964 2375 5026; x_wconf 78' lang='lat' dir='ltr'><strong><em>initio,</em></strong></span> <span class='ocrx_word' id='word_1_795' title='bbox 2403 4961 2564 5029; x_wconf 85' lang='lat' dir='ltr'><strong><em>aliqui</em></strong></span> <span class='ocrx_word' id='word_1_796' title='bbox 2595 4963 2647 5016; x_wconf 87' lang='lat' dir='ltr'><strong><em>in</em></strong></span> <span class='ocrx_word' id='word_1_797' title='bbox 2679 4962 2850 5016; x_wconf 86' lang='lat' dir='ltr'><strong><em>initiis</em></strong></span> <span class='ocrx_word' id='word_1_798' title='bbox 2879 4961 3363 5032; x_wconf 51' lang='lat' dir='ltr'><strong><em>imerprettiti&#39;sunt.</em></strong></span> <span class='ocrx_word' id='word_1_799' title='bbox 3396 4965 3508 5018; x_wconf 80' lang='lat' dir='ltr'><strong><em>Sed</em></strong></span> 
     </span>
    </p>
   </div>
   <div class='ocr_carea' id='block_1_121' title="bbox 1918 5032 3509 5104">
    <p class='ocr_par' dir='ltr' id='par_1_121' title="bbox 1918 5032 3509 5104">
     <span class='ocr_line' id='line_1_121' title="bbox 1918 5032 3509 5104; baseline 0.001 -17"><span class='ocrx_word' id='word_1_800' title='bbox 1918 5035 2006 5103; x_wconf 88' lang='lat' dir='ltr'><strong><em>qui</em></strong></span> <span class='ocrx_word' id='word_1_801' title='bbox 2028 5032 2297 5104; x_wconf 85' lang='lat' dir='ltr'><strong><em>pluraliter</em></strong></span> <span class='ocrx_word' id='word_1_802' title='bbox 2320 5032 2614 5104; x_wconf 22' lang='lat' dir='ltr'><strong><em>ltocAdirere</em></strong></span> <span class='ocrx_word' id='word_1_803' title='bbox 2659 5033 2970 5098; x_wconf 86' lang='lat' dir='ltr'><strong><em>maluerunt,</em></strong></span> <span class='ocrx_word' id='word_1_804' title='bbox 3016 5035 3248 5088; x_wconf 71' lang='lat' dir='ltr'><strong><em>Gt&#39;tecom</em></strong></span> <span class='ocrx_word' id='word_1_805' title='bbox 3291 5037 3509 5091; x_wconf 68' lang='lat' dir='ltr'><strong><em>locutio-</em></strong></span> 
     </span>
    </p>
   </div>
   <div class='ocr_carea' id='block_1_122' title="bbox 1922 5102 3512 5174">
    <p class='ocr_par' dir='ltr' id='par_1_122' title="bbox 1922 5102 3512 5174">
     <span class='ocr_line' id='line_1_122' title="bbox 1922 5102 3512 5174; baseline 0.001 -16"><span class='ocrx_word' id='word_1_806' title='bbox 1922 5102 2036 5158; x_wconf 83' lang='lat' dir='ltr'><strong><em>nem</em></strong></span> <span class='ocrx_word' id='word_1_807' title='bbox 2065 5106 2220 5158; x_wconf 70' lang='lat' dir='ltr'><strong><em>secuti</em></strong></span> <span class='ocrx_word' id='word_1_808' title='bbox 2244 5113 2379 5160; x_wconf 87' lang='lat' dir='ltr'><strong><em>sunt.</em></strong></span> <span class='ocrx_word' id='word_1_809' title='bbox 2407 5102 2605 5159; x_wconf 81' lang='lat' dir='ltr'><strong><em>Latina:</em></strong></span> <span class='ocrx_word' id='word_1_810' title='bbox 2625 5117 2792 5159; x_wconf 85' lang='lat' dir='ltr'><strong><em>autent</em></strong></span> <span class='ocrx_word' id='word_1_811' title='bbox 2834 5105 3024 5174; x_wconf 80' lang='lat' dir='ltr'><strong><em>lingute</em></strong></span> <span class='ocrx_word' id='word_1_812' title='bbox 3053 5107 3188 5160; x_wconf 86' lang='lat' dir='ltr'><strong><em>illud</em></strong></span> <span class='ocrx_word' id='word_1_813' title='bbox 3214 5109 3377 5172; x_wconf 86' lang='lat' dir='ltr'><strong><em>potius</em></strong></span> <span class='ocrx_word' id='word_1_814' title='bbox 3408 5109 3512 5161; x_wconf 82' lang='lat' dir='ltr'><strong><em>usi-</em></strong></span> 
     </span>
    </p>
   </div>
   <div class='ocr_carea' id='block_1_123' title="bbox 1921 5175 3509 5255">
    <p class='ocr_par' dir='ltr' id='par_1_123' title="bbox 1921 5175 3509 5255">
     <span class='ocr_line' id='line_1_123' title="bbox 1921 5175 3509 5255; baseline 0.004 -26"><span class='ocrx_word' id='word_1_815' title='bbox 1921 5185 2087 5255; x_wconf 71' lang='lat' dir='ltr'><strong><em>tatum</em></strong></span> <span class='ocrx_word' id='word_1_816' title='bbox 2117 5185 2214 5241; x_wconf 87' lang='lat' dir='ltr'><strong><em>est,</em></strong></span> <span class='ocrx_word' id='word_1_817' title='bbox 2237 5187 2292 5230; x_wconf 92' lang='lat' dir='ltr'><strong><em>ut</em></strong></span> <span class='ocrx_word' id='word_1_818' title='bbox 2330 5175 2698 5255; x_wconf 37' lang='lat' dir='ltr'><strong><em>:tl)_initio_,-oel</em></strong></span> <span class='ocrx_word' id='word_1_819' title='bbox 2727 5177 3118 5255; x_wconf 66' lang='lat' dir='ltr'><strong><em>illitio_ttiratttr,</em></strong></span> <span class='ocrx_word' id='word_1_820' title='bbox 3149 5179 3291 5255; x_wconf 76' lang='lat' dir='ltr'><strong><em>quod</em></strong></span> <span class='ocrx_word' id='word_1_821' title='bbox 3316 5201 3509 5255; x_wconf 72' lang='grc' dir='ltr'><strong><em>καταί-</em></strong></span> 
     </span>
    </p>
   </div>
   <div class='ocr_carea' id='block_1_124' title="bbox 1925 5246 3512 5318">
    <p class='ocr_par' dir='ltr' id='par_1_124' title="bbox 1925 5246 3512 5318">
     <span class='ocr_line' id='line_1_124' title="bbox 1925 5246 3512 5318; baseline 0.003 -17"><span class='ocrx_word' id='word_1_822' title='bbox 1925 5249 2030 5318; x_wconf 77' lang='grc' dir='ltr'><strong><em>χάς</em></strong></span> <span class='ocrx_word' id='word_1_823' title='bbox 2045 5246 2242 5311; x_wconf 67' lang='lat' dir='ltr'><strong><em>Griece,</em></strong></span> <span class='ocrx_word' id='word_1_824' title='bbox 2257 5248 2404 5318; x_wconf 79' lang='lat' dir='ltr'><strong><em>quasi</em></strong></span> <span class='ocrx_word' id='word_1_825' title='bbox 2418 5248 2709 5316; x_wconf 87' lang='lat' dir='ltr'><strong><em>pluraliter,</em></strong></span> <span class='ocrx_word' id='word_1_826' title='bbox 2725 5247 2813 5301; x_wconf 91' lang='lat' dir='ltr'><strong><em>sed</em></strong></span> <span class='ocrx_word' id='word_1_827' title='bbox 2824 5247 2966 5318; x_wconf 69' lang='lat' dir='ltr'><strong><em>adre:</em></strong></span> <span class='ocrx_word' id='word_1_828' title='bbox 2980 5246 3178 5301; x_wconf 81' lang='lat' dir='ltr'><strong><em>bialiter</em></strong></span> <span class='ocrx_word' id='word_1_829' title='bbox 3191 5246 3473 5315; x_wconf 51' lang='lat' dir='ltr'><strong><em>dicitur-nsi:</em></strong></span> <span class='ocrx_word' id='word_1_830' title='bbox 3495 5287 3512 5306; x_wconf 87' lang='lat'><strong><em>.</em></strong></span> 
     </span>
    </p>
   </div>
   <div class='ocr_carea' id='block_1_125' title="bbox 1923 5317 3514 5386">
    <p class='ocr_par' dir='ltr' id='par_1_125' title="bbox 1923 5317 3514 5386">
     <span class='ocr_line' id='line_1_125' title="bbox 1923 5317 3514 5386; baseline 0.001 -12"><span class='ocrx_word' id='word_1_831' title='bbox 1923 5317 2287 5386; x_wconf 76' lang='lat' dir='ltr'><strong><em>Subsequenti</em></strong></span> <span class='ocrx_word' id='word_1_832' title='bbox 2313 5334 2470 5373; x_wconf 82' lang='lat' dir='ltr'><strong><em>versu</em></strong></span> <span class='ocrx_word' id='word_1_833' title='bbox 2506 5319 2645 5371; x_wconf 80' lang='lat' dir='ltr'><strong><em>idem</em></strong></span> <span class='ocrx_word' id='word_1_834' title='bbox 2670 5332 2797 5386; x_wconf 89' lang='lat' dir='ltr'><strong><em>ms.,</em></strong></span> <span class='ocrx_word' id='word_1_835' title='bbox 2836 5317 2967 5372; x_wconf 88' lang='lat' dir='ltr'><strong><em>Vide</em></strong></span> <span class='ocrx_word' id='word_1_836' title='bbox 2991 5317 3328 5374; x_wconf 83' lang='lat' dir='ltr'><strong><em>humilitatem</em></strong></span> <span class='ocrx_word' id='word_1_837' title='bbox 3352 5339 3514 5375; x_wconf 69' lang='lat' dir='ltr'><strong><em>meum</em></strong></span> 
     </span>
    </p>
   </div>
   <div class='ocr_carea' id='block_1_126' title="bbox 1926 5389 3514 5460">
    <p class='ocr_par' dir='ltr' id='par_1_126' title="bbox 1926 5389 3514 5460">
     <span class='ocr_line' id='line_1_126' title="bbox 1926 5389 3514 5460; baseline 0.001 -17"><span class='ocrx_word' id='word_1_838' title='bbox 1926 5402 1971 5443; x_wconf 91' lang='lat' dir='ltr'><strong><em>et</em></strong></span> <span class='ocrx_word' id='word_1_839' title='bbox 1996 5391 2187 5443; x_wconf 87' lang='lat' dir='ltr'><strong><em>redime</em></strong></span> <span class='ocrx_word' id='word_1_840' title='bbox 2213 5407 2311 5455; x_wconf 82' lang='lat' dir='ltr'><strong><em>nte,</em></strong></span> <span class='ocrx_word' id='word_1_841' title='bbox 2359 5389 2618 5460; x_wconf 80' lang='lat' dir='ltr'><strong><em>quoniam,</em></strong></span> <span class='ocrx_word' id='word_1_842' title='bbox 2677 5397 2782 5442; x_wconf 85' lang='lat' dir='ltr'><strong><em>etc.</em></strong></span> <span class='ocrx_word' id='word_1_843' title='bbox 2835 5389 2994 5450; x_wconf 84' lang='lat' dir='ltr'><strong><em>Tum.</em></strong></span> <span class='ocrx_word' id='word_1_844' title='bbox 3050 5400 3259 5460; x_wconf 74' lang='lat' dir='ltr'><strong><em>pro;rt.-r</em></strong></span> <span class='ocrx_word' id='word_1_845' title='bbox 3309 5393 3514 5446; x_wconf 82' lang='lat' dir='ltr'><strong><em>re-bum</em></strong></span> 
     </span>
    </p>
   </div>
   <div class='ocr_carea' id='block_1_127' title="bbox 1927 5459 3516 5536">
    <p class='ocr_par' dir='ltr' id='par_1_127' title="bbox 1927 5459 3516 5536">
     <span class='ocr_line' id='line_1_127' title="bbox 1927 5459 3516 5536; baseline 0.004 -23"><span class='ocrx_word' id='word_1_846' title='bbox 1927 5461 2299 5536; x_wconf 27' lang='lat' dir='ltr'><strong><em>tuuvaiviﬁca</em></strong></span> <span class='ocrx_word' id='word_1_847' title='bbox 2330 5477 2424 5514; x_wconf 89' lang='lat' dir='ltr'><strong><em>nte.</em></strong></span> <span class='ocrx_word' id='word_1_848' title='bbox 2461 5459 2633 5536; x_wconf 65' lang='lat' dir='ltr'><strong><em>Longe</em></strong></span> <span class='ocrx_word' id='word_1_849' title='bbox 2647 5475 2689 5536; x_wconf 88' lang='lat' dir='ltr'><strong><em>_a_</em></strong></span> <span class='ocrx_word' id='word_1_850' title='bbox 2707 5459 3058 5536; x_wconf 82' lang='lat' dir='ltr'><strong><em>peccatoribus</em></strong></span> <span class='ocrx_word' id='word_1_851' title='bbox 3077 5463 3242 5529; x_wconf 86' lang='lat' dir='ltr'><strong><em>salus,</em></strong></span> <span class='ocrx_word' id='word_1_852' title='bbox 3272 5464 3516 5536; x_wconf 82' lang='lat' dir='ltr'><strong><em>quoniam</em></strong></span> 
     </span>
    </p>
   </div>
   <div class='ocr_carea' id='block_1_128' title="bbox 1920 5529 3520 5603">
    <p class='ocr_par' dir='ltr' id='par_1_128' title="bbox 1920 5529 3520 5603">
     <span class='ocr_line' id='line_1_128' title="bbox 1920 5529 3520 5603; baseline 0.001 -18"><span class='ocrx_word' id='word_1_853' title='bbox 1920 5529 2342 5603; x_wconf 69' lang='lat' dir='ltr'><strong><em>jttstl/icallOItt’s,</em></strong></span> <span class='ocrx_word' id='word_1_854' title='bbox 2390 5541 2495 5585; x_wconf 91' lang='lat' dir='ltr'><strong><em>ctc.</em></strong></span> <span class='ocrx_word' id='word_1_855' title='bbox 2528 5531 2594 5586; x_wconf 80' lang='lat' dir='ltr'><strong><em>Et</em></strong></span> <span class='ocrx_word' id='word_1_856' title='bbox 2641 5529 2995 5586; x_wconf 25' lang='lat' dir='ltr'><strong><em>Mt’serationes</em></strong></span> <span class='ocrx_word' id='word_1_857' title='bbox 3041 5545 3146 5587; x_wconf 76' lang='lat' dir='ltr'><strong><em>tua:</em></strong></span> <span class='ocrx_word' id='word_1_858' title='bbox 3185 5529 3379 5600; x_wconf 69' lang='lat' dir='ltr'><strong><em>multra,</em></strong></span> <span class='ocrx_word' id='word_1_859' title='bbox 3415 5538 3468 5588; x_wconf 87' lang='grc' dir='ltr'><strong><em>Ι).</em></strong></span> <span class='ocrx_word' id='word_1_860' title='bbox 3494 5565 3520 5577; x_wconf 89' lang='lat'><strong>-</strong></span> 
     </span>
    </p>
   </div>
   <div class='ocr_carea' id='block_1_129' title="bbox 1930 5603 3517 5673">
    <p class='ocr_par' dir='ltr' id='par_1_129' title="bbox 1930 5603 3517 5673">
     <span class='ocr_line' id='line_1_129' title="bbox 1930 5603 3517 5673; baseline 0.003 -17"><span class='ocrx_word' id='word_1_861' title='bbox 1930 5605 2084 5667; x_wconf 81' lang='lat' dir='ltr'><strong><em>tuine,</em></strong></span> <span class='ocrx_word' id='word_1_862' title='bbox 2127 5603 2407 5656; x_wconf 80' lang='lat' dir='ltr'><strong><em>secundant</em></strong></span> <span class='ocrx_word' id='word_1_863' title='bbox 2441 5603 2650 5673; x_wconf 68' lang='lat' dir='ltr'><strong><em>judicia</em></strong></span> <span class='ocrx_word' id='word_1_864' title='bbox 2681 5610 2769 5654; x_wconf 84' lang='lat' dir='ltr'><strong><em>tua</em></strong></span> <span class='ocrx_word' id='word_1_865' title='bbox 2818 5604 3016 5671; x_wconf 73' lang='lat' dir='ltr'><strong><em>t&#39;iriﬁca</em></strong></span> <span class='ocrx_word' id='word_1_866' title='bbox 3045 5620 3144 5659; x_wconf 88' lang='lat' dir='ltr'><strong><em>me.</em></strong></span> <span class='ocrx_word' id='word_1_867' title='bbox 3195 5607 3272 5659; x_wconf 85' lang='lat' dir='ltr'><strong><em>Ae</em></strong></span> <span class='ocrx_word' id='word_1_868' title='bbox 3302 5607 3517 5660; x_wconf 83' lang='lat' dir='ltr'><strong><em>demunt</em></strong></span> 
     </span>
    </p>
   </div>
   <div class='ocr_carea' id='block_1_130' title="bbox 1934 5673 3517 5740">
    <p class='ocr_par' dir='ltr' id='par_1_130' title="bbox 1934 5673 3517 5740">
     <span class='ocr_line' id='line_1_130' title="bbox 1934 5673 3517 5740; baseline 0.001 -12"><span class='ocrx_word' id='word_1_869' title='bbox 1934 5677 2106 5728; x_wconf 85' lang='lat' dir='ltr'><strong><em>altero</em></strong></span> <span class='ocrx_word' id='word_1_870' title='bbox 2145 5674 2212 5726; x_wconf 87' lang='lat' dir='ltr'><strong><em>ab</em></strong></span> <span class='ocrx_word' id='word_1_871' title='bbox 2245 5676 2346 5727; x_wconf 86' lang='lat' dir='ltr'><strong><em>ltoc</em></strong></span> <span class='ocrx_word' id='word_1_872' title='bbox 2376 5689 2559 5740; x_wconf 75' lang='lat' dir='ltr'><strong><em>versu,</em></strong></span> <span class='ocrx_word' id='word_1_873' title='bbox 2604 5673 2721 5728; x_wconf 87' lang='lat' dir='ltr'><strong><em>Vidi</em></strong></span> <span class='ocrx_word' id='word_1_874' title='bbox 2748 5677 3038 5731; x_wconf 79' lang='lat' dir='ltr'><strong><em>insensatos</em></strong></span> <span class='ocrx_word' id='word_1_875' title='bbox 3076 5687 3121 5730; x_wconf 92' lang='lat' dir='ltr'><strong><em>et</em></strong></span> <span class='ocrx_word' id='word_1_876' title='bbox 3169 5677 3517 5740; x_wconf 72' lang='lat' dir='ltr'><strong><em>tabescebam,</em></strong></span> 
     </span>
    </p>
   </div>
   <div class='ocr_carea' id='block_1_131' title="bbox 1929 5744 3522 5818">
    <p class='ocr_par' dir='ltr' id='par_1_131' title="bbox 1929 5744 3522 5818">
     <span class='ocr_line' id='line_1_131' title="bbox 1929 5744 3522 5818; baseline 0.003 -20"><span class='ocrx_word' id='word_1_877' title='bbox 1929 5745 2175 5818; x_wconf 83' lang='lat' dir='ltr'><strong><em>quoniam</em></strong></span> <span class='ocrx_word' id='word_1_878' title='bbox 2200 5744 2352 5818; x_wconf 65' lang='lat' dir='ltr'><strong><em>norim</em></strong></span> <span class='ocrx_word' id='word_1_879' title='bbox 2395 5754 2483 5818; x_wconf 81' lang='lat' dir='ltr'><strong><em>tua</em></strong></span> <span class='ocrx_word' id='word_1_880' title='bbox 2507 5761 2610 5800; x_wconf 87' lang='lat' dir='ltr'><strong><em>non</em></strong></span> <span class='ocrx_word' id='word_1_881' title='bbox 2645 5747 3016 5802; x_wconf 83' lang='lat' dir='ltr'><strong><em>custodierunt.</em></strong></span> <span class='ocrx_word' id='word_1_882' title='bbox 3049 5748 3371 5818; x_wconf 56' lang='lat' dir='ltr'><strong><em>Qum-Iccio</em></strong></span> <span class='ocrx_word' id='word_1_883' title='bbox 3413 5749 3522 5803; x_wconf 86' lang='lat' dir='ltr'><strong><em>Au-</em></strong></span> 
     </span>
    </p>
   </div>
   <div class='ocr_carea' id='block_1_132' title="bbox 1931 5815 3532 5889">
    <p class='ocr_par' dir='ltr' id='par_1_132' title="bbox 1931 5815 3532 5889">
     <span class='ocr_line' id='line_1_132' title="bbox 1931 5815 3532 5889; baseline 0.016 -26"><span class='ocrx_word' id='word_1_884' title='bbox 1931 5815 2146 5889; x_wconf 64' lang='lat' dir='ltr'><strong><em>gth‘llllo</em></strong></span> <span class='ocrx_word' id='word_1_885' title='bbox 2161 5817 2335 5889; x_wconf 64' lang='lat' dir='ltr'><strong><em>etiam</em></strong></span> <span class='ocrx_word' id='word_1_886' title='bbox 2359 5816 2642 5889; x_wconf 84' lang='lat' dir='ltr'><strong><em>probatur.</em></strong></span> <span class='ocrx_word' id='word_1_887' title='bbox 2893 5887 2900 5889; x_wconf 12' lang='grc' dir='ltr'>ξ</span> <span class='ocrx_word' id='word_1_888' title='bbox 3074 5815 3091 5818; x_wconf 29' lang='grc' dir='ltr'><strong>θ</strong></span> <span class='ocrx_word' id='word_1_889' title='bbox 3349 5886 3381 5889; x_wconf 83' lang='lat'><strong><em>__</em></strong></span> <span class='ocrx_word' id='word_1_890' title='bbox 3529 5843 3532 5846; x_wconf 88' lang='lat'><strong><em>&#39;</em></strong></span> 
     </span>
    </p>
   </div>
   <div class='ocr_carea' id='block_1_133' title="bbox 2008 5885 3528 5966">
    <p class='ocr_par' dir='ltr' id='par_1_133' title="bbox 2008 5885 3528 5966">
     <span class='ocr_line' id='line_1_133' title="bbox 2008 5885 3528 5966; baseline -0.003 -16"><span class='ocrx_word' id='word_1_891' title='bbox 2008 5895 2032 5937; x_wconf 73' lang='grc' dir='ltr'>ε</span> <span class='ocrx_word' id='word_1_892' title='bbox 2075 5886 2132 5950; x_wconf 87' lang='lat' dir='ltr'><strong><em>lu</em></strong></span> <span class='ocrx_word' id='word_1_893' title='bbox 2159 5885 2457 5947; x_wconf 80' lang='lat' dir='ltr'><strong><em>Veronensi</em></strong></span> <span class='ocrx_word' id='word_1_894' title='bbox 2487 5901 2618 5962; x_wconf 82' lang='lat' dir='ltr'><strong><em>ms.,</em></strong></span> <span class='ocrx_word' id='word_1_895' title='bbox 2647 5887 2920 5963; x_wconf 77' lang='lat' dir='ltr'><strong><em>trepidavit</em></strong></span> <span class='ocrx_word' id='word_1_896' title='bbox 2951 5904 3063 5966; x_wconf 43' lang='lat' dir='ltr'><strong><em>eor-</em></strong></span> <span class='ocrx_word' id='word_1_897' title='bbox 3094 5904 3282 5948; x_wconf 87' lang='lat' dir='ltr'><strong><em>meum.</em></strong></span> <span class='ocrx_word' id='word_1_898' title='bbox 3334 5886 3528 5947; x_wconf 49' lang='grc' dir='ltr'><strong><em>Επαι-</em></strong></span> 
     </span>
    </p>
   </div>
  </div>
