4090 6338
246 342 338 405 56!

245 458 392 517 bitavi
428 474 548 513 cum
584 454 939 512 habitantibus
977 453 1147 512 Cedar
1172 452 1215 512 ':

244 556 409 612 anima
431 571 569 609 mea.

308 645 437 703 Cum
465 647 547 702 Itis
576 647 664 718 qui
701 646 925 701 oderunt
981 661 1183 717 pacem,
1209 661 1353 701 eram
1390 643 1637 717 paciﬁcus
1670 659 1687 699 :
1718 660 1835 699 cum

244 742 483 815 loquebar
507 741 636 811 illis,
669 741 1044 814 impugnabant
1073 757 1156 795 me
1189 751 1214 779 ει
1248 755 1307 796 σξκ
1336 739 1498 811 gratis
1535 741 1558 810 ζ

1519 339 1720 399 LIBER
1764 341 1846 401 PS
1856 342 1887 398 .\
1898 339 2210 403 LMORUM.

1262 454 1483 511 multum
1526 454 1700 511 incola
1730 455 1829 526 fuit
1855 457 1908 517 Α
1936 454 2166 510 babitavi
2216 468 2339 509 cum
2391 450 2761 511 habitantibus
2816 452 2992 511 Cedar
3024 468 3039 509 :
3070 451 3296 509 multum
3347 452 3528 510 incola

1943 548 2041 603 luit
2068 547 2243 602 anima
2271 562 2409 604 mea.

3422 336 3532 399 ’562

2015 640 2148 696 Cum
2173 639 2254 695 bis
2284 641 2376 711 qui
2403 639 2635 697 oderunt
2668 638 2798 713 [Ms.
2833 638 3082 711 oderant]
3120 655 3330 710 pacem,
3379 655 3530 695 eram

1945 732 2197 804 paciﬁcus
2234 732 2402 790 :dum
2436 732 2565 805 [Ms.
2590 733 2736 805 cum]
2781 733 3042 804 loquebar
3072 732 3200 802 illis,
3252 733 3536 804 impugna-

1945 827 2075 884 bant
2103 842 2191 884 me
2215 827 2403 900 gratis.

1624 921 1943 983 PSALMUS
1980 921 2149 980 CXX.

738 1038 1003 1082 CANTICUM
1055 1038 1330 1081 (ςιιλυυωί.

307 1118 495 1175 Levatu
518 1118 698 1175 oculos
724 1134 865 1173 meos
894 1118 946 1172 in
988 1127 1182 1173 montes
1225 1132 1243 1173 :
1285 1115 1424 1172 unde
1466 1115 1630 1171 veniet
1686 1114 1838 1169 auxi-

249 1218 373 1273 lium
405 1218 531 1273 mihi
547 1220 571 1272 ?

308 1310 581 1365 Auxilium
608 1326 777 1366 meum
806 1326 837 1365 a
861 1307 1084 1365 Domino
1112 1323 1132 1368 :
1160 1308 1251 1382 qui
1300 1310 1425 1382 fecit
1449 1312 1633 1366 malum
1663 1318 1709 1366 et
1739 1318 1839 1365 ter-

243 1417 375 1458 ram.

312 1494 441 1550 Non
464 1494 551 1549 det
572 1496 629 1550 in
657 1496 1049 1551 commotionem
1078 1496 1259 1567 pedem
1306 1504 1450 1551 tuum
1479 1511 1497 1551 :
1529 1512 1690 1568 neque
1716 1496 1840 1550 dor—

244 1594 383 1647 mitet
413 1593 503 1664 qui
534 1593 760 1647 custodit
788 1602 856 1648 te.

308 1686 447 1741 Ecce
473 1703 578 1741 non
606 1686 929 1754 dormitabit,
973 1702 1137 1758 neque
1184 1687 1430 1757 dormiet,
1475 1688 1565 1759 qui
1614 1687 1840 1742 custodit

251 1778 419 1835 Israel
439 1778 496 1834 ι).
724 1779 739 1788 ’

2448 1031 2713 1074 CANTICUM
2752 1032 3023 1075 GRADUUM.

2016 1108 2213 1167 Levavi
2237 1111 2424 1167 oculos
2447 1126 2597 1168 meos
2621 1112 2687 1167 ad
2712 1121 2925 1168 montes
2957 1130 2971 1166 :
3009 1111 3154 1167 unde
3181 1111 3363 1168 veniet
3381 1112 3537 1169 auxi—

1946 1202 2079 1258 lium
2104 1202 2272 1257 mihi?

2020 1295 2295 1353 Auxilium
2322 1311 2507 1373 meum
2560 1311 2591 1353 a
2648 1295 3039 1371 Dominozqni
3085 1298 3217 1356 fecit
3262 1299 3459 1358 etelum
3484 1308 3539 1357 et

1949 1397 2093 1447 terra
2102 1406 2151 1447 m
2161 1431 2176 1446 .

2014 1484 2134 1541 Non
2158 1492 2183 1521 θ
2207 1484 2299 1541 det
2325 1485 2378 1541 in
2408 1486 2834 1542 commotionem
2889 1487 3079 1559 pedem
3130 1497 3278 1544 tuum
3315 1505 3329 1545 :
3362 1502 3540 1559 neque

1944 1575 2255 1635 obdormiet
2281 1578 2373 1649 qui
2404 1577 2643 1634 custodit
2673 1588 2749 1634 te.

2018 1670 2160 1726 Ecce
2184 1686 2294 1726 non
2319 1670 2633 1727 dormitabit
2663 1687 2842 1745 neque
2881 1672 3212 1739 obdormiet,
3246 1672 3337 1745 qui
3363 1680 3545 1730 custo-

1948 1763 2030 1821 dit
2057 1764 2249 1822 Israel.

314 1872 573 1927 Dominus
600 1872 824 1927 custodit
854 1881 921 1940 te,
951 1869 1209 1929 Dominus
1246 1873 1493 1953 protectio
1523 1879 1636 1941 tua,
1684 1887 1842 1943 super
1870 1858 1920 1920 B
2016 1861 2281 1918 Dominus
2305 1862 2543 1917 custodit
2570 1870 2643 1931 te,
2681 1861 2943 1919 Dominus
2975 1863 3240 1935 proiectio
3292 1871 3408 1933 tuo,
3451 1879 3542 1919 su-

248 1984 455 2022 manum
473 1968 739 2023 dexteram
768 1976 931 2021 tuam.

318 2060 423 2117 Per
450 2061 587 2116 diem
613 2059 697 2115 sol
728 2077 831 2115 non
863 2070 972 2116 uret
1000 2069 1092 2116 te:
1124 2076 1284 2132 neque
1304 2059 1432 2115 luna
1462 2076 1551 2133 per
1574 2069 1791 2116 noctem.

320 2236 576 2293 Dominus
602 2235 834 2291 custodit
868 2244 915 2289 te
943 2233 1009 2289 ab
1050 2234 1189 2290 omni
1220 2232 1358 2290 malo
1400 2249 1417 2289 :
1446 2234 1706 2290 custodiat
1735 2233 1849 2289 ani.

253 2347 386 2385 mam
418 2339 557 2384 tuam
600 2343 663 2383 -εκ
699 2325 950 2382 Dominus
995 2326 1015 2397 ζ

218 2426 227 2431 ”
320 2424 577 2479 Dominus
599 2423 859 2478 custodiat
879 2421 1154 2476 introitum
1173 2431 1339 2493 tuum,
1370 2430 1420 2477 et
1447 2422 1643 2479 exitum
1666 2431 1811 2477 tuum
1829 2435 1849 2476 :

262 2534 320 2574 es:
346 2518 442 2572 hoc
471 2533 633 2585 nunc,
658 2526 705 2571 et
731 2531 890 2588 usque
918 2516 972 2570 in
988 2514 1258 2571 sarculum.

1953 1970 2051 2026 per
2082 1968 2300 2010 manum
2330 1953 2575 2011 dextera:
2606 1963 2735 2010 tuas.

2023 2047 2129 2103 Per
2178 2046 2322 2103 diem
2365 2047 2449 2104 sol
2506 2063 2613 2104 non
2662 2057 2797 2113 uret.
2846 2058 2897 2105 te
2950 2068 2963 2102 :
3013 2064 3189 2123 neque
3242 2049 3368 2107 luna
3450 2066 3548 2123 per

1953 2150 2193 2197 noctem.

2031 2235 2295 2291 Dominus
2320 2236 2559 2293 custodit
2583 2247 2635 2293 te
2657 2238 2726 2296 ab
2748 2239 2893 2294 omni
2915 2240 3080 2311 malo,
3111 2240 3381 2297 custodiat
3414 2240 3544 2313 [31s.

1955 2327 2216 2401 custodit]
2243 2329 2480 2385 animam
2517 2340 2662 2385 tuam
2689 2331 2970 2388 Dominus.

2028 2420 2292 2476 Dominus
2334 2421 2605 2477 custodiat
2688 2423 2973 2480 introitum
3021 2434 3170 2481 tuum
3234 2434 3289 2482 et
3337 2427 3546 2483 exitum

1956 2523 2104 2571 tuum
2132 2532 2147 2571 :
2171 2530 2237 2571 ex
2269 2514 2377 2572 hoc
2404 2532 2569 2585 nunc,
2604 2526 2657 2574 et
2685 2532 2859 2589 usque
2890 2520 2944 2574 in
2977 2520 3264 2576 smculum.

1613 2604 1931 2665 PSALMUS
1967 2605 2158 2664 CXXI.

748 2720 849 2761 CAN
859 2718 1021 2760 τιαυιι
1062 2717 1335 2759 GRADUUI.
1410 2760 1419 2768 ,

324 2799 553 2855 Lanatus
610 2815 727 2853 sum
777 2800 832 2853 in
870 2799 950 2854 Iris
976 2815 1093 2871 qua:
1140 2798 1281 2853 dicta
1301 2805 1421 2853 sunt
1450 2796 1580 2852 mihi
1623 2796 1718 2852 :in
1749 2796 1847 2851 do-

262 2911 394 2948 mum
418 2893 539 2966 [ΜΒ.
576 2892 757 2963 domo]
778 2890 994 2948 Domini
1018 2892 1227 2946 ibimus.

325 2986 542 3043 Stantes
563 2997 708 3042 erant
732 2985 886 3059 pedes
912 2986 1095 3052 nostri,
1129 2985 1185 3039 in
1210 2985 1360 3040 atriis
1405 2985 1510 3039 tuis
1543 2995 1565 3024 ο
1694 2981 1850 3039 Jeru-

262 3082 413 3137 salem
440 3084 464 3152 ζ

2459 2717 2726 2758 εΑΝΤΙΟΠΜ
2780 2717 3053 2760 ΩΒΑῺῊΗΜ.

2027 2797 2269 2855 Lactatus
2301 2796 2319 2835 τ
2354 2813 2474 2854 sum
2500 2798 2554 2853 in
2578 2797 2662 2854 bis
2683 2812 2802 2870 qua:
2831 2797 2974 2854 dicta
3000 2806 3126 2854 sunt
3154 2798 3285 2854 mibi
3322 2815 3337 2855 :
3369 2798 3423 2855 in
3451 2798 3549 2856 do-

1957 2907 2105 2948 mum
2126 2891 2345 2948 Domini
2368 2891 2583 2948 ibimus.

2027 2986 2244 3042 Stantes
2274 2994 2429 3041 erant
2454 2985 2618 3056 pedes
2643 2984 2838 3051 nostri,
2861 2985 3082 3041 inatriis
3103 2985 3210 3041 tuis
3221 2985 3560 3044 Jerusalem.

2028 3077 2330 3134 Jerusalem
2356 3094 2475 3149 qua:
2498 3076 2794 3133 aediﬁcatur
2820 3088 2876 3134 ut
2916 3079 3113 3135 civitas
3158 3096 3169 3134 :
3206 3079 3357 3150 cujus
3391 3079 3563 3151 parti-

324 3173 637 3241 Jerusalem,
660 3189 777 3246 qua:
803 3174 1096 3244 tediﬁcatur
1125 3182 1182 3228 ut
1230 3172 1412 3227 civitas
1448 3189 1463 3228 :
1491 3172 1642 3242 cujus
1686 3169 1852 3242 parti-
1880 3182 1928 3248 ο
1960 3171 2162 3243 cipatio
2193 3170 2315 3241 ejus
2342 3171 2394 3227 in
2430 3171 2691 3242 idipsum.

266 3268 450 3338 cipatio
480 3270 595 3341 ejus
625 3267 680 3322 in
704 3268 957 3335 idipsum.

330 3360 468 3415 Illuc
495 3361 632 3416 enim
651 3359 993 3415 ascenderunt
1039 3360 1224 3428 tribus,
1258 3358 1423 3416 tribus
1460 3356 1670 3412 Domini
1711 3357 1856 3412 testi-

267 3456 482 3510 monium
506 3452 677 3510 Israel
705 3454 773 3509 ad
799 3454 1152 3524 conﬁtendum
1175 3453 1372 3508 nomini
1405 3450 1636 3506 Domini.

334 3547 467 3614 Quia
494 3546 605 3600 illic
630 3546 871 3601 sederunt
923 3546 1071 3601 sedes
1116 3546 1172 3600 in
1194 3546 1422 3618 judicio,
1471 3543 1616 3598 sedes
1663 3558 1715 3597 -ι-
1769 3558 1857 3597 su-

267 3656 350 3713 per
377 3641 401 3709 ζ
429 3640 645 3694 domum
672 3636 866 3694 David.

333 3734 533 3805 Rogata
563 3748 624 3788 -εν
650 3750 766 3804 qua:
791 3734 861 3787 ad
899 3734 923 3804 ζ
975 3749 1152 3805 pacem
1191 3747 1251 3788 σξη
1307 3740 1428 3787 sunt
1472 3729 1763 3787 Jerusalem
1794 3744 1857 3787 οε-

269 3822 293 3864 δ
317 3836 364 3881 et
398 3828 421 3895 ζ
455 3826 781 3883 abundantia
810 3826 1154 3899 diligentibus
1182 3835 1251 3880 te.

334 3915 457 3973 Fiat
480 3935 586 3991 pax
611 3921 667 3974 in
693 3920 885 3976 virtute
910 3926 1023 3987 tua,
1047 3928 1097 3974 et
1130 3920 1153 3989 ζ
1192 3918 1515 3974 abundantia
1540 3920 1594 3974 in
1636 3916 1863 3973 turribus

277 4012 393 4069 tuis.
414 4012 417 4015 ’

339 4104 565 4178 Pr0pter
608 4108 795 4178 fratres
838 4122 1003 4177 meos,
1052 4115 1101 4162 et
1131 4106 1399 4179 proximos
1429 4122 1588 4177 meos,
1620 4105 1866 4178 loquebar

278 4217 451 4273 pacem
480 4202 545 4255 de
572 4208 645 4257 te.

348 4292 579 4368 PrOpter
603 4294 815 4352 domum
861 4294 1075 4352 Domini
1124 4293 1225 4351 Dei
1271 4295 1435 4351 nostri
1475 4293 1685 4366 quwsivi
1732 4292 1867 4348 bona

284 4390 386 4445 tibi.

2036 3262 2477 3335 llluc[Ms.illic]
2524 3264 2669 3319 enim
2716 3265 3079 3323 ascenderunt
3130 3265 3327 3334 tribus,
3381 3265 3559 3322 tribus

1966 3356 2181 3413 Domini
2215 3357 2584 3414 testimonium
2638 3357 2807 3417 Israel
2833 3358 2902 3416 ad
2924 3360 3293 3417 conﬁtendum
3348 3359 3557 3418 nomini

1966 3460 2087 3519 tuo,
2118 3449 2367 3507 Domine.

2037 3543 2171 3611 Quia
2197 3542 2307 3599 illic
2336 3542 2597 3601 sederunt
2619 3543 2777 3601 sedes
2828 3545 2882 3600 in
2921 3544 3151 3616 judicio,
3201 3545 3363 3603 sedes
3393 3560 3561 3618 super

1966 3637 2185 3693 domum
2209 3636 2399 3692 David.
2536 3638 2549 3649 ‘

2039 3727 2245 3800 Rogate
2276 3743 2398 3799 qua:
2418 3727 2484 3783 ad
2508 3743 2696 3800 pacem
2723 3740 2854 3788 sunt
2893 3731 3200 3790 Jerusalem

1968 3819 2149 3876 dantia
2174 3820 2527 3891 diligentibus
2558 3832 2632 3878 te.

2042 3914 2164 3969 Fiat
2194 3929 2299 3985 pax
2329 3913 2385 3971 in
2416 3914 2614 3973 virtute
2659 3925 2772 3987 tua,
2795 3924 2851 3973 et
2867 3917 3198 3974 abundantia
3229 3919 3282 3976 in
3311 3920 3558 3977 turribus

1974 4010 2101 4067 tuis.

2043 4101 2273 4173 Propter
2295 4101 2491 4160 fratres
2521 4117 2695 4173 meos,
2745 4111 2801 4161 et
2855 4106 3132 4177 proximos
3159 4120 3331 4176 meos,
3364 4106 3553 4177 loque-

1970 4196 2070 4253 bar
2094 4210 2288 4268 pacem
2313 4196 2381 4253 de
2409 4205 2481 4253 te.
3556 4194 3561 4197 ’

2039 4288 2108 4345 Ει
2136 4300 2360 4362 propter
2381 4289 2602 4371 domum
2634 4287 2852 4349 Domini
2890 4290 2987 4349 Dei
3013 4292 3142 4363 mei,
3173 4294 3399 4366 qutcsivi
3423 4293 3565 4351 bona

1970 4384 2088 4442 tibi.

3248 3752 3259 3788 :
3304 3742 3358 3792 et
3396 3734 3569 3792 abun-

1653 4477 1972 4539 PSALMUS
2012 4478 2229 4536 CXXII.

784 4590 1050 4634 CANTICUM
1089 4590 1367 4634 GRADUUM.

354 4669 432 4724 Ad
455 4680 505 4725 te
534 4669 698 4725 let'avi
729 4672 903 4724 oculos
933 4688 1093 4741 meos,
1116 4671 1204 4742 qui
1223 4669 1424 4723 habitas
1454 4665 1509 4720 in
1536 4663 1697 4721 cretis.

354 4763 487 4818 Ecce
507 4764 639 4817 sicut
671 4763 810 4817 oculi
832 4779 1115 4831 servorum,
1171 4764 1225 4818 in
1278 4760 1514 4816 manibus
1545 4760 1871 4815 dominorum

292 4868 514 4909 suorum.

358 5025 383 5052 ιι
412 5013 771 5071 Caret'obelo
800 5022 1079 5083 postrema
1105 5027 1212 5083 vox
1235 5012 1424 5069 isthmc
1447 5012 1499 5069 in
1528 5013 1701 5069 Palat.
1730 5028 1836 5069 ms.

360 5086 388 5123 δ
417 5088 491 5141 De
519 5102 620 5140 suo
644 5082 993 5141 addit’Palat.
1023 5101 1129 5139 ms.
1161 5082 1489 5154 Diapsalma.

363 5169 383 5196 ο
414 5157 729 5214 Necessaria
763 5156 1008 5212 asterisci
1037 5168 1165 5211 nota
1194 5156 1367 5211 Palat.
1403 5172 1504 5212 ms.
1545 5166 1717 5212 caret.
1753 5156 1876 5211 Mox

295 5225 409 5283 Illic
428 5232 586 5294 enim,
612 5244 711 5299 pro
729 5226 869 5283 Illuc
899 5230 1028 5299 legit
1056 5248 1068 5283 :
1103 5227 1339 5298 denique
1369 5228 1525 5283 alteri
1545 5229 1721 5283 versui
1750 5229 1878 5283 sub-

296 5299 458 5353 iuneit
487 5299 822 5353 Dinnsalma.
1700 5316 1703 5317 '

577 5316 822 5352 msatma.
1700 5316 1703 5317 ⁷

292 5309 458 5369 jungit
487 5309 822 5371 Diupsatma.
1700 5316 1703 5317 '

320 5441 324 5442 ί
357 5369 383 5407 ἀ
416 5371 609 5425 lstbaac
635 5381 684 5425 et
707 5370 906 5442 copula
936 5387 1111 5442 neque
1136 5372 1188 5426 in
1219 5368 1452 5442 Palatin.
1489 5383 1591 5423 ms.
1617 5368 1876 5442 nequcin

303 5441 467 5497 Graeci
499 5441 857 5497 Alexandrini
885 5441 1092 5498 codicis
1135 5458 1339 5506 nupera
1383 5441 1622 5496 editione
1664 5441 1880 5511 jugula-

301 5523 415 5568 tur:
462 5529 565 5569 nec
605 5529 668 5568 re
695 5522 873 5569 tamen
904 5530 1029 5569 vera
1063 5514 1113 5567 in
1138 5513 1301 5567 llebr.
1329 5522 1409 5566 est
1456 5522 1622 5567 textu.

367 5595 389 5621 θ
420 5586 521 5641 Ms.
549 5585 903 5650 Veronensis,
934 5585 1017 5639 Ne
1046 5584 1134 5638 des
1154 5584 1224 5637 ad
1256 5581 1679 5655 commovendum
1701 5584 1883 5655 pedem

297 5666 459 5721 tuum,
489 5672 654 5728 neque
704 5657 893 5711 dormit
930 5656 1052 5727 (pro
1092 5653 1355 5728 dormitet)
1384 5655 1477 5728 qui
1526 5653 1749 5728 custodit
1790 5664 1836 5708 te
1866 5670 1884 5707 :

299 5733 464 5783 I‘erme
486 5724 610 5783 cum
643 5730 876 5795 August.
910 5724 965 5779 ut
1011 5735 1063 5781 et
1096 5726 1241 5796 quod
1289 5724 1460 5780 semel
1484 5734 1649 5795 atque
1690 5727 1887 5782 iterum

308 5799 525 5867 dicitur,
550 5798 805 5853 Dominus
830 5797 1080 5852 custodiet
1107 5806 1175 5867 te,
1207 5812 1305 5867 pro
1338 5797 1582 5867 custodit.

365 5869 382 5909 ί
414 5866 547 5928 Cum
596 5873 822 5939 August.
860 5866 1167 5924 Veronens.
1208 5866 1283 5924 in.
1337 5866 1664 5926 Jocundatus
1703 5886 1722 5927 :
1760 5884 1893 5943 quo-

574 5963 849 6026 ΡΔΤιιοι..
896 5958 1141 6025 XXIX.

1892 4573 1948 4633 D

2476 4589 2746 4631 CANTlCUII
2795 4589 3066 4632 GRADUUH.
3558 4645 3568 4652 _

2051 4666 2131 4722 Ad
2165 4674 2217 4722 te
2245 4667 2420 4722 levavi
2447 4666 2635 4722 oculos
2663 4682 2837 4736 meos,
2862 4670 2951 4738 qui
2981 4669 3194 4723 habitas
3223 4669 3278 4723 in
3302 4671 3462 4726 coelo.

2052 4757 2195 4814 Ecce
2224 4756 2367 4813 sicut
2395 4754 2543 4811 oculi
2573 4771 2857 4813 servorum
2886 4758 2942 4814 in
2975 4768 3001 4807 ις
3028 4758 3279 4815 manibus
3330 4741 3579 4817 domino;

1980 4865 2100 4907 rum
2133 4864 2375 4906 suorum.
2394 4928 2407 4936 ν

1983 5026 2131 5077 cum,
2157 5011 2507 5083 subsequenti
2533 5027 2715 5080 versu,
2737 5015 2837 5068 tuis
2861 5022 3024 5069 tacet.
3049 5014 3113 5068 Et
3130 5014 3398 5084 postduos
3421 5016 3582 5081 alios,

1986 5084 2245 5157 Quoniam
2263 5086 2345 5157 _ibi
2374 5086 2633 5157 sederunt
2673 5085 2819 5139 sedes
2849 5101 3005 5157 super
3034 5085 3275 5139 thronum
3328 5090 3579 5157 (August.

1984 5156 2217 5227 domum)
2246 5153 2440 5227 David,
2473 5154 2804 5227 Interrogute
2848 5153 2985 5227 quia,
3015 5166 3147 5217 etc..
3182 5167 3229 5210 et
3259 5153 3585 5214 abundantia

1986 5228 2090 5293 his,
2116 5226 2203 5295 qui
2233 5224 2465 5298 diligunt
2500 5237 2567 5280 te.
2601 5224 2869 5297 Denique,
2898 5226 3120 5298 Propter
3142 5230 3333 5299 fratres
3374 5247 3512 5285 meos
3536 5243 3585 5286 et

1986 5299 2472 5421 propinguosmteos
2504 5298 2754 5368 loquebar
2801 5315 2979 5367 pacem
3016 5300 3081 5354 de
3118 5298 3184 5354 te.
3228 5300 3453 5373 Propter
3484 5304 3587 5356 do-

1987 5386 2131 5421 mum
2215 5385 2397 5421 ommt.
2428 5378 2534 5421 etc.
3043 5398 3051 5405 -

1987 5386 2131 5422 mum
2165 5370 2397 5431 Domini,
2428 5378 2534 5424 etc.
3043 5398 3051 5405 -

2062 5450 2087 5515 ιξ
2112 5439 2281 5515 Iidem
2317 5439 2440 5493 libri
2467 5441 2523 5515 in
2553 5456 2739 5515 manus
2794 5439 2996 5515 hocet
3019 5444 3372 5515 subsequenti
3401 5460 3586 5504 versu.

1992 5511 2083 5567 ubi
2147 5512 2378 5581 legunt,
2439 5512 2512 5565 sic
2559 5513 2697 5565 oculi
2754 5513 2919 5567 nostri
2962 5514 3031 5567 ad
3087 5511 3366 5570 Dominum
3425 5516 3594 5571 Deum

1993 5590 2227 5656 nostrum
2246 5598 2507 5653 quousque
2521 5581 2641 5656 μοι
2661 5584 3045 5656 quoadusque)
3072 5588 3376 5643 misereatur
3403 5591 3586 5642 nostri.

1998 5651 2244 5725 Miserere
2272 5651 2461 5725 nostri,
2509 5651 2756 5723 Domine,
2805 5651 3046 5710 miserere
3074 5660 3236 5712 nostri
3279 5676 3297 5713 :
3346 5661 3589 5725 quoniam

1995 5724 2221 5800 multum
2250 5722 2439 5800 repleti
2463 5742 2641 5779 sumus
2672 5722 3023 5796 despectione.
3072 5729 3139 5782 In
3192 5722 3474 5800 plurimum
3506 5746 3595 5781 re-

2000 5796 2139 5873 pleta
2172 5802 2244 5847 est
2267 5795 2440 5873 anima
2468 5806 2665 5873 nostra,
2710 5795 3053 5873 opprobrium
3078 5802 3151 5856 eis
3176 5795 3265 5870 qui
3303 5802 3594 5865 abundant,

2000 5865 2049 5925 et
2080 5865 2337 5935 despectio
2363 5867 2617 5939 superbis.

3004 5962 3082 6025 12
