4090 6338
189 5628 265 5642 μιν.

531 321 637 380 5ῡό
1530 318 1592 376 S.
1633 313 2019 375 IllERONYMl
2056 312 2292 375 DIVINA
2329 311 2805 371 BlBLIOTHECA.
3712 310 3819 370 364

596 440 747 497 Sicut
790 438 926 495 oculi
963 437 1171 494 ancillae
1216 439 1272 493 in
1319 435 1553 491 manibus
1595 434 1821 490 domina:
1863 447 1972 489 sua:
2002 448 2020 486 :
2048 430 2124 486 ita
2150 430 2206 495 Α
2302 429 2374 486 Et
2397 430 2538 487 sicut
2560 429 2709 487 oculi
2755 427 2970 486 ancilla:
3005 428 3061 485 in
3101 427 3350 488 manibus
3378 428 3616 497 domina:
3658 439 3771 497 sua:
3797 444 3818 483 :

526 533 664 589 oculi
694 533 856 587 nostri
876 533 945 586 ad
974 531 1259 588 Dominum
1297 529 1469 586 Deum
1509 539 1743 586 nostrum
1769 544 1787 581 :
1812 527 1973 582 donec
2021 525 2121 580 mi-

522 634 757 681 sereatur
787 624 951 679 nostri
974 633 1022 678 ιι.

596 716 845 772 Miserere
870 715 1056 785 nostri,
1089 706 1330 784 Domine,
1354 715 1596 772 miserere
1620 713 1816 771 nostri:
1840 713 1962 785 quia
1983 710 2120 766 mul-

524 817 631 863 tum
657 806 841 881 repleti
863 824 1045 864 sumus
1065 808 1414 878 despectione.

600 915 659 956 -ξπ
699 900 833 967 Quia
860 901 883 971 ζ
915 902 1136 955 multum
1162 900 1363 971 repleta
1387 910 1460 955 est
1484 900 1662 954 anima
1684 908 1860 954 nostra
1888 916 1907 955 :
1930 914 2125 975 oppro-

524 994 689 1051 brium
716 994 1098 1052 abundantibus
1118 1006 1167 1050 et
1194 994 1450 1067 despectio
1472 993 1727 1067 superbis.
2002 978 2011 991 ’

2230 522 2306 579 ita
2334 521 2478 579 oculi
2509 522 2681 579 nostri
2703 521 2771 577 ad
2803 520 3090 578 Dominum
3138 520 3307 578 Deum
3343 529 3612 589 nostrum,
3643 518 3819 577 donec

2230 613 2561 670 misereatur
2576 613 2755 669 nobis.

2302 707 2562 763 Miserere
2609 706 2789 774 nobis,
2843 704 3094 776 Domine,
3136 703 3397 764 miserere
3445 704 3652 763 nobis:
3697 704 3821 778 quia

2227 802 2456 857 multum
2487 799 2681 870 repleti
2712 815 2902 857 sumus
2930 788 3363 871 contemptione.

2300 893 2365 951 Et
2396 892 2627 951 multum
2650 892 2855 964 repleta
2883 902 2969 949 est
2991 894 3172 948 anima
3198 901 3385 950 nostra
3417 909 3431 949 :
3465 891 3820 965 opprobrium

2226 986 2639 1043 abundantibus
2661 995 2715 1043 et
2741 986 3025 1067 despectio
3053 985 3325 1079 superbis.

1790 1088 1793 1091 ’
1879 1083 2204 1145 PSALMUS
2239 1080 2474 1141 CXXIII.

1886 1156 1891 1163 ι

1030 1200 1299 1242 CANTICUII
1337 1199 1608 1241 GRADUUH.

548 1280 553 1287 ’
602 1279 723 1334 Nisi
756 1293 817 1335 ’ἰν
846 1280 875 1318 b
907 1278 1077 1351 quia:
1112 1278 1365 1333 Dominus
1395 1290 1504 1335 erat
1546 1279 1600 1332 in
1623 1277 1793 1347 nobis,
1826 1276 1962 1339 dicat
1988 1292 2123 1337 nunc

533 1370 749 1429 Israel?
773 1373 875 1427 nisi
909 1386 967 1427 σθ
999 1373 1124 1444 quia
1150 1370 1171 1440 ζ
1205 1368 1464 1427 Dominus
1495 1370 1675 1427 eratin
1702 1368 1869 1426 nobis.

593 1550 725 1607 Cum
753 1557 1088 1624 exsurgerent
1113 1549 1345 1606 homines
1388 1550 1444 1606 in
1489 1539 1586 1624 nos
1614 1564 1634 1606 :
1666 1549 1801 1621 forte
1842 1548 1979 1605 vivos
2027 1547 2122 1605 de-

523 1642 794 1716 glutissent
822 1622 943 1699 nos.
1514 1622 1539 1637 '

594 1737 723 1792 Cum
754 1737 1063 1792 irasceretur
1093 1736 1242 1808 [uror
1262 1751 1442 1792 eorum
1466 1736 1519 1791 in
1551 1751 1647 1791 nos
1678 1750 1696 1789 :
1738 1734 1959 1807 forsitan
1986 1751 2122 1811 aqup

521 1830 870 1885 absorbuisset
896 1847 1011 1885 nos.

596 1921 900 1977 Torrentem
942 1933 963 1961 ε
1003 1921 1333 1995 pertransivit
1377 1921 1554 1975 anima
1595 1929 1773 1976 nostra
1816 1936 1835 1975 :
1893 1921 2121 1993 forsitan

520 2015 883 2087 pertransisset
911 2012 1090 2067 anima
1113 2022 1294 2067 nostra
1322 2029 1510 2083 aquam
1538 2010 1936 2067 intolerabilem.

592 2103 903 2161 Benedictus
929 2103 1184 2160 Dominus
1216 2122 1236 2162 :
1267 2106 1354 2177 qui
1386 2122 1488 2161 non
1518 2105 1661 2161 dedit
1706 2121 1800 2161 nos
1836 2106 1889 2161 in
1921 2105 2118 2177 captio-

521 2216 637 2254 nctn
667 2199 903 2254 dentibus
933 2216 1134 2254 eorum.

592 2290 780 2345 Anima
810 2299 1004 2356 nostra,
1036 2292 1170 2346 sicut
1197 2302 1397 2362 passer,
1421 2296 1595 2359 erepta
1620 2295 1698 2343 est
1737 2288 1802 2343 de
1829 2287 2012 2361 laqueo
2038 2304 2115 2343 ve-

529 2385 788 2441 nantium.

589 2477 832 2549 Laqueus
861 2475 1111 2532 contritus
1141 2484 1237 2541 est,
1262 2484 1309 2531 et
1334 2490 1428 2531 nos
1456 2474 1658 2531 liberati
1676 2493 1873 2532 sumus.

589 2569 927 2643 Adjutorium
974 2577 1208 2623 nostrum
1245 2568 1300 2624 in
1335 2569 1545 2625 nomine
1572 2568 1787 2625 Domini
1815 2586 1836 2625 :
1865 2569 1956 2641 qui
1994 2566 2118 2641 fecit

506 2663 706 2718 caelum
729 2670 779 2717 et
802 2670 1018 2718 terram.

1032 2861 1304 2903 CANTICUI
1342 2860 1619 2904 GRADUUII.

592 2944 694 3013 Qui
746 2942 1016 3015 conﬁdunt
1057 2942 1114 2996 in
1173 2936 1395 2994 Domino
1450 2941 1583 2995 sicut
1626 2952 1775 2993 mons
1805 2935 1935 2994 Sion
1968 2953 1988 2994 :
2015 2954 2120 2995 non

517 3036 916 3093 commovebitur
943 3035 1000 3091 in
1032 3042 1288 3089 wternum
1322 3032 1412 3104 qui
1452 3027 1697 3087 habitata
1724 3046 1783 3087 σιμ
1818 3033 1872 3086 in
1907 3031 1930 3101 ζ
1961 3030 2120 3088 Jeru-

520 3134 703 3188 solent.

590 3226 794 3282 Montes
821 3226 875 3279 in
902 3222 1125 3278 circuitu
1155 3222 1290 3291 ejus,
1332 3227 1379 3275 et
1405 3217 1660 3274 Dominus
1689 3219 1745 3275 in
1780 3220 2001 3293 circuitu
2030 3238 2121 3296 po.

514 3319 627 3393 puli
650 3318 735 3372 sui
763 3332 782 3371 :
809 3332 878 3372 ea:
893 3317 990 3370 hoc
1018 3329 1155 3368 nunc
1178 3321 1225 3367 et
1251 3326 1414 3383 usque
1445 3311 1500 3365 in
1532 3309 1805 3366 saeculum.

589 3410 726 3479 Quia
753 3423 855 3464 non
881 3405 1134 3477 relinquet
1154 3402 1411 3458 Dominus
1439 3402 1638 3475 virgam
1678 3414 2004 3480 peccatorum
2026 3422 2115 3460 su-

515 3522 607 3576 per
636 3512 823 3559 sortem
864 3505 1129 3574 justorum
1161 3514 1181 3555 :
1209 3507 1268 3554 ut
1306 3514 1413 3553 non
1440 3498 1722 3553 extendant
1754 3501 1878 3563 iusti
1916 3504 1984 3555 ad
2013 3502 2114 3556 iui-

514 3598 763 3670 quitatem
792 3610 976 3650 manus
1002 3609 1148 3649 suas.

585 3688 831 3760 Benefac,
866 3685 1111 3752 Domine,
1142 3682 1320 3750 bonis,
1366 3690 1413 3737 et
1434 3681 1588 3737 rectis
1615 3683 1789 3739 corde.

585 3780 915 3836 Declinantes
950 3790 1122 3833 autem
1154 3776 1224 3830 ad
1254 3773 1629 3847 obligationes,
1670 3775 1897 3832 adducet
1928 3773 2115 3851 Domi-

512 3892 609 3933 nus
634 3891 751 3933 cum
780 3872 1113 3947 operantibus
1140 3871 1499 3943 iniquitatem:
1532 3886 1636 3943 pax
1663 3888 1818 3947 super
1846 3871 2037 3930 Israel.

2728 1191 2997 1232 CANTICUI
3039 1191 3312 1232 GRADUUM.
3498 1248 3505 1253 Δ

2294 1270 2407 1327 Nisi
2436 1269 2581 1340 quod
2614 1268 2742 1344 [‘Ms.
2776 1267 2924 1342 quia]
2952 1270 3214 1325 Dominus
3243 1277 3364 1325 erat
3388 1268 3442 1347 in
3466 1266 3645 1345 nobis,
3680 1267 3827 1343 dicat

2225 1379 2372 1421 nunc
2403 1362 2533 1438 [51s.
2565 1362 2719 1436 vero]
2750 1361 2919 1420 Israel
2951 1378 2967 1417 ε
2999 1363 3103 1420 nisi
3154 1361 3279 1434 quia
3310 1360 3574 1419 Dominus
3616 1372 3734 1417 erat
3769 1361 3825 1437 in

2236 1458 2418 1514 nobis.

2298 1551 2436 1607 Dum
2476 1550 2822 1622 insurgerent
2840 1546 3091 1605 homines
3115 1557 3139 1587 θ
3168 1546 3223 1605 in
3255 1561 3357 1605 nos
3383 1565 3396 1604 :
3423 1546 3646 1604 forsitan
3671 1547 3828 1627 viros

2233 1643 2598 1715 deglutissent
2627 1656 2748 1697 nos.

2300 1736 2434 1791 Dum
2489 1736 2822 1791 irasceretur
2871 1730 3082 1789 animus
3126 1746 3319 1788 eorum
3362 1729 3628 1788 adversus
3673 1743 3827 1787 nos:

2224 1829 2455 1887 forsitan
2480 1829 2629 1884 velut
2652 1841 2793 1898 aqua
2823 1825 3241 1882 absorbuissent
3271 1839 3392 1880 nos.

2297 1924 2627 1979 Torrentem
2664 1919 3023 1991 ’pertransivit
3076 1919 3257 1975 anima
3313 1927 3502 1975 nostra
3548 1917 3824 1972 :forsitan

2151 2043 2200 2104 Β
2228 2014 2618 2087 pertransisset
2640 2011 2818 2067 anima
2845 2018 3029 2072 nostra
3063 2025 3260 2083 aquam
3305 2009 3727 2067 intolerabilem.

2303 2106 2629 2162 Benedictus
2661 2104 2926 2161 Dominus
2946 2121 2961 2162 :
2985 2104 3075 2176 qui
3102 2120 3210 2161 non
3233 2104 3383 2162 dedit
3408 2118 3508 2160 nos
3536 2105 3588 2159 in
3614 2102 3827 2174 captio-

2223 2216 2348 2259 nem
2379 2199 2637 2255 dentibus
2668 2212 2882 2254 eorum.

2294 2293 2488 2351 Anima
2513 2302 2723 2360 nostra,
2765 2291 2907 2347 sicut
2947 2305 3158 2363 passer,
3198 2297 3386 2369 erepta
3419 2300 3503 2367 est
3531 2289 3601 2346 de
3625 2288 3828 2360 laqueo

2223 2386 2561 2444 venantium.

2296 2481 2547 2551 Laqueus
2579 2478 2850 2535 contritus
2874 2488 2958 2535 est
2992 2498 3006 2536 :
3038 2486 3095 2533 et
3124 2490 3225 2533 nos
3256 2473 3475 2533 liberati
3503 2489 3713 2532 sumus.

2294 2572 2646 2642 Adjutorium
2676 2581 2926 2629 nostrum
2956 2571 3011 2628 in
3056 2572 3283 2628 nomine
3306 2570 3536 2643 .Domini
3572 2587 3585 2625 :
3624 2570 3715 2642 qui
3741 2567 3829 2626 fec

2222 2666 2297 2725 cit
2325 2666 2529 2723 caelum
2555 2675 2609 2721 et
2635 2674 2866 2743 terram.

1855 2754 2178 2816 PSALMUS
2221 2759 2459 2818 CXXIV.

2728 2864 2996 2906 CANTICUH
3035 2865 3310 2915 GluDUUII.

2292 2946 2395 3016 Qui
2439 2946 2724 3003 confidunt
2754 2946 2806 3001 in
2839 2946 3071 3002 Domino
3110 2945 3253 3002 sicut
3294 2959 3451 3002 mons
3493 2943 3626 3002 Sion
3662 2961 3675 2999 :
3710 2960 3827 3013 non

2228 3036 2248 3078 τ
2273 3038 2706 3096 commovebitur
2741 3036 2799 3095 in
2832 3050 3128 3108 aeternum,
3158 3036 3249 3110 qui
3275 3034 3489 3093 babitat
3514 3037 3568 3094 in
3601 3036 3830 3094 Jerusa-

2223 3130 2328 3189 lem
2341 3172 2356 3185 .

2293 3225 2506 3281 Montes
2535 3224 2588 3279 in
2617 3223 2850 3279 circuitu
2892 3222 3049 3295 ejus,
3091 3230 3148 3280 et
3185 3222 3448 3280 Dominus
3485 3223 3539 3279 in
3586 3222 3829 3280 circuitu

2139 3301 2187 3366 ο
2221 3319 2406 3392 populi
2431 3320 2515 3375 sui
2551 3337 2565 3377 :
2598 3333 2667 3374 ex
2698 3317 2802 3374 boc
2837 3334 2982 3374 nunc
3008 3327 3064 3374 et
3093 3333 3267 3393 usque
3301 3319 3354 3375 in
3388 3319 3672 3376 saeculum.

2292 3412 2428 3481 Quia
2478 3428 2585 3468 non
2618 3409 2962 3482 derelinquet
3004 3408 3267 3468 Dominus
3304 3412 3512 3487 virgam
3546 3421 3827 3483 peccato—
3866 3397 3877 3405 ’

2220 3523 2367 3575 rum,
2402 3521 2566 3578 super
2593 3516 2794 3561 sortem
2818 3504 3114 3575 iustorum.

2293 3597 2367 3654 Ut
2422 3612 2533 3653 non
2580 3595 2881 3653 extendant
2923 3595 3061 3667 justi
3108 3593 3175 3654 ad
3225 3592 3564 3667 iniquitatem
3618 3610 3826 3652 manus

2216 3703 2345 3746 suas
2378 3705 2391 3744 :
2419 3687 2670 3759 benefac,
2702 3686 2964 3752 Domine,
2996 3687 3155 3744 bonis
3181 3696 3237 3744 et
3266 3686 3430 3744 rectis
3459 3687 3645 3744 corde.

2294 3778 2639 3836 Declinantes
2666 3789 2849 3835 autem
2877 3777 2945 3834 ad
2974 3777 3384 3850 obligationem,
3424 3778 3659 3835 adducet
3707 3779 3825 3835 Do-

2219 3873 2402 3929 minus
2455 3888 2579 3930 cum
2642 3870 2994 3945 operantibus
3046 3870 3381 3945 iniquitatem
3430 3887 3448 3929 :
3490 3886 3595 3945 pax
3648 3887 3823 3953 super

2217 3965 2408 4022 Israel.
3508 3958 3513 3965 ’

1842 4056 2157 4117 PSALMUS
2193 4058 2406 4118 CXXV.

1010 4162 1281 4207 CANTICUII
1318 4162 1597 4206 αιυωυωί.

581 4247 652 4302 In
688 4243 1038 4301 convertenda
1067 4243 1326 4301 Dominus
1359 4243 1707 4315 captivitatem
1746 4242 1883 4299 Sion
1915 4259 1933 4298 :
1978 4245 2105 4316 {acti

503 4357 684 4396 sumus
712 4340 844 4394 sicut
868 4337 1145 4393 consolati.

579 4494 605 4520 ει
633 4482 834 4538 lterum
864 4481 955 4537 hic
982 4478 1292 4549 Diapsalma
1317 4475 1386 4532 de
1410 4490 1513 4549 suo
1541 4473 1691 4549 addit
1720 4475 1950 4532 Palatin.
1995 4491 2097 4537 ms.

577 4553 606 4593 ι)
635 4554 773 4609 Tum
799 4552 938 4621 base,
968 4545 1098 4621 cum"
1118 4564 1240 4620 quae
1268 4548 1512 4618 sequitur
1541 4545 1793 4621 boeipsu
1823 4548 2103 4605 versiculo

505 4641 614 4681 vox
637 4626 785 4696 quia,
820 4624 876 4679 in
905 4619 1156 4696 Palatino
1183 4634 1285 4675 ms.
1317 4627 1510 4696 carent
1529 4619 1860 4696 _obcli-nola.

583 4709 604 4736 α
641 4690 803 4753 Verbi
834 4694 1159 4764 pertransivit
1185 4690 1581 4764 prrepositio_i_u
1601 4691 1794 4764 eodem
1814 4706 1918 4747 ms.
1944 4690 2105 4763 jugu-

505 4769 646 4827 latur
675 4785 688 4820 :
723 4761 942 4822 additur
966 4772 1023 4822 et
1053 4765 1106 4819 iu
1138 4762 1244 4818 (ine
1274 4764 1453 4819 verius
1484 4761 1811 4832 Diapsalma.

578 4836 604 4877 «ι
647 4837 922 4893 Palatinus
998 4850 1100 4889 ms.
1171 4845 1225 4889 et
1295 4832 1417 4888 Cari
1462 4833 1633 4889 editio
1691 4834 1905 4890 obelum
1957 4833 2102 4891 hunc

505 4913 774 4968 nesciunt.
807 4908 992 4963 Altero
1018 4907 1085 4960 ab
1109 4904 1212 4961 hoc
1228 4920 1389 4961 versu
1420 4920 1617 4960 nomen
1661 4904 1916 4959 Dominus
1942 4906 2099 4977 quod

505 4999 681 5054 neque
709 4983 760 5035 in
793 4981 1022 5054 ltebran
1052 4989 1135 5054 est
1182 4985 1354 5039 textu,
1406 4991 1582 5046 neque
1614 4978 1665 5054 in
1696 4976 1893 5054 Graeco
1938 4976 2097 5054 ipso,

499 5047 625 5124 jure
669 5051 864 5107 merito
911 5051 973 5124 iu
1017 5049 1365 5124 cedentum.
1400 5049 1791 5124 _e_xpun.gitur_:
1840 5047 1893 5124 in
1944 5048 2097 5117 cujus

503 5117 668 5180 etiam
701 5126 807 5178 line
835 5121 1090 5176 versiCttli
1130 5119 1348 5173 additur
1375 5117 1714 5191 Diapsalma.
1763 5119 2003 5191 Denique
2042 5128 2100 5176 et

496 5197 551 5249 in
577 5194 913 5266 obligationes
960 5193 1157 5266 legitur
1187 5206 1285 5260 pro
1314 5189 1383 5241 ad
1412 5189 1767 5266 obligationes.

572 5278 596 5305 ε
630 5262 957 5335 Augustinus
986 5262 1041 5319 ei
1078 5262 1586 5335 Verttnens.“codex
1614 5302 1630 5327 ,
1676 5277 1832 5333 super
1859 5278 1951 5315 nos
1982 5264 2095 5332 for-

503 5339 641 5393 sitan
667 5328 805 5391 vivos
828 5336 1207 5390 absorbuissent
1230 5348 1343 5386 nos.
1377 5330 1446 5383 Et
1473 5347 1487 5382 :
1517 5328 1657 5385 Dum
1677 5328 1992 5387 irasceretur
2008 5339 2095 5403 fu-

498 5425 589 5481 ror
617 5412 848 5481 ipsorum
874 5423 1031 5480 super
1059 5422 1171 5481 nos,
1200 5403 1422 5481 [orsitan
1457 5419 1603 5481 aqua
1624 5404 1948 5481 demersisset
1976 5422 2089 5460 nos.

496 5477 791 5534 Torrentem
816 5477 1113 5552 pertransiit
1135 5477 1313 5552 anima
1344 5482 1543 5552 nostra,
1578 5477 1801 5552 forsitan
1830 5486 2094 5552 pertrans-

280 5544 959 5636 H'animamnostrq
998 5565 1184 5636 aquath
1530 5561 1647 5618 qua:
1688 5550 1786 5636 est)
1827 5544 1939 5603 sine
1968 5550 2092 5636 sub-

490 5627 700 5677 stantia.
727 5623 886 5689 Tum,
914 5616 1056 5675 dedit
1086 5635 1178 5690 nos
1204 5616 1260 5671 in
1289 5616 1631 5690 venationem.
1670 5620 1859 5673 Anima
1884 5628 2087 5690 nostra,

488 5696 621 5750 sicut
643 5711 837 5764 passer,
871 5692 1086 5746 liberata
1113 5689 1274 5764 (Aug.
1297 5688 1467 5758 eruta)
1488 5701 1563 5745 est
1588 5689 1653 5743 de
1679 5693 1971 5761 muscipula
1997 5688 2087 5747 υθέ

490 5762 749 5821 nantium.
782 5764 1082 5832 Muscipula
1111 5762 1334 5816 contrita
1356 5770 1453 5826 est,
1481 5771 1615 5832 etc.,
1646 5776 1770 5817 nam
1793 5765 1937 5832 quod
1964 5774 2086 5818 sunt

487 5837 544 5892 in
576 5835 878 5909 Veroneusi
924 5830 1030 5893 ms.
1081 5835 1314 5905 legitur,
1363 5830 1686 5903 manifestus
1742 5830 1948 5892 librarii
1997 5844 2088 5896 est

2707 4164 2989 4210 CANTICUM
3025 4167 3299 4212 οιιΑυυωι.

2285 4246 2344 4303 In
2402 4256 2429 4296 ε
2456 4246 2829 4304 convertendo
2882 4246 3149 4305 Dominus
3198 4246 3571 4322 captivitatem
3622 4245 3755 4313 Sion
3787 4264 3813 4309 :
3907 4282 3911 4286 -

2214 4340 2343 4397 facti
2370 4355 2562 4399 sumus
2587 4340 2731 4399 sicut
2759 4340 3050 4399 consolati.

2126 4483 2183 4547 D
2209 4480 2410 4551 lapsus.

2286 4551 2305 4591 ί
2332 4551 2575 4609 Plurium
2621 4566 2849 4607 numero
2874 4550 2929 4605 in
2960 4548 3263 4605 Veronensi
3311 4562 3415 4605 ms.
3445 4565 3550 4605 non
3575 4566 3810 4607 commo-

2209 4623 2463 4679 vebuntur
2485 4625 2541 4677 in
2564 4633 2811 4678 tetcrnum
2832 4624 2920 4694 qui
2941 4620 3197 4688 habitant,
3218 4629 3325 4694 etc.
3354 4620 3523 4677 ferme
3542 4637 3663 4677 cum
3686 4623 3804 4680 Au-

2205 4697 2429 4777 gustino
2458 4712 2473 4751 :
2506 4704 2563 4749 ut
2589 4704 2646 4749 et
2670 4696 2820 4777 quod
2839 4692 3088 4763 sequitur
3114 4692 3273 4777 plebis
3313 4707 3456 4777 stite,
3492 4708 3590 4762 pro
3617 4699 3804 4777 populi

2206 4762 2307 4821 iui.
2336 4762 2704 4838 Subsequenti
2734 4762 3291 4838 autemiversusolus
3325 4762 3626 4820 Vcronens.
3656 4767 3806 4830 Quo-

2206 4844 2346 4892 niam
2376 4855 2481 4893 non
2529 4836 2845 4909 derelinquet
2893 4836 3036 4907 virga
3057 4876 3071 4900 ,
3104 4836 3172 4890 de
3207 4849 3357 4889 more
3381 4874 3395 4899 ,
3447 4850 3544 4909 pro
3574 4842 3797 4909 virgam,

2205 4909 2328 4965 sine
2372 4905 2986 4980 ittlerposito‘Dominus
3006 4923 3025 4961 :
3052 4915 3109 4980 et
3140 4914 3436 4976 postremo,
3468 4905 3800 4964 Declinantes

2204 4988 2378 5035 autem
2399 4981 2450 5035 in
2481 4976 2914 5052 strangulatione,
2947 4976 3198 5052 quodest
3229 4988 3410 5034 tamen
3439 4992 3508 5033 ex
3538 4980 3801 5052 Augusu-

2204 5066 2276 5107 no
2303 5049 2700 5107 emendandum
2728 5051 2782 5104 in
2812 5049 3298 5119 strangulationem.
3520 5117 3528 5119 ᾗ
3576 5050 3579 5053 ’

2276 5131 2301 5169 8
2323 5123 2659 5190 Veronensis
2686 5137 2788 5178 ms.
2824 5117 3228 5193 Cum—convertit
3245 5134 3263 5174 :
3282 5119 3477 5193 melius
3503 5117 3793 5193 Augustin.

2202 5203 2479 5260 convertet,
2513 5205 2607 5249 aut
2654 5193 2925 5248 convertit.
2952 5192 3139 5247 Altero
3168 5192 3236 5246 ab
3282 5191 3387 5247 huc
3426 5191 3793 5250 versu‘verba

2199 5266 2550 5338 magniﬁcavit
2604 5265 2855 5321 Dominus
2902 5263 3074 5334 facere
3115 5276 3262 5338 ‘cum
3338 5261 3791 5338 illis_,__ejusdeni

2199 5331 2429 5395 oec'ursu
2459 5337 2640 5404 verbi,
2698 5338 2811 5394 sive
2840 5331 3005 5392 etiam
3035 5335 3199 5389 totius
3236 5331 3792 5391 bemisuichii‘simili-

2203 5408 2388 5481 tudine
2420 5409 2682 5481 deceptus
2715 5406 3045 5481 Veronensis
3076 5404 3256 5481 scriba
3285 5407 3667 5481 praetermisit;
3713 5408 3790 5462 fe-

2197 5479 2278 5551 git
2305 5495 2437 5536 vero
2466 5476 2589 5551 moi;
2618 5480 2813 5535 iterum
2846 5493 2967 5551 cum
2999 5477 3301 5551 Augustino
3318 5476 3600 5548 jocundati
3621 5518 3635 5543 ,
3688 5493 3789 5548 pro

2198 5547 2454 5608 ﬂatantes.
2488 5550 2595 5608 Sed
2628 5552 2682 5605 in
2706 5552 2833 5618 line,
2870 5549 3051 5621 tollens
3089 5547 3286 5618 gremia
3316 5547 3437 5610 sua,
3460 5557 3595 5621 ete.,
3628 5547 3749 5621 qua.
3770 5594 3785 5617 ,

2197 5634 2258 5679 ut
2322 5624 2463 5679 bene
2508 5624 2742 5693 potuerit
2782 5619 3087 5693 exAGrmco
3137 5618 3513 5693 interpretatio
3563 5618 3783 5691 excudi,

2196 5694 2339 5749 nulli
2370 5690 2547 5750 tamen
2577 5693 2823 5749 codicum
2853 5690 3202 5757 Latinorum,
3230 5704 3367 5758 quos
3398 5690 3514 5745 scio
3539 5732 3553 5760 ,
3585 5690 3785 5747 censu;

2197 5774 2293 5824 nat
2324 5783 2338 5822 :
2370 5775 2567 5839 estque
2594 5765 2837 5824 omnium
2879 5770 3065 5837 notate
3100 5760 3437 5835 dignissima.
