  <div class='ocr_page' id='page_1' title='image "/cluster/home/n/w/nwhite01/storage/ocr_20150623/29/hvd.32044015471428/188.png"; bbox 0 0 4090 6338; ppageno 0'>
   <div class='ocr_carea' id='block_1_1' title="bbox 307 376 414 435">
    <p class='ocr_par' dir='ltr' id='par_1_1' title="bbox 307 376 414 435">
     <span class='ocr_line' id='line_1_1' title="bbox 307 376 414 435; baseline 0 -1"><span class='ocrx_word' id='word_1_1' title='bbox 307 376 414 435; x_wconf 78' lang='grc'><strong><em>365</em></strong></span> 
     </span>
    </p>
   </div>
   <div class='ocr_carea' id='block_1_2' title="bbox 1591 368 2282 431">
    <p class='ocr_par' dir='ltr' id='par_1_2' title="bbox 1591 368 2282 431">
     <span class='ocr_line' id='line_1_2' title="bbox 1591 368 2282 431; baseline -0.01 0"><span class='ocrx_word' id='word_1_2' title='bbox 1591 372 1796 431; x_wconf 80' lang='lat' dir='ltr'><strong>LIBER</strong></span> <span class='ocrx_word' id='word_1_3' title='bbox 1837 368 2282 430; x_wconf 76' lang='lat' dir='ltr'><strong><em>PSALMORUM.</em></strong></span> 
     </span>
    </p>
   </div>
   <div class='ocr_carea' id='block_1_3' title="bbox 3495 356 3601 437">
    <p class='ocr_par' dir='ltr' id='par_1_3' title="bbox 3495 356 3601 437">
     <span class='ocr_line' id='line_1_3' title="bbox 3495 356 3601 437; baseline -0.009 -22"><span class='ocrx_word' id='word_1_4' title='bbox 3495 356 3601 437; x_wconf 46' lang='lat'><strong><em>56.6</em></strong></span> 
     </span>
    </p>
   </div>
   <div class='ocr_carea' id='block_1_4' title="bbox 382 478 3596 568">
    <p class='ocr_par' dir='ltr' id='par_1_4' title="bbox 382 478 3596 568">
     <span class='ocr_line' id='line_1_4' title="bbox 382 478 3596 568; baseline -0.006 -17"><span class='ocrx_word' id='word_1_5' title='bbox 382 494 526 551; x_wconf 83' lang='lat' dir='ltr'><strong><em>Tunc</em></strong></span> <span class='ocrx_word' id='word_1_6' title='bbox 568 494 823 567; x_wconf 88' lang='lat' dir='ltr'><strong><em>repletum</em></strong></span> <span class='ocrx_word' id='word_1_7' title='bbox 872 502 946 551; x_wconf 88' lang='lat' dir='ltr'><strong><em>est</em></strong></span> <span class='ocrx_word' id='word_1_8' title='bbox 986 494 1181 568; x_wconf 90' lang='lat' dir='ltr'><strong><em>gaudio</em></strong></span> <span class='ocrx_word' id='word_1_9' title='bbox 1226 509 1281 549; x_wconf 93' lang='lat' dir='ltr'><strong><em>os</em></strong></span> <span class='ocrx_word' id='word_1_10' title='bbox 1326 501 1557 549; x_wconf 89' lang='lat' dir='ltr'><strong><em>nostrum</em></strong></span> <span class='ocrx_word' id='word_1_11' title='bbox 1588 508 1605 546; x_wconf 91' lang='lat'><strong><em>:</em></strong></span> <span class='ocrx_word' id='word_1_12' title='bbox 1638 503 1686 548; x_wconf 86' lang='lat' dir='ltr'><strong><em>et</em></strong></span> <span class='ocrx_word' id='word_1_13' title='bbox 1732 492 1911 561; x_wconf 79' lang='lat' dir='ltr'><strong><em>lingua</em></strong></span> <span class='ocrx_word' id='word_1_14' title='bbox 1938 494 1991 552; x_wconf 79' lang='grc' dir='ltr'>Α</span> <span class='ocrx_word' id='word_1_15' title='bbox 2087 486 2239 542; x_wconf 87' lang='lat' dir='ltr'><strong><em>Tunc</em></strong></span> <span class='ocrx_word' id='word_1_16' title='bbox 2269 484 2537 556; x_wconf 86' lang='lat' dir='ltr'><strong><em>repletum</em></strong></span> <span class='ocrx_word' id='word_1_17' title='bbox 2576 489 2659 539; x_wconf 89' lang='lat' dir='ltr'><strong><em>est</em></strong></span> <span class='ocrx_word' id='word_1_18' title='bbox 2687 479 2884 554; x_wconf 85' lang='lat' dir='ltr'><strong><em>gaudio</em></strong></span> <span class='ocrx_word' id='word_1_19' title='bbox 2908 492 2970 537; x_wconf 81' lang='lat' dir='ltr'><strong><em>os</em></strong></span> <span class='ocrx_word' id='word_1_20' title='bbox 3000 488 3286 536; x_wconf 89' lang='lat' dir='ltr'><strong><em>nostrum:</em></strong></span> <span class='ocrx_word' id='word_1_21' title='bbox 3320 486 3375 535; x_wconf 89' lang='lat' dir='ltr'><strong><em>et</em></strong></span> <span class='ocrx_word' id='word_1_22' title='bbox 3414 478 3596 549; x_wconf 83' lang='lat' dir='ltr'><strong><em>lingua</em></strong></span> 
     </span>
    </p>
   </div>
   <div class='ocr_carea' id='block_1_5' title="bbox 308 589 889 645">
    <p class='ocr_par' dir='ltr' id='par_1_5' title="bbox 308 589 889 645">
     <span class='ocr_line' id='line_1_5' title="bbox 308 589 889 645; baseline -0.003 -1"><span class='ocrx_word' id='word_1_23' title='bbox 308 597 482 645; x_wconf 88' lang='lat' dir='ltr'><strong><em>nostra</em></strong></span> <span class='ocrx_word' id='word_1_24' title='bbox 520 589 889 644; x_wconf 72' lang='lat' dir='ltr'><strong><em>exsultatione.</em></strong></span> 
     </span>
    </p>
   </div>
   <div class='ocr_carea' id='block_1_6' title="bbox 378 675 1906 753">
    <p class='ocr_par' dir='ltr' id='par_1_6' title="bbox 378 675 1906 753">
     <span class='ocr_line' id='line_1_6' title="bbox 378 675 1906 753; baseline -0.004 -18"><span class='ocrx_word' id='word_1_25' title='bbox 378 680 525 735; x_wconf 86' lang='lat' dir='ltr'><strong><em>Tunc</em></strong></span> <span class='ocrx_word' id='word_1_26' title='bbox 555 682 725 736; x_wconf 91' lang='lat' dir='ltr'><strong><em>dicent</em></strong></span> <span class='ocrx_word' id='word_1_27' title='bbox 752 685 884 737; x_wconf 89' lang='lat' dir='ltr'><strong><em>inter</em></strong></span> <span class='ocrx_word' id='word_1_28' title='bbox 912 689 1122 753; x_wconf 96' lang='lat' dir='ltr'><strong><em>gentes,</em></strong></span> <span class='ocrx_word' id='word_1_29' title='bbox 1169 678 1521 753; x_wconf 71' lang='lat' dir='ltr'><strong><em>Magnificam</em></strong></span> <span class='ocrx_word' id='word_1_30' title='bbox 1549 677 1798 732; x_wconf 75' lang='lat' dir='ltr'><strong><em>Dominus</em></strong></span> <span class='ocrx_word' id='word_1_31' title='bbox 1822 675 1906 749; x_wconf 83' lang='lat' dir='ltr'><strong><em>fa-</em></strong></span> 
     </span>
    </p>
   </div>
   <div class='ocr_carea' id='block_1_7' title="bbox 311 776 696 830">
    <p class='ocr_par' dir='ltr' id='par_1_7' title="bbox 311 776 696 830">
     <span class='ocr_line' id='line_1_7' title="bbox 311 776 696 830; baseline -0.003 0"><span class='ocrx_word' id='word_1_32' title='bbox 311 791 425 830; x_wconf 89' lang='lat' dir='ltr'><strong><em>cere</em></strong></span> <span class='ocrx_word' id='word_1_33' title='bbox 451 792 570 829; x_wconf 89' lang='lat' dir='ltr'><strong><em>cum</em></strong></span> <span class='ocrx_word' id='word_1_34' title='bbox 603 776 696 829; x_wconf 87' lang='lat' dir='ltr'><strong><em>eis.</em></strong></span> 
     </span>
    </p>
   </div>
   <div class='ocr_carea' id='block_1_8' title="bbox 378 863 1905 939">
    <p class='ocr_par' dir='ltr' id='par_1_8' title="bbox 378 863 1905 939">
     <span class='ocr_line' id='line_1_8' title="bbox 378 863 1905 939; baseline 0 -20"><span class='ocrx_word' id='word_1_35' title='bbox 378 866 736 939; x_wconf 74' lang='lat' dir='ltr'><strong><em>Magni/ienuit</em></strong></span> <span class='ocrx_word' id='word_1_36' title='bbox 784 865 1040 921; x_wconf 79' lang='lat' dir='ltr'><strong><em>Dominus</em></strong></span> <span class='ocrx_word' id='word_1_37' title='bbox 1086 870 1253 939; x_wconf 87' lang='lat' dir='ltr'><strong><em>facere</em></strong></span> <span class='ocrx_word' id='word_1_38' title='bbox 1298 863 1561 921; x_wconf 87' lang='lat' dir='ltr'><strong><em>nobiscum</em></strong></span> <span class='ocrx_word' id='word_1_39' title='bbox 1603 881 1619 917; x_wconf 89' lang='lat'><strong><em>:</em></strong></span> <span class='ocrx_word' id='word_1_40' title='bbox 1650 864 1775 936; x_wconf 81' lang='lat' dir='ltr'><strong><em>facti</em></strong></span> <span class='ocrx_word' id='word_1_41' title='bbox 1820 880 1905 919; x_wconf 87' lang='lat' dir='ltr'><strong><em>su-</em></strong></span> 
     </span>
    </p>
   </div>
   <div class='ocr_carea' id='block_1_9' title="bbox 311 960 699 1013">
    <p class='ocr_par' dir='ltr' id='par_1_9' title="bbox 311 960 699 1013">
     <span class='ocr_line' id='line_1_9' title="bbox 311 960 699 1013; baseline 0.005 -2"><span class='ocrx_word' id='word_1_42' title='bbox 311 975 423 1013; x_wconf 88' lang='lat' dir='ltr'><strong><em>mus</em></strong></span> <span class='ocrx_word' id='word_1_43' title='bbox 446 960 699 1013; x_wconf 66' lang='lat' dir='ltr'><strong><em>(tutantes.</em></strong></span> 
     </span>
    </p>
   </div>
   <div class='ocr_carea' id='block_1_10' title="bbox 376 1049 1905 1124">
    <p class='ocr_par' dir='ltr' id='par_1_10' title="bbox 376 1049 1905 1124">
     <span class='ocr_line' id='line_1_10' title="bbox 376 1049 1905 1124; baseline 0 -20"><span class='ocrx_word' id='word_1_44' title='bbox 376 1050 631 1107; x_wconf 76' lang='lat' dir='ltr'><strong><em>Converte</em></strong></span> <span class='ocrx_word' id='word_1_45' title='bbox 659 1095 673 1118; x_wconf 92' lang='lat'><strong><em>,</em></strong></span> <span class='ocrx_word' id='word_1_46' title='bbox 735 1052 995 1124; x_wconf 79' lang='lat' dir='ltr'><strong><em>Domine,</em></strong></span> <span class='ocrx_word' id='word_1_47' title='bbox 1062 1053 1409 1124; x_wconf 69' lang='lat' dir='ltr'><strong><em>captivitatem</em></strong></span> <span class='ocrx_word' id='word_1_48' title='bbox 1452 1061 1730 1107; x_wconf 87' lang='lat' dir='ltr'><strong><em>nostram:</em></strong></span> <span class='ocrx_word' id='word_1_49' title='bbox 1772 1049 1905 1104; x_wconf 91' lang='lat' dir='ltr'><strong><em>sicut</em></strong></span> 
     </span>
    </p>
   </div>
   <div class='ocr_carea' id='block_1_11' title="bbox 304 1150 815 1204">
    <p class='ocr_par' dir='ltr' id='par_1_11' title="bbox 304 1150 815 1204">
     <span class='ocr_line' id='line_1_11' title="bbox 304 1150 815 1204; baseline 0.004 -3"><span class='ocrx_word' id='word_1_50' title='bbox 304 1158 505 1203; x_wconf 75' lang='lat' dir='ltr'><strong><em>torrens</em></strong></span> <span class='ocrx_word' id='word_1_51' title='bbox 534 1150 589 1203; x_wconf 90' lang='lat' dir='ltr'><strong><em>in</em></strong></span> <span class='ocrx_word' id='word_1_52' title='bbox 617 1159 815 1204; x_wconf 87' lang='lat' dir='ltr'><strong><em>austro.</em></strong></span> 
     </span>
    </p>
   </div>
   <div class='ocr_carea' id='block_1_12' title="bbox 383 1241 1902 1314">
    <p class='ocr_par' dir='ltr' id='par_1_12' title="bbox 383 1241 1902 1314">
     <span class='ocr_line' id='line_1_12' title="bbox 383 1241 1902 1314; baseline -0.003 -17"><span class='ocrx_word' id='word_1_53' title='bbox 383 1242 484 1311; x_wconf 80' lang='lat' dir='ltr'><strong><em>Qui</em></strong></span> <span class='ocrx_word' id='word_1_54' title='bbox 512 1244 769 1298; x_wconf 89' lang='lat' dir='ltr'><strong><em>seminant</em></strong></span> <span class='ocrx_word' id='word_1_55' title='bbox 804 1245 855 1297; x_wconf 90' lang='lat' dir='ltr'><strong><em>in</em></strong></span> <span class='ocrx_word' id='word_1_56' title='bbox 902 1243 1145 1314; x_wconf 83' lang='lat' dir='ltr'><strong><em>lacrymis</em></strong></span> <span class='ocrx_word' id='word_1_57' title='bbox 1177 1257 1192 1297; x_wconf 88' lang='lat'><strong><em>:</em></strong></span> <span class='ocrx_word' id='word_1_58' title='bbox 1230 1244 1282 1297; x_wconf 87' lang='lat' dir='ltr'><strong><em>in</em></strong></span> <span class='ocrx_word' id='word_1_59' title='bbox 1314 1241 1659 1299; x_wconf 70' lang='lat' dir='ltr'><strong><em>exsultatione</em></strong></span> <span class='ocrx_word' id='word_1_60' title='bbox 1700 1246 1902 1294; x_wconf 88' lang='lat' dir='ltr'><strong><em>metent.</em></strong></span> 
     </span>
    </p>
   </div>
   <div class='ocr_carea' id='block_1_13' title="bbox 372 1335 1829 1407">
    <p class='ocr_par' dir='ltr' id='par_1_13' title="bbox 372 1335 1829 1407">
     <span class='ocr_line' id='line_1_13' title="bbox 372 1335 1829 1407; baseline -0.002 -18"><span class='ocrx_word' id='word_1_61' title='bbox 372 1335 572 1392; x_wconf 82' lang='lat' dir='ltr'><strong><em>Euntes</em></strong></span> <span class='ocrx_word' id='word_1_62' title='bbox 603 1337 769 1405; x_wconf 85' lang='lat' dir='ltr'><strong><em>ibant,</em></strong></span> <span class='ocrx_word' id='word_1_63' title='bbox 822 1346 868 1391; x_wconf 89' lang='lat' dir='ltr'><strong><em>et</em></strong></span> <span class='ocrx_word' id='word_1_64' title='bbox 901 1336 1115 1407; x_wconf 79' lang='lat' dir='ltr'><strong><em>flebant,</em></strong></span> <span class='ocrx_word' id='word_1_65' title='bbox 1152 1345 1178 1374; x_wconf 80' lang='grc' dir='ltr'>ἰ</span> <span class='ocrx_word' id='word_1_66' title='bbox 1211 1338 1466 1391; x_wconf 85' lang='lat' dir='ltr'><strong><em>mittentes</em></strong></span> <span class='ocrx_word' id='word_1_67' title='bbox 1497 1336 1693 1390; x_wconf 79' lang='lat' dir='ltr'><strong><em>semina</em></strong></span> <span class='ocrx_word' id='word_1_68' title='bbox 1713 1349 1829 1402; x_wconf 82' lang='lat' dir='ltr'><strong><em>sua.</em></strong></span> 
     </span>
    </p>
   </div>
   <div class='ocr_carea' id='block_1_14' title="bbox 382 1427 1907 1498">
    <p class='ocr_par' dir='ltr' id='par_1_14' title="bbox 382 1427 1907 1498">
     <span class='ocr_line' id='line_1_14' title="bbox 382 1427 1907 1498; baseline -0.005 -13"><span class='ocrx_word' id='word_1_69' title='bbox 382 1430 652 1486; x_wconf 79' lang='lat' dir='ltr'><strong><em>Venientes</em></strong></span> <span class='ocrx_word' id='word_1_70' title='bbox 714 1446 775 1486; x_wconf 71' lang='lat' dir='ltr'><strong><em>-e~</em></strong></span> <span class='ocrx_word' id='word_1_71' title='bbox 834 1442 1010 1484; x_wconf 90' lang='lat' dir='ltr'><strong><em>autem</em></strong></span> <span class='ocrx_word' id='word_1_72' title='bbox 1047 1430 1069 1498; x_wconf 72' lang='grc' dir='ltr'>ζ</span> <span class='ocrx_word' id='word_1_73' title='bbox 1111 1431 1314 1486; x_wconf 81' lang='lat' dir='ltr'><strong><em>renient</em></strong></span> <span class='ocrx_word' id='word_1_74' title='bbox 1372 1447 1489 1486; x_wconf 91' lang='lat' dir='ltr'><strong><em>cum</em></strong></span> <span class='ocrx_word' id='word_1_75' title='bbox 1518 1427 1857 1485; x_wconf 73' lang='lat' dir='ltr'><strong><em>exsultatione</em></strong></span> <span class='ocrx_word' id='word_1_76' title='bbox 1887 1440 1907 1479; x_wconf 89' lang='lat'><strong><em>:</em></strong></span> 
     </span>
    </p>
   </div>
   <div class='ocr_carea' id='block_1_15' title="bbox 298 1524 1065 1597">
    <p class='ocr_par' dir='ltr' id='par_1_15' title="bbox 298 1524 1065 1597">
     <span class='ocr_line' id='line_1_15' title="bbox 298 1524 1065 1597; baseline -0.005 -16"><span class='ocrx_word' id='word_1_77' title='bbox 298 1534 563 1597; x_wconf 83' lang='lat' dir='ltr'><strong><em>portantes</em></strong></span> <span class='ocrx_word' id='word_1_78' title='bbox 601 1524 896 1596; x_wconf 85' lang='lat' dir='ltr'><strong><em>manipulos</em></strong></span> <span class='ocrx_word' id='word_1_79' title='bbox 921 1540 1065 1579; x_wconf 91' lang='lat' dir='ltr'><strong><em>suos.</em></strong></span> 
     </span>
    </p>
   </div>
   <div class='ocr_carea' id='block_1_16' title="bbox 2017 579 2617 637">
    <p class='ocr_par' dir='ltr' id='par_1_16' title="bbox 2017 579 2617 637">
     <span class='ocr_line' id='line_1_16' title="bbox 2017 579 2617 637; baseline -0.005 -1"><span class='ocrx_word' id='word_1_80' title='bbox 2017 589 2202 637; x_wconf 89' lang='lat' dir='ltr'><strong><em>nostra</em></strong></span> <span class='ocrx_word' id='word_1_81' title='bbox 2235 579 2617 635; x_wconf 84' lang='lat' dir='ltr'><strong><em>exsultatione.</em></strong></span> 
     </span>
    </p>
   </div>
   <div class='ocr_carea' id='block_1_17' title="bbox 2084 666 3603 741">
    <p class='ocr_par' dir='ltr' id='par_1_17' title="bbox 2084 666 3603 741">
     <span class='ocr_line' id='line_1_17' title="bbox 2084 666 3603 741; baseline -0.004 -12"><span class='ocrx_word' id='word_1_82' title='bbox 2084 672 2238 729; x_wconf 86' lang='lat' dir='ltr'><strong><em>Tunc</em></strong></span> <span class='ocrx_word' id='word_1_83' title='bbox 2260 672 2447 728; x_wconf 90' lang='lat' dir='ltr'><strong><em>&#39;dicent</em></strong></span> <span class='ocrx_word' id='word_1_84' title='bbox 2479 672 2619 726; x_wconf 89' lang='lat' dir='ltr'><strong><em>inter</em></strong></span> <span class='ocrx_word' id='word_1_85' title='bbox 2652 676 2845 741; x_wconf 83' lang='lat' dir='ltr'><strong><em>gentes</em></strong></span> <span class='ocrx_word' id='word_1_86' title='bbox 2869 709 2884 736; x_wconf 93' lang='lat'><strong><em>,</em></strong></span> <span class='ocrx_word' id='word_1_87' title='bbox 2928 666 3292 739; x_wconf 82' lang='lat' dir='ltr'><strong><em>Magniﬁcavit</em></strong></span> <span class='ocrx_word' id='word_1_88' title='bbox 3340 666 3603 723; x_wconf 80' lang='lat' dir='ltr'><strong><em>Dominus</em></strong></span> 
     </span>
    </p>
   </div>
   <div class='ocr_carea' id='block_1_18' title="bbox 2011 761 3605 834">
    <p class='ocr_par' dir='ltr' id='par_1_18' title="bbox 2011 761 3605 834">
     <span class='ocr_line' id='line_1_18' title="bbox 2011 761 3605 834; baseline -0.001 -13"><span class='ocrx_word' id='word_1_89' title='bbox 2011 766 2191 822; x_wconf 82' lang='lat' dir='ltr'><strong><em>facere</em></strong></span> <span class='ocrx_word' id='word_1_90' title='bbox 2231 781 2353 822; x_wconf 92' lang='lat' dir='ltr'><strong><em>cum</em></strong></span> <span class='ocrx_word' id='word_1_91' title='bbox 2408 764 2558 820; x_wconf 87' lang='lat' dir='ltr'><strong><em>illis:</em></strong></span> <span class='ocrx_word' id='word_1_92' title='bbox 2593 761 2965 834; x_wconf 84' lang='lat' dir='ltr'><strong><em>magniﬁcavit</em></strong></span> <span class='ocrx_word' id='word_1_93' title='bbox 2997 761 3256 818; x_wconf 90' lang='lat' dir='ltr'><strong><em>Dominus</em></strong></span> <span class='ocrx_word' id='word_1_94' title='bbox 3288 761 3469 818; x_wconf 80' lang='lat' dir='ltr'><strong><em>facere</em></strong></span> <span class='ocrx_word' id='word_1_95' title='bbox 3507 776 3605 819; x_wconf 80' lang='lat' dir='ltr'><strong><em>no-</em></strong></span> 
     </span>
    </p>
   </div>
   <div class='ocr_carea' id='block_1_19' title="bbox 2012 857 2932 926">
    <p class='ocr_par' dir='ltr' id='par_1_19' title="bbox 2012 857 2932 926">
     <span class='ocr_line' id='line_1_19' title="bbox 2012 857 2932 926; baseline -0.005 -12"><span class='ocrx_word' id='word_1_96' title='bbox 2012 857 2246 926; x_wconf 89' lang='lat' dir='ltr'><strong><em>biscum,</em></strong></span> <span class='ocrx_word' id='word_1_97' title='bbox 2280 858 2405 913; x_wconf 83' lang='lat' dir='ltr'><strong><em>laeti</em></strong></span> <span class='ocrx_word' id='word_1_98' title='bbox 2438 872 2628 913; x_wconf 89' lang='lat' dir='ltr'><strong><em>sumus</em></strong></span> <span class='ocrx_word' id='word_1_99' title='bbox 2660 857 2932 911; x_wconf 67' lang='lat' dir='ltr'><strong><em>lmtantes.</em></strong></span> 
     </span>
    </p>
   </div>
   <div class='ocr_carea' id='block_1_20' title="bbox 2080 1038 3603 1110">
    <p class='ocr_par' dir='ltr' id='par_1_20' title="bbox 2080 1038 3603 1110">
     <span class='ocr_line' id='line_1_20' title="bbox 2080 1038 3603 1110; baseline -0.001 -11"><span class='ocrx_word' id='word_1_100' title='bbox 2080 1041 2374 1107; x_wconf 89' lang='lat' dir='ltr'><strong><em>Converte,</em></strong></span> <span class='ocrx_word' id='word_1_101' title='bbox 2410 1039 2668 1106; x_wconf 87' lang='lat' dir='ltr'><strong><em>Domine,</em></strong></span> <span class='ocrx_word' id='word_1_102' title='bbox 2717 1038 3091 1110; x_wconf 83' lang='lat' dir='ltr'><strong><em>captivitatem</em></strong></span> <span class='ocrx_word' id='word_1_103' title='bbox 3125 1047 3369 1096; x_wconf 90' lang='lat' dir='ltr'><strong><em>nostram</em></strong></span> <span class='ocrx_word' id='word_1_104' title='bbox 3401 1057 3413 1095; x_wconf 93' lang='lat'><strong><em>:</em></strong></span> <span class='ocrx_word' id='word_1_105' title='bbox 3460 1040 3603 1097; x_wconf 84' lang='lat' dir='ltr'><strong><em>sicut</em></strong></span> 
     </span>
    </p>
   </div>
   <div class='ocr_carea' id='block_1_21' title="bbox 2010 1136 2553 1194">
    <p class='ocr_par' dir='ltr' id='par_1_21' title="bbox 2010 1136 2553 1194">
     <span class='ocr_line' id='line_1_21' title="bbox 2010 1136 2553 1194; baseline -0.011 -1"><span class='ocrx_word' id='word_1_106' title='bbox 2010 1146 2229 1194; x_wconf 90' lang='lat' dir='ltr'><strong><em>torrens</em></strong></span> <span class='ocrx_word' id='word_1_107' title='bbox 2258 1136 2310 1191; x_wconf 90' lang='lat' dir='ltr'><strong><em>in</em></strong></span> <span class='ocrx_word' id='word_1_108' title='bbox 2344 1140 2553 1189; x_wconf 89' lang='lat' dir='ltr'><strong><em>austro.</em></strong></span> 
     </span>
    </p>
   </div>
   <div class='ocr_carea' id='block_1_22' title="bbox 2083 1222 3597 1299">
    <p class='ocr_par' dir='ltr' id='par_1_22' title="bbox 2083 1222 3597 1299">
     <span class='ocr_line' id='line_1_22' title="bbox 2083 1222 3597 1299; baseline -0.002 -15"><span class='ocrx_word' id='word_1_109' title='bbox 2083 1230 2184 1299; x_wconf 84' lang='lat' dir='ltr'><strong><em>Qui</em></strong></span> <span class='ocrx_word' id='word_1_110' title='bbox 2232 1228 2506 1283; x_wconf 88' lang='lat' dir='ltr'><strong><em>seminant</em></strong></span> <span class='ocrx_word' id='word_1_111' title='bbox 2552 1223 2609 1280; x_wconf 89' lang='lat' dir='ltr'><strong><em>in</em></strong></span> <span class='ocrx_word' id='word_1_112' title='bbox 2658 1223 2951 1295; x_wconf 76' lang='lat' dir='ltr'><strong><em>lacrymis,</em></strong></span> <span class='ocrx_word' id='word_1_113' title='bbox 3006 1222 3061 1278; x_wconf 90' lang='lat' dir='ltr'><strong><em>in</em></strong></span> <span class='ocrx_word' id='word_1_114' title='bbox 3115 1222 3312 1295; x_wconf 84' lang='lat' dir='ltr'><strong><em>gaudio</em></strong></span> <span class='ocrx_word' id='word_1_115' title='bbox 3353 1230 3597 1281; x_wconf 87' lang='lat' dir='ltr'><strong><em>metent:</em></strong></span> 
     </span>
    </p>
   </div>
   <div class='ocr_carea' id='block_1_23' title="bbox 2010 1317 3434 1389">
    <p class='ocr_par' dir='ltr' id='par_1_23' title="bbox 2010 1317 3434 1389">
     <span class='ocr_line' id='line_1_23' title="bbox 2010 1317 3434 1389; baseline -0.006 -9"><span class='ocrx_word' id='word_1_116' title='bbox 2010 1332 2203 1381; x_wconf 88' lang='lat' dir='ltr'><strong><em>euntes</em></strong></span> <span class='ocrx_word' id='word_1_117' title='bbox 2228 1321 2400 1389; x_wconf 88' lang='lat' dir='ltr'><strong><em>ibant,</em></strong></span> <span class='ocrx_word' id='word_1_118' title='bbox 2434 1326 2489 1375; x_wconf 90' lang='lat' dir='ltr'><strong><em>et</em></strong></span> <span class='ocrx_word' id='word_1_119' title='bbox 2517 1318 2749 1385; x_wconf 82' lang='lat' dir='ltr'><strong><em>ﬂebant,</em></strong></span> <span class='ocrx_word' id='word_1_120' title='bbox 2779 1317 3058 1373; x_wconf 90' lang='lat' dir='ltr'><strong><em>mittentes</em></strong></span> <span class='ocrx_word' id='word_1_121' title='bbox 3081 1318 3286 1373; x_wconf 89' lang='lat' dir='ltr'><strong><em>semina</em></strong></span> <span class='ocrx_word' id='word_1_122' title='bbox 3315 1332 3434 1371; x_wconf 89' lang='lat' dir='ltr'><strong><em>sua.</em></strong></span> 
     </span>
    </p>
   </div>
   <div class='ocr_carea' id='block_1_24' title="bbox 2085 1411 3604 1483">
    <p class='ocr_par' dir='ltr' id='par_1_24' title="bbox 2085 1411 3604 1483">
     <span class='ocr_line' id='line_1_24' title="bbox 2085 1411 3604 1483; baseline -0.002 -12"><span class='ocrx_word' id='word_1_123' title='bbox 2085 1416 2379 1471; x_wconf 81' lang='lat' dir='ltr'><strong><em>Venientes</em></strong></span> <span class='ocrx_word' id='word_1_124' title='bbox 2419 1424 2601 1468; x_wconf 89' lang='lat' dir='ltr'><strong><em>autem</em></strong></span> <span class='ocrx_word' id='word_1_125' title='bbox 2648 1411 2877 1468; x_wconf 89' lang='lat' dir='ltr'><strong><em>venient</em></strong></span> <span class='ocrx_word' id='word_1_126' title='bbox 2921 1411 2975 1466; x_wconf 90' lang='lat' dir='ltr'><strong><em>in</em></strong></span> <span class='ocrx_word' id='word_1_127' title='bbox 3024 1412 3427 1467; x_wconf 81' lang='lat' dir='ltr'><strong><em>exsultatione:</em></strong></span> <span class='ocrx_word' id='word_1_128' title='bbox 3478 1427 3604 1483; x_wconf 87' lang='lat' dir='ltr'><strong><em>por-</em></strong></span> 
     </span>
    </p>
   </div>
   <div class='ocr_carea' id='block_1_25' title="bbox 2014 1507 2702 1579">
    <p class='ocr_par' dir='ltr' id='par_1_25' title="bbox 2014 1507 2702 1579">
     <span class='ocr_line' id='line_1_25' title="bbox 2014 1507 2702 1579; baseline -0.009 -13"><span class='ocrx_word' id='word_1_129' title='bbox 2014 1520 2194 1566; x_wconf 88' lang='lat' dir='ltr'><strong><em>tantes</em></strong></span> <span class='ocrx_word' id='word_1_130' title='bbox 2222 1507 2528 1579; x_wconf 86' lang='lat' dir='ltr'><strong><em>manipulos</em></strong></span> <span class='ocrx_word' id='word_1_131' title='bbox 2552 1520 2702 1561; x_wconf 90' lang='lat' dir='ltr'><strong><em>suos.</em></strong></span> 
     </span>
    </p>
   </div>
   <div class='ocr_carea' id='block_1_26' title="bbox 1642 1601 2235 1669">
    <p class='ocr_par' dir='ltr' id='par_1_26' title="bbox 1642 1601 2235 1669">
     <span class='ocr_line' id='line_1_26' title="bbox 1642 1601 2235 1669; baseline -0.022 0"><span class='ocrx_word' id='word_1_132' title='bbox 1642 1609 1958 1669; x_wconf 73' lang='lat' dir='ltr'><strong><em>PSALMUS</em></strong></span> <span class='ocrx_word' id='word_1_133' title='bbox 1996 1601 2235 1664; x_wconf 76' lang='lat' dir='ltr'><strong><em>CXXVI.</em></strong></span> 
     </span>
    </p>
   </div>
   <div class='ocr_carea' id='block_1_27' title="bbox 648 1724 1570 1770">
    <p class='ocr_par' dir='ltr' id='par_1_27' title="bbox 648 1724 1570 1770">
     <span class='ocr_line' id='line_1_27' title="bbox 648 1724 1570 1770; baseline -0.001 -1"><span class='ocrx_word' id='word_1_134' title='bbox 648 1728 919 1770; x_wconf 69' lang='lat' dir='ltr'><strong><em>CANTICUI</em></strong></span> <span class='ocrx_word' id='word_1_135' title='bbox 958 1726 1210 1769; x_wconf 69' lang='lat' dir='ltr'><strong><em>GRADUL&#39;I</em></strong></span> <span class='ocrx_word' id='word_1_136' title='bbox 1254 1724 1570 1768; x_wconf 66' lang='lat' dir='ltr'><strong><em>SALOMONIS.</em></strong></span> 
     </span>
    </p>
   </div>
   <div class='ocr_carea' id='block_1_28' title="bbox 298 1904 1117 1973">
    <p class='ocr_par' dir='ltr' id='par_1_28' title="bbox 298 1904 1117 1973">
     <span class='ocr_line' id='line_1_28' title="bbox 298 1904 1117 1973; baseline -0.005 -14"><span class='ocrx_word' id='word_1_137' title='bbox 298 1913 543 1959; x_wconf 82' lang='lat' dir='ltr'><strong><em>raverunt</em></strong></span> <span class='ocrx_word' id='word_1_138' title='bbox 576 1905 665 1972; x_wconf 85' lang='lat' dir='ltr'><strong><em>qui</em></strong></span> <span class='ocrx_word' id='word_1_139' title='bbox 692 1904 956 1973; x_wconf 72' lang='lat' dir='ltr'><strong><em>a’diﬁcant</em></strong></span> <span class='ocrx_word' id='word_1_140' title='bbox 986 1920 1117 1957; x_wconf 88' lang='lat' dir='ltr'><strong><em>eam.</em></strong></span> 
     </span>
    </p>
   </div>
   <div class='ocr_carea' id='block_1_29' title="bbox 374 1980 1905 2062">
    <p class='ocr_par' dir='ltr' id='par_1_29' title="bbox 374 1980 1905 2062">
     <span class='ocr_line' id='line_1_29' title="bbox 374 1980 1905 2062; baseline -0.005 -12"><span class='ocrx_word' id='word_1_141' title='bbox 374 1995 496 2050; x_wconf 82' lang='lat' dir='ltr'><strong><em>Nisi</em></strong></span> <span class='ocrx_word' id='word_1_142' title='bbox 524 1995 777 2049; x_wconf 87' lang='lat' dir='ltr'><strong><em>Dominus</em></strong></span> <span class='ocrx_word' id='word_1_143' title='bbox 813 1995 1117 2049; x_wconf 62' lang='lat' dir='ltr'><strong><em>custodierit</em></strong></span> <span class='ocrx_word' id='word_1_144' title='bbox 1160 1993 1411 2047; x_wconf 80' lang='lat' dir='ltr'><strong><em>ciritatcm</em></strong></span> <span class='ocrx_word' id='word_1_145' title='bbox 1445 1980 1682 2062; x_wconf 34' lang='lat' dir='ltr'><strong><em>:ofruslra</em></strong></span> <span class='ocrx_word' id='word_1_146' title='bbox 1730 1989 1905 2061; x_wconf 76' lang='lat' dir='ltr'><strong><em>vigilat</em></strong></span> 
     </span>
    </p>
   </div>
   <div class='ocr_carea' id='block_1_30' title="bbox 300 2070 1635 2160">
    <p class='ocr_par' dir='ltr' id='par_1_30' title="bbox 300 2070 1635 2160">
     <span class='ocr_line' id='line_1_30' title="bbox 300 2070 1635 2160; baseline -0.001 -19"><span class='ocrx_word' id='word_1_147' title='bbox 300 2089 390 2160; x_wconf 92' lang='lat' dir='ltr'><strong><em>qui</em></strong></span> <span class='ocrx_word' id='word_1_148' title='bbox 419 2087 651 2141; x_wconf 85' lang='lat' dir='ltr'><strong><em>custodit</em></strong></span> <span class='ocrx_word' id='word_1_149' title='bbox 675 2086 701 2125; x_wconf 73' lang='grc' dir='ltr'>δ</span> <span class='ocrx_word' id='word_1_150' title='bbox 732 2102 791 2141; x_wconf 60' lang='lat'><strong><em>—:~</em></strong></span> <span class='ocrx_word' id='word_1_151' title='bbox 820 2102 933 2140; x_wconf 87' lang='lat' dir='ltr'><strong><em>eam</em></strong></span> <span class='ocrx_word' id='word_1_152' title='bbox 970 2086 992 2155; x_wconf 71' lang='grc' dir='ltr'>ζ</span> <span class='ocrx_word' id='word_1_153' title='bbox 1071 2091 1086 2102; x_wconf 83' lang='grc'><em>’</em></span> <span class='ocrx_word' id='word_1_154' title='bbox 1624 2070 1635 2095; x_wconf 42' lang='grc'><em>⁸</em></span> 
     </span>
    </p>
   </div>
   <div class='ocr_carea' id='block_1_31' title="bbox 316 2172 1904 2247">
    <p class='ocr_par' dir='ltr' id='par_1_31' title="bbox 316 2172 1904 2247">
     <span class='ocr_line' id='line_1_31' title="bbox 316 2172 1904 2247; baseline -0.008 -12"><span class='ocrx_word' id='word_1_155' title='bbox 316 2172 319 2173; x_wconf 38' lang='grc'><strong><em>⁷</em></strong></span> <span class='ocrx_word' id='word_1_156' title='bbox 379 2177 588 2234; x_wconf 81' lang='lat' dir='ltr'><strong><em>Vanum</em></strong></span> <span class='ocrx_word' id='word_1_157' title='bbox 615 2189 690 2233; x_wconf 88' lang='lat' dir='ltr'><strong><em>est</em></strong></span> <span class='ocrx_word' id='word_1_158' title='bbox 738 2178 880 2234; x_wconf 80' lang='lat' dir='ltr'><strong><em>vobis</em></strong></span> <span class='ocrx_word' id='word_1_159' title='bbox 924 2187 1046 2233; x_wconf 91' lang='lat' dir='ltr'><strong><em>ante</em></strong></span> <span class='ocrx_word' id='word_1_160' title='bbox 1089 2178 1256 2231; x_wconf 87' lang='lat' dir='ltr'><strong><em>lucem</em></strong></span> <span class='ocrx_word' id='word_1_161' title='bbox 1286 2190 1543 2247; x_wconf 90' lang='lat' dir='ltr'><strong><em>surgere:</em></strong></span> <span class='ocrx_word' id='word_1_162' title='bbox 1572 2188 1621 2229; x_wconf 53' lang='grc' dir='ltr'><strong><em>οξ</em></strong></span> <span class='ocrx_word' id='word_1_163' title='bbox 1665 2172 1904 2244; x_wconf 68' lang='lat' dir='ltr'><strong><em>surgite:</em></strong></span> 
     </span>
    </p>
   </div>
   <div class='ocr_carea' id='block_1_32' title="bbox 299 2267 1800 2343">
    <p class='ocr_par' dir='ltr' id='par_1_32' title="bbox 299 2267 1800 2343">
     <span class='ocr_line' id='line_1_32' title="bbox 299 2267 1800 2343; baseline -0.005 -16"><span class='ocrx_word' id='word_1_164' title='bbox 299 2282 575 2342; x_wconf 85' lang='lat' dir='ltr'><strong><em>postquam</em></strong></span> <span class='ocrx_word' id='word_1_165' title='bbox 604 2272 864 2336; x_wconf 88' lang='lat' dir='ltr'><strong><em>sederitis,</em></strong></span> <span class='ocrx_word' id='word_1_166' title='bbox 888 2272 978 2343; x_wconf 90' lang='lat' dir='ltr'><strong><em>qui</em></strong></span> <span class='ocrx_word' id='word_1_167' title='bbox 1010 2270 1339 2325; x_wconf 77' lang='lat' dir='ltr'><strong><em>manducetis</em></strong></span> <span class='ocrx_word' id='word_1_168' title='bbox 1366 2286 1549 2337; x_wconf 91' lang='lat' dir='ltr'><strong><em>panem</em></strong></span> <span class='ocrx_word' id='word_1_169' title='bbox 1580 2267 1800 2321; x_wconf 88' lang='lat' dir='ltr'><strong><em>doloris.</em></strong></span> 
     </span>
    </p>
   </div>
   <div class='ocr_carea' id='block_1_33' title="bbox 374 2360 1912 2429">
    <p class='ocr_par' dir='ltr' id='par_1_33' title="bbox 374 2360 1912 2429">
     <span class='ocr_line' id='line_1_33' title="bbox 374 2360 1912 2429; baseline -0.005 -10"><span class='ocrx_word' id='word_1_170' title='bbox 374 2363 503 2419; x_wconf 84' lang='lat' dir='ltr'><strong><em>Cum</em></strong></span> <span class='ocrx_word' id='word_1_171' title='bbox 547 2364 751 2420; x_wconf 86' lang='lat' dir='ltr'><strong><em>dederit</em></strong></span> <span class='ocrx_word' id='word_1_172' title='bbox 791 2363 995 2419; x_wconf 86' lang='lat' dir='ltr'><strong><em>dilectis</em></strong></span> <span class='ocrx_word' id='word_1_173' title='bbox 1042 2365 1150 2418; x_wconf 86' lang='lat' dir='ltr'><strong><em>suis</em></strong></span> <span class='ocrx_word' id='word_1_174' title='bbox 1182 2379 1440 2429; x_wconf 88' lang='lat' dir='ltr'><strong><em>sontnum,</em></strong></span> <span class='ocrx_word' id='word_1_175' title='bbox 1487 2378 1599 2417; x_wconf 87' lang='lat' dir='ltr'><strong><em>ecce</em></strong></span> <span class='ocrx_word' id='word_1_176' title='bbox 1636 2360 1912 2416; x_wconf 71' lang='lat' dir='ltr'><strong><em>accreduas</em></strong></span> 
     </span>
    </p>
   </div>
   <div class='ocr_carea' id='block_1_34' title="bbox 304 2456 1402 2527">
    <p class='ocr_par' dir='ltr' id='par_1_34' title="bbox 304 2456 1402 2527">
     <span class='ocr_line' id='line_1_34' title="bbox 304 2456 1402 2527; baseline -0.001 -17"><span class='ocrx_word' id='word_1_177' title='bbox 304 2457 539 2520; x_wconf 88' lang='lat' dir='ltr'><strong><em>Domini,</em></strong></span> <span class='ocrx_word' id='word_1_178' title='bbox 566 2457 691 2527; x_wconf 79' lang='lat' dir='ltr'><strong><em>filii,</em></strong></span> <span class='ocrx_word' id='word_1_179' title='bbox 716 2474 929 2522; x_wconf 82' lang='lat' dir='ltr'><strong><em>merces,</em></strong></span> <span class='ocrx_word' id='word_1_180' title='bbox 968 2457 1169 2527; x_wconf 77' lang='lat' dir='ltr'><strong><em>fructus</em></strong></span> <span class='ocrx_word' id='word_1_181' title='bbox 1194 2456 1402 2511; x_wconf 71' lang='lat' dir='ltr'><strong><em>ventris.</em></strong></span> 
     </span>
    </p>
   </div>
   <div class='ocr_carea' id='block_1_35' title="bbox 375 2547 1912 2621">
    <p class='ocr_par' dir='ltr' id='par_1_35' title="bbox 375 2547 1912 2621">
     <span class='ocr_line' id='line_1_35' title="bbox 375 2547 1912 2621; baseline -0.003 -16"><span class='ocrx_word' id='word_1_182' title='bbox 375 2550 525 2605; x_wconf 88' lang='lat' dir='ltr'><strong><em>Sicut</em></strong></span> <span class='ocrx_word' id='word_1_183' title='bbox 571 2551 778 2621; x_wconf 71' lang='lat' dir='ltr'><strong><em>sagitta:</em></strong></span> <span class='ocrx_word' id='word_1_184' title='bbox 807 2550 860 2604; x_wconf 91' lang='lat' dir='ltr'><strong><em>in</em></strong></span> <span class='ocrx_word' id='word_1_185' title='bbox 899 2566 1057 2603; x_wconf 88' lang='lat' dir='ltr'><strong><em>manu</em></strong></span> <span class='ocrx_word' id='word_1_186' title='bbox 1088 2550 1312 2618; x_wconf 87' lang='lat' dir='ltr'><strong><em>potentis</em></strong></span> <span class='ocrx_word' id='word_1_187' title='bbox 1337 2566 1355 2603; x_wconf 90' lang='lat'><strong><em>:</em></strong></span> <span class='ocrx_word' id='word_1_188' title='bbox 1381 2548 1455 2602; x_wconf 91' lang='lat' dir='ltr'><strong><em>ita</em></strong></span> <span class='ocrx_word' id='word_1_189' title='bbox 1484 2547 1583 2617; x_wconf 81' lang='lat' dir='ltr'><strong><em>ﬁlii</em></strong></span> <span class='ocrx_word' id='word_1_190' title='bbox 1617 2556 1638 2584; x_wconf 73' lang='grc' dir='ltr'><em>ε</em></span> <span class='ocrx_word' id='word_1_191' title='bbox 1674 2562 1912 2601; x_wconf 74' lang='lat' dir='ltr'><strong><em>excusso-</em></strong></span> 
     </span>
    </p>
   </div>
   <div class='ocr_carea' id='block_1_36' title="bbox 304 2661 442 2699">
    <p class='ocr_par' dir='ltr' id='par_1_36' title="bbox 304 2661 442 2699">
     <span class='ocr_line' id='line_1_36' title="bbox 304 2661 442 2699; baseline -0.014 0"><span class='ocrx_word' id='word_1_192' title='bbox 304 2661 442 2699; x_wconf 81' lang='lat' dir='ltr'><strong><em>rum.</em></strong></span> 
     </span>
    </p>
   </div>
   <div class='ocr_carea' id='block_1_37' title="bbox 376 2731 1911 2806">
    <p class='ocr_par' dir='ltr' id='par_1_37' title="bbox 376 2731 1911 2806">
     <span class='ocr_line' id='line_1_37' title="bbox 376 2731 1911 2806; baseline -0.004 -16"><span class='ocrx_word' id='word_1_193' title='bbox 376 2736 571 2792; x_wconf 87' lang='lat' dir='ltr'><strong><em>Beatus</em></strong></span> <span class='ocrx_word' id='word_1_194' title='bbox 600 2738 681 2791; x_wconf 82' lang='lat' dir='ltr'><strong><em>vir</em></strong></span> <span class='ocrx_word' id='word_1_195' title='bbox 700 2780 715 2804; x_wconf 93' lang='lat'><strong><em>,</em></strong></span> <span class='ocrx_word' id='word_1_196' title='bbox 740 2736 830 2805; x_wconf 88' lang='lat' dir='ltr'><strong><em>qui</em></strong></span> <span class='ocrx_word' id='word_1_197' title='bbox 856 2734 1087 2806; x_wconf 77' lang='lat' dir='ltr'><strong><em>implerit</em></strong></span> <span class='ocrx_word' id='word_1_198' title='bbox 1117 2734 1433 2791; x_wconf 74' lang='lat' dir='ltr'><strong><em>desiderium</em></strong></span> <span class='ocrx_word' id='word_1_199' title='bbox 1461 2747 1610 2786; x_wconf 86' lang='lat' dir='ltr'><strong><em>suum</em></strong></span> <span class='ocrx_word' id='word_1_200' title='bbox 1637 2746 1701 2786; x_wconf 82' lang='lat' dir='ltr'><strong><em>ea:</em></strong></span> <span class='ocrx_word' id='word_1_201' title='bbox 1742 2731 1870 2802; x_wconf 86' lang='lat' dir='ltr'><strong><em>ipsis</em></strong></span> <span class='ocrx_word' id='word_1_202' title='bbox 1894 2746 1911 2784; x_wconf 89' lang='lat'><strong><em>:</em></strong></span> 
     </span>
    </p>
   </div>
   <div class='ocr_carea' id='block_1_38' title="bbox 302 2823 1911 2900">
    <p class='ocr_par' dir='ltr' id='par_1_38' title="bbox 302 2823 1911 2900">
     <span class='ocr_line' id='line_1_38' title="bbox 302 2823 1911 2900; baseline -0.004 -19"><span class='ocrx_word' id='word_1_203' title='bbox 302 2845 410 2882; x_wconf 88' lang='lat' dir='ltr'><strong><em>non</em></strong></span> <span class='ocrx_word' id='word_1_204' title='bbox 466 2829 817 2900; x_wconf 81' lang='lat' dir='ltr'><strong><em>confundetur</em></strong></span> <span class='ocrx_word' id='word_1_205' title='bbox 866 2844 980 2883; x_wconf 89' lang='lat' dir='ltr'><strong><em>cum</em></strong></span> <span class='ocrx_word' id='word_1_206' title='bbox 1032 2828 1269 2899; x_wconf 86' lang='lat' dir='ltr'><strong><em>loquetur</em></strong></span> <span class='ocrx_word' id='word_1_207' title='bbox 1308 2826 1531 2880; x_wconf 82' lang='lat' dir='ltr'><strong><em>inimicis</em></strong></span> <span class='ocrx_word' id='word_1_208' title='bbox 1568 2839 1627 2879; x_wconf 51' lang='grc' dir='ltr'><strong><em>-εν</em></strong></span> <span class='ocrx_word' id='word_1_209' title='bbox 1664 2824 1774 2878; x_wconf 85' lang='lat' dir='ltr'><strong><em>suis</em></strong></span> <span class='ocrx_word' id='word_1_210' title='bbox 1806 2823 1828 2891; x_wconf 73' lang='grc' dir='ltr'>ζ</span> <span class='ocrx_word' id='word_1_211' title='bbox 1860 2823 1911 2875; x_wconf 91' lang='lat' dir='ltr'><strong><em>in</em></strong></span> 
     </span>
    </p>
   </div>
   <div class='ocr_carea' id='block_1_39' title="bbox 314 2936 488 2997">
    <p class='ocr_par' dir='ltr' id='par_1_39' title="bbox 314 2936 488 2997">
     <span class='ocr_line' id='line_1_39' title="bbox 314 2936 488 2997; baseline 0.017 -18"><span class='ocrx_word' id='word_1_212' title='bbox 314 2936 488 2997; x_wconf 88' lang='lat' dir='ltr'><strong><em>porta.</em></strong></span> 
     </span>
    </p>
   </div>
   <div class='ocr_carea' id='block_1_40' title="bbox 1935 1734 1982 1811">
    <p class='ocr_par' dir='ltr' id='par_1_40' title="bbox 1935 1734 1982 1811">
     <span class='ocr_line' id='line_1_40' title="bbox 1935 1734 1982 1811; baseline 0 0"><span class='ocrx_word' id='word_1_213' title='bbox 1935 1734 1982 1811; x_wconf 68' lang='lat' dir='ltr'><strong><em>ll</em></strong></span> 
     </span>
    </p>
   </div>
   <div class='ocr_carea' id='block_1_41' title="bbox 373 1802 1949 1879">
    <p class='ocr_par' dir='ltr' id='par_1_41' title="bbox 373 1802 1949 1879">
     <span class='ocr_line' id='line_1_41' title="bbox 373 1802 1949 1879; baseline -0.005 -16"><span class='ocrx_word' id='word_1_214' title='bbox 373 1808 496 1864; x_wconf 85' lang='lat' dir='ltr'><strong><em>Nisi</em></strong></span> <span class='ocrx_word' id='word_1_215' title='bbox 525 1806 784 1864; x_wconf 90' lang='lat' dir='ltr'><strong><em>Dominus</em></strong></span> <span class='ocrx_word' id='word_1_216' title='bbox 808 1809 1141 1879; x_wconf 70' lang='lat' dir='ltr'><strong><em>aedificaverit</em></strong></span> <span class='ocrx_word' id='word_1_217' title='bbox 1163 1808 1375 1862; x_wconf 89' lang='lat' dir='ltr'><strong><em>domum</em></strong></span> <span class='ocrx_word' id='word_1_218' title='bbox 1406 1824 1424 1861; x_wconf 90' lang='lat'><strong><em>:</em></strong></span> <span class='ocrx_word' id='word_1_219' title='bbox 1455 1807 1509 1861; x_wconf 91' lang='lat' dir='ltr'><strong><em>in</em></strong></span> <span class='ocrx_word' id='word_1_220' title='bbox 1532 1821 1718 1860; x_wconf 80' lang='lat' dir='ltr'><strong><em>vanum</em></strong></span> <span class='ocrx_word' id='word_1_221' title='bbox 1751 1802 1901 1857; x_wconf 89' lang='lat' dir='ltr'><strong><em>labo-</em></strong></span> <span class='ocrx_word' id='word_1_222' title='bbox 1942 1808 1949 1811; x_wconf 86' lang='grc'><strong><em>“</em></strong></span> 
     </span>
    </p>
   </div>
   <div class='ocr_carea' id='block_1_42' title="bbox 2370 1708 3245 1752">
    <p class='ocr_par' dir='ltr' id='par_1_42' title="bbox 2370 1708 3245 1752">
     <span class='ocr_line' id='line_1_42' title="bbox 2370 1708 3245 1752; baseline -0.003 0"><span class='ocrx_word' id='word_1_223' title='bbox 2370 1709 2633 1752; x_wconf 70' lang='grc' dir='ltr'><strong><em>(ΞΔΝΤΙΕυΙΙ</em></strong></span> <span class='ocrx_word' id='word_1_224' title='bbox 2658 1708 2910 1750; x_wconf 68' lang='grc' dir='ltr'><strong><em>ϐΙιΔῡῐέυκ</em></strong></span> <span class='ocrx_word' id='word_1_225' title='bbox 2936 1708 3245 1750; x_wconf 65' lang='grc' dir='ltr'><strong><em>ελιοιιοκιε.</em></strong></span> 
     </span>
    </p>
   </div>
   <div class='ocr_carea' id='block_1_43' title="bbox 2084 1787 3601 1849">
    <p class='ocr_par' dir='ltr' id='par_1_43' title="bbox 2084 1787 3601 1849">
     <span class='ocr_line' id='line_1_43' title="bbox 2084 1787 3601 1849; baseline -0.001 -1"><span class='ocrx_word' id='word_1_226' title='bbox 2084 1792 2196 1849; x_wconf 81' lang='lat' dir='ltr'><strong><em>Nisi</em></strong></span> <span class='ocrx_word' id='word_1_227' title='bbox 2252 1789 2520 1845; x_wconf 87' lang='lat' dir='ltr'><strong><em>Dominus</em></strong></span> <span class='ocrx_word' id='word_1_228' title='bbox 2576 1787 2927 1843; x_wconf 68' lang='lat' dir='ltr'><strong><em>aedificaverit</em></strong></span> <span class='ocrx_word' id='word_1_229' title='bbox 2975 1788 3243 1843; x_wconf 90' lang='lat' dir='ltr'><strong><em>domum:</em></strong></span> <span class='ocrx_word' id='word_1_230' title='bbox 3293 1789 3345 1844; x_wconf 91' lang='lat' dir='ltr'><strong><em>in</em></strong></span> <span class='ocrx_word' id='word_1_231' title='bbox 3404 1805 3601 1847; x_wconf 88' lang='lat' dir='ltr'><strong><em>vanum</em></strong></span> 
     </span>
    </p>
   </div>
   <div class='ocr_carea' id='block_1_44' title="bbox 2014 1880 2912 1954">
    <p class='ocr_par' dir='ltr' id='par_1_44' title="bbox 2014 1880 2912 1954">
     <span class='ocr_line' id='line_1_44' title="bbox 2014 1880 2912 1954; baseline -0.011 -11"><span class='ocrx_word' id='word_1_232' title='bbox 2014 1898 2039 1927; x_wconf 78' lang='grc' dir='ltr'><strong><em>ο</em></strong></span> <span class='ocrx_word' id='word_1_233' title='bbox 2062 1888 2315 1942; x_wconf 85' lang='lat' dir='ltr'><strong><em>laborant</em></strong></span> <span class='ocrx_word' id='word_1_234' title='bbox 2340 1882 2433 1954; x_wconf 88' lang='lat' dir='ltr'><strong><em>qui</em></strong></span> <span class='ocrx_word' id='word_1_235' title='bbox 2466 1880 2739 1937; x_wconf 70' lang='lat' dir='ltr'><strong><em>mdillcant</em></strong></span> <span class='ocrx_word' id='word_1_236' title='bbox 2770 1895 2912 1936; x_wconf 89' lang='lat' dir='ltr'><strong><em>eam.</em></strong></span> 
     </span>
    </p>
   </div>
   <div class='ocr_carea' id='block_1_45' title="bbox 2083 1970 3606 2036">
    <p class='ocr_par' dir='ltr' id='par_1_45' title="bbox 2083 1970 3606 2036">
     <span class='ocr_line' id='line_1_45' title="bbox 2083 1970 3606 2036; baseline -0.007 0"><span class='ocrx_word' id='word_1_237' title='bbox 2083 1979 2196 2036; x_wconf 87' lang='lat' dir='ltr'><strong><em>Nisi</em></strong></span> <span class='ocrx_word' id='word_1_238' title='bbox 2231 1976 2492 2032; x_wconf 88' lang='lat' dir='ltr'><strong><em>Dominus</em></strong></span> <span class='ocrx_word' id='word_1_239' title='bbox 2517 1974 2840 2030; x_wconf 86' lang='lat' dir='ltr'><strong><em>custodierit</em></strong></span> <span class='ocrx_word' id='word_1_240' title='bbox 2872 1970 3141 2027; x_wconf 88' lang='lat' dir='ltr'><strong><em>civitatem</em></strong></span> <span class='ocrx_word' id='word_1_241' title='bbox 3166 1988 3181 2029; x_wconf 93' lang='lat'><strong><em>:</em></strong></span> <span class='ocrx_word' id='word_1_242' title='bbox 3215 1972 3269 2028; x_wconf 90' lang='lat' dir='ltr'><strong><em>in</em></strong></span> <span class='ocrx_word' id='word_1_243' title='bbox 3298 1988 3495 2029; x_wconf 84' lang='lat' dir='ltr'><strong><em>vanum</em></strong></span> <span class='ocrx_word' id='word_1_244' title='bbox 3521 1973 3606 2028; x_wconf 81' lang='lat' dir='ltr'><strong><em>vi-</em></strong></span> 
     </span>
    </p>
   </div>
   <div class='ocr_carea' id='block_1_46' title="bbox 2012 2068 2821 2151">
    <p class='ocr_par' dir='ltr' id='par_1_46' title="bbox 2012 2068 2821 2151">
     <span class='ocr_line' id='line_1_46' title="bbox 2012 2068 2821 2151; baseline -0.011 -22"><span class='ocrx_word' id='word_1_245' title='bbox 2012 2074 2181 2151; x_wconf 83' lang='lat' dir='ltr'><strong><em>gilant</em></strong></span> <span class='ocrx_word' id='word_1_246' title='bbox 2214 2071 2304 2143; x_wconf 89' lang='lat' dir='ltr'><strong><em>qui</em></strong></span> <span class='ocrx_word' id='word_1_247' title='bbox 2338 2068 2651 2124; x_wconf 89' lang='lat' dir='ltr'><strong><em>custodiunt</em></strong></span> <span class='ocrx_word' id='word_1_248' title='bbox 2680 2080 2821 2122; x_wconf 87' lang='lat' dir='ltr'><strong><em>eam.</em></strong></span> 
     </span>
    </p>
   </div>
   <div class='ocr_carea' id='block_1_47' title="bbox 2084 2156 3609 2229">
    <p class='ocr_par' dir='ltr' id='par_1_47' title="bbox 2084 2156 3609 2229">
     <span class='ocr_line' id='line_1_47' title="bbox 2084 2156 3609 2229; baseline -0.004 -9"><span class='ocrx_word' id='word_1_249' title='bbox 2084 2166 2142 2221; x_wconf 92' lang='lat' dir='ltr'><strong><em>ln</em></strong></span> <span class='ocrx_word' id='word_1_250' title='bbox 2174 2178 2370 2219; x_wconf 86' lang='lat' dir='ltr'><strong><em>vanum</em></strong></span> <span class='ocrx_word' id='word_1_251' title='bbox 2400 2169 2481 2217; x_wconf 88' lang='lat' dir='ltr'><strong><em>est</em></strong></span> <span class='ocrx_word' id='word_1_252' title='bbox 2523 2158 2683 2216; x_wconf 84' lang='lat' dir='ltr'><strong><em>vobis</em></strong></span> <span class='ocrx_word' id='word_1_253' title='bbox 2714 2168 2840 2213; x_wconf 89' lang='lat' dir='ltr'><strong><em>ante</em></strong></span> <span class='ocrx_word' id='word_1_254' title='bbox 2886 2156 3062 2214; x_wconf 90' lang='lat' dir='ltr'><strong><em>lucem</em></strong></span> <span class='ocrx_word' id='word_1_255' title='bbox 3104 2172 3331 2228; x_wconf 78' lang='lat' dir='ltr'><strong><em>surgere</em></strong></span> <span class='ocrx_word' id='word_1_256' title='bbox 3360 2175 3372 2213; x_wconf 92' lang='lat'><strong><em>:</em></strong></span> <span class='ocrx_word' id='word_1_257' title='bbox 3404 2157 3609 2229; x_wconf 78' lang='lat' dir='ltr'><strong><em>surgite</em></strong></span> 
     </span>
    </p>
   </div>
   <div class='ocr_carea' id='block_1_48' title="bbox 2015 2238 3611 2333">
    <p class='ocr_par' dir='ltr' id='par_1_48' title="bbox 2015 2238 3611 2333">
     <span class='ocr_line' id='line_1_48' title="bbox 2015 2238 3611 2333; baseline -0.006 -19"><span class='ocrx_word' id='word_1_258' title='bbox 2015 2268 2303 2333; x_wconf 89' lang='lat' dir='ltr'><strong><em>postquam</em></strong></span> <span class='ocrx_word' id='word_1_259' title='bbox 2336 2253 2623 2319; x_wconf 86' lang='lat' dir='ltr'><strong><em>sederitis,</em></strong></span> <span class='ocrx_word' id='word_1_260' title='bbox 2673 2252 2761 2322; x_wconf 88' lang='lat' dir='ltr'><strong><em>qui</em></strong></span> <span class='ocrx_word' id='word_1_261' title='bbox 2792 2248 3131 2305; x_wconf 87' lang='lat' dir='ltr'><strong><em>manducatis</em></strong></span> <span class='ocrx_word' id='word_1_262' title='bbox 3161 2265 3353 2321; x_wconf 87' lang='lat' dir='ltr'><strong><em>panem</em></strong></span> <span class='ocrx_word' id='word_1_263' title='bbox 3383 2238 3611 2308; x_wconf 84' lang='lat' dir='ltr'><strong><em>doloris.</em></strong></span> 
     </span>
    </p>
   </div>
   <div class='ocr_carea' id='block_1_49' title="bbox 2088 2342 3612 2407">
    <p class='ocr_par' dir='ltr' id='par_1_49' title="bbox 2088 2342 3612 2407">
     <span class='ocr_line' id='line_1_49' title="bbox 2088 2342 3612 2407; baseline -0.005 -1"><span class='ocrx_word' id='word_1_264' title='bbox 2088 2352 2225 2407; x_wconf 88' lang='lat' dir='ltr'><strong><em>Cum</em></strong></span> <span class='ocrx_word' id='word_1_265' title='bbox 2260 2348 2472 2404; x_wconf 85' lang='lat' dir='ltr'><strong><em>dederit</em></strong></span> <span class='ocrx_word' id='word_1_266' title='bbox 2501 2344 2716 2400; x_wconf 88' lang='lat' dir='ltr'><strong><em>dilectis</em></strong></span> <span class='ocrx_word' id='word_1_267' title='bbox 2743 2344 2855 2397; x_wconf 90' lang='lat' dir='ltr'><strong><em>suis</em></strong></span> <span class='ocrx_word' id='word_1_268' title='bbox 2885 2358 3139 2397; x_wconf 89' lang='lat' dir='ltr'><strong><em>somnum</em></strong></span> <span class='ocrx_word' id='word_1_269' title='bbox 3177 2361 3188 2396; x_wconf 91' lang='lat'><strong><em>:</em></strong></span> <span class='ocrx_word' id='word_1_270' title='bbox 3227 2344 3341 2398; x_wconf 68' lang='lat' dir='ltr'><strong><em>hare</em></strong></span> <span class='ocrx_word' id='word_1_271' title='bbox 3380 2353 3465 2398; x_wconf 79' lang='lat' dir='ltr'><strong><em>est</em></strong></span> <span class='ocrx_word' id='word_1_272' title='bbox 3503 2342 3612 2398; x_wconf 76' lang='lat' dir='ltr'><strong><em>bte-</em></strong></span> 
     </span>
    </p>
   </div>
   <div class='ocr_carea' id='block_1_50' title="bbox 2012 2435 3401 2507">
    <p class='ocr_par' dir='ltr' id='par_1_50' title="bbox 2012 2435 3401 2507">
     <span class='ocr_line' id='line_1_50' title="bbox 2012 2435 3401 2507; baseline -0.009 -6"><span class='ocrx_word' id='word_1_273' title='bbox 2012 2444 2224 2501; x_wconf 78' lang='lat' dir='ltr'><strong><em>reditas</em></strong></span> <span class='ocrx_word' id='word_1_274' title='bbox 2258 2439 2497 2507; x_wconf 87' lang='lat' dir='ltr'><strong><em>Domini,</em></strong></span> <span class='ocrx_word' id='word_1_275' title='bbox 2529 2437 2648 2505; x_wconf 86' lang='lat' dir='ltr'><strong><em>lilii,</em></strong></span> <span class='ocrx_word' id='word_1_276' title='bbox 2678 2450 2912 2503; x_wconf 89' lang='lat' dir='ltr'><strong><em>merces,</em></strong></span> <span class='ocrx_word' id='word_1_277' title='bbox 2938 2435 3145 2491; x_wconf 81' lang='lat' dir='ltr'><strong><em>fructus</em></strong></span> <span class='ocrx_word' id='word_1_278' title='bbox 3174 2438 3401 2507; x_wconf 78' lang='lat' dir='ltr'><strong><em>ventris.</em></strong></span> 
     </span>
    </p>
   </div>
   <div class='ocr_carea' id='block_1_51' title="bbox 2087 2526 3612 2605">
    <p class='ocr_par' dir='ltr' id='par_1_51' title="bbox 2087 2526 3612 2605">
     <span class='ocr_line' id='line_1_51' title="bbox 2087 2526 3612 2605; baseline -0.006 -12"><span class='ocrx_word' id='word_1_279' title='bbox 2087 2537 2245 2593; x_wconf 84' lang='lat' dir='ltr'><strong><em>Sicut</em></strong></span> <span class='ocrx_word' id='word_1_280' title='bbox 2271 2532 2480 2605; x_wconf 79' lang='lat' dir='ltr'><strong><em>sagitta:</em></strong></span> <span class='ocrx_word' id='word_1_281' title='bbox 2504 2530 2557 2586; x_wconf 92' lang='lat' dir='ltr'><strong><em>in</em></strong></span> <span class='ocrx_word' id='word_1_282' title='bbox 2591 2545 2754 2585; x_wconf 73' lang='lat' dir='ltr'><strong><em>ntanu</em></strong></span> <span class='ocrx_word' id='word_1_283' title='bbox 2787 2527 3022 2599; x_wconf 88' lang='lat' dir='ltr'><strong><em>potentis</em></strong></span> <span class='ocrx_word' id='word_1_284' title='bbox 3057 2546 3070 2581; x_wconf 90' lang='lat'><strong><em>:</em></strong></span> <span class='ocrx_word' id='word_1_285' title='bbox 3104 2527 3177 2582; x_wconf 87' lang='lat' dir='ltr'><strong><em>ita</em></strong></span> <span class='ocrx_word' id='word_1_286' title='bbox 3208 2526 3307 2583; x_wconf 86' lang='lat' dir='ltr'><strong><em>lilii</em></strong></span> <span class='ocrx_word' id='word_1_287' title='bbox 3347 2542 3612 2585; x_wconf 78' lang='lat' dir='ltr'><strong><em>excusso-</em></strong></span> 
     </span>
    </p>
   </div>
   <div class='ocr_carea' id='block_1_52' title="bbox 2017 2644 2161 2685">
    <p class='ocr_par' dir='ltr' id='par_1_52' title="bbox 2017 2644 2161 2685">
     <span class='ocr_line' id='line_1_52' title="bbox 2017 2644 2161 2685; baseline -0.028 0"><span class='ocrx_word' id='word_1_288' title='bbox 2017 2644 2161 2685; x_wconf 87' lang='lat' dir='ltr'><strong><em>rum.</em></strong></span> 
     </span>
    </p>
   </div>
   <div class='ocr_carea' id='block_1_53' title="bbox 2088 2711 3607 2787">
    <p class='ocr_par' dir='ltr' id='par_1_53' title="bbox 2088 2711 3607 2787">
     <span class='ocr_line' id='line_1_53' title="bbox 2088 2711 3607 2787; baseline -0.007 -10"><span class='ocrx_word' id='word_1_289' title='bbox 2088 2722 2288 2777; x_wconf 82' lang='lat' dir='ltr'><strong><em>Beatus</em></strong></span> <span class='ocrx_word' id='word_1_290' title='bbox 2336 2716 2441 2782; x_wconf 86' lang='lat' dir='ltr'><strong><em>vir,</em></strong></span> <span class='ocrx_word' id='word_1_291' title='bbox 2494 2715 2587 2787; x_wconf 87' lang='lat' dir='ltr'><strong><em>qui</em></strong></span> <span class='ocrx_word' id='word_1_292' title='bbox 2641 2713 2887 2785; x_wconf 76' lang='lat' dir='ltr'><strong><em>implevit</em></strong></span> <span class='ocrx_word' id='word_1_293' title='bbox 2932 2711 3269 2768; x_wconf 84' lang='lat' dir='ltr'><strong><em>desiderium</em></strong></span> <span class='ocrx_word' id='word_1_294' title='bbox 3325 2726 3482 2767; x_wconf 91' lang='lat' dir='ltr'><strong><em>suum</em></strong></span> <span class='ocrx_word' id='word_1_295' title='bbox 3540 2728 3607 2767; x_wconf 76' lang='lat' dir='ltr'><strong><em>ex</em></strong></span> 
     </span>
    </p>
   </div>
   <div class='ocr_carea' id='block_1_54' title="bbox 2018 2806 3612 2887">
    <p class='ocr_par' dir='ltr' id='par_1_54' title="bbox 2018 2806 3612 2887">
     <span class='ocr_line' id='line_1_54' title="bbox 2018 2806 3612 2887; baseline -0.005 -16"><span class='ocrx_word' id='word_1_296' title='bbox 2018 2816 2193 2887; x_wconf 87' lang='lat' dir='ltr'><strong><em>ipsis:</em></strong></span> <span class='ocrx_word' id='word_1_297' title='bbox 2226 2828 2333 2868; x_wconf 92' lang='lat' dir='ltr'><strong><em>non</em></strong></span> <span class='ocrx_word' id='word_1_298' title='bbox 2364 2807 2730 2866; x_wconf 83' lang='lat' dir='ltr'><strong><em>confundetur</em></strong></span> <span class='ocrx_word' id='word_1_299' title='bbox 2770 2807 2902 2863; x_wconf 92' lang='lat' dir='ltr'><strong><em>dum</em></strong></span> <span class='ocrx_word' id='word_1_300' title='bbox 2953 2806 3205 2878; x_wconf 89' lang='lat' dir='ltr'><strong><em>loquetur</em></strong></span> <span class='ocrx_word' id='word_1_301' title='bbox 3237 2806 3471 2863; x_wconf 91' lang='lat' dir='ltr'><strong><em>inimicis</em></strong></span> <span class='ocrx_word' id='word_1_302' title='bbox 3500 2808 3612 2863; x_wconf 86' lang='lat' dir='ltr'><strong><em>suis</em></strong></span> 
     </span>
    </p>
   </div>
   <div class='ocr_carea' id='block_1_55' title="bbox 2016 2911 2277 2980">
    <p class='ocr_par' dir='ltr' id='par_1_55' title="bbox 2016 2911 2277 2980">
     <span class='ocr_line' id='line_1_55' title="bbox 2016 2911 2277 2980; baseline -0.015 -15"><span class='ocrx_word' id='word_1_303' title='bbox 2016 2911 2069 2965; x_wconf 91' lang='lat' dir='ltr'><strong><em>in</em></strong></span> <span class='ocrx_word' id='word_1_304' title='bbox 2098 2917 2277 2980; x_wconf 90' lang='lat' dir='ltr'><strong><em>porta.</em></strong></span> 
     </span>
    </p>
   </div>
   <div class='ocr_carea' id='block_1_56' title="bbox 1645 3000 2269 3085">
    <p class='ocr_par' dir='ltr' id='par_1_56' title="bbox 1645 3000 2269 3085">
     <span class='ocr_line' id='line_1_56' title="bbox 1645 3000 2269 3085; baseline -0.018 -17"><span class='ocrx_word' id='word_1_305' title='bbox 1645 3007 1965 3085; x_wconf 61' lang='lat' dir='ltr'><strong><em>essurus</em></strong></span> <span class='ocrx_word' id='word_1_306' title='bbox 2000 3000 2269 3061; x_wconf 75' lang='lat' dir='ltr'><strong><em>cxxvu.</em></strong></span> 
     </span>
    </p>
   </div>
   <div class='ocr_carea' id='block_1_57' title="bbox 814 3125 1385 3168">
    <p class='ocr_par' dir='ltr' id='par_1_57' title="bbox 814 3125 1385 3168">
     <span class='ocr_line' id='line_1_57' title="bbox 814 3125 1385 3168; baseline -0.005 -1"><span class='ocrx_word' id='word_1_307' title='bbox 814 3126 1085 3167; x_wconf 66' lang='lat' dir='ltr'><strong><em>CANTICUI</em></strong></span> <span class='ocrx_word' id='word_1_308' title='bbox 1116 3125 1385 3168; x_wconf 73' lang='lat' dir='ltr'><strong><em>GRADUUI.</em></strong></span> 
     </span>
    </p>
   </div>
   <div class='ocr_carea' id='block_1_58' title="bbox 374 3200 1907 3278">
    <p class='ocr_par' dir='ltr' id='par_1_58' title="bbox 374 3200 1907 3278">
     <span class='ocr_line' id='line_1_58' title="bbox 374 3200 1907 3278; baseline -0.005 -17"><span class='ocrx_word' id='word_1_309' title='bbox 374 3207 523 3263; x_wconf 85' lang='lat' dir='ltr'><strong><em>Beati</em></strong></span> <span class='ocrx_word' id='word_1_310' title='bbox 551 3222 748 3272; x_wconf 90' lang='lat' dir='ltr'><strong><em>omnes,</em></strong></span> <span class='ocrx_word' id='word_1_311' title='bbox 777 3209 865 3278; x_wconf 88' lang='lat' dir='ltr'><strong><em>qui</em></strong></span> <span class='ocrx_word' id='word_1_312' title='bbox 896 3208 1071 3261; x_wconf 87' lang='lat' dir='ltr'><strong><em>timent</em></strong></span> <span class='ocrx_word' id='word_1_313' title='bbox 1105 3204 1422 3261; x_wconf 89' lang='lat' dir='ltr'><strong><em>Dominum:</em></strong></span> <span class='ocrx_word' id='word_1_314' title='bbox 1450 3204 1539 3271; x_wconf 87' lang='lat' dir='ltr'><strong><em>qui</em></strong></span> <span class='ocrx_word' id='word_1_315' title='bbox 1564 3201 1830 3259; x_wconf 82' lang='lat' dir='ltr'><strong><em>ambulant</em></strong></span> <span class='ocrx_word' id='word_1_316' title='bbox 1853 3200 1907 3253; x_wconf 86' lang='lat' dir='ltr'><strong><em>in</em></strong></span> 
     </span>
    </p>
   </div>
   <div class='ocr_carea' id='block_1_59' title="bbox 304 3303 559 3373">
    <p class='ocr_par' dir='ltr' id='par_1_59' title="bbox 304 3303 559 3373">
     <span class='ocr_line' id='line_1_59' title="bbox 304 3303 559 3373; baseline 0.004 -17"><span class='ocrx_word' id='word_1_317' title='bbox 304 3303 396 3357; x_wconf 83' lang='lat' dir='ltr'><strong><em>riis</em></strong></span> <span class='ocrx_word' id='word_1_318' title='bbox 424 3304 559 3373; x_wconf 84' lang='lat' dir='ltr'><strong><em>ejus.</em></strong></span> 
     </span>
    </p>
   </div>
   <div class='ocr_carea' id='block_1_60' title="bbox 377 3388 1909 3465">
    <p class='ocr_par' dir='ltr' id='par_1_60' title="bbox 377 3388 1909 3465">
     <span class='ocr_line' id='line_1_60' title="bbox 377 3388 1909 3465; baseline -0.002 -17"><span class='ocrx_word' id='word_1_319' title='bbox 377 3394 601 3451; x_wconf 86' lang='lat' dir='ltr'><strong><em>Labores</em></strong></span> <span class='ocrx_word' id='word_1_320' title='bbox 628 3412 874 3449; x_wconf 89' lang='lat' dir='ltr'><strong><em>manuum</em></strong></span> <span class='ocrx_word' id='word_1_321' title='bbox 903 3403 1111 3449; x_wconf 89' lang='lat' dir='ltr'><strong><em>tuarum</em></strong></span> <span class='ocrx_word' id='word_1_322' title='bbox 1137 3393 1333 3465; x_wconf 54' lang='lat' dir='ltr'><strong><em>){quia</em></strong></span> <span class='ocrx_word' id='word_1_323' title='bbox 1360 3395 1382 3465; x_wconf 72' lang='grc' dir='ltr'>ζ</span> <span class='ocrx_word' id='word_1_324' title='bbox 1407 3388 1909 3462; x_wconf 84' lang='lat' dir='ltr'><strong><em>manducabis,&#39;bea-</em></strong></span> 
     </span>
    </p>
   </div>
   <div class='ocr_carea' id='block_1_61' title="bbox 305 3494 981 3561">
    <p class='ocr_par' dir='ltr' id='par_1_61' title="bbox 305 3494 981 3561">
     <span class='ocr_line' id='line_1_61' title="bbox 305 3494 981 3561; baseline -0.007 -12"><span class='ocrx_word' id='word_1_325' title='bbox 305 3505 387 3549; x_wconf 90' lang='lat' dir='ltr'><strong><em>tus</em></strong></span> <span class='ocrx_word' id='word_1_326' title='bbox 416 3512 490 3561; x_wconf 91' lang='lat' dir='ltr'><strong><em>es,</em></strong></span> <span class='ocrx_word' id='word_1_327' title='bbox 520 3505 569 3549; x_wconf 88' lang='lat' dir='ltr'><strong><em>ct</em></strong></span> <span class='ocrx_word' id='word_1_328' title='bbox 600 3497 721 3549; x_wconf 69' lang='lat' dir='ltr'><strong><em>bene</em></strong></span> <span class='ocrx_word' id='word_1_329' title='bbox 751 3494 844 3547; x_wconf 82' lang='lat' dir='ltr'><strong><em>tibi</em></strong></span> <span class='ocrx_word' id='word_1_330' title='bbox 866 3494 981 3548; x_wconf 88' lang='lat' dir='ltr'><strong><em>erit.</em></strong></span> 
     </span>
    </p>
   </div>
   <div class='ocr_carea' id='block_1_62' title="bbox 248 3580 1907 3651">
    <p class='ocr_par' dir='ltr' id='par_1_62' title="bbox 248 3580 1907 3651">
     <span class='ocr_line' id='line_1_62' title="bbox 248 3580 1907 3651; baseline -0.005 -9"><span class='ocrx_word' id='word_1_331' title='bbox 248 3580 251 3583; x_wconf 40' lang='grc'><strong>⁷</strong></span> <span class='ocrx_word' id='word_1_332' title='bbox 378 3584 524 3641; x_wconf 74' lang='lat' dir='ltr'><strong><em>Uxor</em></strong></span> <span class='ocrx_word' id='word_1_333' title='bbox 556 3598 645 3641; x_wconf 88' lang='lat' dir='ltr'><strong><em>tua</em></strong></span> <span class='ocrx_word' id='word_1_334' title='bbox 673 3588 805 3642; x_wconf 89' lang='lat' dir='ltr'><strong><em>sicut</em></strong></span> <span class='ocrx_word' id='word_1_335' title='bbox 837 3585 952 3641; x_wconf 84' lang='lat' dir='ltr'><strong><em>vitis</em></strong></span> <span class='ocrx_word' id='word_1_336' title='bbox 998 3582 1289 3651; x_wconf 88' lang='lat' dir='ltr'><strong><em>abundans,</em></strong></span> <span class='ocrx_word' id='word_1_337' title='bbox 1336 3582 1390 3637; x_wconf 89' lang='lat' dir='ltr'><strong><em>in</em></strong></span> <span class='ocrx_word' id='word_1_338' title='bbox 1434 3581 1677 3637; x_wconf 86' lang='lat' dir='ltr'><strong><em>lateribus</em></strong></span> <span class='ocrx_word' id='word_1_339' title='bbox 1724 3580 1907 3651; x_wconf 89' lang='lat' dir='ltr'><strong><em>domus</em></strong></span> 
     </span>
    </p>
   </div>
   <div class='ocr_carea' id='block_1_63' title="bbox 315 3687 434 3733">
    <p class='ocr_par' dir='ltr' id='par_1_63' title="bbox 315 3687 434 3733">
     <span class='ocr_line' id='line_1_63' title="bbox 315 3687 434 3733; baseline 0 -2"><span class='ocrx_word' id='word_1_340' title='bbox 315 3687 434 3733; x_wconf 66' lang='grc' dir='ltr'><strong><em>Μαί.</em></strong></span> 
     </span>
    </p>
   </div>
   <div class='ocr_carea' id='block_1_64' title="bbox 379 3767 1909 3838">
    <p class='ocr_par' dir='ltr' id='par_1_64' title="bbox 379 3767 1909 3838">
     <span class='ocr_line' id='line_1_64' title="bbox 379 3767 1909 3838; baseline -0.002 -13"><span class='ocrx_word' id='word_1_341' title='bbox 379 3770 504 3825; x_wconf 83' lang='lat' dir='ltr'><strong><em>Filii</em></strong></span> <span class='ocrx_word' id='word_1_342' title='bbox 534 3770 611 3825; x_wconf 91' lang='lat' dir='ltr'><strong><em>tui</em></strong></span> <span class='ocrx_word' id='word_1_343' title='bbox 636 3769 769 3825; x_wconf 85' lang='lat' dir='ltr'><strong><em>sicut</em></strong></span> <span class='ocrx_word' id='word_1_344' title='bbox 796 3767 823 3809; x_wconf 72' lang='grc' dir='ltr'><strong>ἀ</strong></span> <span class='ocrx_word' id='word_1_345' title='bbox 854 3768 1072 3825; x_wconf 74' lang='lat' dir='ltr'><strong><em>novella:</em></strong></span> <span class='ocrx_word' id='word_1_346' title='bbox 1092 3770 1367 3838; x_wconf 83' lang='lat' dir='ltr'><strong><em>olivarum,</em></strong></span> <span class='ocrx_word' id='word_1_347' title='bbox 1390 3768 1445 3823; x_wconf 88' lang='lat' dir='ltr'><strong><em>in</em></strong></span> <span class='ocrx_word' id='word_1_348' title='bbox 1469 3769 1684 3823; x_wconf 86' lang='lat' dir='ltr'><strong><em>circuitu</em></strong></span> <span class='ocrx_word' id='word_1_349' title='bbox 1724 3782 1909 3823; x_wconf 82' lang='lat' dir='ltr'><strong><em>mensa:</em></strong></span> 
     </span>
    </p>
   </div>
   <div class='ocr_carea' id='block_1_65' title="bbox 314 3852 431 3898">
    <p class='ocr_par' dir='ltr' id='par_1_65' title="bbox 314 3852 431 3898">
     <span class='ocr_line' id='line_1_65' title="bbox 314 3852 431 3898; baseline 0 -1"><span class='ocrx_word' id='word_1_350' title='bbox 314 3852 431 3898; x_wconf 64' lang='grc' dir='ltr'><strong><em>ενα.</em></strong></span> 
     </span>
    </p>
   </div>
   <div class='ocr_carea' id='block_1_66' title="bbox 381 3932 1785 4007">
    <p class='ocr_par' dir='ltr' id='par_1_66' title="bbox 381 3932 1785 4007">
     <span class='ocr_line' id='line_1_66' title="bbox 381 3932 1785 4007; baseline -0.003 -16"><span class='ocrx_word' id='word_1_351' title='bbox 381 3935 513 3991; x_wconf 86' lang='lat' dir='ltr'><strong><em>Ecce</em></strong></span> <span class='ocrx_word' id='word_1_352' title='bbox 536 3934 609 3989; x_wconf 91' lang='lat' dir='ltr'><strong><em>sic</em></strong></span> <span class='ocrx_word' id='word_1_353' title='bbox 634 3934 959 3990; x_wconf 82' lang='lat' dir='ltr'><strong><em>benedicetur</em></strong></span> <span class='ocrx_word' id='word_1_354' title='bbox 988 3934 1143 3991; x_wconf 83' lang='lat' dir='ltr'><strong><em>homo</em></strong></span> <span class='ocrx_word' id='word_1_355' title='bbox 1166 3952 1185 3993; x_wconf 89' lang='lat'><strong><em>:</em></strong></span> <span class='ocrx_word' id='word_1_356' title='bbox 1209 3935 1299 4007; x_wconf 90' lang='lat' dir='ltr'><strong><em>qui</em></strong></span> <span class='ocrx_word' id='word_1_357' title='bbox 1320 3935 1459 3990; x_wconf 89' lang='lat' dir='ltr'><strong><em>timet</em></strong></span> <span class='ocrx_word' id='word_1_358' title='bbox 1486 3932 1785 3989; x_wconf 90' lang='lat' dir='ltr'><strong><em>Dominum.</em></strong></span> 
     </span>
    </p>
   </div>
   <div class='ocr_carea' id='block_1_67' title="bbox 388 4207 1595 4279">
    <p class='ocr_par' dir='ltr' id='par_1_67' title="bbox 388 4207 1595 4279">
     <span class='ocr_line' id='line_1_67' title="bbox 388 4207 1595 4279; baseline -0.001 -16"><span class='ocrx_word' id='word_1_359' title='bbox 388 4207 494 4279; x_wconf 60' lang='lat' dir='ltr'><strong><em>fln</em></strong></span> <span class='ocrx_word' id='word_1_360' title='bbox 529 4209 763 4264; x_wconf 81' lang='lat' dir='ltr'><strong><em>Palatia.</em></strong></span> <span class='ocrx_word' id='word_1_361' title='bbox 796 4225 924 4273; x_wconf 86' lang='lat' dir='ltr'><strong><em>ms.,</em></strong></span> <span class='ocrx_word' id='word_1_362' title='bbox 956 4218 1222 4279; x_wconf 82' lang='lat' dir='ltr'><strong><em>portantes</em></strong></span> <span class='ocrx_word' id='word_1_363' title='bbox 1260 4211 1454 4265; x_wconf 88' lang='lat' dir='ltr'><strong><em>semina</em></strong></span> <span class='ocrx_word' id='word_1_364' title='bbox 1479 4228 1595 4265; x_wconf 91' lang='lat' dir='ltr'><strong><em>sua.</em></strong></span> 
     </span>
    </p>
   </div>
   <div class='ocr_carea' id='block_1_68' title="bbox 388 4277 1905 4339">
    <p class='ocr_par' dir='ltr' id='par_1_68' title="bbox 388 4277 1905 4339">
     <span class='ocr_line' id='line_1_68' title="bbox 388 4277 1905 4339; baseline 0.002 -5"><span class='ocrx_word' id='word_1_365' title='bbox 388 4277 416 4317; x_wconf 73' lang='grc' dir='ltr'>δ</span> <span class='ocrx_word' id='word_1_366' title='bbox 460 4282 640 4337; x_wconf 82' lang='lat' dir='ltr'><strong><em>Minus</em></strong></span> <span class='ocrx_word' id='word_1_367' title='bbox 672 4282 758 4337; x_wconf 91' lang='lat' dir='ltr'><strong><em>bic</em></strong></span> <span class='ocrx_word' id='word_1_368' title='bbox 787 4293 935 4337; x_wconf 87' lang='lat' dir='ltr'><strong><em>recte</em></strong></span> <span class='ocrx_word' id='word_1_369' title='bbox 959 4277 1111 4336; x_wconf 85' lang='lat' dir='ltr'><strong><em>idem</em></strong></span> <span class='ocrx_word' id='word_1_370' title='bbox 1144 4298 1246 4336; x_wconf 93' lang='lat' dir='ltr'><strong><em>ms.</em></strong></span> <span class='ocrx_word' id='word_1_371' title='bbox 1278 4291 1333 4337; x_wconf 90' lang='lat' dir='ltr'><strong><em>et</em></strong></span> <span class='ocrx_word' id='word_1_372' title='bbox 1360 4283 1481 4337; x_wconf 78' lang='lat' dir='ltr'><strong><em>Cari</em></strong></span> <span class='ocrx_word' id='word_1_373' title='bbox 1501 4282 1669 4339; x_wconf 88' lang='lat' dir='ltr'><strong><em>editio</em></strong></span> <span class='ocrx_word' id='word_1_374' title='bbox 1690 4281 1905 4339; x_wconf 88' lang='lat' dir='ltr'><strong><em>obelum</em></strong></span> 
     </span>
    </p>
   </div>
   <div class='ocr_carea' id='block_1_69' title="bbox 316 4353 1909 4424">
    <p class='ocr_par' dir='ltr' id='par_1_69' title="bbox 316 4353 1909 4424">
     <span class='ocr_line' id='line_1_69' title="bbox 316 4353 1909 4424; baseline 0.001 -18"><span class='ocrx_word' id='word_1_375' title='bbox 316 4361 691 4424; x_wconf 72' lang='lat' dir='ltr'><strong><em>praetereunt:</em></strong></span> <span class='ocrx_word' id='word_1_376' title='bbox 740 4363 793 4409; x_wconf 87' lang='lat' dir='ltr'><strong><em>et</em></strong></span> <span class='ocrx_word' id='word_1_377' title='bbox 827 4354 877 4407; x_wconf 88' lang='lat' dir='ltr'><strong><em>in</em></strong></span> <span class='ocrx_word' id='word_1_378' title='bbox 911 4353 1295 4424; x_wconf 89' lang='lat' dir='ltr'><strong><em>subsequentis</em></strong></span> <span class='ocrx_word' id='word_1_379' title='bbox 1328 4353 1437 4411; x_wconf 87' lang='lat' dir='ltr'><strong><em>ﬁne</em></strong></span> <span class='ocrx_word' id='word_1_380' title='bbox 1465 4356 1718 4411; x_wconf 86' lang='lat' dir='ltr'><strong><em>versiculi</em></strong></span> <span class='ocrx_word' id='word_1_381' title='bbox 1756 4354 1909 4409; x_wconf 89' lang='lat' dir='ltr'><strong><em>addit</em></strong></span> 
     </span>
    </p>
   </div>
   <div class='ocr_carea' id='block_1_70' title="bbox 322 4422 789 4491">
    <p class='ocr_par' dir='ltr' id='par_1_70' title="bbox 322 4422 789 4491">
     <span class='ocr_line' id='line_1_70' title="bbox 322 4422 789 4491; baseline 0.002 -13"><span class='ocrx_word' id='word_1_382' title='bbox 322 4440 423 4478; x_wconf 88' lang='lat' dir='ltr'><strong><em>ms.</em></strong></span> <span class='ocrx_word' id='word_1_383' title='bbox 460 4422 561 4477; x_wconf 89' lang='lat' dir='ltr'><strong><em>Dia</em></strong></span> <span class='ocrx_word' id='word_1_384' title='bbox 568 4426 789 4491; x_wconf 83' lang='lat' dir='ltr'><strong><em>psalmo.</em></strong></span> 
     </span>
    </p>
   </div>
   <div class='ocr_carea' id='block_1_71' title="bbox 393 4494 1909 4553">
    <p class='ocr_par' dir='ltr' id='par_1_71' title="bbox 393 4494 1909 4553">
     <span class='ocr_line' id='line_1_71' title="bbox 393 4494 1909 4553; baseline 0.003 -6"><span class='ocrx_word' id='word_1_385' title='bbox 393 4504 415 4530; x_wconf 73' lang='lat'><strong><em>&#39;-</em></strong></span> <span class='ocrx_word' id='word_1_386' title='bbox 458 4494 538 4551; x_wconf 90' lang='lat' dir='ltr'><strong><em>De</em></strong></span> <span class='ocrx_word' id='word_1_387' title='bbox 568 4496 669 4551; x_wconf 82' lang='lat' dir='ltr'><strong><em>liae</em></strong></span> <span class='ocrx_word' id='word_1_388' title='bbox 698 4511 826 4551; x_wconf 80' lang='lat' dir='ltr'><strong><em>voce</em></strong></span> <span class='ocrx_word' id='word_1_389' title='bbox 860 4512 1192 4550; x_wconf 75' lang='lat' dir='ltr'><strong><em>excussorum</em></strong></span> <span class='ocrx_word' id='word_1_390' title='bbox 1222 4498 1444 4552; x_wconf 90' lang='lat' dir='ltr'><strong><em>consule</em></strong></span> <span class='ocrx_word' id='word_1_391' title='bbox 1476 4498 1689 4553; x_wconf 87' lang='lat' dir='ltr'><strong><em>doctam</em></strong></span> <span class='ocrx_word' id='word_1_392' title='bbox 1720 4498 1909 4551; x_wconf 83' lang='lat' dir='ltr'><strong><em>Hiero-</em></strong></span> 
     </span>
    </p>
   </div>
   <div class='ocr_carea' id='block_1_72' title="bbox 328 4566 1907 4641">
    <p class='ocr_par' dir='ltr' id='par_1_72' title="bbox 328 4566 1907 4641">
     <span class='ocr_line' id='line_1_72' title="bbox 328 4566 1907 4641; baseline 0.001 -20"><span class='ocrx_word' id='word_1_393' title='bbox 328 4568 474 4641; x_wconf 76' lang='lat' dir='ltr'><strong><em>nymi</em></strong></span> <span class='ocrx_word' id='word_1_394' title='bbox 508 4566 814 4641; x_wconf 75' lang='lat' dir='ltr'><strong><em>epistolam,</em></strong></span> <span class='ocrx_word' id='word_1_395' title='bbox 845 4568 1001 4641; x_wconf 86' lang='lat' dir='ltr'><strong><em>cujus</em></strong></span> <span class='ocrx_word' id='word_1_396' title='bbox 1032 4566 1245 4623; x_wconf 89' lang='lat' dir='ltr'><strong><em>initium</em></strong></span> <span class='ocrx_word' id='word_1_397' title='bbox 1275 4580 1358 4623; x_wconf 91' lang='lat' dir='ltr'><strong><em>est</em></strong></span> <span class='ocrx_word' id='word_1_398' title='bbox 1391 4586 1405 4623; x_wconf 92' lang='lat'><strong><em>:</em></strong></span> <span class='ocrx_word' id='word_1_399' title='bbox 1434 4569 1623 4623; x_wconf 88' lang='lat' dir='ltr'><strong><em>Beatus</em></strong></span> <span class='ocrx_word' id='word_1_400' title='bbox 1656 4567 1907 4641; x_wconf 84' lang='lat' dir='ltr'><strong><em>Pamphi-</em></strong></span> 
     </span>
    </p>
   </div>
   <div class='ocr_carea' id='block_1_73' title="bbox 328 4637 1906 4705">
    <p class='ocr_par' dir='ltr' id='par_1_73' title="bbox 328 4637 1906 4705">
     <span class='ocr_line' id='line_1_73' title="bbox 328 4637 1906 4705; baseline 0.003 -14"><span class='ocrx_word' id='word_1_401' title='bbox 328 4637 427 4705; x_wconf 85' lang='lat' dir='ltr'><strong><em>lus,</em></strong></span> <span class='ocrx_word' id='word_1_402' title='bbox 461 4648 594 4699; x_wconf 91' lang='lat' dir='ltr'><strong><em>etc.,</em></strong></span> <span class='ocrx_word' id='word_1_403' title='bbox 627 4639 714 4693; x_wconf 76' lang='grc' dir='ltr'><strong><em>ιιιιὶ</em></strong></span> <span class='ocrx_word' id='word_1_404' title='bbox 745 4639 925 4704; x_wconf 76' lang='lat' dir='ltr'><strong><em>docet,</em></strong></span> <span class='ocrx_word' id='word_1_405' title='bbox 959 4640 1063 4693; x_wconf 81' lang='lat' dir='ltr'><strong><em>hoc</em></strong></span> <span class='ocrx_word' id='word_1_406' title='bbox 1096 4640 1212 4693; x_wconf 88' lang='lat' dir='ltr'><strong><em>loco</em></strong></span> <span class='ocrx_word' id='word_1_407' title='bbox 1248 4658 1344 4705; x_wconf 73' lang='lat' dir='ltr'><strong><em>pro</em></strong></span> <span class='ocrx_word' id='word_1_408' title='bbox 1382 4637 1800 4695; x_wconf 75' lang='lat' dir='ltr'><strong><em>adolescentibus</em></strong></span> <span class='ocrx_word' id='word_1_409' title='bbox 1827 4649 1906 4695; x_wconf 85' lang='lat' dir='ltr'><strong><em>at-</em></strong></span> 
     </span>
    </p>
   </div>
   <div class='ocr_carea' id='block_1_74' title="bbox 328 4709 1632 4779">
    <p class='ocr_par' dir='ltr' id='par_1_74' title="bbox 328 4709 1632 4779">
     <span class='ocr_line' id='line_1_74' title="bbox 328 4709 1632 4779; baseline 0.005 -19"><span class='ocrx_word' id='word_1_410' title='bbox 328 4724 430 4779; x_wconf 83' lang='lat' dir='ltr'><strong><em>que</em></strong></span> <span class='ocrx_word' id='word_1_411' title='bbox 457 4709 755 4779; x_wconf 76' lang='lat' dir='ltr'><strong><em>puberibus,</em></strong></span> <span class='ocrx_word' id='word_1_412' title='bbox 778 4726 1017 4764; x_wconf 77' lang='lat' dir='ltr'><strong><em>excussos</em></strong></span> <span class='ocrx_word' id='word_1_413' title='bbox 1043 4725 1165 4765; x_wconf 84' lang='lat' dir='ltr'><strong><em>esse</em></strong></span> <span class='ocrx_word' id='word_1_414' title='bbox 1196 4713 1421 4779; x_wconf 85' lang='lat' dir='ltr'><strong><em>positos.</em></strong></span> <span class='ocrx_word' id='word_1_415' title='bbox 1457 4713 1632 4767; x_wconf 76' lang='lat' dir='ltr'><strong><em>MART.</em></strong></span> 
     </span>
    </p>
   </div>
   <div class='ocr_carea' id='block_1_75' title="bbox 392 4776 1912 4853">
    <p class='ocr_par' dir='ltr' id='par_1_75' title="bbox 392 4776 1912 4853">
     <span class='ocr_line' id='line_1_75' title="bbox 392 4776 1912 4853; baseline 0.001 -18"><span class='ocrx_word' id='word_1_416' title='bbox 392 4776 419 4815; x_wconf 73' lang='grc' dir='ltr'><em>δ</em></span> <span class='ocrx_word' id='word_1_417' title='bbox 453 4776 553 4853; x_wconf 76' lang='lat' dir='ltr'><strong><em>Ms.</em></strong></span> <span class='ocrx_word' id='word_1_418' title='bbox 590 4781 886 4845; x_wconf 84' lang='lat' dir='ltr'><strong><em>Palatinus,</em></strong></span> <span class='ocrx_word' id='word_1_419' title='bbox 915 4784 1047 4853; x_wconf 85' lang='lat' dir='ltr'><strong><em>sicut</em></strong></span> <span class='ocrx_word' id='word_1_420' title='bbox 1071 4776 1272 4853; x_wconf 65' lang='lat' dir='ltr'><strong><em>nouella</em></strong></span> <span class='ocrx_word' id='word_1_421' title='bbox 1296 4784 1570 4851; x_wconf 83' lang='lat' dir='ltr'><strong><em>olivarum,</em></strong></span> <span class='ocrx_word' id='word_1_422' title='bbox 1606 4792 1711 4839; x_wconf 87' lang='lat' dir='ltr'><strong><em>etc.</em></strong></span> <span class='ocrx_word' id='word_1_423' title='bbox 1742 4783 1831 4853; x_wconf 89' lang='lat' dir='ltr'><strong><em>qui</em></strong></span> <span class='ocrx_word' id='word_1_424' title='bbox 1857 4792 1912 4839; x_wconf 90' lang='lat' dir='ltr'><strong><em>et</em></strong></span> 
     </span>
    </p>
   </div>
   <div class='ocr_carea' id='block_1_76' title="bbox 322 4852 1472 4922">
    <p class='ocr_par' dir='ltr' id='par_1_76' title="bbox 322 4852 1472 4922">
     <span class='ocr_line' id='line_1_76' title="bbox 322 4852 1472 4922; baseline 0.004 -19"><span class='ocrx_word' id='word_1_425' title='bbox 322 4852 618 4921; x_wconf 84' lang='lat' dir='ltr'><strong><em>penultimo</em></strong></span> <span class='ocrx_word' id='word_1_426' title='bbox 644 4854 820 4908; x_wconf 85' lang='lat' dir='ltr'><strong><em>versui</em></strong></span> <span class='ocrx_word' id='word_1_427' title='bbox 846 4852 1119 4922; x_wconf 64' lang='lat' dir='ltr'><strong><em>subjungit</em></strong></span> <span class='ocrx_word' id='word_1_428' title='bbox 1145 4852 1472 4922; x_wconf 85' lang='lat' dir='ltr'><strong><em>Diapsalma.</em></strong></span> 
     </span>
    </p>
   </div>
   <div class='ocr_carea' id='block_1_77' title="bbox 404 4923 1913 4993">
    <p class='ocr_par' dir='ltr' id='par_1_77' title="bbox 404 4923 1913 4993">
     <span class='ocr_line' id='line_1_77' title="bbox 404 4923 1913 4993; baseline 0.001 -16"><span class='ocrx_word' id='word_1_429' title='bbox 404 4934 427 4957; x_wconf 66' lang='grc' dir='ltr'>υ</span> <span class='ocrx_word' id='word_1_430' title='bbox 468 4923 601 4978; x_wconf 89' lang='lat' dir='ltr'><strong><em>Cum</em></strong></span> <span class='ocrx_word' id='word_1_431' title='bbox 643 4924 945 4993; x_wconf 79' lang='lat' dir='ltr'><strong><em>Augustino</em></strong></span> <span class='ocrx_word' id='word_1_432' title='bbox 976 4925 1272 4979; x_wconf 75' lang='lat' dir='ltr'><strong><em>Veroucns.</em></strong></span> <span class='ocrx_word' id='word_1_433' title='bbox 1304 4942 1432 4993; x_wconf 89' lang='lat' dir='ltr'><strong><em>ms.,</em></strong></span> <span class='ocrx_word' id='word_1_434' title='bbox 1467 4928 1521 4979; x_wconf 89' lang='lat' dir='ltr'><strong><em>in</em></strong></span> <span class='ocrx_word' id='word_1_435' title='bbox 1553 4943 1736 4979; x_wconf 75' lang='lat' dir='ltr'><strong><em>vanum</em></strong></span> <span class='ocrx_word' id='word_1_436' title='bbox 1769 4927 1913 4979; x_wconf 84' lang='lat' dir='ltr'><strong><em>labo-</em></strong></span> 
     </span>
    </p>
   </div>
   <div class='ocr_carea' id='block_1_78' title="bbox 326 4996 1914 5068">
    <p class='ocr_par' dir='ltr' id='par_1_78' title="bbox 326 4996 1914 5068">
     <span class='ocr_line' id='line_1_78' title="bbox 326 4996 1914 5068; baseline 0.003 -22"><span class='ocrx_word' id='word_1_437' title='bbox 326 5003 559 5068; x_wconf 63' lang='lat' dir='ltr'><strong><em>rat&#39;erunt</em></strong></span> <span class='ocrx_word' id='word_1_438' title='bbox 591 4996 906 5068; x_wconf 75' lang='lat' dir='ltr'><strong><em>a’diﬁcnnles</em></strong></span> <span class='ocrx_word' id='word_1_439' title='bbox 934 5012 1041 5048; x_wconf 88' lang='lat' dir='ltr'><strong><em>eam</em></strong></span> <span class='ocrx_word' id='word_1_440' title='bbox 1067 5013 1085 5048; x_wconf 89' lang='lat'><strong><em>:</em></strong></span> <span class='ocrx_word' id='word_1_441' title='bbox 1116 5006 1169 5050; x_wconf 87' lang='lat' dir='ltr'><strong><em>et</em></strong></span> <span class='ocrx_word' id='word_1_442' title='bbox 1197 5012 1344 5059; x_wconf 81' lang='lat' dir='ltr'><strong><em>mox,</em></strong></span> <span class='ocrx_word' id='word_1_443' title='bbox 1373 4999 1427 5051; x_wconf 90' lang='lat' dir='ltr'><strong><em>in</em></strong></span> <span class='ocrx_word' id='word_1_444' title='bbox 1463 5014 1647 5051; x_wconf 80' lang='lat' dir='ltr'><strong><em>vanum</em></strong></span> <span class='ocrx_word' id='word_1_445' title='bbox 1688 4996 1914 5068; x_wconf 68' lang='lat' dir='ltr'><strong><em>vigilavit</em></strong></span> 
     </span>
    </p>
   </div>
   <div class='ocr_carea' id='block_1_79' title="bbox 328 5065 1915 5139">
    <p class='ocr_par' dir='ltr' id='par_1_79' title="bbox 328 5065 1915 5139">
     <span class='ocr_line' id='line_1_79' title="bbox 328 5065 1915 5139; baseline 0.003 -21"><span class='ocrx_word' id='word_1_446' title='bbox 328 5065 485 5135; x_wconf 72' lang='lat' dir='ltr'><strong><em>(Aug.</em></strong></span> <span class='ocrx_word' id='word_1_447' title='bbox 512 5066 785 5136; x_wconf 70' lang='lat' dir='ltr'><strong><em>laboravit)</em></strong></span> <span class='ocrx_word' id='word_1_448' title='bbox 816 5067 904 5139; x_wconf 87' lang='lat' dir='ltr'><strong><em>qui</em></strong></span> <span class='ocrx_word' id='word_1_449' title='bbox 923 5068 1141 5121; x_wconf 86' lang='lat' dir='ltr'><strong><em>custodit</em></strong></span> <span class='ocrx_word' id='word_1_450' title='bbox 1169 5084 1305 5123; x_wconf 86' lang='lat' dir='ltr'><strong><em>eam.</em></strong></span> <span class='ocrx_word' id='word_1_451' title='bbox 1329 5070 1487 5132; x_wconf 81' lang='lat' dir='ltr'><strong><em>Tum,</em></strong></span> <span class='ocrx_word' id='word_1_452' title='bbox 1519 5070 1714 5139; x_wconf 84' lang='lat' dir='ltr'><strong><em>surgite</em></strong></span> <span class='ocrx_word' id='word_1_453' title='bbox 1737 5065 1915 5137; x_wconf 84' lang='lat' dir='ltr'><strong><em>postea</em></strong></span> 
     </span>
    </p>
   </div>
   <div class='ocr_carea' id='block_1_80' title="bbox 326 5138 1917 5209">
    <p class='ocr_par' dir='ltr' id='par_1_80' title="bbox 326 5138 1917 5209">
     <span class='ocr_line' id='line_1_80' title="bbox 326 5138 1917 5209; baseline 0.004 -21"><span class='ocrx_word' id='word_1_454' title='bbox 326 5154 481 5207; x_wconf 90' lang='lat' dir='ltr'><strong><em>quam</em></strong></span> <span class='ocrx_word' id='word_1_455' title='bbox 512 5139 716 5209; x_wconf 84' lang='lat' dir='ltr'><strong><em>sedistis</em></strong></span> <span class='ocrx_word' id='word_1_456' title='bbox 740 5138 849 5207; x_wconf 86' lang='lat' dir='ltr'><strong><em>qui,</em></strong></span> <span class='ocrx_word' id='word_1_457' title='bbox 881 5148 986 5193; x_wconf 90' lang='lat' dir='ltr'><strong><em>ete.</em></strong></span> <span class='ocrx_word' id='word_1_458' title='bbox 1013 5140 1369 5209; x_wconf 85' lang='lat' dir='ltr'><strong><em>Subsequenti</em></strong></span> <span class='ocrx_word' id='word_1_459' title='bbox 1390 5156 1550 5194; x_wconf 87' lang='lat' dir='ltr'><strong><em>versu</em></strong></span> <span class='ocrx_word' id='word_1_460' title='bbox 1574 5142 1724 5193; x_wconf 84' lang='lat' dir='ltr'><strong><em>solus</em></strong></span> <span class='ocrx_word' id='word_1_461' title='bbox 1748 5140 1917 5195; x_wconf 83' lang='lat' dir='ltr'><strong><em>Vero-</em></strong></span> 
     </span>
    </p>
   </div>
   <div class='ocr_carea' id='block_1_81' title="bbox 331 5207 1915 5279">
    <p class='ocr_par' dir='ltr' id='par_1_81' title="bbox 331 5207 1915 5279">
     <span class='ocr_line' id='line_1_81' title="bbox 331 5207 1915 5279; baseline 0.001 -16"><span class='ocrx_word' id='word_1_462' title='bbox 331 5223 485 5279; x_wconf 78' lang='lat' dir='ltr'><strong><em>tteus.</em></strong></span> <span class='ocrx_word' id='word_1_463' title='bbox 514 5207 645 5263; x_wconf 83' lang='lat' dir='ltr'><strong><em>Cum</em></strong></span> <span class='ocrx_word' id='word_1_464' title='bbox 674 5209 859 5264; x_wconf 80' lang='lat' dir='ltr'><strong><em>dedero</em></strong></span> <span class='ocrx_word' id='word_1_465' title='bbox 888 5211 1145 5279; x_wconf 87' lang='lat' dir='ltr'><strong><em>somnium</em></strong></span> <span class='ocrx_word' id='word_1_466' title='bbox 1195 5207 1397 5266; x_wconf 79' lang='lat' dir='ltr'><strong><em>dilectis</em></strong></span> <span class='ocrx_word' id='word_1_467' title='bbox 1439 5212 1574 5279; x_wconf 83' lang='lat' dir='ltr'><strong><em>ejus,</em></strong></span> <span class='ocrx_word' id='word_1_468' title='bbox 1599 5227 1714 5264; x_wconf 87' lang='lat' dir='ltr'><strong><em>ecce</em></strong></span> <span class='ocrx_word' id='word_1_469' title='bbox 1744 5209 1915 5265; x_wconf 79' lang='lat' dir='ltr'><strong><em>luere-</em></strong></span> 
     </span>
    </p>
   </div>
   <div class='ocr_carea' id='block_1_82' title="bbox 330 5278 1918 5351">
    <p class='ocr_par' dir='ltr' id='par_1_82' title="bbox 330 5278 1918 5351">
     <span class='ocr_line' id='line_1_82' title="bbox 330 5278 1918 5351; baseline 0.003 -20"><span class='ocrx_word' id='word_1_470' title='bbox 330 5278 468 5334; x_wconf 86' lang='lat' dir='ltr'><strong><em>ditas</em></strong></span> <span class='ocrx_word' id='word_1_471' title='bbox 496 5297 514 5335; x_wconf 92' lang='lat'><strong><em>:</em></strong></span> <span class='ocrx_word' id='word_1_472' title='bbox 563 5290 617 5335; x_wconf 87' lang='lat' dir='ltr'><strong><em>et</em></strong></span> <span class='ocrx_word' id='word_1_473' title='bbox 649 5282 703 5337; x_wconf 88' lang='lat' dir='ltr'><strong><em>in</em></strong></span> <span class='ocrx_word' id='word_1_474' title='bbox 736 5281 862 5345; x_wconf 85' lang='lat' dir='ltr'><strong><em>line,</em></strong></span> <span class='ocrx_word' id='word_1_475' title='bbox 899 5278 1088 5335; x_wconf 76' lang='lat' dir='ltr'><strong><em>Beatus</em></strong></span> <span class='ocrx_word' id='word_1_476' title='bbox 1113 5282 1209 5345; x_wconf 83' lang='lat' dir='ltr'><strong><em>uir,</em></strong></span> <span class='ocrx_word' id='word_1_477' title='bbox 1251 5284 1339 5351; x_wconf 78' lang='lat' dir='ltr'><strong><em>qui</em></strong></span> <span class='ocrx_word' id='word_1_478' title='bbox 1368 5278 1577 5351; x_wconf 81' lang='lat' dir='ltr'><strong><em>repleuit</em></strong></span> <span class='ocrx_word' id='word_1_479' title='bbox 1606 5282 1918 5335; x_wconf 81' lang='lat' dir='ltr'><strong><em>desiderium</em></strong></span> 
     </span>
    </p>
   </div>
   <div class='ocr_carea' id='block_1_83' title="bbox 334 5351 1919 5425">
    <p class='ocr_par' dir='ltr' id='par_1_83' title="bbox 334 5351 1919 5425">
     <span class='ocr_line' id='line_1_83' title="bbox 334 5351 1919 5425; baseline 0.004 -22"><span class='ocrx_word' id='word_1_480' title='bbox 334 5361 480 5404; x_wconf 85' lang='lat' dir='ltr'><strong><em>tuum</em></strong></span> <span class='ocrx_word' id='word_1_481' title='bbox 507 5369 571 5406; x_wconf 77' lang='lat' dir='ltr'><strong><em>ea:</em></strong></span> <span class='ocrx_word' id='word_1_482' title='bbox 598 5355 671 5407; x_wconf 87' lang='lat' dir='ltr'><strong><em>eis</em></strong></span> <span class='ocrx_word' id='word_1_483' title='bbox 694 5368 713 5406; x_wconf 88' lang='lat'><strong><em>:</em></strong></span> <span class='ocrx_word' id='word_1_484' title='bbox 741 5367 843 5425; x_wconf 89' lang='lat' dir='ltr'><strong><em>non</em></strong></span> <span class='ocrx_word' id='word_1_485' title='bbox 863 5351 1217 5425; x_wconf 74' lang='lat' dir='ltr'><strong><em>confundetur</em></strong></span> <span class='ocrx_word' id='word_1_486' title='bbox 1247 5370 1359 5408; x_wconf 88' lang='lat' dir='ltr'><strong><em>cunt</em></strong></span> <span class='ocrx_word' id='word_1_487' title='bbox 1379 5354 1634 5425; x_wconf 88' lang='lat' dir='ltr'><strong><em>loquetur,</em></strong></span> <span class='ocrx_word' id='word_1_488' title='bbox 1663 5362 1769 5409; x_wconf 88' lang='lat' dir='ltr'><strong><em>etc.</em></strong></span> <span class='ocrx_word' id='word_1_489' title='bbox 1798 5368 1919 5425; x_wconf 66' lang='lat' dir='ltr'><strong><em>qua</em></strong></span> 
     </span>
    </p>
   </div>
   <div class='ocr_carea' id='block_1_84' title="bbox 328 5422 1212 5479">
    <p class='ocr_par' dir='ltr' id='par_1_84' title="bbox 328 5422 1212 5479">
     <span class='ocr_line' id='line_1_84' title="bbox 328 5422 1212 5479; baseline -0.001 -2"><span class='ocrx_word' id='word_1_490' title='bbox 328 5432 455 5477; x_wconf 78' lang='lat' dir='ltr'><strong><em>sunt</em></strong></span> <span class='ocrx_word' id='word_1_491' title='bbox 478 5430 659 5476; x_wconf 84' lang='lat' dir='ltr'><strong><em>tamen</em></strong></span> <span class='ocrx_word' id='word_1_492' title='bbox 685 5423 904 5479; x_wconf 81' lang='lat' dir='ltr'><strong><em>levioris</em></strong></span> <span class='ocrx_word' id='word_1_493' title='bbox 932 5422 1212 5478; x_wconf 85' lang='lat' dir='ltr'><strong><em>momenti.</em></strong></span> 
     </span>
    </p>
   </div>
   <div class='ocr_carea' id='block_1_85' title="bbox 402 5491 1920 5554">
    <p class='ocr_par' dir='ltr' id='par_1_85' title="bbox 402 5491 1920 5554">
     <span class='ocr_line' id='line_1_85' title="bbox 402 5491 1920 5554; baseline 0.003 -7"><span class='ocrx_word' id='word_1_494' title='bbox 402 5491 421 5531; x_wconf 72' lang='grc' dir='ltr'><em>τ</em></span> <span class='ocrx_word' id='word_1_495' title='bbox 456 5494 635 5549; x_wconf 79' lang='lat' dir='ltr'><strong><em>Codev</em></strong></span> <span class='ocrx_word' id='word_1_496' title='bbox 671 5494 1015 5554; x_wconf 73' lang='lat' dir='ltr'><strong><em>Veronensis,</em></strong></span> <span class='ocrx_word' id='word_1_497' title='bbox 1053 5492 1276 5550; x_wconf 85' lang='lat' dir='ltr'><strong><em>Labores</em></strong></span> <span class='ocrx_word' id='word_1_498' title='bbox 1306 5512 1550 5550; x_wconf 88' lang='lat' dir='ltr'><strong><em>manuum</em></strong></span> <span class='ocrx_word' id='word_1_499' title='bbox 1580 5504 1826 5551; x_wconf 87' lang='lat' dir='ltr'><strong><em>tuarum:</em></strong></span> <span class='ocrx_word' id='word_1_500' title='bbox 1854 5511 1920 5552; x_wconf 77' lang='lat' dir='ltr'><strong><em>ex</em></strong></span> 
     </span>
    </p>
   </div>
   <div class='ocr_carea' id='block_1_86' title="bbox 332 5566 1923 5634">
    <p class='ocr_par' dir='ltr' id='par_1_86' title="bbox 332 5566 1923 5634">
     <span class='ocr_line' id='line_1_86' title="bbox 332 5566 1923 5634; baseline 0.003 -15"><span class='ocrx_word' id='word_1_501' title='bbox 332 5578 431 5634; x_wconf 80' lang='lat' dir='ltr'><strong><em>qua</em></strong></span> <span class='ocrx_word' id='word_1_502' title='bbox 458 5581 563 5620; x_wconf 90' lang='lat' dir='ltr'><strong><em>una</em></strong></span> <span class='ocrx_word' id='word_1_503' title='bbox 595 5566 850 5630; x_wconf 88' lang='lat' dir='ltr'><strong><em>lectione,</em></strong></span> <span class='ocrx_word' id='word_1_504' title='bbox 879 5567 923 5619; x_wconf 89' lang='lat' dir='ltr'><strong><em>si</em></strong></span> <span class='ocrx_word' id='word_1_505' title='bbox 955 5581 1075 5634; x_wconf 75' lang='lat' dir='ltr'><strong><em>qua:</em></strong></span> <span class='ocrx_word' id='word_1_506' title='bbox 1103 5581 1235 5621; x_wconf 86' lang='lat' dir='ltr'><strong><em>sane</em></strong></span> <span class='ocrx_word' id='word_1_507' title='bbox 1279 5570 1443 5621; x_wconf 89' lang='lat' dir='ltr'><strong><em>multa</em></strong></span> <span class='ocrx_word' id='word_1_508' title='bbox 1484 5569 1587 5622; x_wconf 85' lang='lat' dir='ltr'><strong><em>alia</em></strong></span> <span class='ocrx_word' id='word_1_509' title='bbox 1631 5569 1745 5623; x_wconf 85' lang='lat' dir='ltr'><strong><em>suis</em></strong></span> <span class='ocrx_word' id='word_1_510' title='bbox 1788 5568 1923 5624; x_wconf 88' lang='lat' dir='ltr'><strong><em>locis</em></strong></span> 
     </span>
    </p>
   </div>
   <div class='ocr_carea' id='block_1_87' title="bbox 330 5630 1924 5709">
    <p class='ocr_par' dir='ltr' id='par_1_87' title="bbox 330 5630 1924 5709">
     <span class='ocr_line' id='line_1_87' title="bbox 330 5630 1924 5709; baseline 0.003 -20"><span class='ocrx_word' id='word_1_511' title='bbox 330 5630 621 5709; x_wconf 74' lang='lat' dir='ltr'><strong><em>innuimus,</em></strong></span> <span class='ocrx_word' id='word_1_512' title='bbox 652 5646 964 5709; x_wconf 84' lang='lat' dir='ltr'><strong><em>argumenta</em></strong></span> <span class='ocrx_word' id='word_1_513' title='bbox 976 5630 1258 5704; x_wconf 71' lang='lat' dir='ltr'><strong><em>deessent,</em></strong></span> <span class='ocrx_word' id='word_1_514' title='bbox 1284 5638 1461 5707; x_wconf 78' lang='lat' dir='ltr'><strong><em>colligi</em></strong></span> <span class='ocrx_word' id='word_1_515' title='bbox 1491 5649 1636 5695; x_wconf 87' lang='lat' dir='ltr'><strong><em>recte</em></strong></span> <span class='ocrx_word' id='word_1_516' title='bbox 1658 5656 1816 5709; x_wconf 85' lang='lat' dir='ltr'><strong><em>posse</em></strong></span> <span class='ocrx_word' id='word_1_517' title='bbox 1837 5655 1924 5693; x_wconf 82' lang='lat' dir='ltr'><strong><em>ar—</em></strong></span> 
     </span>
    </p>
   </div>
   <div class='ocr_carea' id='block_1_88' title="bbox 328 5703 1924 5781">
    <p class='ocr_par' dir='ltr' id='par_1_88' title="bbox 328 5703 1924 5781">
     <span class='ocr_line' id='line_1_88' title="bbox 328 5703 1924 5781; baseline 0.004 -22"><span class='ocrx_word' id='word_1_518' title='bbox 328 5703 519 5781; x_wconf 72' lang='lat' dir='ltr'><strong><em>bitror,</em></strong></span> <span class='ocrx_word' id='word_1_519' title='bbox 555 5724 660 5762; x_wconf 91' lang='lat' dir='ltr'><strong><em>non</em></strong></span> <span class='ocrx_word' id='word_1_520' title='bbox 682 5703 814 5781; x_wconf 75' lang='lat' dir='ltr'><strong><em>esse</em></strong></span> <span class='ocrx_word' id='word_1_521' title='bbox 854 5708 990 5781; x_wconf 86' lang='lat' dir='ltr'><strong><em>banc</em></strong></span> <span class='ocrx_word' id='word_1_522' title='bbox 1025 5703 1292 5776; x_wconf 82' lang='lat' dir='ltr'><strong><em>veterem,</em></strong></span> <span class='ocrx_word' id='word_1_523' title='bbox 1338 5703 1497 5781; x_wconf 76' lang='lat' dir='ltr'><strong><em>quam</em></strong></span> <span class='ocrx_word' id='word_1_524' title='bbox 1547 5703 1732 5766; x_wconf 76' lang='lat' dir='ltr'><strong><em>Italam</em></strong></span> <span class='ocrx_word' id='word_1_525' title='bbox 1777 5725 1924 5781; x_wconf 66' lang='lat' dir='ltr'><strong><em>saepe</em></strong></span> 
     </span>
    </p>
   </div>
   <div class='ocr_carea' id='block_1_89' title="bbox 332 5775 1927 5851">
    <p class='ocr_par' dir='ltr' id='par_1_89' title="bbox 332 5775 1927 5851">
     <span class='ocr_line' id='line_1_89' title="bbox 332 5775 1927 5851; baseline 0.004 -21"><span class='ocrx_word' id='word_1_526' title='bbox 332 5775 577 5851; x_wconf 48' lang='lat' dir='ltr'><strong><em>laudatus</em></strong></span> <span class='ocrx_word' id='word_1_527' title='bbox 628 5780 806 5835; x_wconf 89' lang='lat' dir='ltr'><strong><em>editor</em></strong></span> <span class='ocrx_word' id='word_1_528' title='bbox 844 5780 1147 5835; x_wconf 85' lang='lat' dir='ltr'><strong><em>versionem</em></strong></span> <span class='ocrx_word' id='word_1_529' title='bbox 1197 5775 1372 5836; x_wconf 50' lang='lat' dir='ltr'><strong><em>voeati</em></strong></span> <span class='ocrx_word' id='word_1_530' title='bbox 1413 5780 1589 5837; x_wconf 89' lang='lat' dir='ltr'><strong><em>Testis</em></strong></span> <span class='ocrx_word' id='word_1_531' title='bbox 1621 5798 1815 5851; x_wconf 85' lang='lat' dir='ltr'><strong><em>nempe</em></strong></span> <span class='ocrx_word' id='word_1_532' title='bbox 1842 5775 1927 5837; x_wconf 80' lang='lat' dir='ltr'><strong><em>est</em></strong></span> 
     </span>
    </p>
   </div>
   <div class='ocr_carea' id='block_1_90' title="bbox 332 5849 1923 5925">
    <p class='ocr_par' dir='ltr' id='par_1_90' title="bbox 332 5849 1923 5925">
     <span class='ocr_line' id='line_1_90' title="bbox 332 5849 1923 5925; baseline 0.006 -25"><span class='ocrx_word' id='word_1_533' title='bbox 332 5849 480 5903; x_wconf 85' lang='lat' dir='ltr'><strong><em>omni</em></strong></span> <span class='ocrx_word' id='word_1_534' title='bbox 518 5852 1040 5925; x_wconf 80' lang='lat' dir='ltr'><strong><em>exceptionemajor</em></strong></span> <span class='ocrx_word' id='word_1_535' title='bbox 1064 5852 1433 5925; x_wconf 69' lang='lat' dir='ltr'><strong><em>llierouymus</em></strong></span> <span class='ocrx_word' id='word_1_536' title='bbox 1463 5849 1777 5925; x_wconf 10' lang='lat' dir='ltr'><strong><em>epistorlaiin</em></strong></span> <span class='ocrx_word' id='word_1_537' title='bbox 1821 5869 1923 5910; x_wconf 89' lang='lat' dir='ltr'><strong><em>no-</em></strong></span> 
     </span>
    </p>
   </div>
   <div class='ocr_carea' id='block_1_91' title="bbox 332 5923 1930 5993">
    <p class='ocr_par' dir='ltr' id='par_1_91' title="bbox 332 5923 1930 5993">
     <span class='ocr_line' id='line_1_91' title="bbox 332 5923 1930 5993; baseline 0.006 -19"><span class='ocrx_word' id='word_1_538' title='bbox 332 5928 439 5975; x_wconf 87' lang='lat' dir='ltr'><strong><em>stra</em></strong></span> <span class='ocrx_word' id='word_1_539' title='bbox 486 5925 807 5981; x_wconf 89' lang='lat' dir='ltr'><strong><em>recensione</em></strong></span> <span class='ocrx_word' id='word_1_540' title='bbox 845 5923 913 5979; x_wconf 72' lang='grc' dir='ltr'><strong>δι</strong></span> <span class='ocrx_word' id='word_1_541' title='bbox 952 5923 1021 5981; x_wconf 90' lang='lat' dir='ltr'><strong><em>ad</em></strong></span> <span class='ocrx_word' id='word_1_542' title='bbox 1062 5923 1370 5983; x_wconf 76' lang='lat' dir='ltr'><strong><em>Marcellam</em></strong></span> <span class='ocrx_word' id='word_1_543' title='bbox 1416 5940 1567 5982; x_wconf 89' lang='lat' dir='ltr'><strong><em>num.</em></strong></span> <span class='ocrx_word' id='word_1_544' title='bbox 1615 5924 1672 5993; x_wconf 83' lang='lat'><strong><em>5,</em></strong></span> <span class='ocrx_word' id='word_1_545' title='bbox 1704 5924 1930 5984; x_wconf 80' lang='lat' dir='ltr'><strong><em>Latinos</em></strong></span> 
     </span>
    </p>
   </div>
   <div class='ocr_carea' id='block_1_92' title="bbox 1934 4608 1987 4670">
    <p class='ocr_par' dir='ltr' id='par_1_92' title="bbox 1934 4608 1987 4670">
     <span class='ocr_line' id='line_1_92' title="bbox 1934 4608 1987 4670; baseline 0 0"><span class='ocrx_word' id='word_1_546' title='bbox 1934 4608 1987 4670; x_wconf 91' lang='lat' dir='ltr'><strong><em>D</em></strong></span> 
     </span>
    </p>
   </div>
   <div class='ocr_carea' id='block_1_93' title="bbox 2526 3107 3100 3161">
    <p class='ocr_par' dir='ltr' id='par_1_93' title="bbox 2526 3107 3100 3161">
     <span class='ocr_line' id='line_1_93' title="bbox 2526 3107 3100 3161; baseline -0.002 -11"><span class='ocrx_word' id='word_1_547' title='bbox 2526 3108 2795 3150; x_wconf 75' lang='lat' dir='ltr'><strong><em>CANTICUII</em></strong></span> <span class='ocrx_word' id='word_1_548' title='bbox 2828 3107 3100 3161; x_wconf 58' lang='lat' dir='ltr'><strong><em>cnsuevi.</em></strong></span> 
     </span>
    </p>
   </div>
   <div class='ocr_carea' id='block_1_94' title="bbox 2086 3187 3613 3262">
    <p class='ocr_par' dir='ltr' id='par_1_94' title="bbox 2086 3187 3613 3262">
     <span class='ocr_line' id='line_1_94' title="bbox 2086 3187 3613 3262; baseline -0.001 -15"><span class='ocrx_word' id='word_1_549' title='bbox 2086 3191 2232 3247; x_wconf 87' lang='lat' dir='ltr'><strong><em>Beati</em></strong></span> <span class='ocrx_word' id='word_1_550' title='bbox 2258 3202 2449 3245; x_wconf 89' lang='lat' dir='ltr'><strong><em>omnes</em></strong></span> <span class='ocrx_word' id='word_1_551' title='bbox 2473 3189 2560 3261; x_wconf 90' lang='lat' dir='ltr'><strong><em>qui</em></strong></span> <span class='ocrx_word' id='word_1_552' title='bbox 2594 3190 2786 3244; x_wconf 89' lang='lat' dir='ltr'><strong><em>timent</em></strong></span> <span class='ocrx_word' id='word_1_553' title='bbox 2834 3188 3120 3247; x_wconf 89' lang='lat' dir='ltr'><strong><em>Dominum</em></strong></span> <span class='ocrx_word' id='word_1_554' title='bbox 3156 3187 3285 3262; x_wconf 89' lang='lat' dir='ltr'><strong><em>:qui</em></strong></span> <span class='ocrx_word' id='word_1_555' title='bbox 3331 3187 3613 3255; x_wconf 80' lang='lat' dir='ltr'><strong><em>ambulant</em></strong></span> 
     </span>
    </p>
   </div>
   <div class='ocr_carea' id='block_1_95' title="bbox 2016 3268 3606 3353">
    <p class='ocr_par' dir='ltr' id='par_1_95' title="bbox 2016 3268 3606 3353">
     <span class='ocr_line' id='line_1_95' title="bbox 2016 3268 3606 3353; baseline -0.009 -12"><span class='ocrx_word' id='word_1_556' title='bbox 2016 3286 2067 3345; x_wconf 91' lang='lat' dir='ltr'><strong><em>in</em></strong></span> <span class='ocrx_word' id='word_1_557' title='bbox 2095 3285 2197 3341; x_wconf 84' lang='lat' dir='ltr'><strong><em>viis</em></strong></span> <span class='ocrx_word' id='word_1_558' title='bbox 2226 3282 2364 3353; x_wconf 85' lang='lat' dir='ltr'><strong><em>ejus.</em></strong></span> <span class='ocrx_word' id='word_1_559' title='bbox 3216 3268 3221 3273; x_wconf 73' lang='grc'><em>’</em></span> <span class='ocrx_word' id='word_1_560' title='bbox 3294 3276 3335 3282; x_wconf 63' lang='grc'><strong><em>’⁷</em></strong></span> <span class='ocrx_word' id='word_1_561' title='bbox 3458 3276 3606 3285; x_wconf 68' lang='grc'><strong><em>““’““</em></strong></span> 
     </span>
    </p>
   </div>
   <div class='ocr_carea' id='block_1_96' title="bbox 2087 3374 3607 3447">
    <p class='ocr_par' dir='ltr' id='par_1_96' title="bbox 2087 3374 3607 3447">
     <span class='ocr_line' id='line_1_96' title="bbox 2087 3374 3607 3447; baseline -0.003 -13"><span class='ocrx_word' id='word_1_562' title='bbox 2087 3378 2326 3435; x_wconf 82' lang='lat' dir='ltr'><strong><em>Labores</em></strong></span> <span class='ocrx_word' id='word_1_563' title='bbox 2372 3375 2390 3414; x_wconf 73' lang='grc' dir='ltr'><em>τ</em></span> <span class='ocrx_word' id='word_1_564' title='bbox 2428 3376 2701 3434; x_wconf 80' lang='lat' dir='ltr'><strong><em>fructuum</em></strong></span> <span class='ocrx_word' id='word_1_565' title='bbox 2732 3385 2947 3431; x_wconf 91' lang='lat' dir='ltr'><strong><em>tuorum</em></strong></span> <span class='ocrx_word' id='word_1_566' title='bbox 2980 3374 3379 3447; x_wconf 86' lang='lat' dir='ltr'><strong><em>manducabis:</em></strong></span> <span class='ocrx_word' id='word_1_567' title='bbox 3414 3376 3607 3433; x_wconf 88' lang='lat' dir='ltr'><strong><em>beatus</em></strong></span> 
     </span>
    </p>
   </div>
   <div class='ocr_carea' id='block_1_97' title="bbox 2012 3469 2640 3542">
    <p class='ocr_par' dir='ltr' id='par_1_97' title="bbox 2012 3469 2640 3542">
     <span class='ocr_line' id='line_1_97' title="bbox 2012 3469 2640 3542; baseline -0.005 -15"><span class='ocrx_word' id='word_1_568' title='bbox 2012 3484 2105 3542; x_wconf 91' lang='lat' dir='ltr'><strong><em>es,</em></strong></span> <span class='ocrx_word' id='word_1_569' title='bbox 2134 3480 2189 3527; x_wconf 90' lang='lat' dir='ltr'><strong><em>et</em></strong></span> <span class='ocrx_word' id='word_1_570' title='bbox 2216 3471 2355 3527; x_wconf 88' lang='lat' dir='ltr'><strong><em>bene</em></strong></span> <span class='ocrx_word' id='word_1_571' title='bbox 2387 3469 2484 3526; x_wconf 91' lang='lat' dir='ltr'><strong><em>tibi</em></strong></span> <span class='ocrx_word' id='word_1_572' title='bbox 2518 3470 2640 3525; x_wconf 90' lang='lat' dir='ltr'><strong><em>erit.</em></strong></span> 
     </span>
    </p>
   </div>
   <div class='ocr_carea' id='block_1_98' title="bbox 2081 3564 3610 3641">
    <p class='ocr_par' dir='ltr' id='par_1_98' title="bbox 2081 3564 3610 3641">
     <span class='ocr_line' id='line_1_98' title="bbox 2081 3564 3610 3641; baseline 0.001 -18"><span class='ocrx_word' id='word_1_573' title='bbox 2081 3565 2232 3623; x_wconf 77' lang='lat' dir='ltr'><strong><em>Uxor</em></strong></span> <span class='ocrx_word' id='word_1_574' title='bbox 2260 3575 2348 3623; x_wconf 90' lang='lat' dir='ltr'><strong><em>tua</em></strong></span> <span class='ocrx_word' id='word_1_575' title='bbox 2381 3564 2667 3637; x_wconf 86' lang='lat' dir='ltr'><strong><em>sicutvitis</em></strong></span> <span class='ocrx_word' id='word_1_576' title='bbox 2692 3564 2999 3639; x_wconf 81' lang='lat' dir='ltr'><strong><em>abundans,</em></strong></span> <span class='ocrx_word' id='word_1_577' title='bbox 3034 3565 3087 3621; x_wconf 91' lang='lat' dir='ltr'><strong><em>in</em></strong></span> <span class='ocrx_word' id='word_1_578' title='bbox 3126 3565 3389 3641; x_wconf 77' lang='lat' dir='ltr'><strong><em>lateribus</em></strong></span> <span class='ocrx_word' id='word_1_579' title='bbox 3416 3568 3610 3635; x_wconf 77' lang='lat' dir='ltr'><strong><em>donius</em></strong></span> 
     </span>
    </p>
   </div>
   <div class='ocr_carea' id='block_1_99' title="bbox 2018 3666 2147 3713">
    <p class='ocr_par' dir='ltr' id='par_1_99' title="bbox 2018 3666 2147 3713">
     <span class='ocr_line' id='line_1_99' title="bbox 2018 3666 2147 3713; baseline -0.008 0"><span class='ocrx_word' id='word_1_580' title='bbox 2018 3666 2123 3713; x_wconf 67' lang='lat'><strong><em>&quot;1:2</em></strong></span> <span class='ocrx_word' id='word_1_581' title='bbox 2134 3697 2147 3712; x_wconf 85' lang='lat'><strong><em>.</em></strong></span> 
     </span>
    </p>
   </div>
   <div class='ocr_carea' id='block_1_100' title="bbox 2091 3749 3617 3827">
    <p class='ocr_par' dir='ltr' id='par_1_100' title="bbox 2091 3749 3617 3827">
     <span class='ocr_line' id='line_1_100' title="bbox 2091 3749 3617 3827; baseline 0.002 -21"><span class='ocrx_word' id='word_1_582' title='bbox 2091 3751 2210 3807; x_wconf 84' lang='lat' dir='ltr'><strong><em>Filii</em></strong></span> <span class='ocrx_word' id='word_1_583' title='bbox 2240 3750 2314 3813; x_wconf 87' lang='lat' dir='ltr'><strong><em>tui</em></strong></span> <span class='ocrx_word' id='word_1_584' title='bbox 2342 3750 2480 3809; x_wconf 87' lang='lat' dir='ltr'><strong><em>sicut</em></strong></span> <span class='ocrx_word' id='word_1_585' title='bbox 2504 3749 2732 3807; x_wconf 80' lang='lat' dir='ltr'><strong><em>novella:</em></strong></span> <span class='ocrx_word' id='word_1_586' title='bbox 2760 3751 3026 3821; x_wconf 88' lang='lat' dir='ltr'><strong><em>olivarum</em></strong></span> <span class='ocrx_word' id='word_1_587' title='bbox 3054 3792 3071 3823; x_wconf 89' lang='lat'><strong><em>,</em></strong></span> <span class='ocrx_word' id='word_1_588' title='bbox 3121 3751 3173 3827; x_wconf 84' lang='lat' dir='ltr'><strong><em>in</em></strong></span> <span class='ocrx_word' id='word_1_589' title='bbox 3205 3752 3434 3819; x_wconf 91' lang='lat' dir='ltr'><strong><em>circuitu</em></strong></span> <span class='ocrx_word' id='word_1_590' title='bbox 3464 3768 3617 3811; x_wconf 87' lang='lat' dir='ltr'><strong><em>men-</em></strong></span> 
     </span>
    </p>
   </div>
   <div class='ocr_carea' id='block_1_101' title="bbox 2017 3854 2241 3901">
    <p class='ocr_par' dir='ltr' id='par_1_101' title="bbox 2017 3854 2241 3901">
     <span class='ocr_line' id='line_1_101' title="bbox 2017 3854 2241 3901; baseline -0.013 0"><span class='ocrx_word' id='word_1_591' title='bbox 2017 3858 2092 3901; x_wconf 67' lang='lat' dir='ltr'><strong><em>sse</em></strong></span> <span class='ocrx_word' id='word_1_592' title='bbox 2119 3854 2241 3899; x_wconf 70' lang='lat' dir='ltr'><strong><em>ture.</em></strong></span> 
     </span>
    </p>
   </div>
   <div class='ocr_carea' id='block_1_102' title="bbox 2093 3935 3611 4012">
    <p class='ocr_par' dir='ltr' id='par_1_102' title="bbox 2093 3935 3611 4012">
     <span class='ocr_line' id='line_1_102' title="bbox 2093 3935 3611 4012; baseline 0 -17"><span class='ocrx_word' id='word_1_593' title='bbox 2093 3939 2235 3995; x_wconf 85' lang='lat' dir='ltr'><strong><em>Ecce</em></strong></span> <span class='ocrx_word' id='word_1_594' title='bbox 2262 3936 2342 3996; x_wconf 89' lang='lat' dir='ltr'><strong><em>sic</em></strong></span> <span class='ocrx_word' id='word_1_595' title='bbox 2364 3935 2723 3995; x_wconf 87' lang='lat' dir='ltr'><strong><em>benedicetur</em></strong></span> <span class='ocrx_word' id='word_1_596' title='bbox 2750 3937 2925 3995; x_wconf 91' lang='lat' dir='ltr'><strong><em>omnis</em></strong></span> <span class='ocrx_word' id='word_1_597' title='bbox 2954 3939 3115 3994; x_wconf 84' lang='lat' dir='ltr'><strong><em>homo</em></strong></span> <span class='ocrx_word' id='word_1_598' title='bbox 3146 3957 3160 3994; x_wconf 88' lang='lat'><strong><em>:</em></strong></span> <span class='ocrx_word' id='word_1_599' title='bbox 3194 3939 3285 4012; x_wconf 92' lang='lat' dir='ltr'><strong><em>qui</em></strong></span> <span class='ocrx_word' id='word_1_600' title='bbox 3320 3941 3474 3997; x_wconf 88' lang='lat' dir='ltr'><strong><em>timet</em></strong></span> <span class='ocrx_word' id='word_1_601' title='bbox 3504 3941 3611 3996; x_wconf 91' lang='lat' dir='ltr'><strong><em>Do-</em></strong></span> 
     </span>
    </p>
   </div>
   <div class='ocr_carea' id='block_1_103' title="bbox 2019 4048 2245 4089">
    <p class='ocr_par' dir='ltr' id='par_1_103' title="bbox 2019 4048 2245 4089">
     <span class='ocr_line' id='line_1_103' title="bbox 2019 4048 2245 4089; baseline 0 0"><span class='ocrx_word' id='word_1_602' title='bbox 2019 4048 2245 4089; x_wconf 87' lang='lat' dir='ltr'><strong><em>mtuum.</em></strong></span> 
     </span>
    </p>
   </div>
   <div class='ocr_carea' id='block_1_104' title="bbox 2016 4209 3610 4284">
    <p class='ocr_par' dir='ltr' id='par_1_104' title="bbox 2016 4209 3610 4284">
     <span class='ocr_line' id='line_1_104' title="bbox 2016 4209 3610 4284; baseline 0.003 -19"><span class='ocrx_word' id='word_1_603' title='bbox 2016 4209 2539 4284; x_wconf 10' lang='lat' dir='ltr'><strong><em>librosiprmtulisse,</em></strong></span> <span class='ocrx_word' id='word_1_604' title='bbox 2568 4210 2795 4265; x_wconf 88' lang='lat' dir='ltr'><strong><em>Labores</em></strong></span> <span class='ocrx_word' id='word_1_605' title='bbox 2820 4210 3085 4279; x_wconf 83' lang='lat' dir='ltr'><strong><em>fructuum</em></strong></span> <span class='ocrx_word' id='word_1_606' title='bbox 3114 4220 3339 4278; x_wconf 88' lang='lat' dir='ltr'><strong><em>tuorum,</em></strong></span> <span class='ocrx_word' id='word_1_607' title='bbox 3364 4212 3610 4284; x_wconf 86' lang='lat' dir='ltr'><strong><em>hancque</em></strong></span> 
     </span>
    </p>
   </div>
   <div class='ocr_carea' id='block_1_105' title="bbox 2015 4282 3607 4352">
    <p class='ocr_par' dir='ltr' id='par_1_105' title="bbox 2015 4282 3607 4352">
     <span class='ocr_line' id='line_1_105' title="bbox 2015 4282 3607 4352; baseline 0.001 -15"><span class='ocrx_word' id='word_1_608' title='bbox 2015 4283 2381 4352; x_wconf 80' lang='lat' dir='ltr'><strong><em>pervulgatam</em></strong></span> <span class='ocrx_word' id='word_1_609' title='bbox 2414 4282 2698 4338; x_wconf 78' lang='lat' dir='ltr'><strong><em>lecticiiem</em></strong></span> <span class='ocrx_word' id='word_1_610' title='bbox 2732 4284 3115 4337; x_wconf 81' lang='lat' dir='ltr'><strong><em>tractaturibus</em></strong></span> <span class='ocrx_word' id='word_1_611' title='bbox 3144 4294 3273 4338; x_wconf 89' lang='lat' dir='ltr'><strong><em>ante</em></strong></span> <span class='ocrx_word' id='word_1_612' title='bbox 3300 4298 3359 4338; x_wconf 91' lang='lat' dir='ltr'><strong><em>se</em></strong></span> <span class='ocrx_word' id='word_1_613' title='bbox 3391 4282 3607 4339; x_wconf 85' lang='lat' dir='ltr'><strong><em>crucem</em></strong></span> 
     </span>
    </p>
   </div>
   <div class='ocr_carea' id='block_1_106' title="bbox 2017 4354 3609 4424">
    <p class='ocr_par' dir='ltr' id='par_1_106' title="bbox 2017 4354 3609 4424">
     <span class='ocr_line' id='line_1_106' title="bbox 2017 4354 3609 4424; baseline 0.002 -16"><span class='ocrx_word' id='word_1_614' title='bbox 2017 4354 2221 4420; x_wconf 85' lang='lat' dir='ltr'><strong><em>ﬁxisse,</em></strong></span> <span class='ocrx_word' id='word_1_615' title='bbox 2254 4364 2309 4408; x_wconf 88' lang='lat' dir='ltr'><strong><em>et</em></strong></span> <span class='ocrx_word' id='word_1_616' title='bbox 2338 4370 2531 4424; x_wconf 80' lang='lat' dir='ltr'><strong><em>magno</em></strong></span> <span class='ocrx_word' id='word_1_617' title='bbox 2555 4370 2675 4410; x_wconf 88' lang='lat' dir='ltr'><strong><em>cum</em></strong></span> <span class='ocrx_word' id='word_1_618' title='bbox 2715 4354 2898 4421; x_wconf 77' lang='lat' dir='ltr'><strong><em>primis</em></strong></span> <span class='ocrx_word' id='word_1_619' title='bbox 2924 4354 3244 4408; x_wconf 83' lang='lat' dir='ltr'><strong><em>Pictaviensi</em></strong></span> <span class='ocrx_word' id='word_1_620' title='bbox 3278 4354 3499 4419; x_wconf 88' lang='lat' dir='ltr'><strong><em>Hilario,</em></strong></span> <span class='ocrx_word' id='word_1_621' title='bbox 3525 4360 3609 4411; x_wconf 91' lang='lat' dir='ltr'><strong><em>cui</em></strong></span> 
     </span>
    </p>
   </div>
   <div class='ocr_carea' id='block_1_107' title="bbox 2015 4424 3611 4494">
    <p class='ocr_par' dir='ltr' id='par_1_107' title="bbox 2015 4424 3611 4494">
     <span class='ocr_line' id='line_1_107' title="bbox 2015 4424 3611 4494; baseline 0.001 -15"><span class='ocrx_word' id='word_1_622' title='bbox 2015 4424 2062 4479; x_wconf 88' lang='lat' dir='ltr'><strong><em>si</em></strong></span> <span class='ocrx_word' id='word_1_623' title='bbox 2091 4426 2308 4479; x_wconf 85' lang='lat' dir='ltr'><strong><em>demum</em></strong></span> <span class='ocrx_word' id='word_1_624' title='bbox 2341 4427 2455 4479; x_wconf 72' lang='lat' dir='ltr'><strong><em>lucc</em></strong></span> <span class='ocrx_word' id='word_1_625' title='bbox 2488 4425 2679 4494; x_wconf 84' lang='lat' dir='ltr'><strong><em>altera,</em></strong></span> <span class='ocrx_word' id='word_1_626' title='bbox 2716 4442 2959 4477; x_wconf 87' lang='lat' dir='ltr'><strong><em>manuum</em></strong></span> <span class='ocrx_word' id='word_1_627' title='bbox 2989 4436 3211 4489; x_wconf 89' lang='lat' dir='ltr'><strong><em>tuarum,</em></strong></span> <span class='ocrx_word' id='word_1_628' title='bbox 3254 4425 3413 4480; x_wconf 88' lang='lat' dir='ltr'><strong><em>lectio</em></strong></span> <span class='ocrx_word' id='word_1_629' title='bbox 3456 4429 3611 4481; x_wconf 85' lang='lat' dir='ltr'><strong><em>inno-</em></strong></span> 
     </span>
    </p>
   </div>
   <div class='ocr_carea' id='block_1_108' title="bbox 2018 4496 3609 4567">
    <p class='ocr_par' dir='ltr' id='par_1_108' title="bbox 2018 4496 3609 4567">
     <span class='ocr_line' id='line_1_108' title="bbox 2018 4496 3609 4567; baseline 0.001 -16"><span class='ocrx_word' id='word_1_630' title='bbox 2018 4497 2228 4561; x_wconf 85' lang='lat' dir='ltr'><strong><em>tuisset,</em></strong></span> <span class='ocrx_word' id='word_1_631' title='bbox 2256 4498 2306 4551; x_wconf 92' lang='lat' dir='ltr'><strong><em>in</em></strong></span> <span class='ocrx_word' id='word_1_632' title='bbox 2333 4508 2579 4567; x_wconf 82' lang='lat' dir='ltr'><strong><em>promptu</em></strong></span> <span class='ocrx_word' id='word_1_633' title='bbox 2610 4507 2727 4567; x_wconf 81' lang='lat' dir='ltr'><strong><em>erat</em></strong></span> <span class='ocrx_word' id='word_1_634' title='bbox 2770 4496 3054 4549; x_wconf 85' lang='lat' dir='ltr'><strong><em>commode</em></strong></span> <span class='ocrx_word' id='word_1_635' title='bbox 3095 4497 3269 4550; x_wconf 90' lang='lat' dir='ltr'><strong><em>locum</em></strong></span> <span class='ocrx_word' id='word_1_636' title='bbox 3314 4513 3609 4564; x_wconf 74' lang='lat' dir='ltr'><strong><em>exponere.</em></strong></span> 
     </span>
    </p>
   </div>
   <div class='ocr_carea' id='block_1_109' title="bbox 2023 4566 3609 4640">
    <p class='ocr_par' dir='ltr' id='par_1_109' title="bbox 2023 4566 3609 4640">
     <span class='ocr_line' id='line_1_109' title="bbox 2023 4566 3609 4640; baseline 0.001 -19"><span class='ocrx_word' id='word_1_637' title='bbox 2023 4568 2181 4622; x_wconf 84' lang='lat' dir='ltr'><strong><em>Varia</em></strong></span> <span class='ocrx_word' id='word_1_638' title='bbox 2206 4566 2405 4632; x_wconf 85' lang='lat' dir='ltr'><strong><em>autem,</em></strong></span> <span class='ocrx_word' id='word_1_639' title='bbox 2441 4568 2613 4639; x_wconf 86' lang='lat' dir='ltr'><strong><em>inquit</em></strong></span> <span class='ocrx_word' id='word_1_640' title='bbox 2644 4566 2889 4640; x_wconf 86' lang='lat' dir='ltr'><strong><em>llieron.,</em></strong></span> <span class='ocrx_word' id='word_1_641' title='bbox 2918 4569 3163 4640; x_wconf 81' lang='lat' dir='ltr'><strong><em>apinatus</em></strong></span> <span class='ocrx_word' id='word_1_642' title='bbox 3191 4571 3408 4621; x_wconf 82' lang='lat' dir='ltr'><strong><em>asseruit</em></strong></span> <span class='ocrx_word' id='word_1_643' title='bbox 3449 4572 3609 4640; x_wconf 83' lang='lat' dir='ltr'><strong><em>magis</em></strong></span> 
     </span>
    </p>
   </div>
   <div class='ocr_carea' id='block_1_110' title="bbox 2012 4638 3610 4708">
    <p class='ocr_par' dir='ltr' id='par_1_110' title="bbox 2012 4638 3610 4708">
     <span class='ocr_line' id='line_1_110' title="bbox 2012 4638 3610 4708; baseline -0.001 -13"><span class='ocrx_word' id='word_1_644' title='bbox 2012 4649 2146 4695; x_wconf 84' lang='lat' dir='ltr'><strong><em>stare</em></strong></span> <span class='ocrx_word' id='word_1_645' title='bbox 2162 4642 2486 4705; x_wconf 83' lang='lat' dir='ltr'><strong><em>sententiam,</em></strong></span> <span class='ocrx_word' id='word_1_646' title='bbox 2512 4638 2553 4693; x_wconf 85' lang='lat' dir='ltr'><strong><em>si</em></strong></span> <span class='ocrx_word' id='word_1_647' title='bbox 2574 4639 2850 4700; x_wconf 80' lang='lat' dir='ltr'><strong><em>scribatur,</em></strong></span> <span class='ocrx_word' id='word_1_648' title='bbox 2873 4639 3077 4692; x_wconf 82' lang='lat' dir='ltr'><strong><em>frttctus</em></strong></span> <span class='ocrx_word' id='word_1_649' title='bbox 3100 4638 3365 4705; x_wconf 81' lang='lat' dir='ltr'><strong><em>laborum,</em></strong></span> <span class='ocrx_word' id='word_1_650' title='bbox 3389 4638 3610 4708; x_wconf 77' lang='lat' dir='ltr'><strong><em>aliquem</em></strong></span> 
     </span>
    </p>
   </div>
   <div class='ocr_carea' id='block_1_111' title="bbox 2014 4710 3611 4779">
    <p class='ocr_par' dir='ltr' id='par_1_111' title="bbox 2014 4710 3611 4779">
     <span class='ocr_line' id='line_1_111' title="bbox 2014 4710 3611 4779; baseline 0.001 -16"><span class='ocrx_word' id='word_1_651' title='bbox 2014 4710 2349 4775; x_wconf 83' lang='lat' dir='ltr'><strong><em>manducare,</em></strong></span> <span class='ocrx_word' id='word_1_652' title='bbox 2384 4720 2429 4763; x_wconf 87' lang='lat' dir='ltr'><strong><em>et</em></strong></span> <span class='ocrx_word' id='word_1_653' title='bbox 2458 4728 2557 4763; x_wconf 90' lang='lat' dir='ltr'><strong><em>non</em></strong></span> <span class='ocrx_word' id='word_1_654' title='bbox 2586 4710 2797 4764; x_wconf 83' lang='lat' dir='ltr'><strong><em>labores</em></strong></span> <span class='ocrx_word' id='word_1_655' title='bbox 2830 4710 3097 4779; x_wconf 77' lang='lat' dir='ltr'><strong><em>fructuum</em></strong></span> <span class='ocrx_word' id='word_1_656' title='bbox 3128 4725 3142 4767; x_wconf 88' lang='lat'><strong><em>:</em></strong></span> <span class='ocrx_word' id='word_1_657' title='bbox 3189 4710 3323 4762; x_wconf 89' lang='lat' dir='ltr'><strong><em>unde</em></strong></span> <span class='ocrx_word' id='word_1_658' title='bbox 3368 4713 3611 4779; x_wconf 83' lang='lat' dir='ltr'><strong><em>spiritua—</em></strong></span> 
     </span>
    </p>
   </div>
   <div class='ocr_carea' id='block_1_112' title="bbox 2015 4778 3611 4854">
    <p class='ocr_par' dir='ltr' id='par_1_112' title="bbox 2015 4778 3611 4854">
     <span class='ocr_line' id='line_1_112' title="bbox 2015 4778 3611 4854; baseline 0 -18"><span class='ocrx_word' id='word_1_659' title='bbox 2015 4782 2113 4854; x_wconf 82' lang='lat' dir='ltr'><strong><em>lein</em></strong></span> <span class='ocrx_word' id='word_1_660' title='bbox 2136 4780 2525 4854; x_wconf 79' lang='lat' dir='ltr'><strong><em>intelligentiam</em></strong></span> <span class='ocrx_word' id='word_1_661' title='bbox 2556 4782 2733 4854; x_wconf 81' lang='lat' dir='ltr'><strong><em>debere</em></strong></span> <span class='ocrx_word' id='word_1_662' title='bbox 2762 4782 3007 4852; x_wconf 86' lang='lat' dir='ltr'><strong><em>perquiri.</em></strong></span> <span class='ocrx_word' id='word_1_663' title='bbox 3036 4778 3102 4833; x_wconf 85' lang='lat' dir='ltr'><strong><em>Et</em></strong></span> <span class='ocrx_word' id='word_1_664' title='bbox 3131 4798 3193 4834; x_wconf 76' lang='lat' dir='ltr'><strong><em>ca:</em></strong></span> <span class='ocrx_word' id='word_1_665' title='bbox 3223 4780 3321 4835; x_wconf 86' lang='lat' dir='ltr'><strong><em>hac</em></strong></span> <span class='ocrx_word' id='word_1_666' title='bbox 3349 4778 3611 4836; x_wconf 82' lang='lat' dir='ltr'><strong><em>occasione</em></strong></span> 
     </span>
    </p>
   </div>
   <div class='ocr_carea' id='block_1_113' title="bbox 2015 4852 3606 4924">
    <p class='ocr_par' dir='ltr' id='par_1_113' title="bbox 2015 4852 3606 4924">
     <span class='ocr_line' id='line_1_113' title="bbox 2015 4852 3606 4924; baseline 0.001 -19"><span class='ocrx_word' id='word_1_667' title='bbox 2015 4852 2225 4924; x_wconf 82' lang='lat' dir='ltr'><strong><em>longam</em></strong></span> <span class='ocrx_word' id='word_1_668' title='bbox 2273 4852 2566 4924; x_wconf 70' lang='lat' dir='ltr'><strong><em>ingrediens</em></strong></span> <span class='ocrx_word' id='word_1_669' title='bbox 2616 4852 3036 4924; x_wconf 84' lang='lat' dir='ltr'><strong><em>disputationem,</em></strong></span> <span class='ocrx_word' id='word_1_670' title='bbox 3090 4862 3231 4924; x_wconf 88' lang='lat' dir='ltr'><strong><em>tanta</em></strong></span> <span class='ocrx_word' id='word_1_671' title='bbox 3280 4856 3606 4924; x_wconf 85' lang='lat' dir='ltr'><strong><em>Operositate,</em></strong></span> 
     </span>
    </p>
   </div>
   <div class='ocr_carea' id='block_1_114' title="bbox 2016 4922 3611 4996">
    <p class='ocr_par' dir='ltr' id='par_1_114' title="bbox 2016 4922 3611 4996">
     <span class='ocr_line' id='line_1_114' title="bbox 2016 4922 3611 4996; baseline 0.001 -19"><span class='ocrx_word' id='word_1_672' title='bbox 2016 4922 2153 4995; x_wconf 85' lang='lat' dir='ltr'><strong><em>quod</em></strong></span> <span class='ocrx_word' id='word_1_673' title='bbox 2184 4922 2381 4996; x_wconf 81' lang='lat' dir='ltr'><strong><em>uolebat</em></strong></span> <span class='ocrx_word' id='word_1_674' title='bbox 2420 4922 2664 4996; x_wconf 82' lang='lat' dir='ltr'><strong><em>intelligi,</em></strong></span> <span class='ocrx_word' id='word_1_675' title='bbox 2701 4922 2830 4978; x_wconf 83' lang='lat' dir='ltr'><strong><em>usus</em></strong></span> <span class='ocrx_word' id='word_1_676' title='bbox 2876 4934 2948 4979; x_wconf 91' lang='lat' dir='ltr'><strong><em>est</em></strong></span> <span class='ocrx_word' id='word_1_677' title='bbox 3000 4923 3368 4993; x_wconf 85' lang='lat' dir='ltr'><strong><em>persuadendi,</em></strong></span> <span class='ocrx_word' id='word_1_678' title='bbox 3420 4935 3611 4996; x_wconf 83' lang='lat' dir='ltr'><strong><em>quanta</em></strong></span> 
     </span>
    </p>
   </div>
   <div class='ocr_carea' id='block_1_115' title="bbox 2017 4994 3616 5067">
    <p class='ocr_par' dir='ltr' id='par_1_115' title="bbox 2017 4994 3616 5067">
     <span class='ocr_line' id='line_1_115' title="bbox 2017 4994 3616 5067; baseline 0 -18"><span class='ocrx_word' id='word_1_679' title='bbox 2017 4994 2215 5067; x_wconf 84' lang='lat' dir='ltr'><strong><em>semper</em></strong></span> <span class='ocrx_word' id='word_1_680' title='bbox 2242 4994 2446 5065; x_wconf 78' lang='lat' dir='ltr'><strong><em>falsitas</em></strong></span> <span class='ocrx_word' id='word_1_681' title='bbox 2485 4994 2694 5064; x_wconf 78' lang='lat' dir='ltr'><strong><em>indiget,</em></strong></span> <span class='ocrx_word' id='word_1_682' title='bbox 2727 5006 2782 5049; x_wconf 88' lang='lat' dir='ltr'><strong><em>ut</em></strong></span> <span class='ocrx_word' id='word_1_683' title='bbox 2812 5012 2926 5049; x_wconf 76' lang='lat' dir='ltr'><strong><em>t&#39;era</em></strong></span> <span class='ocrx_word' id='word_1_684' title='bbox 2969 4996 3222 5067; x_wconf 82' lang='lat' dir='ltr'><strong><em>videatur,</em></strong></span> <span class='ocrx_word' id='word_1_685' title='bbox 3268 5011 3385 5067; x_wconf 88' lang='lat' dir='ltr'><strong><em>cum</em></strong></span> <span class='ocrx_word' id='word_1_686' title='bbox 3424 4998 3487 5067; x_wconf 13' lang='lat' dir='ltr'><strong><em>in,</em></strong></span> <span class='ocrx_word' id='word_1_687' title='bbox 3516 4995 3616 5049; x_wconf 86' lang='lat' dir='ltr'><strong><em>hoc</em></strong></span> 
     </span>
    </p>
   </div>
   <div class='ocr_carea' id='block_1_116' title="bbox 2020 5066 3614 5140">
    <p class='ocr_par' dir='ltr' id='par_1_116' title="bbox 2020 5066 3614 5140">
     <span class='ocr_line' id='line_1_116' title="bbox 2020 5066 3614 5140; baseline 0 -19"><span class='ocrx_word' id='word_1_688' title='bbox 2020 5066 2134 5123; x_wconf 90' lang='lat' dir='ltr'><strong><em>loco</em></strong></span> <span class='ocrx_word' id='word_1_689' title='bbox 2164 5084 2265 5121; x_wconf 91' lang='lat' dir='ltr'><strong><em>non</em></strong></span> <span class='ocrx_word' id='word_1_690' title='bbox 2298 5067 2641 5140; x_wconf 75' lang='lat' dir='ltr'><strong><em>Septuaginta</em></strong></span> <span class='ocrx_word' id='word_1_691' title='bbox 2668 5068 2983 5134; x_wconf 85' lang='lat' dir='ltr'><strong><em>interpretes,</em></strong></span> <span class='ocrx_word' id='word_1_692' title='bbox 3014 5067 3101 5120; x_wconf 89' lang='lat' dir='ltr'><strong><em>sed</em></strong></span> <span class='ocrx_word' id='word_1_693' title='bbox 3123 5066 3308 5140; x_wconf 74' lang='lat' dir='ltr'><strong><em>L_ATl.\&#39;l</em></strong></span> <span class='ocrx_word' id='word_1_694' title='bbox 3340 5066 3412 5119; x_wconf 55' lang='lat' dir='ltr'><strong><em>de.</em></strong></span> <span class='ocrx_word' id='word_1_695' title='bbox 3447 5066 3614 5121; x_wconf 66' lang='lat' dir='ltr'><strong><em>(ii-ieci</em></strong></span> 
     </span>
    </p>
   </div>
   <div class='ocr_carea' id='block_1_117' title="bbox 2018 5138 3616 5213">
    <p class='ocr_par' dir='ltr' id='par_1_117' title="bbox 2018 5138 3616 5213">
     <span class='ocr_line' id='line_1_117' title="bbox 2018 5138 3616 5213; baseline -0.002 -20"><span class='ocrx_word' id='word_1_696' title='bbox 2018 5141 2157 5195; x_wconf 72' lang='lat' dir='ltr'><strong><em>uerbi</em></strong></span> <span class='ocrx_word' id='word_1_697' title='bbox 2205 5138 2536 5213; x_wconf 75' lang='lat' dir='ltr'><strong><em>ambiguitate</em></strong></span> <span class='ocrx_word' id='word_1_698' title='bbox 2581 5139 2811 5213; x_wconf 78' lang='lat' dir='ltr'><strong><em>decepti,</em></strong></span> <span class='ocrx_word' id='word_1_699' title='bbox 2852 5140 3102 5213; x_wconf 77' lang='grc' dir='ltr'><strong><em>καρποὺς,</em></strong></span> <span class='ocrx_word' id='word_1_700' title='bbox 3156 5138 3395 5203; x_wconf 79' lang='lat' dir='ltr'><strong><em>fructus,</em></strong></span> <span class='ocrx_word' id='word_1_701' title='bbox 3450 5140 3616 5209; x_wconf 86' lang='lat' dir='ltr'><strong><em>magis</em></strong></span> 
     </span>
    </p>
   </div>
   <div class='ocr_carea' id='block_1_118' title="bbox 2021 5212 3615 5287">
    <p class='ocr_par' dir='ltr' id='par_1_118' title="bbox 2021 5212 3615 5287">
     <span class='ocr_line' id='line_1_118' title="bbox 2021 5212 3615 5287; baseline 0 -23"><span class='ocrx_word' id='word_1_702' title='bbox 2021 5228 2177 5283; x_wconf 90' lang='lat' dir='ltr'><strong><em>quam</em></strong></span> <span class='ocrx_word' id='word_1_703' title='bbox 2194 5226 2398 5287; x_wconf 73' lang='lat' dir='ltr'><strong><em>manus</em></strong></span> <span class='ocrx_word' id='word_1_704' title='bbox 2422 5212 2901 5287; x_wconf 73' lang='lat' dir='ltr'><strong><em>iriterpretati_sint;</em></strong></span> <span class='ocrx_word' id='word_1_705' title='bbox 2922 5212 3047 5262; x_wconf 84' lang='lat' dir='ltr'><strong><em>cum</em></strong></span> <span class='ocrx_word' id='word_1_706' title='bbox 3068 5213 3265 5287; x_wconf 58' lang='lat' dir='ltr'><strong><em>nciprroi</em></strong></span> <span class='ocrx_word' id='word_1_707' title='bbox 3277 5224 3473 5287; x_wconf 80' lang='lat' dir='ltr'><strong><em>manus</em></strong></span> <span class='ocrx_word' id='word_1_708' title='bbox 3490 5227 3615 5279; x_wconf 64' lang='grc' dir='ltr'><strong><em>τινος</em></strong></span> 
     </span>
    </p>
   </div>
   <div class='ocr_carea' id='block_1_119' title="bbox 2022 5279 3617 5354">
    <p class='ocr_par' dir='ltr' id='par_1_119' title="bbox 2022 5279 3617 5354">
     <span class='ocr_line' id='line_1_119' title="bbox 2022 5279 3617 5354; baseline -0.001 -17"><span class='ocrx_word' id='word_1_709' title='bbox 2022 5279 2121 5352; x_wconf 82' lang='lat' dir='ltr'><strong><em>que</em></strong></span> <span class='ocrx_word' id='word_1_710' title='bbox 2169 5284 2425 5350; x_wconf 80' lang='lat' dir='ltr'><strong><em>dicantur,</em></strong></span> <span class='ocrx_word' id='word_1_711' title='bbox 2478 5281 2613 5351; x_wconf 88' lang='lat' dir='ltr'><strong><em>quod</em></strong></span> <span class='ocrx_word' id='word_1_712' title='bbox 2656 5282 2705 5334; x_wconf 90' lang='lat' dir='ltr'><strong><em>in</em></strong></span> <span class='ocrx_word' id='word_1_713' title='bbox 2740 5279 2954 5354; x_wconf 67' lang='lat' dir='ltr'><strong><em>Ilelirteo</em></strong></span> <span class='ocrx_word' id='word_1_714' title='bbox 2982 5279 3193 5354; x_wconf 75' lang='lat' dir='ltr'><strong><em>ponitur</em></strong></span> <span class='ocrx_word' id='word_1_715' title='bbox 3219 5282 3494 5354; x_wconf 78' lang='lat' dir='ltr'><strong><em>cbaphaclt</em></strong></span> <span class='ocrx_word' id='word_1_716' title='bbox 3523 5300 3537 5339; x_wconf 87' lang='lat'><strong><em>:</em></strong></span> <span class='ocrx_word' id='word_1_717' title='bbox 3569 5292 3617 5336; x_wconf 89' lang='lat' dir='ltr'><strong><em>et</em></strong></span> 
     </span>
    </p>
   </div>
   <div class='ocr_carea' id='block_1_120' title="bbox 2028 5352 3616 5425">
    <p class='ocr_par' dir='ltr' id='par_1_120' title="bbox 2028 5352 3616 5425">
     <span class='ocr_line' id='line_1_120' title="bbox 2028 5352 3616 5425; baseline -0.001 -15"><span class='ocrx_word' id='word_1_718' title='bbox 2028 5354 2395 5425; x_wconf 78' lang='lat' dir='ltr'><strong><em>Symmachus,</em></strong></span> <span class='ocrx_word' id='word_1_719' title='bbox 2428 5356 2703 5424; x_wconf 86' lang='lat' dir='ltr'><strong><em>quintaque</em></strong></span> <span class='ocrx_word' id='word_1_720' title='bbox 2730 5352 2883 5425; x_wconf 83' lang='lat' dir='ltr'><strong><em>editio</em></strong></span> <span class='ocrx_word' id='word_1_721' title='bbox 2926 5352 3337 5425; x_wconf 56' lang='lat' dir='ltr'><strong><em>transtulerunt,</em></strong></span> <span class='ocrx_word' id='word_1_722' title='bbox 3361 5370 3616 5425; x_wconf 74' lang='lat' dir='ltr'><strong><em>manuum</em></strong></span> 
     </span>
    </p>
   </div>
   <div class='ocr_carea' id='block_1_121' title="bbox 2027 5423 3615 5498">
    <p class='ocr_par' dir='ltr' id='par_1_121' title="bbox 2027 5423 3615 5498">
     <span class='ocr_line' id='line_1_121' title="bbox 2027 5423 3615 5498; baseline 0.001 -19"><span class='ocrx_word' id='word_1_723' title='bbox 2027 5423 2265 5498; x_wconf 46' lang='lat' dir='ltr'><strong><em>Lit—arum,</em></strong></span> <span class='ocrx_word' id='word_1_724' title='bbox 2298 5434 2354 5479; x_wconf 89' lang='lat' dir='ltr'><strong><em>ut</em></strong></span> <span class='ocrx_word' id='word_1_725' title='bbox 2382 5423 2764 5498; x_wconf 62' lang='lat' dir='ltr'><strong><em>ambiguitatem</em></strong></span> <span class='ocrx_word' id='word_1_726' title='bbox 2793 5423 2979 5498; x_wconf 74' lang='lat' dir='ltr'><strong><em>prioris</em></strong></span> <span class='ocrx_word' id='word_1_727' title='bbox 3017 5425 3269 5498; x_wconf 83' lang='lat' dir='ltr'><strong><em>sermonis</em></strong></span> <span class='ocrx_word' id='word_1_728' title='bbox 3310 5424 3615 5498; x_wconf 59' lang='lat' dir='ltr'><strong><em>effugerent.</em></strong></span> 
     </span>
    </p>
   </div>
   <div class='ocr_carea' id='block_1_122' title="bbox 2030 5490 3620 5570">
    <p class='ocr_par' dir='ltr' id='par_1_122' title="bbox 2030 5490 3620 5570">
     <span class='ocr_line' id='line_1_122' title="bbox 2030 5490 3620 5570; baseline 0.001 -19"><span class='ocrx_word' id='word_1_729' title='bbox 2030 5495 2159 5551; x_wconf 86' lang='lat' dir='ltr'><strong><em>Erat</em></strong></span> <span class='ocrx_word' id='word_1_730' title='bbox 2191 5498 2353 5565; x_wconf 85' lang='lat' dir='ltr'><strong><em>igitur</em></strong></span> <span class='ocrx_word' id='word_1_731' title='bbox 2381 5490 2579 5550; x_wconf 60' lang='lat' dir='ltr'><strong><em>veter&#39;is</em></strong></span> <span class='ocrx_word' id='word_1_732' title='bbox 2601 5493 2806 5549; x_wconf 76' lang='lat' dir='ltr'><strong><em>Latina:</em></strong></span> <span class='ocrx_word' id='word_1_733' title='bbox 2834 5490 3299 5564; x_wconf 81' lang='lat' dir='ltr'><strong><em>interpretationis</em></strong></span> <span class='ocrx_word' id='word_1_734' title='bbox 3322 5490 3479 5553; x_wconf 74' lang='lat' dir='ltr'><strong><em>lectio</em></strong></span> <span class='ocrx_word' id='word_1_735' title='bbox 3510 5500 3620 5570; x_wconf 86' lang='lat' dir='ltr'><strong><em>fru-</em></strong></span> 
     </span>
    </p>
   </div>
   <div class='ocr_carea' id='block_1_123' title="bbox 2028 5570 3620 5637">
    <p class='ocr_par' dir='ltr' id='par_1_123' title="bbox 2028 5570 3620 5637">
     <span class='ocr_line' id='line_1_123' title="bbox 2028 5570 3620 5637; baseline 0.001 -16"><span class='ocrx_word' id='word_1_736' title='bbox 2028 5578 2201 5621; x_wconf 88' lang='lat' dir='ltr'><strong><em>ctuum</em></strong></span> <span class='ocrx_word' id='word_1_737' title='bbox 2229 5576 2455 5633; x_wconf 87' lang='lat' dir='ltr'><strong><em>tuorum,</em></strong></span> <span class='ocrx_word' id='word_1_738' title='bbox 2495 5582 2601 5620; x_wconf 88' lang='lat' dir='ltr'><strong><em>non</em></strong></span> <span class='ocrx_word' id='word_1_739' title='bbox 2636 5582 2879 5619; x_wconf 90' lang='lat' dir='ltr'><strong><em>manuum</em></strong></span> <span class='ocrx_word' id='word_1_740' title='bbox 2913 5576 3141 5637; x_wconf 85' lang='lat' dir='ltr'><strong><em>tuarum,</em></strong></span> <span class='ocrx_word' id='word_1_741' title='bbox 3166 5570 3620 5637; x_wconf 84' lang='lat' dir='ltr'><strong><em>quemadmodum</em></strong></span> 
     </span>
    </p>
   </div>
   <div class='ocr_carea' id='block_1_124' title="bbox 2032 5635 3621 5709">
    <p class='ocr_par' dir='ltr' id='par_1_124' title="bbox 2032 5635 3621 5709">
     <span class='ocr_line' id='line_1_124' title="bbox 2032 5635 3621 5709; baseline 0.002 -17"><span class='ocrx_word' id='word_1_742' title='bbox 2032 5640 2394 5707; x_wconf 75' lang='lat' dir='ltr'><strong><em>Hieronymus</em></strong></span> <span class='ocrx_word' id='word_1_743' title='bbox 2416 5648 2598 5709; x_wconf 81' lang='lat' dir='ltr'><strong><em>postea</em></strong></span> <span class='ocrx_word' id='word_1_744' title='bbox 2623 5640 2871 5709; x_wconf 79' lang='lat' dir='ltr'><strong><em>mutavit.</em></strong></span> <span class='ocrx_word' id='word_1_745' title='bbox 2899 5635 3105 5693; x_wconf 67' lang='lat' dir='ltr'><strong><em>Czetera</em></strong></span> <span class='ocrx_word' id='word_1_746' title='bbox 3133 5635 3288 5696; x_wconf 85' lang='lat' dir='ltr'><strong><em>unice</em></strong></span> <span class='ocrx_word' id='word_1_747' title='bbox 3313 5640 3471 5695; x_wconf 84' lang='lat' dir='ltr'><strong><em>habet</em></strong></span> <span class='ocrx_word' id='word_1_748' title='bbox 3501 5656 3621 5695; x_wconf 89' lang='lat' dir='ltr'><strong><em>eum</em></strong></span> 
     </span>
    </p>
   </div>
   <div class='ocr_carea' id='block_1_125' title="bbox 2033 5708 3627 5781">
    <p class='ocr_par' dir='ltr' id='par_1_125' title="bbox 2033 5708 3627 5781">
     <span class='ocr_line' id='line_1_125' title="bbox 2033 5708 3627 5781; baseline 0 -16"><span class='ocrx_word' id='word_1_749' title='bbox 2033 5713 2335 5781; x_wconf 80' lang='lat' dir='ltr'><strong><em>Augustino</em></strong></span> <span class='ocrx_word' id='word_1_750' title='bbox 2362 5709 2688 5781; x_wconf 72' lang='lat' dir='ltr'><strong><em>veruncnsis</em></strong></span> <span class='ocrx_word' id='word_1_751' title='bbox 2720 5708 2861 5764; x_wconf 90' lang='lat' dir='ltr'><strong><em>idem</em></strong></span> <span class='ocrx_word' id='word_1_752' title='bbox 2894 5724 3021 5771; x_wconf 90' lang='lat' dir='ltr'><strong><em>ms.,</em></strong></span> <span class='ocrx_word' id='word_1_753' title='bbox 3051 5726 3179 5763; x_wconf 77' lang='lat' dir='ltr'><strong><em>uxor</em></strong></span> <span class='ocrx_word' id='word_1_754' title='bbox 3206 5719 3295 5765; x_wconf 87' lang='lat' dir='ltr'><strong><em>tua</em></strong></span> <span class='ocrx_word' id='word_1_755' title='bbox 3329 5712 3455 5765; x_wconf 71' lang='lat' dir='ltr'><strong><em>sicut</em></strong></span> <span class='ocrx_word' id='word_1_756' title='bbox 3483 5714 3627 5767; x_wconf 82' lang='lat' dir='ltr'><strong><em>vinea</em></strong></span> 
     </span>
    </p>
   </div>
   <div class='ocr_carea' id='block_1_126' title="bbox 2032 5780 3624 5852">
    <p class='ocr_par' dir='ltr' id='par_1_126' title="bbox 2032 5780 3624 5852">
     <span class='ocr_line' id='line_1_126' title="bbox 2032 5780 3624 5852; baseline 0.003 -18"><span class='ocrx_word' id='word_1_757' title='bbox 2032 5780 2237 5852; x_wconf 75' lang='lat' dir='ltr'><strong><em>fertilis.</em></strong></span> <span class='ocrx_word' id='word_1_758' title='bbox 2276 5782 2359 5844; x_wconf 84' lang='lat' dir='ltr'><strong><em>Et,</em></strong></span> <span class='ocrx_word' id='word_1_759' title='bbox 2390 5780 2486 5849; x_wconf 83' lang='lat' dir='ltr'><strong><em>filii</em></strong></span> <span class='ocrx_word' id='word_1_760' title='bbox 2512 5783 2584 5834; x_wconf 89' lang='lat' dir='ltr'><strong><em>tui</em></strong></span> <span class='ocrx_word' id='word_1_761' title='bbox 2615 5781 2746 5835; x_wconf 90' lang='lat' dir='ltr'><strong><em>sicut</em></strong></span> <span class='ocrx_word' id='word_1_762' title='bbox 2777 5782 3050 5836; x_wconf 76' lang='lat' dir='ltr'><strong><em>novellatio</em></strong></span> <span class='ocrx_word' id='word_1_763' title='bbox 3074 5783 3348 5845; x_wconf 83' lang='lat' dir='ltr'><strong><em>olirarum,</em></strong></span> <span class='ocrx_word' id='word_1_764' title='bbox 3377 5795 3483 5838; x_wconf 89' lang='lat' dir='ltr'><strong><em>etc.</em></strong></span> <span class='ocrx_word' id='word_1_765' title='bbox 3528 5784 3624 5838; x_wconf 86' lang='lat' dir='ltr'><strong><em>De-</em></strong></span> 
     </span>
    </p>
   </div>
   <div class='ocr_carea' id='block_1_127' title="bbox 2036 5851 3430 5926">
    <p class='ocr_par' dir='ltr' id='par_1_127' title="bbox 2036 5851 3430 5926">
     <span class='ocr_line' id='line_1_127' title="bbox 2036 5851 3430 5926; baseline -0.003 -15"><span class='ocrx_word' id='word_1_766' title='bbox 2036 5851 2220 5926; x_wconf 80' lang='lat' dir='ltr'><strong><em>nique,</em></strong></span> <span class='ocrx_word' id='word_1_767' title='bbox 2246 5851 2569 5912; x_wconf 86' lang='lat' dir='ltr'><strong><em>benedicetur</em></strong></span> <span class='ocrx_word' id='word_1_768' title='bbox 2596 5852 2770 5925; x_wconf 83' lang='lat' dir='ltr'><strong><em>homo,</em></strong></span> <span class='ocrx_word' id='word_1_769' title='bbox 2794 5855 2910 5911; x_wconf 88' lang='lat' dir='ltr'><strong><em>sine</em></strong></span> <span class='ocrx_word' id='word_1_770' title='bbox 2941 5853 3223 5924; x_wconf 74' lang='lat' dir='ltr'><strong><em>interiecto</em></strong></span> <span class='ocrx_word' id='word_1_771' title='bbox 3246 5854 3430 5909; x_wconf 88' lang='lat' dir='ltr'><strong><em>ontnis.</em></strong></span> 
     </span>
    </p>
   </div>
  </div>
