4090 6338
396 323 503 382 367

1398 320 1459 379 S.
1504 318 1885 377 HIERONYMI
1926 316 2162 377 DIVINA
2201 314 2681 374 BlBLIOTllECA.

3596 313 3705 371 368

462 438 742 495 Benedicat
772 438 866 495 tibi
897 438 1148 495 Dominus
1177 454 1240 495 ex
1267 438 1435 497 Sion:
1463 449 1511 495 et
1539 440 1715 497 videas
1741 440 1876 496 bona
1901 439 1993 496 Je-
2018 442 2074 503 Α
2169 438 2464 496 Beuedicat
2512 446 2565 494 te
2612 437 2879 495 Dominus
2927 451 2995 496 ex
3038 436 3173 496 Sion
3202 454 3215 493 :
3248 443 3307 493 et
3344 434 3536 493 videas
3578 449 3703 508 qua:

393 531 621 589 rusalem
649 532 885 587 omnibus
912 531 1090 587 diebus
1116 533 1235 587 vitte
1258 543 1381 589 tum.

466 625 533 681 Et
559 624 734 681 videas
757 624 893 694 ﬁlios
905 624 1135 695 ﬁliorum
1161 632 1392 695 tuorum,
1420 642 1602 699 pacem
1629 644 1784 700 super
1807 625 1998 682 Israel.

2105 534 2250 590 bona
2276 542 2404 589 sunt
2433 534 2486 589 in
2515 533 2817 590 Jerusalem
2840 532 3095 589 omnibus
3155 530 3354 588 diebus
3402 532 3529 588 vita:
3576 540 3706 588 tute.

2176 626 2245 680 Et
2270 625 2456 682 videas
2481 625 2626 682 ﬁlios
2653 626 2887 682 liliorum
2913 635 3131 683 tuorum
3160 643 3172 680 :
3203 640 3308 697 pax
3330 637 3497 698 super
3517 623 3705 681 Israel.

1737 717 2055 777 PSALMUS
2093 716 2379 777 CXXVI".

915 828 1181 871 CANTICUII
1208 828 1480 872 GRADUUK.

466 906 618 980 Stepe
642 916 1070 979 expugnaverunt
1094 922 1176 962 me
1193 923 1225 961 a
1236 909 1664 979 juventute'ntea,
1688 905 1829 961 dicat
1859 921 1998 961 nunc

391 998 592 1059 Israel.

461 1098 615 1170 Swpe
642 1106 1065 1171 expugnaverunt
1108 1113 1188 1153 me
1223 1114 1256 1152 a
1294 1098 1565 1169 juventute
1614 1089 1766 1153 mea:
1809 1094 1999 1151 etenim

390 1207 496 1245 non
522 1197 798 1263 potuerunt
824 1188 973 1244 mihi.

461 1294 490 1323 ι
534 1282 715 1354 Supra
761 1284 972 1339 dorsum
1019 1300 1187 1338 meum
1230 1284 1617 1356 fabricaverunt
1659 1291 1998 1356 peceatores:

388 1378 827 1452 prolongaverunt
855 1378 1183 1449 iniquitatem
1211 1394 1381 1433 suam.

460 1471 716 1526 Dominus
744 1471 915 1541 iustus
943 1471 1169 1525 concidit
1211 1471 1429 1525 cervices
1459 1478 1786 1543 peccatorunt
1819 1485 1839 1525 :
1868 1486 1996 1526 con-

386 1563 676 1636 fundantur
705 1570 754 1618 et
791 1571 1156 1619 convertantur
1192 1572 1475 1619 retrorsum
1516 1581 1711 1635 omnes,
1747 1565 1835 1636 qui
1872 1564 1996 1619 ode-

381 1664 506 1710 runt
533 1654 687 1710 Sion.

2613 826 2879 870 CANTICUI
2918 827 3193 871 GBADUCI.

2172 905 2330 977 Saepe
2358 913 2807 977 expugnaverunt
2846 921 2935 962 me
2978 921 3009 961 a
3042 905 3330 976 iuventute
3374 916 3530 972 mea,
3561 900 3712 959 dicat

2104 996 2134 1038 δ
2163 1014 2309 1056 nunc
2333 998 2503 1056 Israel
2535 1017 2549 1059 :
2584 1013 2731 1071 strpe
2759 1008 3211 1071 expugnaverunt
3241 1013 3331 1056 me
3360 1013 3391 1054 a
3418 997 3711 1070 iuventute

2103 1109 2225 1151 mea
2248 1135 2264 1163 ,
2294 1095 2495 1151 etenim
2525 1109 2634 1149 non
2662 1102 2958 1165 potuerunt
2987 1092 3142 1150 mihi.

2178 1187 2349 1259 Supra
2394 1186 2524 1260 μισ.
2558 1185 2776 1259 Super]
2813 1185 3037 1242 dorsum
3088 1200 3269 1242 meum
3301 1184 3711 1243 fabricaverunt

2105 1291 2425 1355 peccatores
2453 1300 2465 1335 :
2498 1281 2969 1354 prolongaverunt
2994 1279 3311 1351 iniquitates
3340 1292 3489 1335 suas.

2177 1373 2441 1430 Dominus
2484 1373 2666 1444 justus
2717 1370 2973 1430 concidet
3019 1372 3264 1429 cervices
3321 1380 3710 1443 peccatorum:

2104 1465 2510 1523 confundantur
2563 1475 2624 1524 et
2663 1476 3017 1523 revereantur
3071 1479 3265 1524 omnes
3318 1466 3412 1538 qui
3477 1465 3714 1523 oderunt

2107 1560 2261 1619 Sion.

2178 1654 2343 1711 Fiant
2374 1655 2516 1712 sicut
2545 1654 2734 1713 fenum
2764 1654 3123 1714 aediﬁciorum
3150 1697 3167 1727 ,
3210 1656 3357 1729 quod
3392 1656 3711 1730 priusquam

458 1747 622 1804 Fiant
648 1749 781 1804 sicut
808 1750 985 1821 fenum
1011 1759 1256 1809 tectorum
1278 1766 1299 1807 :
1334 1751 1475 1822 quod
1520 1751 1821 1824 priusquam
1861 1749 1997 1806 evel-
2023 1751 2073 1815 B
2100 1748 2368 1806 evellatur
2395 1791 2411 1817 ,
2443 1750 2662 1804 arescit.

386 1843 547 1914 tatur,
582 1844 807 1899 exaruit.

452 1936 535 1994 De
559 1954 660 2010 quo
691 1954 797 1994 non
821 1938 1052 2011 implevit
1083 1957 1295 1996 manum
1319 1958 1473 1998 suam
1497 1941 1586 2013 qui
1615 1940 1797 1997 metit:
1837 1950 1884 1996 et
1920 1939 1996 1994 si-

381 2047 510 2085 num
539 2047 691 2085 suum
716 2033 805 2103 qui
833 2034 1131 2106 manipulos
1154 2035 1375 2106 colligit.

455 2121 525 2177 Et
554 2140 658 2180 non
688 2124 928 2181 dixerunt
956 2126 1045 2197 qui
1077 2127 1447 2197 praeteribant;
1474 2127 1757 2184 benedictio
1782 2124 1995 2182 Domini

388 2230 549 2286 super
572 2231 659 2272 vos
680 2231 700 2272 .'
731 2218 1083 2273 benediximus
1103 2218 1244 2274 vobis
1271 2219 1327 2274 in
1351 2220 1559 2276 nomine
1585 2218 1820 2276 Domini.

2172 1842 2248 1898 De
2276 1855 2386 1913 quo
2408 1855 2517 1895 non
2544 1839 2791 1912 implevit
2818 1856 3037 1898 manum
3063 1856 3217 1898 suam
3243 1841 3334 1914 qui
3366 1849 3556 1913 mctct,
3605 1855 3711 1901 nec

2099 1934 2284 1992 sinum
2313 1948 2469 1989 suum
2499 1933 2591 2006 qui
2624 1934 2928 2006 manipulos
2951 1934 3196 2007 colliget.

2175 2027 2247 2085 Et
2278 2043 2385 2084 nou
2417 2027 2680 2084 dixerunt
2699 2028 2792 2100 qui
2827 2029 3183 2099 prmteribant
3205 2071 3222 2097 ,
3260 2029 3577 2088 benedictio
3603 2028 3713 2087 Do-

2102 2123 2235 2180 mini
2259 2137 2426 2195 super
2452 2136 2589 2178 vos:
2624 2122 3004 2182 benediximus
3032 2123 3167 2200 [51s.
3188 2124 3590 2197 benedicimus]
3612 2138 3710 2181 vos

2105 2214 2158 2273 in
2186 2216 2408 2273 nomine
2430 2214 2669 2273 Domini.

1771 2308 2091 2369 PSALMUS
2129 2308 2367 2368 CXXIX.

898 2414 1165 2458 CANTICUII
1194 2417 1470 2462 οιιΑυυυιι.

456 2488 539 2547 De
581 2492 854 2565 profundis
911 2494 1133 2549 clamavi
1161 2496 1230 2550 ad
1260 2505 1308 2552 te
1328 2538 1346 2564 ,
1377 2493 1601 2552 Domine
1637 2512 1657 2552 :
1690 2494 1931 2568 Domine,
1964 2495 1993 2536 δ

385 2585 578 2642 exaudi
622 2602 794 2641 vocem
817 2603 1007 2641 meam.

460 2679 623 2737 Fiant
649 2696 801 2738 aures
832 2691 936 2738 tum
960 2682 1286 2740 intendentes
1309 2684 1366 2741 in
1406 2698 1580 2740 vocem
1617 2684 1995 2757 deprecationis

386 2791 514 2831 mea:
520 2816 534 2830 .

459 2869 522 2926 Si
547 2869 844 2942 iniquitates
883 2870 1258 2929 observaveris:
1296 2868 1514 2928 Domine
1536 2887 1556 2928 :
1598 2871 1839 2941 Domine,
1878 2872 1992 2943 quis

386 2963 658 3019 sustinebit
676 2964 701 3020 τ

469 3060 617 3135 Quia,
634 3060 791 3135 apud,
804 3069 853 3116 te
890 3061 1191 3135 prapitiatia
1209 3072 1287 3118 est
1311 3080 1323 3118 :
1355 3070 1403 3118 et
1430 3069 1639 3133 propter
1664 3060 1826 3134 legem
1847 3070 1992 3118 luam

396 3132 618 3188 sustinui
648 3141 697 3187 te
711 3177 726 3202 ,
759 3132 1004 3188 Domine.

459 3220 719 3279 Sustinuit
745 3226 923 3280 anima
949 3240 1063 3281 mea
1086 3226 1142 3281 in
1171 3224 1323 3282 verba
1358 3228 1516 3299 ejus:
1552 3226 1775 3299 speravit
1812 3227 1991 3282 anima

392 3332 512 3373 mea
538 3318 593 3373 in
627 3316 874 3374 Domino.

460 3411 502 3465 Α
530 3410 767 3466 custodia
792 3411 1048 3467 matutina
1077 3428 1238 3484 usque
1263 3411 1331 3469 ad
1356 3421 1582 3485 noctem,
1619 3424 1786 3487 speret
1822 3411 1994 3472 Israel

386 3502 443 3557 in
477 3501 719 3562 Domino.

460 3594 601 3664 Quia
629 3597 774 3668 apud
802 3594 1085 3654 Dominum
1114 3598 1473 3656 misericordia
1492 3615 1513 3657 :
1544 3608 1591 3657 et
1620 3599 1829 3674 copiosa
1851 3603 1996 3675 apud

386 3704 506 3744 eum
534 3690 841 3765 redemmio.

401 3863 405 3867 ν
464 3779 534 3836 Et
563 3782 673 3853 ipse
696 3783 911 3842 redimet
932 3784 1122 3858 Israel,
1146 3803 1210 3844 ea:
1231 3786 1467 3846 omnibus
1481 3786 1839 3860 iniquitatibus
1860 3790 1990 3862 ejus.

2020 2921 2067 2986 C

2615 2417 2886 2461 CANTICUII
2917 2419 3195 2464 οιυωυυιι.

2177 2493 2256 2553 De
2286 2494 2568 2568 profundis
2605 2498 2836 2554 clamavi
2870 2498 2939 2555 ad
2972 2509 3025 2556 te
3047 2540 3065 2569 ,
3106 2499 3339 2559 Domine
3369 2519 3382 2558 :
3428 2499 3658 2560 Domine
3686 2545 3706 2575 ,

2111 2589 2309 2646 exaudi
2334 2590 2637 2647 orationem
2664 2607 2863 2649 meam.

2174 2684 2332 2742 Fiant
2357 2699 2522 2743 aures
2550 2696 2658 2744 tua:
2702 2687 3051 2749 intendentes
3074 2690 3132 2749 in
3164 2700 3189 2730 ο
3215 2691 3522 2751 orationem
3555 2692 3703 2750 servi

2103 2780 2202 2836 tui.

2173 2874 2229 2931 Si
2276 2873 2593 2946 iniquitates
2643 2875 3061 2949 observaveris,
3111 2876 3383 2935 Domine:
3423 2874 3703 2946 Domine,
3776 2932 3779 2933 ν

2096 2965 2221 3040 quis
2251 2968 2583 3026 sustinebit?

2172 3058 2309 3128 Quia
2355 3060 2496 3131 apud
2552 3070 2607 3119 te
2647 3061 2963 3136 propitiatio
3001 3070 3125 3119 est:
3154 3041 3477 3136 et'propter
3525 3062 3706 3136 legem

2098 3161 2248 3209 tuam
2274 3153 2508 3209 sustinui
2541 3164 2591 3211 te
2624 3196 2643 3225 ,
2675 3155 2929 3213 Domine.

2168 3243 2439 3302 Sustinuit
2458 3247 2638 3303 anima
2664 3263 2787 3305 mea
2809 3249 3040 3308 verbum
3063 3259 3246 3308 tuum:
3266 3248 3506 3324 speravit
3527 3250 3705 3308 anima

2102 3352 2224 3395 mea
2250 3337 2304 3393 in
2331 3336 2583 3396 Domino.

2177 3428 2226 3486 Α
2271 3430 2521 3488 custodia
2572 3432 2843 3490 matutina
2886 3448 3059 3507 usque
3112 3432 3181 3490 ad
3220 3444 3435 3491 noctem
3463 3477 3480 3505 ,
3523 3440 3712 3508 speret

2106 3522 2274 3580 Israel
2316 3524 2370 3580 in
2403 3523 2652 3583 Domino.

2175 3616 2311 3685 Quia
2342 3617 2484 3690 apud
2518 3618 2804 3675 Dominum
2833 3617 3223 3678 misericordia
3251 3614 3374 3677 est':
3398 3628 3452 3677 et
3484 3616 3709 3691 copiosa

2105 3709 2248 3781 apud
2280 3724 2407 3767 eum
2434 3708 2765 3782 redemptio.

2186 3805 2252 3860 Et
2284 3803 2405 3877 ipse
2430 3803 2666 3862 redimet
2697 3803 2901 3874 Israel,
2938 3819 3007 3862 ex
3046 3804 3302 3863 omnibus
3337 3804 3714 3878 iniquitatibus

2101 3892 2240 3964 ejus.

1740 3973 2063 4041 PSALMUS
2098 3985 2315 4045 CXXX.

731 4078 999 4123 cauncuu
1024 4079 1272 4124 cntnuuu
1305 4078 1326 4107 ο
1362 4082 1423 4125 -ι-
1455 4084 1615 4126 nmo
1649 4070 1672 4141 ζ

465 4157 711 4229 Domine,
743 4177 848 4216 non
876 4169 951 4217 est
976 4161 1261 4217 exaltatum
1299 4178 1387 4219 cor
1426 4179 1595 4220 meum
1620 4179 1640 4220 .°
1677 4180 1842 4237 neque
1880 4169 2007 4228 elati

334 4308 341 4311 _
399 4261 518 4308 sunt
545 4251 686 4309 oculi
713 4254 834 4309 mei.

472 4394 500 4423 ι
533 4382 795 4460 lnjalat.
828 4384 1168 4460 msuSuper.
1201 4387 1256 4443 in
1283 4387 1441 4460 cujus
1474 4391 1582 4449 ﬁne
1609 4393 1867 4454 versiculi
1906 4400 2007 4455 ad-

398 4456 547 4541 ditur
576 4454 907 4541 Diapsalma.
945 4454 1082 4541 Tum
1129 4454 1382 4541 concidet,
1417 4477 1519 4533 pro
1561 4466 1787 4541 concidit
1833 4454 2003 4541 legit:

401 4528 543 4610 unde
571 4536 627 4610 et
651 4543 771 4610 qua:
788 4538 1101 4610 sequuntur
1138 4531 1191 4585 in
1225 4528 2002 4610 luturo'sequiormanusvre-

398 4598 641 4669 scripsit,
670 4598 924 4671 implebit,
954 4609 1126 4669 metet,
1161 4602 1388 4676 colliget,
1420 4598 1794 4680 pro'implevit,
1834 4598 2000 4685 metit,

402 4683 509 4726 CIC.

473 4746 503 4783 ιι
529 4739 849 4815 Prmpositio
872 4741 1022 4815 verbi
1038 4744 1230 4815 exaudi
1261 4746 1313 4801 in
1340 4746 1591 4806 Palatino
1619 4766 1724 4807 ms.
1752 4752 1821 4811 de
1848 4771 2006 4815 more

401 4811 705 4897 iugulatur.
732 4812 920 4897 Altero
943 4814 1011 4867 ab
1035 4814 1139 4871 hoc
1155 4832 1321 4897 _versu
1343 4821 1597 4897 secundis
1616 4824 1762 4881 curis
1795 4811 2008 4897 reposi;

407 4895 518 4965 tum
547 4892 629 4938 est
655 4883 966 4965 observabis,
990 4888 1457 4965 pro_observaver_is
1479 4883 1872 4965 :rsubsequeuti
1896 4883 2008 4956 alio

407 4955 666 5036 reticctur
696 4963 757 5037 et'
785 4954 977 5037 copula
1014 4973 1029 5011 :
1072 4955 1307 5026 denique
1348 4961 1456 5015 alio
1502 4954 1806 5034 insequenti
1857 4954 2008 5037 prior

405 5025 461 5078 in
488 5025 798 5102 prtepositio
838 5024 999 5102 obelo
1044 5024 1400 5102 prtenotalur,
1452 5024 2011 5102 quemadmodu'met

408 5095 788 5221 genesfaltéum
812 5098 988 5151 anima
1015 5095 1127 5153 mea
1153 5104 1206 5163 -:-
1244 5101 1299 5156 in
1325 5095 1484 5156 verbo'
1498 5108 1611 5177 ejus
1631 5123 1652 5163 :
1684 5107 1828 5164 haud
1855 5095 2011 5183 equi;

450 5181 534 5221 em
590 5181 651 5221 ec
716 5208 727 5220 .

450 5181 534 5221 em
560 5175 727 5222 τεοιθ.

483 5246 524 5319 ξ
540 5236 722 5319 ῌεςιιιθ
745 5237 1173 5319 asterisci_nota,
1206 5257 1384 5314 neque
1412 5245 1586 5316 ipsum
1613 5248 1784 5306 David
1806 5268 2010 5312 nomen

403 5307 734 5389 in‘Palatjuo
760 5317 858 5389 est
872 5324 976 5366 ms.
1007 5310 1068 5389 lu
1095 5307 1360 5389 contentu
1391 5307 1574 5373 autem
1604 5307 2012 5389 quartove—rs;

408 5378 532 5462 culo
551 5379 736 5462 ante;
748 5377 1158 5462 .legitur,”Sieut
1181 5385 1504 5462 ablactatunt
1522 5377 1676 5462 super
1692 5377 2009 5462 matre,vete.

480 5446 508 5487 ἀ
538 5446 865 5532 ᾼυειιειίηρε
895 5446 1283 5532 etVeronens._
1311 5473 1416 5513 ms.
1469 5446 1607 5515 dica't
1641 5446 2012 5526 veroﬂlvsrae'l—

410 5531 465 5578 et
485 5521 837 5605 subsequenti
858 5537 1016 5605 versu
1044 5527 1235 5605 :_longe
1255 5528 1483 5597 fecerunt
1504 5532 1817 5605 injustitiam
1836 5521 2010 5596 suam}

410 5607 474 5649 ac
503 5590 1145 5666 deindeLconfundantur
1174 5590 1224 5652 Et
1255 5590 1573 5656 'avertantur'
1585 5590 2011 5666 retrorsumvon-t-V-

411 5671 659 5753 ms.,.
688 5661 1007 5753 Fiantsie'ut
1043 5671 1217 5736 fenum
1246 5681 1510 5753 tectorum,
1534 5661 2012 5753 quod

409 5736 680 5798 evettatur,
718 5735 879 5811 aruit.
926 5734 1006 5789 De
1044 5734 1149 5808 quo
1190 5758 1297 5795 non
1339 5734 1566 5811 implevit
1612 5734 2013 5810 manantium—rt

411 5820 626 5877 messor,
652 5813 703 5863 ιε
726 5808 896 5866 sinum
925 5823 1075 5865 suum
1104 5812 1194 5883 qui
1221 5808 1514 5888 manipulos
1543 5818 1763 5893 colligit.
1793 5808 1875 5883 Et
1908 5808 2012 5889 non

1070 6010 1095 6037 σ

2603 4096 2870 4141 (ιΑΝτιοωί
2917 4097 3188 4142 οκλυυωί.
3218 4082 3241 4124 ί

2185 4174 2450 4244 Domine,
2502 4190 2612 4232 non
2650 4188 2736 4234 est
2782 4178 3077 4236 exaltatum
3123 4192 3224 4236 cor
3279 4192 3461 4237 meum
3493 4194 3507 4235 :
3538 4194 3713 4253 neque

2112 4265 2244 4326 elati
2271 4279 2398 4326 sunt
2425 4269 2573 4327 oculi
2603 4270 2735 4327 mei.

2030 4402 2087 4465 Ι)
2111 4405 2355 4482 dixerunt
2387 4415 2704 4463 transeuntes
2736 4407 2985 4480 (August.
3032 4406 3183 4466 addit
3217 4409 3376 4482 viam)
3415 4409 3711 4469 Benedictio

2110 4477 2345 4546 Domini,
2377 4489 2486 4535 etc.

2188 4560 2211 4587 ι·
2244 4549 2407 4605 Solus
2430 4550 2718 4623 rVeronens
2740 4567 2870 4619 ms.,
2897 4553 2951 4606 in
2978 4569 3151 4609 vocem
3176 4555 3542 4610 obsecrationis
3562 4572 3706 4623 mea',

2108 4627 2184 4689 et,
2221 4624 2333 4694 quis
2364 4622 2640 4677 tolerabit?
2669 4623 2927 4688 Quoniam
2951 4627 3094 4694 apud
3123 4634 3190 4691 te,
3220 4635 3325 4682 etc.
3362 4626 3565 4681 Deinde
3586 4622 3711 4683 cum

2108 4692 2432 4762 Augustino,
2484 4694 2747 4748 Sustinuit
2789 4692 3122 4751 anima'mea
3169 4700 3223 4752 in
3271 4697 3477 4751 verbum
3524 4707 3713 4753 tuum:

2110 4764 2333 4829 speravit
2364 4765 2554 4840 _anima
2599 4780 2714 4820 mea
2755 4764 3144 4840 inDominum.
3180 4769 3225 4823 A
3252 4769 3430 4840 vigilia
3457 4770 3713 4840 matutina

2110 4851 2271 4911 usque
2306 4835 2374 4888 ad
2408 4844 2630 4911 noctem,
2664 4853 2696 4890 a
2726 4838 2902 4911 vigilia
2938 4841 3201 4911 matutina
3239 4835 3404 4911 speret
3450 4838 3619 4895 Israel
3655 4842 3711 4895 in

2111 4903 2415 4976 Dominum.
2449 4906 2712 4973 Quoniam
2745 4903 2886 4976 apud
2928 4909 3209 4965 Dominum
3246 4903 3620 4975 misericordia,
3662 4919 3710 4966 et

2112 4974 2278 5051 multa
2303 4978 2446 5051 apud
2457 4977 2620 5051 _illuut
2647 4974 2945 5051 redemptio.

2188 5046 2209 5085 ί
2240 5046 2403 5103 Addit
2433 5048 2762 5105 Veronensis
2787 5046 3037 5107 Psalterii
3069 5052 3248 5110 editor
3276 5053 3341 5107 ad
3384 5053 3591 5109 codicis
3626 5053 3711 5109 sui

2114 5116 2275 5173 tidem
2300 5118 2415 5190 Ipsi
2446 5118 2613 5190 David
2638 5137 2657 5177 :
2689 5121 2739 5175 in
2770 5122 3009 5178 subnexa
3041 5135 3223 5181 autem
3252 5125 3327 5181 ibi
3372 5124 3717 5180 annotation-

2114 5190 2235 5244 cula
2266 5189 2428 5262 negat
2457 5189 2799 5262 illudipsnm
2834 5191 3006 5248 David
3051 5210 3251 5251 nomen
3291 5197 3345 5250 in
3388 5210 3456 5251 eo
3502 5195 3714 5252 haberi.

2117 5262 2287 5337 Porro
2313 5260 2367 5337 in
2400 5270 2553 5337 testu
2587 5260 2758 5320 ferme
2800 5280 2923 5337 cum
2969 5268 3269 5337 Augustino
3305 5281 3409 5323 ms.
3458 5283 3620 5337 neque
3661 5268 3719 5337 in

2116 5330 2523 5410 altumflevatil
2537 5344 2723 5390 monet
2742 5336 2924 5410 editor
2942 5330 3231 5406 legendum
3251 5336 3412 5410 elati)
3439 5330 3560 5393 sunt
3580 5335 3722 5410 oculi

2116 5403 2237 5480 mei.
2269 5401 2453 5475 Neque
2478 5401 2738 5475 ingressus
2752 5422 2865 5480 sum
2886 5408 2942 5461 in
2967 5401 3192 5480 magnis,
3220 5416 3328 5465 etc.
3345 5401 3522 5479 Alque
3543 5408 3721 5464 altero

2117 5475 2189 5528 ab
2218 5474 2321 5528 huc
2349 5474 2549 5539 Versu,
2571 5476 3001 5550 quemadmodum
3028 5474 3115 5550 qui
3162 5474 3363 5535 ablatus
3401 5474 3475 5533 est
3519 5497 3550 5533 a
3589 5481 3724 5534 lacte

2117 5559 2281 5619 super
2309 5557 2525 5600 matrem
2550 5562 2718 5619 suam,
2748 5549 2825 5619 sic
2853 5549 3120 5604 retributio
3152 5551 3207 5604 in
3235 5552 3408 5604 anima
3443 5567 3574 5619 mea,
3607 5551 3719 5619 vel,

2119 5618 2352 5670 animam
2380 5632 2565 5671 meam.
2587 5618 2769 5684 Speret
2796 5617 2962 5689 Israel
2988 5623 3039 5675 in
3055 5620 3335 5677 Dominum
3357 5638 3422 5677 ea:
3442 5625 3535 5675 Itoc
3558 5617 3720 5689 nunc,

2119 5700 2227 5767 qua
2260 5696 2531 5767 postrema
2563 5704 2666 5745 una
2694 5692 2886 5747 vocula
2917 5688 3279 5763 praetermissa
3314 5695 3384 5749 ab
3416 5688 3720 5767 Augustino

2123 5756 2298 5815 codex
2320 5759 2542 5817 abludit.
