  <div class='ocr_page' id='page_1' title='image "/cluster/home/n/w/nwhite01/storage/ocr_20150623/29/hvd.32044015471428/190.png"; bbox 0 0 4090 6338; ppageno 0'>
   <div class='ocr_carea' id='block_1_1' title="bbox 369 362 482 420">
    <p class='ocr_par' dir='ltr' id='par_1_1' title="bbox 369 362 482 420">
     <span class='ocr_line' id='line_1_1' title="bbox 369 362 482 420; baseline 0 0"><span class='ocrx_word' id='word_1_1' title='bbox 369 362 482 420; x_wconf 80' lang='lat'><strong><em>359</em></strong></span> 
     </span>
    </p>
   </div>
   <div class='ocr_carea' id='block_1_2' title="bbox 1666 359 2359 420">
    <p class='ocr_par' dir='ltr' id='par_1_2' title="bbox 1666 359 2359 420">
     <span class='ocr_line' id='line_1_2' title="bbox 1666 359 2359 420; baseline 0.007 -5"><span class='ocrx_word' id='word_1_2' title='bbox 1666 359 1870 417; x_wconf 81' lang='lat' dir='ltr'><strong>LIBER</strong></span> <span class='ocrx_word' id='word_1_3' title='bbox 1908 360 2359 420; x_wconf 72' lang='lat' dir='ltr'><strong><em>PSALMORUM.</em></strong></span> 
     </span>
    </p>
   </div>
   <div class='ocr_carea' id='block_1_3' title="bbox 3584 367 3691 425">
    <p class='ocr_par' dir='ltr' id='par_1_3' title="bbox 3584 367 3691 425">
     <span class='ocr_line' id='line_1_3' title="bbox 3584 367 3691 425; baseline 0.019 -3"><span class='ocrx_word' id='word_1_4' title='bbox 3584 367 3691 425; x_wconf 79' lang='lat'><strong><em>370</em></strong></span> 
     </span>
    </p>
   </div>
   <div class='ocr_carea' id='block_1_4' title="bbox 446 473 3686 551">
    <p class='ocr_par' dir='ltr' id='par_1_4' title="bbox 446 473 3686 551">
     <span class='ocr_line' id='line_1_4' title="bbox 446 473 3686 551; baseline 0.002 -20"><span class='ocrx_word' id='word_1_5' title='bbox 446 475 631 548; x_wconf 83' lang='lat' dir='ltr'><strong><em>Neque</em></strong></span> <span class='ocrx_word' id='word_1_6' title='bbox 667 473 926 531; x_wconf 78' lang='lat' dir='ltr'><strong><em>ambulavi</em></strong></span> <span class='ocrx_word' id='word_1_7' title='bbox 970 475 1026 530; x_wconf 92' lang='lat' dir='ltr'><strong><em>in</em></strong></span> <span class='ocrx_word' id='word_1_8' title='bbox 1071 473 1311 546; x_wconf 80' lang='lat' dir='ltr'><strong><em>magnis:</em></strong></span> <span class='ocrx_word' id='word_1_9' title='bbox 1359 489 1520 547; x_wconf 89' lang='lat' dir='ltr'><strong><em>neque</em></strong></span> <span class='ocrx_word' id='word_1_10' title='bbox 1556 475 1610 530; x_wconf 87' lang='lat' dir='ltr'><strong><em>in</em></strong></span> <span class='ocrx_word' id='word_1_11' title='bbox 1661 475 1981 535; x_wconf 71' lang='lat' dir='ltr'><strong><em>mirabilibus</em></strong></span> <span class='ocrx_word' id='word_1_12' title='bbox 2009 486 2066 550; x_wconf 73' lang='grc' dir='ltr'>Α</span> <span class='ocrx_word' id='word_1_13' title='bbox 2158 478 2344 551; x_wconf 85' lang='lat' dir='ltr'><strong>Neque</strong></span> <span class='ocrx_word' id='word_1_14' title='bbox 2367 475 2641 534; x_wconf 81' lang='lat' dir='ltr'><strong><em>ambulavi</em></strong></span> <span class='ocrx_word' id='word_1_15' title='bbox 2671 477 2726 534; x_wconf 90' lang='lat' dir='ltr'><strong><em>in</em></strong></span> <span class='ocrx_word' id='word_1_16' title='bbox 2758 479 2968 551; x_wconf 83' lang='lat' dir='ltr'><strong><em>magnis</em></strong></span> <span class='ocrx_word' id='word_1_17' title='bbox 2997 494 3012 536; x_wconf 90' lang='lat'><strong>:</strong></span> <span class='ocrx_word' id='word_1_18' title='bbox 3043 493 3222 551; x_wconf 91' lang='lat' dir='ltr'><strong><em>neque</em></strong></span> <span class='ocrx_word' id='word_1_19' title='bbox 3256 479 3312 536; x_wconf 91' lang='lat' dir='ltr'><strong><em>in</em></strong></span> <span class='ocrx_word' id='word_1_20' title='bbox 3342 480 3686 540; x_wconf 83' lang='lat' dir='ltr'><strong><em>mirabilibus</em></strong></span> 
     </span>
    </p>
   </div>
   <div class='ocr_carea' id='block_1_5' title="bbox 369 586 655 642">
    <p class='ocr_par' dir='ltr' id='par_1_5' title="bbox 369 586 655 642">
     <span class='ocr_line' id='line_1_5' title="bbox 369 586 655 642; baseline -0.003 -16"><span class='ocrx_word' id='word_1_21' title='bbox 369 587 526 642; x_wconf 83' lang='lat' dir='ltr'><strong><em>super</em></strong></span> <span class='ocrx_word' id='word_1_22' title='bbox 553 586 655 625; x_wconf 90' lang='lat' dir='ltr'><strong><em>me.</em></strong></span> 
     </span>
    </p>
   </div>
   <div class='ocr_carea' id='block_1_6' title="bbox 442 662 1981 723">
    <p class='ocr_par' dir='ltr' id='par_1_6' title="bbox 442 662 1981 723">
     <span class='ocr_line' id='line_1_6' title="bbox 442 662 1981 723; baseline 0.002 -3"><span class='ocrx_word' id='word_1_23' title='bbox 442 664 506 720; x_wconf 87' lang='lat' dir='ltr'><strong>Si</strong></span> <span class='ocrx_word' id='word_1_24' title='bbox 534 680 638 719; x_wconf 88' lang='lat' dir='ltr'><strong><em>non</em></strong></span> <span class='ocrx_word' id='word_1_25' title='bbox 678 662 940 719; x_wconf 77' lang='lat' dir='ltr'><strong><em>humiliter</em></strong></span> <span class='ocrx_word' id='word_1_26' title='bbox 984 663 1306 720; x_wconf 71' lang='lat' dir='ltr'><strong><em>sentiebam:</em></strong></span> <span class='ocrx_word' id='word_1_27' title='bbox 1351 665 1441 720; x_wconf 88' lang='lat' dir='ltr'><strong><em>sed</em></strong></span> <span class='ocrx_word' id='word_1_28' title='bbox 1485 665 1711 721; x_wconf 73' lang='lat' dir='ltr'><strong><em>exaltavi</em></strong></span> <span class='ocrx_word' id='word_1_29' title='bbox 1749 668 1981 723; x_wconf 86' lang='lat' dir='ltr'><strong><em>animant</em></strong></span> 
     </span>
    </p>
   </div>
   <div class='ocr_carea' id='block_1_7' title="bbox 373 773 562 811">
    <p class='ocr_par' dir='ltr' id='par_1_7' title="bbox 373 773 562 811">
     <span class='ocr_line' id='line_1_7' title="bbox 373 773 562 811; baseline 0 -1"><span class='ocrx_word' id='word_1_30' title='bbox 373 773 562 811; x_wconf 85' lang='lat' dir='ltr'><strong><em>meam.</em></strong></span> 
     </span>
    </p>
   </div>
   <div class='ocr_carea' id='block_1_8' title="bbox 451 849 1986 920">
    <p class='ocr_par' dir='ltr' id='par_1_8' title="bbox 451 849 1986 920">
     <span class='ocr_line' id='line_1_8' title="bbox 451 849 1986 920; baseline 0.003 -15"><span class='ocrx_word' id='word_1_31' title='bbox 451 850 600 905; x_wconf 86' lang='lat' dir='ltr'><strong><em>Sicut</em></strong></span> <span class='ocrx_word' id='word_1_32' title='bbox 625 849 912 904; x_wconf 82' lang='lat' dir='ltr'><strong><em>obluctatus</em></strong></span> <span class='ocrx_word' id='word_1_33' title='bbox 939 856 1014 904; x_wconf 88' lang='lat' dir='ltr'><strong><em>est</em></strong></span> <span class='ocrx_word' id='word_1_34' title='bbox 1040 865 1195 920; x_wconf 84' lang='lat' dir='ltr'><strong><em>super</em></strong></span> <span class='ocrx_word' id='word_1_35' title='bbox 1226 856 1390 906; x_wconf 89' lang='lat' dir='ltr'><strong><em>matre</em></strong></span> <span class='ocrx_word' id='word_1_36' title='bbox 1423 866 1557 906; x_wconf 85' lang='lat' dir='ltr'><strong><em>sua:</em></strong></span> <span class='ocrx_word' id='word_1_37' title='bbox 1600 851 1674 906; x_wconf 89' lang='lat' dir='ltr'><strong><em>ita</em></strong></span> <span class='ocrx_word' id='word_1_38' title='bbox 1719 853 1986 909; x_wconf 72' lang='lat' dir='ltr'><strong><em>retributio</em></strong></span> 
     </span>
    </p>
   </div>
   <div class='ocr_carea' id='block_1_9' title="bbox 373 943 791 998">
    <p class='ocr_par' dir='ltr' id='par_1_9' title="bbox 373 943 791 998">
     <span class='ocr_line' id='line_1_9' title="bbox 373 943 791 998; baseline 0 -2"><span class='ocrx_word' id='word_1_39' title='bbox 373 943 429 998; x_wconf 88' lang='lat' dir='ltr'><strong><em>in</em></strong></span> <span class='ocrx_word' id='word_1_40' title='bbox 460 945 635 997; x_wconf 87' lang='lat' dir='ltr'><strong><em>anima</em></strong></span> <span class='ocrx_word' id='word_1_41' title='bbox 660 959 791 996; x_wconf 89' lang='lat' dir='ltr'><strong><em>mea.</em></strong></span> 
     </span>
    </p>
   </div>
   <div class='ocr_carea' id='block_1_10' title="bbox 450 1032 1982 1110">
    <p class='ocr_par' dir='ltr' id='par_1_10' title="bbox 450 1032 1982 1110">
     <span class='ocr_line' id='line_1_10' title="bbox 450 1032 1982 1110; baseline 0.003 -20"><span class='ocrx_word' id='word_1_42' title='bbox 450 1035 636 1105; x_wconf 86' lang='lat' dir='ltr'><strong><em>Speret</em></strong></span> <span class='ocrx_word' id='word_1_43' title='bbox 669 1032 835 1090; x_wconf 86' lang='lat' dir='ltr'><strong><em>Israel</em></strong></span> <span class='ocrx_word' id='word_1_44' title='bbox 867 1035 920 1090; x_wconf 91' lang='lat' dir='ltr'><strong><em>in</em></strong></span> <span class='ocrx_word' id='word_1_45' title='bbox 950 1035 1196 1104; x_wconf 89' lang='lat' dir='ltr'><strong><em>Domino,</em></strong></span> <span class='ocrx_word' id='word_1_46' title='bbox 1223 1051 1290 1091; x_wconf 82' lang='lat' dir='ltr'><strong><em>ea:</em></strong></span> <span class='ocrx_word' id='word_1_47' title='bbox 1317 1035 1416 1091; x_wconf 80' lang='lat' dir='ltr'><strong><em>hoc</em></strong></span> <span class='ocrx_word' id='word_1_48' title='bbox 1449 1052 1606 1106; x_wconf 88' lang='lat' dir='ltr'><strong><em>nunc,</em></strong></span> <span class='ocrx_word' id='word_1_49' title='bbox 1641 1047 1698 1108; x_wconf 87' lang='lat' dir='ltr'><strong><em>et</em></strong></span> <span class='ocrx_word' id='word_1_50' title='bbox 1733 1055 1890 1110; x_wconf 86' lang='lat' dir='ltr'><strong><em>usque</em></strong></span> <span class='ocrx_word' id='word_1_51' title='bbox 1925 1039 1982 1094; x_wconf 90' lang='lat' dir='ltr'><strong><em>in</em></strong></span> 
     </span>
    </p>
   </div>
   <div class='ocr_carea' id='block_1_11' title="bbox 373 1126 649 1184">
    <p class='ocr_par' dir='ltr' id='par_1_11' title="bbox 373 1126 649 1184">
     <span class='ocr_line' id='line_1_11' title="bbox 373 1126 649 1184; baseline -0.007 0"><span class='ocrx_word' id='word_1_52' title='bbox 373 1126 649 1184; x_wconf 64' lang='lat' dir='ltr'><strong><em>malum.</em></strong></span> 
     </span>
    </p>
   </div>
   <div class='ocr_carea' id='block_1_12' title="bbox 2085 587 2384 642">
    <p class='ocr_par' dir='ltr' id='par_1_12' title="bbox 2085 587 2384 642">
     <span class='ocr_line' id='line_1_12' title="bbox 2085 587 2384 642; baseline 0 -13"><span class='ocrx_word' id='word_1_53' title='bbox 2085 587 2250 642; x_wconf 87' lang='lat' dir='ltr'><strong><em>super</em></strong></span> <span class='ocrx_word' id='word_1_54' title='bbox 2276 587 2384 629; x_wconf 90' lang='lat' dir='ltr'><strong>me.</strong></span> 
     </span>
    </p>
   </div>
   <div class='ocr_carea' id='block_1_13' title="bbox 2159 661 3687 722">
    <p class='ocr_par' dir='ltr' id='par_1_13' title="bbox 2159 661 3687 722">
     <span class='ocr_line' id='line_1_13' title="bbox 2159 661 3687 722; baseline 0 -1"><span class='ocrx_word' id='word_1_55' title='bbox 2159 664 2219 722; x_wconf 89' lang='lat' dir='ltr'><strong><em>Si</em></strong></span> <span class='ocrx_word' id='word_1_56' title='bbox 2250 680 2358 721; x_wconf 89' lang='lat' dir='ltr'><strong><em>non</em></strong></span> <span class='ocrx_word' id='word_1_57' title='bbox 2385 664 2664 721; x_wconf 80' lang='lat' dir='ltr'><strong><em>humiliter</em></strong></span> <span class='ocrx_word' id='word_1_58' title='bbox 2685 663 2990 722; x_wconf 78' lang='lat' dir='ltr'><strong>sentiebam</strong></span> <span class='ocrx_word' id='word_1_59' title='bbox 3019 680 3034 720; x_wconf 92' lang='lat'><strong>:</strong></span> <span class='ocrx_word' id='word_1_60' title='bbox 3062 662 3159 721; x_wconf 91' lang='lat' dir='ltr'><strong><em>sed</em></strong></span> <span class='ocrx_word' id='word_1_61' title='bbox 3187 661 3424 720; x_wconf 81' lang='lat' dir='ltr'><strong><em>exaltavi</em></strong></span> <span class='ocrx_word' id='word_1_62' title='bbox 3449 664 3687 721; x_wconf 89' lang='lat' dir='ltr'><strong><em>animam</em></strong></span> 
     </span>
    </p>
   </div>
   <div class='ocr_carea' id='block_1_14' title="bbox 2087 771 2290 814">
    <p class='ocr_par' dir='ltr' id='par_1_14' title="bbox 2087 771 2290 814">
     <span class='ocr_line' id='line_1_14' title="bbox 2087 771 2290 814; baseline 0.01 -2"><span class='ocrx_word' id='word_1_63' title='bbox 2087 771 2290 814; x_wconf 89' lang='lat' dir='ltr'><strong>meam.</strong></span> 
     </span>
    </p>
   </div>
   <div class='ocr_carea' id='block_1_15' title="bbox 2159 850 3690 922">
    <p class='ocr_par' dir='ltr' id='par_1_15' title="bbox 2159 850 3690 922">
     <span class='ocr_line' id='line_1_15' title="bbox 2159 850 3690 922; baseline -0.001 -15"><span class='ocrx_word' id='word_1_64' title='bbox 2159 851 2310 907; x_wconf 86' lang='lat' dir='ltr'><strong><em>Sicut</em></strong></span> <span class='ocrx_word' id='word_1_65' title='bbox 2346 851 2650 908; x_wconf 88' lang='lat' dir='ltr'><strong><em>ablactatus</em></strong></span> <span class='ocrx_word' id='word_1_66' title='bbox 2695 865 2861 922; x_wconf 87' lang='lat' dir='ltr'><strong><em>super</em></strong></span> <span class='ocrx_word' id='word_1_67' title='bbox 2905 859 3136 908; x_wconf 92' lang='lat' dir='ltr'><strong>matrem</strong></span> <span class='ocrx_word' id='word_1_68' title='bbox 3167 865 3322 907; x_wconf 90' lang='lat' dir='ltr'><strong><em>suam</em></strong></span> <span class='ocrx_word' id='word_1_69' title='bbox 3359 867 3375 906; x_wconf 88' lang='lat'><strong>:</strong></span> <span class='ocrx_word' id='word_1_70' title='bbox 3406 850 3476 906; x_wconf 90' lang='lat' dir='ltr'><strong><em>ita</em></strong></span> <span class='ocrx_word' id='word_1_71' title='bbox 3529 851 3690 907; x_wconf 90' lang='lat' dir='ltr'><strong>retri-</strong></span> 
     </span>
    </p>
   </div>
   <div class='ocr_carea' id='block_1_16' title="bbox 2085 941 2799 1000">
    <p class='ocr_par' dir='ltr' id='par_1_16' title="bbox 2085 941 2799 1000">
     <span class='ocr_line' id='line_1_16' title="bbox 2085 941 2799 1000; baseline 0 -2"><span class='ocrx_word' id='word_1_72' title='bbox 2085 941 2219 1000; x_wconf 89' lang='lat' dir='ltr'><strong>bues</strong></span> <span class='ocrx_word' id='word_1_73' title='bbox 2243 943 2299 998; x_wconf 94' lang='lat' dir='ltr'><strong><em>in</em></strong></span> <span class='ocrx_word' id='word_1_74' title='bbox 2331 943 2566 999; x_wconf 87' lang='lat' dir='ltr'><strong><em>animam</em></strong></span> <span class='ocrx_word' id='word_1_75' title='bbox 2598 959 2799 1000; x_wconf 85' lang='lat' dir='ltr'><strong>meam.</strong></span> 
     </span>
    </p>
   </div>
   <div class='ocr_carea' id='block_1_17' title="bbox 2157 1037 3690 1108">
    <p class='ocr_par' dir='ltr' id='par_1_17' title="bbox 2157 1037 3690 1108">
     <span class='ocr_line' id='line_1_17' title="bbox 2157 1037 3690 1108; baseline 0.001 -16"><span class='ocrx_word' id='word_1_76' title='bbox 2157 1037 2546 1106; x_wconf 87' lang='lat' dir='ltr'><strong>Speretlsrael</strong></span> <span class='ocrx_word' id='word_1_77' title='bbox 2575 1038 2634 1094; x_wconf 89' lang='lat' dir='ltr'><strong><em>in</em></strong></span> <span class='ocrx_word' id='word_1_78' title='bbox 2663 1037 2895 1095; x_wconf 88' lang='lat' dir='ltr'><strong><em>Domino</em></strong></span> <span class='ocrx_word' id='word_1_79' title='bbox 2921 1075 2936 1106; x_wconf 88' lang='lat'><strong>,</strong></span> <span class='ocrx_word' id='word_1_80' title='bbox 2966 1051 3034 1094; x_wconf 83' lang='lat' dir='ltr'><strong><em>ex</em></strong></span> <span class='ocrx_word' id='word_1_81' title='bbox 3063 1038 3170 1093; x_wconf 82' lang='lat' dir='ltr'><strong>hoc</strong></span> <span class='ocrx_word' id='word_1_82' title='bbox 3202 1050 3347 1093; x_wconf 90' lang='lat' dir='ltr'><strong><em>nunc</em></strong></span> <span class='ocrx_word' id='word_1_83' title='bbox 3371 1079 3387 1107; x_wconf 94' lang='lat'><strong><em>,</em></strong></span> <span class='ocrx_word' id='word_1_84' title='bbox 3420 1045 3476 1094; x_wconf 91' lang='lat' dir='ltr'><strong><em>et</em></strong></span> <span class='ocrx_word' id='word_1_85' title='bbox 3515 1052 3690 1108; x_wconf 89' lang='lat' dir='ltr'><strong><em>usque</em></strong></span> 
     </span>
    </p>
   </div>
   <div class='ocr_carea' id='block_1_18' title="bbox 2087 1130 2449 1187">
    <p class='ocr_par' dir='ltr' id='par_1_18' title="bbox 2087 1130 2449 1187">
     <span class='ocr_line' id='line_1_18' title="bbox 2087 1130 2449 1187; baseline 0.003 -1"><span class='ocrx_word' id='word_1_86' title='bbox 2087 1130 2143 1186; x_wconf 94' lang='lat' dir='ltr'><strong><em>in</em></strong></span> <span class='ocrx_word' id='word_1_87' title='bbox 2170 1132 2449 1187; x_wconf 60' lang='lat' dir='ltr'><strong><em>saeculum.</em></strong></span> 
     </span>
    </p>
   </div>
   <div class='ocr_carea' id='block_1_19' title="bbox 1753 1243 2350 1305">
    <p class='ocr_par' dir='ltr' id='par_1_19' title="bbox 1753 1243 2350 1305">
     <span class='ocr_line' id='line_1_19' title="bbox 1753 1243 2350 1305; baseline 0.003 -6"><span class='ocrx_word' id='word_1_88' title='bbox 1753 1243 2072 1305; x_wconf 77' lang='lat' dir='ltr'><strong><em>PSALMUS</em></strong></span> <span class='ocrx_word' id='word_1_89' title='bbox 2110 1243 2350 1302; x_wconf 79' lang='lat' dir='ltr'><strong>CXXXI.</strong></span> 
     </span>
    </p>
   </div>
   <div class='ocr_carea' id='block_1_20' title="bbox 880 1374 1464 1418">
    <p class='ocr_par' dir='ltr' id='par_1_20' title="bbox 880 1374 1464 1418">
     <span class='ocr_line' id='line_1_20' title="bbox 880 1374 1464 1418; baseline 0.003 -2"><span class='ocrx_word' id='word_1_90' title='bbox 880 1374 1150 1418; x_wconf 76' lang='lat' dir='ltr'><strong><em>CANTICUII</em></strong></span> <span class='ocrx_word' id='word_1_91' title='bbox 1191 1377 1464 1418; x_wconf 76' lang='lat' dir='ltr'><strong><em>GRADUUII.</em></strong></span> 
     </span>
    </p>
   </div>
   <div class='ocr_carea' id='block_1_21' title="bbox 448 1451 1989 1526">
    <p class='ocr_par' dir='ltr' id='par_1_21' title="bbox 448 1451 1989 1526">
     <span class='ocr_line' id='line_1_21' title="bbox 448 1451 1989 1526; baseline 0.004 -18"><span class='ocrx_word' id='word_1_92' title='bbox 448 1452 750 1523; x_wconf 75' lang='lat' dir='ltr'><strong><em>Memento,</em></strong></span> <span class='ocrx_word' id='word_1_93' title='bbox 778 1451 1024 1525; x_wconf 85' lang='lat' dir='ltr'><strong><em>Domine,</em></strong></span> <span class='ocrx_word' id='word_1_94' title='bbox 1053 1453 1257 1526; x_wconf 90' lang='lat' dir='ltr'><strong><em>David,</em></strong></span> <span class='ocrx_word' id='word_1_95' title='bbox 1289 1466 1335 1512; x_wconf 89' lang='lat' dir='ltr'><strong><em>et</em></strong></span> <span class='ocrx_word' id='word_1_96' title='bbox 1368 1457 1536 1514; x_wconf 90' lang='lat' dir='ltr'><strong><em>omnis</em></strong></span> <span class='ocrx_word' id='word_1_97' title='bbox 1572 1457 1989 1514; x_wconf 86' lang='lat' dir='ltr'><strong><em>mansuetudinis</em></strong></span> 
     </span>
    </p>
   </div>
   <div class='ocr_carea' id='block_1_22' title="bbox 382 1548 1792 1619">
    <p class='ocr_par' dir='ltr' id='par_1_22' title="bbox 382 1548 1792 1619">
     <span class='ocr_line' id='line_1_22' title="bbox 382 1548 1792 1619; baseline 0.004 -19"><span class='ocrx_word' id='word_1_98' title='bbox 382 1548 520 1619; x_wconf 80' lang='lat' dir='ltr'><strong><em>ejus.</em></strong></span> <span class='ocrx_word' id='word_1_99' title='bbox 1784 1556 1792 1566; x_wconf 94' lang='lat'><strong><em>&#39;</em></strong></span> 
     </span>
    </p>
   </div>
   <div class='ocr_carea' id='block_1_23' title="bbox 450 1643 1831 1714">
    <p class='ocr_par' dir='ltr' id='par_1_23' title="bbox 450 1643 1831 1714">
     <span class='ocr_line' id='line_1_23' title="bbox 450 1643 1831 1714; baseline 0.002 -15"><span class='ocrx_word' id='word_1_100' title='bbox 450 1644 603 1699; x_wconf 86' lang='lat' dir='ltr'><strong>Sicut</strong></span> <span class='ocrx_word' id='word_1_101' title='bbox 615 1644 819 1714; x_wconf 89' lang='lat' dir='ltr'><strong><em>juravit</em></strong></span> <span class='ocrx_word' id='word_1_102' title='bbox 852 1643 1116 1702; x_wconf 88' lang='lat' dir='ltr'><strong><em>Domino:</em></strong></span> <span class='ocrx_word' id='word_1_103' title='bbox 1145 1656 1316 1702; x_wconf 87' lang='lat' dir='ltr'><strong><em>votum</em></strong></span> <span class='ocrx_word' id='word_1_104' title='bbox 1345 1647 1479 1703; x_wconf 89' lang='lat' dir='ltr'><strong><em>vovit</em></strong></span> <span class='ocrx_word' id='word_1_105' title='bbox 1504 1647 1615 1703; x_wconf 85' lang='lat' dir='ltr'><strong><em>Deo</em></strong></span> <span class='ocrx_word' id='word_1_106' title='bbox 1641 1644 1831 1704; x_wconf 71' lang='lat' dir='ltr'><strong><em>Iacob.</em></strong></span> 
     </span>
    </p>
   </div>
   <div class='ocr_carea' id='block_1_24' title="bbox 445 1736 1990 1798">
    <p class='ocr_par' dir='ltr' id='par_1_24' title="bbox 445 1736 1990 1798">
     <span class='ocr_line' id='line_1_24' title="bbox 445 1736 1990 1798; baseline 0.003 -5"><span class='ocrx_word' id='word_1_107' title='bbox 445 1736 511 1793; x_wconf 91' lang='lat' dir='ltr'><strong><em>Si</em></strong></span> <span class='ocrx_word' id='word_1_108' title='bbox 538 1737 789 1792; x_wconf 83' lang='lat' dir='ltr'><strong><em>introiere</em></strong></span> <span class='ocrx_word' id='word_1_109' title='bbox 814 1738 867 1792; x_wconf 91' lang='lat' dir='ltr'><strong><em>in</em></strong></span> <span class='ocrx_word' id='word_1_110' title='bbox 911 1739 1303 1795; x_wconf 81' lang='lat' dir='ltr'><strong>tabernaculum</strong></span> <span class='ocrx_word' id='word_1_111' title='bbox 1330 1740 1515 1797; x_wconf 89' lang='lat' dir='ltr'><strong><em>domus</em></strong></span> <span class='ocrx_word' id='word_1_112' title='bbox 1537 1757 1662 1797; x_wconf 78' lang='lat' dir='ltr'><strong><em>mea:</em></strong></span> <span class='ocrx_word' id='word_1_113' title='bbox 1696 1757 1714 1797; x_wconf 92' lang='lat'><em>:</em></span> <span class='ocrx_word' id='word_1_114' title='bbox 1743 1742 1788 1796; x_wconf 88' lang='lat' dir='ltr'><strong><em>si</em></strong></span> <span class='ocrx_word' id='word_1_115' title='bbox 1817 1757 1990 1798; x_wconf 86' lang='lat' dir='ltr'><strong><em>ascen-</em></strong></span> 
     </span>
    </p>
   </div>
   <div class='ocr_carea' id='block_1_25' title="bbox 369 1829 1167 1889">
    <p class='ocr_par' dir='ltr' id='par_1_25' title="bbox 369 1829 1167 1889">
     <span class='ocr_line' id='line_1_25' title="bbox 369 1829 1167 1889; baseline 0.009 -7"><span class='ocrx_word' id='word_1_116' title='bbox 369 1829 500 1885; x_wconf 92' lang='lat' dir='ltr'><strong><em>dero</em></strong></span> <span class='ocrx_word' id='word_1_117' title='bbox 525 1831 580 1884; x_wconf 90' lang='lat' dir='ltr'><strong><em>in</em></strong></span> <span class='ocrx_word' id='word_1_118' title='bbox 603 1831 794 1885; x_wconf 88' lang='lat' dir='ltr'><strong><em>lectum</em></strong></span> <span class='ocrx_word' id='word_1_119' title='bbox 820 1829 842 1851; x_wconf 84' lang='lat'>&#39;</span> <span class='ocrx_word' id='word_1_120' title='bbox 869 1833 1018 1887; x_wconf 87' lang='lat' dir='ltr'><strong><em>strati</em></strong></span> <span class='ocrx_word' id='word_1_121' title='bbox 1048 1835 1167 1889; x_wconf 89' lang='lat' dir='ltr'><strong><em>mei.</em></strong></span> 
     </span>
    </p>
   </div>
   <div class='ocr_carea' id='block_1_26' title="bbox 447 1921 1611 1984">
    <p class='ocr_par' dir='ltr' id='par_1_26' title="bbox 447 1921 1611 1984">
     <span class='ocr_line' id='line_1_26' title="bbox 447 1921 1611 1984; baseline 0.007 -8"><span class='ocrx_word' id='word_1_122' title='bbox 447 1921 512 1976; x_wconf 89' lang='lat' dir='ltr'><strong><em>Si</em></strong></span> <span class='ocrx_word' id='word_1_123' title='bbox 553 1921 746 1977; x_wconf 84' lang='lat' dir='ltr'><strong><em>dedero</em></strong></span> <span class='ocrx_word' id='word_1_124' title='bbox 788 1940 1026 1979; x_wconf 90' lang='lat' dir='ltr'><strong><em>somnum</em></strong></span> <span class='ocrx_word' id='word_1_125' title='bbox 1048 1926 1209 1982; x_wconf 85' lang='lat' dir='ltr'><strong><em>oculis</em></strong></span> <span class='ocrx_word' id='word_1_126' title='bbox 1241 1927 1412 1983; x_wconf 86' lang='lat' dir='ltr'><strong><em>meis:</em></strong></span> <span class='ocrx_word' id='word_1_127' title='bbox 1449 1943 1511 1984; x_wconf 55' lang='grc' dir='ltr'><strong><em>-εί</em></strong></span> <span class='ocrx_word' id='word_1_128' title='bbox 1563 1939 1611 1984; x_wconf 81' lang='lat' dir='ltr'><strong><em>et</em></strong></span> 
     </span>
    </p>
   </div>
   <div class='ocr_carea' id='block_1_27' title="bbox 375 2015 974 2074">
    <p class='ocr_par' dir='ltr' id='par_1_27' title="bbox 375 2015 974 2074">
     <span class='ocr_line' id='line_1_27' title="bbox 375 2015 974 2074; baseline 0.007 -4"><span class='ocrx_word' id='word_1_129' title='bbox 375 2015 506 2070; x_wconf 85' lang='lat' dir='ltr'><strong><em>meis</em></strong></span> <span class='ocrx_word' id='word_1_130' title='bbox 531 2015 974 2074; x_wconf 89' lang='lat' dir='ltr'><strong><em>dormitationem.</em></strong></span> 
     </span>
    </p>
   </div>
   <div class='ocr_carea' id='block_1_28' title="bbox 450 2193 1982 2269">
    <p class='ocr_par' dir='ltr' id='par_1_28' title="bbox 450 2193 1982 2269">
     <span class='ocr_line' id='line_1_28' title="bbox 450 2193 1982 2269; baseline 0.005 -20"><span class='ocrx_word' id='word_1_131' title='bbox 450 2209 513 2250; x_wconf 81' lang='lat'><strong><em>-:~</em></strong></span> <span class='ocrx_word' id='word_1_132' title='bbox 549 2193 620 2249; x_wconf 87' lang='lat' dir='ltr'><strong><em>Et</em></strong></span> <span class='ocrx_word' id='word_1_133' title='bbox 671 2195 899 2266; x_wconf 84' lang='lat' dir='ltr'><strong><em>requiem</em></strong></span> <span class='ocrx_word' id='word_1_134' title='bbox 953 2198 1262 2269; x_wconf 82' lang='lat' dir='ltr'><strong><em>temporibus</em></strong></span> <span class='ocrx_word' id='word_1_135' title='bbox 1312 2199 1441 2254; x_wconf 87' lang='lat' dir='ltr'><strong><em>meis</em></strong></span> <span class='ocrx_word' id='word_1_136' title='bbox 1473 2199 1496 2267; x_wconf 72' lang='grc' dir='ltr'>ζ</span> <span class='ocrx_word' id='word_1_137' title='bbox 1530 2198 1694 2254; x_wconf 89' lang='lat' dir='ltr'><strong><em>donec</em></strong></span> <span class='ocrx_word' id='word_1_138' title='bbox 1724 2200 1982 2256; x_wconf 82' lang='lat' dir='ltr'><strong><em>inveniam</em></strong></span> 
     </span>
    </p>
   </div>
   <div class='ocr_carea' id='block_1_29' title="bbox 369 2281 1621 2349">
    <p class='ocr_par' dir='ltr' id='par_1_29' title="bbox 369 2281 1621 2349">
     <span class='ocr_line' id='line_1_29' title="bbox 369 2281 1621 2349; baseline 0.006 -7"><span class='ocrx_word' id='word_1_139' title='bbox 369 2289 548 2343; x_wconf 82' lang='lat' dir='ltr'><strong><em>locum</em></strong></span> <span class='ocrx_word' id='word_1_140' title='bbox 575 2288 805 2346; x_wconf 89' lang='lat' dir='ltr'><strong><em>Domino</em></strong></span> <span class='ocrx_word' id='word_1_141' title='bbox 835 2281 857 2346; x_wconf 68' lang='grc' dir='ltr'><strong><em>ὲ</em></strong></span> <span class='ocrx_word' id='word_1_142' title='bbox 883 2289 1274 2347; x_wconf 81' lang='lat' dir='ltr'><strong>tabernaculum</strong></span> <span class='ocrx_word' id='word_1_143' title='bbox 1301 2291 1408 2348; x_wconf 90' lang='lat' dir='ltr'><strong><em>Deo</em></strong></span> <span class='ocrx_word' id='word_1_144' title='bbox 1431 2291 1621 2349; x_wconf 80' lang='lat' dir='ltr'><strong>Jacob.</strong></span> 
     </span>
    </p>
   </div>
   <div class='ocr_carea' id='block_1_30' title="bbox 447 2381 1983 2458">
    <p class='ocr_par' dir='ltr' id='par_1_30' title="bbox 447 2381 1983 2458">
     <span class='ocr_line' id='line_1_30' title="bbox 447 2381 1983 2458; baseline 0.006 -23"><span class='ocrx_word' id='word_1_145' title='bbox 447 2381 585 2437; x_wconf 87' lang='lat' dir='ltr'><strong>Ecce</strong></span> <span class='ocrx_word' id='word_1_146' title='bbox 631 2385 924 2440; x_wconf 88' lang='lat' dir='ltr'><strong><em>audivimus</em></strong></span> <span class='ocrx_word' id='word_1_147' title='bbox 968 2402 1081 2440; x_wconf 85' lang='lat' dir='ltr'><strong><em>eam</em></strong></span> <span class='ocrx_word' id='word_1_148' title='bbox 1138 2386 1191 2440; x_wconf 92' lang='lat' dir='ltr'><strong><em>in</em></strong></span> <span class='ocrx_word' id='word_1_149' title='bbox 1240 2384 1481 2458; x_wconf 79' lang='lat' dir='ltr'><strong><em>Epln&#39;ata</em></strong></span> <span class='ocrx_word' id='word_1_150' title='bbox 1509 2403 1526 2441; x_wconf 93' lang='lat'><em>:</em></span> <span class='ocrx_word' id='word_1_151' title='bbox 1557 2387 1844 2444; x_wconf 84' lang='lat' dir='ltr'><strong><em>invenimus</em></strong></span> <span class='ocrx_word' id='word_1_152' title='bbox 1869 2406 1983 2445; x_wconf 90' lang='lat' dir='ltr'><strong><em>eam</em></strong></span> 
     </span>
    </p>
   </div>
   <div class='ocr_carea' id='block_1_31' title="bbox 373 2478 848 2549">
    <p class='ocr_par' dir='ltr' id='par_1_31' title="bbox 373 2478 848 2549">
     <span class='ocr_line' id='line_1_31' title="bbox 373 2478 848 2549; baseline 0.004 -18"><span class='ocrx_word' id='word_1_153' title='bbox 373 2478 431 2534; x_wconf 83' lang='lat' dir='ltr'><strong><em>in</em></strong></span> <span class='ocrx_word' id='word_1_154' title='bbox 464 2480 660 2549; x_wconf 90' lang='lat' dir='ltr'><strong><em>campis</em></strong></span> <span class='ocrx_word' id='word_1_155' title='bbox 685 2479 848 2536; x_wconf 67' lang='lat' dir='ltr'><strong><em>silvae.</em></strong></span> 
     </span>
    </p>
   </div>
   <div class='ocr_carea' id='block_1_32' title="bbox 450 2570 1985 2649">
    <p class='ocr_par' dir='ltr' id='par_1_32' title="bbox 450 2570 1985 2649">
     <span class='ocr_line' id='line_1_32' title="bbox 450 2570 1985 2649; baseline 0.007 -24"><span class='ocrx_word' id='word_1_156' title='bbox 450 2570 794 2628; x_wconf 86' lang='lat' dir='ltr'><strong><em>Introibimus</em></strong></span> <span class='ocrx_word' id='word_1_157' title='bbox 821 2575 874 2630; x_wconf 91' lang='lat' dir='ltr'><strong><em>in</em></strong></span> <span class='ocrx_word' id='word_1_158' title='bbox 906 2573 1299 2630; x_wconf 71' lang='lat' dir='ltr'><strong><em>tabernaculum</em></strong></span> <span class='ocrx_word' id='word_1_159' title='bbox 1322 2573 1351 2614; x_wconf 73' lang='grc' dir='ltr'><strong><em>ι)</em></strong></span> <span class='ocrx_word' id='word_1_160' title='bbox 1378 2578 1491 2649; x_wconf 83' lang='lat' dir='ltr'><strong><em>ejus</em></strong></span> <span class='ocrx_word' id='word_1_161' title='bbox 1524 2592 1543 2632; x_wconf 90' lang='lat'><strong><em>:</em></strong></span> <span class='ocrx_word' id='word_1_162' title='bbox 1570 2576 1904 2634; x_wconf 87' lang='lat' dir='ltr'><strong><em>adorabimus</em></strong></span> <span class='ocrx_word' id='word_1_163' title='bbox 1930 2579 1985 2634; x_wconf 92' lang='lat' dir='ltr'><strong><em>in</em></strong></span> 
     </span>
    </p>
   </div>
   <div class='ocr_carea' id='block_1_33' title="bbox 373 2665 1282 2740">
    <p class='ocr_par' dir='ltr' id='par_1_33' title="bbox 373 2665 1282 2740">
     <span class='ocr_line' id='line_1_33' title="bbox 373 2665 1282 2740; baseline 0.006 -22"><span class='ocrx_word' id='word_1_164' title='bbox 373 2665 526 2731; x_wconf 90' lang='lat' dir='ltr'><strong>loco,</strong></span> <span class='ocrx_word' id='word_1_165' title='bbox 566 2666 655 2720; x_wconf 90' lang='lat' dir='ltr'><strong><em>ubi</em></strong></span> <span class='ocrx_word' id='word_1_166' title='bbox 683 2675 933 2722; x_wconf 88' lang='lat' dir='ltr'><strong><em>steterunt</em></strong></span> <span class='ocrx_word' id='word_1_167' title='bbox 962 2667 1116 2740; x_wconf 84' lang='lat' dir='ltr'><strong><em>pedes</em></strong></span> <span class='ocrx_word' id='word_1_168' title='bbox 1145 2669 1282 2740; x_wconf 87' lang='lat' dir='ltr'><strong><em>ejus.</em></strong></span> 
     </span>
    </p>
   </div>
   <div class='ocr_carea' id='block_1_34' title="bbox 451 2756 1988 2831">
    <p class='ocr_par' dir='ltr' id='par_1_34' title="bbox 451 2756 1988 2831">
     <span class='ocr_line' id='line_1_34' title="bbox 451 2756 1988 2831; baseline 0.007 -21"><span class='ocrx_word' id='word_1_169' title='bbox 451 2757 627 2827; x_wconf 87' lang='lat' dir='ltr'><strong><em>Surge</em></strong></span> <span class='ocrx_word' id='word_1_170' title='bbox 647 2800 662 2825; x_wconf 94' lang='lat'><strong><em>,</em></strong></span> <span class='ocrx_word' id='word_1_171' title='bbox 689 2756 916 2814; x_wconf 89' lang='lat' dir='ltr'><strong><em>Domine</em></strong></span> <span class='ocrx_word' id='word_1_172' title='bbox 940 2802 955 2828; x_wconf 93' lang='lat'><strong><em>,</em></strong></span> <span class='ocrx_word' id='word_1_173' title='bbox 987 2759 1042 2814; x_wconf 89' lang='lat' dir='ltr'><strong><em>in</em></strong></span> <span class='ocrx_word' id='word_1_174' title='bbox 1064 2760 1292 2831; x_wconf 83' lang='lat' dir='ltr'><strong><em>requiem</em></strong></span> <span class='ocrx_word' id='word_1_175' title='bbox 1317 2769 1464 2815; x_wconf 85' lang='lat' dir='ltr'><strong><em>tuam</em></strong></span> <span class='ocrx_word' id='word_1_176' title='bbox 1489 2777 1508 2816; x_wconf 91' lang='lat'><strong><em>:</em></strong></span> <span class='ocrx_word' id='word_1_177' title='bbox 1561 2770 1618 2816; x_wconf 89' lang='lat' dir='ltr'><strong><em>tu</em></strong></span> <span class='ocrx_word' id='word_1_178' title='bbox 1645 2771 1692 2817; x_wconf 89' lang='lat' dir='ltr'><strong><em>et</em></strong></span> <span class='ocrx_word' id='word_1_179' title='bbox 1711 2779 1837 2818; x_wconf 87' lang='lat' dir='ltr'><strong>arca</strong></span> <span class='ocrx_word' id='word_1_180' title='bbox 1864 2781 1988 2820; x_wconf 83' lang='lat' dir='ltr'><strong><em>san-</em></strong></span> 
     </span>
    </p>
   </div>
   <div class='ocr_carea' id='block_1_35' title="bbox 368 2851 858 2920">
    <p class='ocr_par' dir='ltr' id='par_1_35' title="bbox 368 2851 858 2920">
     <span class='ocr_line' id='line_1_35' title="bbox 368 2851 858 2920; baseline 0.006 -14"><span class='ocrx_word' id='word_1_181' title='bbox 368 2851 704 2920; x_wconf 77' lang='lat' dir='ltr'><strong><em>ctiﬁcationis</em></strong></span> <span class='ocrx_word' id='word_1_182' title='bbox 735 2861 858 2909; x_wconf 64' lang='lat' dir='ltr'><strong><em>tuae.</em></strong></span> 
     </span>
    </p>
   </div>
   <div class='ocr_carea' id='block_1_36' title="bbox 451 2945 1988 3023">
    <p class='ocr_par' dir='ltr' id='par_1_36' title="bbox 451 2945 1988 3023">
     <span class='ocr_line' id='line_1_36' title="bbox 451 2945 1988 3023; baseline 0.005 -23"><span class='ocrx_word' id='word_1_183' title='bbox 451 2945 764 3002; x_wconf 85' lang='lat' dir='ltr'><strong><em>Sacerdotes</em></strong></span> <span class='ocrx_word' id='word_1_184' title='bbox 816 2947 896 3003; x_wconf 86' lang='lat' dir='ltr'><strong><em>tui</em></strong></span> <span class='ocrx_word' id='word_1_185' title='bbox 943 2948 1226 3004; x_wconf 88' lang='lat' dir='ltr'><strong><em>induantur</em></strong></span> <span class='ocrx_word' id='word_1_186' title='bbox 1265 2949 1528 3023; x_wconf 87' lang='lat' dir='ltr'><strong><em>justitiam</em></strong></span> <span class='ocrx_word' id='word_1_187' title='bbox 1559 2965 1580 3006; x_wconf 91' lang='lat'><strong><em>:</em></strong></span> <span class='ocrx_word' id='word_1_188' title='bbox 1623 2959 1674 3007; x_wconf 86' lang='lat' dir='ltr'><strong><em>et</em></strong></span> <span class='ocrx_word' id='word_1_189' title='bbox 1716 2953 1882 3008; x_wconf 84' lang='lat' dir='ltr'><strong><em>sancti</em></strong></span> <span class='ocrx_word' id='word_1_190' title='bbox 1912 2954 1988 3008; x_wconf 91' lang='lat' dir='ltr'><strong><em>tui</em></strong></span> 
     </span>
    </p>
   </div>
   <div class='ocr_carea' id='block_1_37' title="bbox 372 3037 661 3098">
    <p class='ocr_par' dir='ltr' id='par_1_37' title="bbox 372 3037 661 3098">
     <span class='ocr_line' id='line_1_37' title="bbox 372 3037 661 3098; baseline 0.017 -6"><span class='ocrx_word' id='word_1_191' title='bbox 372 3037 661 3098; x_wconf 76' lang='lat' dir='ltr'><strong><em>exsultent.</em></strong></span> 
     </span>
    </p>
   </div>
   <div class='ocr_carea' id='block_1_38' title="bbox 453 3133 1990 3214">
    <p class='ocr_par' dir='ltr' id='par_1_38' title="bbox 453 3133 1990 3214">
     <span class='ocr_line' id='line_1_38' title="bbox 453 3133 1990 3214; baseline 0.008 -28"><span class='ocrx_word' id='word_1_192' title='bbox 453 3133 680 3206; x_wconf 84' lang='lat' dir='ltr'><strong><em>Propter</em></strong></span> <span class='ocrx_word' id='word_1_193' title='bbox 732 3135 900 3192; x_wconf 91' lang='lat' dir='ltr'><strong><em>David</em></strong></span> <span class='ocrx_word' id='word_1_194' title='bbox 952 3154 1156 3194; x_wconf 88' lang='lat' dir='ltr'><strong><em>servum</em></strong></span> <span class='ocrx_word' id='word_1_195' title='bbox 1185 3147 1358 3208; x_wconf 89' lang='lat' dir='ltr'><strong><em>tuum,</em></strong></span> <span class='ocrx_word' id='word_1_196' title='bbox 1414 3156 1518 3196; x_wconf 91' lang='lat' dir='ltr'><strong><em>non</em></strong></span> <span class='ocrx_word' id='word_1_197' title='bbox 1573 3151 1774 3199; x_wconf 84' lang='lat' dir='ltr'><strong><em>avertas</em></strong></span> <span class='ocrx_word' id='word_1_198' title='bbox 1802 3142 1990 3214; x_wconf 80' lang='lat' dir='ltr'><strong><em>faciem</em></strong></span> 
     </span>
    </p>
   </div>
   <div class='ocr_carea' id='block_1_39' title="bbox 373 3227 685 3282">
    <p class='ocr_par' dir='ltr' id='par_1_39' title="bbox 373 3227 685 3282">
     <span class='ocr_line' id='line_1_39' title="bbox 373 3227 685 3282; baseline 0.006 -2"><span class='ocrx_word' id='word_1_199' title='bbox 373 3227 560 3282; x_wconf 85' lang='lat' dir='ltr'><strong><em>christi</em></strong></span> <span class='ocrx_word' id='word_1_200' title='bbox 586 3230 685 3282; x_wconf 89' lang='lat' dir='ltr'><strong><em>tui.</em></strong></span> 
     </span>
    </p>
   </div>
   <div class='ocr_carea' id='block_1_40' title="bbox 449 3317 2059 3399">
    <p class='ocr_par' dir='ltr' id='par_1_40' title="bbox 449 3317 2059 3399">
     <span class='ocr_line' id='line_1_40' title="bbox 449 3317 2059 3399; baseline 0.01 -28"><span class='ocrx_word' id='word_1_201' title='bbox 449 3317 661 3374; x_wconf 84' lang='lat' dir='ltr'><strong><em>Juravit</em></strong></span> <span class='ocrx_word' id='word_1_202' title='bbox 709 3320 965 3378; x_wconf 86' lang='lat' dir='ltr'><strong><em>Dominus</em></strong></span> <span class='ocrx_word' id='word_1_203' title='bbox 1018 3322 1190 3378; x_wconf 82' lang='lat' dir='ltr'><strong><em>David</em></strong></span> <span class='ocrx_word' id='word_1_204' title='bbox 1242 3325 1540 3395; x_wconf 83' lang='lat' dir='ltr'><strong><em>veritatem,</em></strong></span> <span class='ocrx_word' id='word_1_205' title='bbox 1575 3338 1598 3366; x_wconf 81' lang='grc' dir='ltr'><strong>ο</strong></span> <span class='ocrx_word' id='word_1_206' title='bbox 1632 3343 1693 3384; x_wconf 56' lang='grc' dir='ltr'><strong><em>-εμ</em></strong></span> <span class='ocrx_word' id='word_1_207' title='bbox 1746 3339 1794 3384; x_wconf 91' lang='lat' dir='ltr'><strong><em>et</em></strong></span> <span class='ocrx_word' id='word_1_208' title='bbox 1826 3330 1848 3399; x_wconf 72' lang='grc' dir='ltr'>ζ</span> <span class='ocrx_word' id='word_1_209' title='bbox 1883 3346 1986 3386; x_wconf 90' lang='lat' dir='ltr'><strong><em>non</em></strong></span> <span class='ocrx_word' id='word_1_210' title='bbox 2014 3325 2059 3389; x_wconf 85' lang='lat' dir='ltr'>C</span> 
     </span>
    </p>
   </div>
   <div class='ocr_carea' id='block_1_41' title="bbox 376 3412 1991 3494">
    <p class='ocr_par' dir='ltr' id='par_1_41' title="bbox 376 3412 1991 3494">
     <span class='ocr_line' id='line_1_41' title="bbox 376 3412 1991 3494; baseline 0.007 -28"><span class='ocrx_word' id='word_1_211' title='bbox 376 3412 720 3484; x_wconf 80' lang='lat' dir='ltr'><strong><em>frustrabitur</em></strong></span> <span class='ocrx_word' id='word_1_212' title='bbox 751 3432 865 3469; x_wconf 91' lang='lat' dir='ltr'><strong><em>eam</em></strong></span> <span class='ocrx_word' id='word_1_213' title='bbox 893 3431 911 3469; x_wconf 90' lang='lat'><strong><em>:</em></strong></span> <span class='ocrx_word' id='word_1_214' title='bbox 939 3415 1004 3470; x_wconf 90' lang='lat' dir='ltr'><strong><em>de</em></strong></span> <span class='ocrx_word' id='word_1_215' title='bbox 1041 3418 1214 3488; x_wconf 79' lang='lat' dir='ltr'><strong><em>[ructu</em></strong></span> <span class='ocrx_word' id='word_1_216' title='bbox 1261 3419 1450 3487; x_wconf 79' lang='lat' dir='ltr'><strong><em>ventris</em></strong></span> <span class='ocrx_word' id='word_1_217' title='bbox 1481 3419 1554 3474; x_wconf 90' lang='lat' dir='ltr'><strong><em>tui</em></strong></span> <span class='ocrx_word' id='word_1_218' title='bbox 1599 3436 1790 3491; x_wconf 87' lang='lat' dir='ltr'><strong><em>ponam</em></strong></span> <span class='ocrx_word' id='word_1_219' title='bbox 1835 3439 1991 3494; x_wconf 86' lang='lat' dir='ltr'><strong><em>super</em></strong></span> 
     </span>
    </p>
   </div>
   <div class='ocr_carea' id='block_1_42' title="bbox 376 3509 754 3564">
    <p class='ocr_par' dir='ltr' id='par_1_42' title="bbox 376 3509 754 3564">
     <span class='ocr_line' id='line_1_42' title="bbox 376 3509 754 3564; baseline 0.005 -2"><span class='ocrx_word' id='word_1_220' title='bbox 376 3509 556 3563; x_wconf 82' lang='lat' dir='ltr'><strong><em>sedem</em></strong></span> <span class='ocrx_word' id='word_1_221' title='bbox 590 3518 754 3564; x_wconf 91' lang='lat' dir='ltr'><strong><em>tuam.</em></strong></span> 
     </span>
    </p>
   </div>
   <div class='ocr_carea' id='block_1_43' title="bbox 458 3601 1989 3678">
    <p class='ocr_par' dir='ltr' id='par_1_43' title="bbox 458 3601 1989 3678">
     <span class='ocr_line' id='line_1_43' title="bbox 458 3601 1989 3678; baseline 0.005 -20"><span class='ocrx_word' id='word_1_222' title='bbox 458 3601 523 3658; x_wconf 89' lang='lat' dir='ltr'><strong><em>Si</em></strong></span> <span class='ocrx_word' id='word_1_223' title='bbox 542 3604 882 3659; x_wconf 87' lang='lat' dir='ltr'><strong><em>custodierint</em></strong></span> <span class='ocrx_word' id='word_1_224' title='bbox 927 3605 1024 3674; x_wconf 81' lang='lat' dir='ltr'><strong><em>ﬁlii</em></strong></span> <span class='ocrx_word' id='word_1_225' title='bbox 1055 3606 1132 3660; x_wconf 90' lang='lat' dir='ltr'><strong><em>tui</em></strong></span> <span class='ocrx_word' id='word_1_226' title='bbox 1176 3614 1537 3662; x_wconf 88' lang='lat' dir='ltr'><strong><em>testamentum</em></strong></span> <span class='ocrx_word' id='word_1_227' title='bbox 1583 3625 1784 3678; x_wconf 88' lang='lat' dir='ltr'><strong><em>meum,</em></strong></span> <span class='ocrx_word' id='word_1_228' title='bbox 1815 3618 1864 3664; x_wconf 86' lang='lat' dir='ltr'><strong><em>et</em></strong></span> <span class='ocrx_word' id='word_1_229' title='bbox 1915 3618 1989 3665; x_wconf 86' lang='lat' dir='ltr'><strong><em>te-</em></strong></span> 
     </span>
    </p>
   </div>
   <div class='ocr_carea' id='block_1_44' title="bbox 377 3697 1448 3770">
    <p class='ocr_par' dir='ltr' id='par_1_44' title="bbox 377 3697 1448 3770">
     <span class='ocr_line' id='line_1_44' title="bbox 377 3697 1448 3770; baseline 0.006 -18"><span class='ocrx_word' id='word_1_230' title='bbox 377 3697 628 3752; x_wconf 89' lang='lat' dir='ltr'><strong><em>stimonia</em></strong></span> <span class='ocrx_word' id='word_1_231' title='bbox 660 3715 773 3754; x_wconf 89' lang='lat' dir='ltr'><strong><em>mea</em></strong></span> <span class='ocrx_word' id='word_1_232' title='bbox 801 3698 944 3766; x_wconf 70' lang='lat' dir='ltr'><strong><em>hinc,</em></strong></span> <span class='ocrx_word' id='word_1_233' title='bbox 977 3717 1093 3770; x_wconf 76' lang='lat' dir='ltr'><strong><em>qua:</em></strong></span> <span class='ocrx_word' id='word_1_234' title='bbox 1122 3701 1312 3757; x_wconf 84' lang='lat' dir='ltr'><strong><em>docebo</em></strong></span> <span class='ocrx_word' id='word_1_235' title='bbox 1341 3720 1448 3758; x_wconf 89' lang='lat' dir='ltr'><strong><em>eos.</em></strong></span> 
     </span>
    </p>
   </div>
   <div class='ocr_carea' id='block_1_45' title="bbox 460 3789 1990 3868">
    <p class='ocr_par' dir='ltr' id='par_1_45' title="bbox 460 3789 1990 3868">
     <span class='ocr_line' id='line_1_45' title="bbox 460 3789 1990 3868; baseline 0.006 -25"><span class='ocrx_word' id='word_1_236' title='bbox 460 3789 528 3843; x_wconf 84' lang='lat' dir='ltr'><strong><em>Et</em></strong></span> <span class='ocrx_word' id='word_1_237' title='bbox 555 3789 656 3860; x_wconf 79' lang='lat' dir='ltr'><strong><em>ﬁlii</em></strong></span> <span class='ocrx_word' id='word_1_238' title='bbox 687 3807 864 3846; x_wconf 91' lang='lat' dir='ltr'><strong><em>eorum</em></strong></span> <span class='ocrx_word' id='word_1_239' title='bbox 896 3808 1054 3864; x_wconf 87' lang='lat' dir='ltr'><strong><em>usque</em></strong></span> <span class='ocrx_word' id='word_1_240' title='bbox 1103 3794 1160 3848; x_wconf 89' lang='lat' dir='ltr'><strong><em>in</em></strong></span> <span class='ocrx_word' id='word_1_241' title='bbox 1208 3795 1490 3864; x_wconf 72' lang='lat' dir='ltr'><strong><em>saxulum,</em></strong></span> <span class='ocrx_word' id='word_1_242' title='bbox 1537 3795 1784 3852; x_wconf 90' lang='lat' dir='ltr'><strong><em>sedebunt</em></strong></span> <span class='ocrx_word' id='word_1_243' title='bbox 1833 3813 1990 3868; x_wconf 86' lang='lat' dir='ltr'><strong><em>super</em></strong></span> 
     </span>
    </p>
   </div>
   <div class='ocr_carea' id='block_1_46' title="bbox 379 3882 748 3937">
    <p class='ocr_par' dir='ltr' id='par_1_46' title="bbox 379 3882 748 3937">
     <span class='ocr_line' id='line_1_46' title="bbox 379 3882 748 3937; baseline 0.005 -2"><span class='ocrx_word' id='word_1_244' title='bbox 379 3882 558 3936; x_wconf 86' lang='lat' dir='ltr'><strong><em>sedem</em></strong></span> <span class='ocrx_word' id='word_1_245' title='bbox 585 3892 748 3937; x_wconf 88' lang='lat' dir='ltr'><strong><em>tuam.</em></strong></span> 
     </span>
    </p>
   </div>
   <div class='ocr_carea' id='block_1_47' title="bbox 463 3974 1986 4053">
    <p class='ocr_par' dir='ltr' id='par_1_47' title="bbox 463 3974 1986 4053">
     <span class='ocr_line' id='line_1_47' title="bbox 463 3974 1986 4053; baseline 0.006 -25"><span class='ocrx_word' id='word_1_246' title='bbox 463 3974 722 4042; x_wconf 85' lang='lat' dir='ltr'><strong><em>Quoniam</em></strong></span> <span class='ocrx_word' id='word_1_247' title='bbox 753 3977 906 4051; x_wconf 85' lang='lat' dir='ltr'><strong><em>elegit</em></strong></span> <span class='ocrx_word' id='word_1_248' title='bbox 931 3977 1186 4035; x_wconf 80' lang='lat' dir='ltr'><strong><em>Dominus</em></strong></span> <span class='ocrx_word' id='word_1_249' title='bbox 1216 3980 1346 4036; x_wconf 85' lang='lat' dir='ltr'><strong><em>Sion</em></strong></span> <span class='ocrx_word' id='word_1_250' title='bbox 1377 3996 1395 4035; x_wconf 93' lang='lat'><strong><em>:</em></strong></span> <span class='ocrx_word' id='word_1_251' title='bbox 1426 3981 1576 4053; x_wconf 84' lang='lat' dir='ltr'><strong><em>elegit</em></strong></span> <span class='ocrx_word' id='word_1_252' title='bbox 1604 3999 1717 4038; x_wconf 90' lang='lat' dir='ltr'><strong><em>eam</em></strong></span> <span class='ocrx_word' id='word_1_253' title='bbox 1748 3983 1800 4036; x_wconf 89' lang='lat' dir='ltr'><strong><em>in</em></strong></span> <span class='ocrx_word' id='word_1_254' title='bbox 1833 3981 1986 4037; x_wconf 84' lang='lat' dir='ltr'><strong><em>habi-</em></strong></span> 
     </span>
    </p>
   </div>
   <div class='ocr_carea' id='block_1_48' title="bbox 383 4066 781 4122">
    <p class='ocr_par' dir='ltr' id='par_1_48' title="bbox 383 4066 781 4122">
     <span class='ocr_line' id='line_1_48' title="bbox 383 4066 781 4122; baseline 0.01 -4"><span class='ocrx_word' id='word_1_255' title='bbox 383 4066 638 4122; x_wconf 81' lang='lat' dir='ltr'><strong><em>tationem</em></strong></span> <span class='ocrx_word' id='word_1_256' title='bbox 665 4069 781 4122; x_wconf 77' lang='lat' dir='ltr'><strong><em>sibi.</em></strong></span> 
     </span>
    </p>
   </div>
   <div class='ocr_carea' id='block_1_49' title="bbox 463 4158 1990 4236">
    <p class='ocr_par' dir='ltr' id='par_1_49' title="bbox 463 4158 1990 4236">
     <span class='ocr_line' id='line_1_49' title="bbox 463 4158 1990 4236; baseline 0.006 -24"><span class='ocrx_word' id='word_1_257' title='bbox 463 4158 596 4214; x_wconf 68' lang='lat' dir='ltr'><strong><em>Haec</em></strong></span> <span class='ocrx_word' id='word_1_258' title='bbox 620 4161 820 4230; x_wconf 88' lang='lat' dir='ltr'><strong><em>requies</em></strong></span> <span class='ocrx_word' id='word_1_259' title='bbox 847 4179 961 4218; x_wconf 82' lang='lat' dir='ltr'><strong><em>utea</em></strong></span> <span class='ocrx_word' id='word_1_260' title='bbox 989 4165 1043 4218; x_wconf 88' lang='lat' dir='ltr'><strong><em>in</em></strong></span> <span class='ocrx_word' id='word_1_261' title='bbox 1069 4163 1318 4220; x_wconf 82' lang='lat' dir='ltr'><strong><em>srecnlum</em></strong></span> <span class='ocrx_word' id='word_1_262' title='bbox 1349 4180 1411 4222; x_wconf 75' lang='lat'><strong><em>—:~</em></strong></span> <span class='ocrx_word' id='word_1_263' title='bbox 1445 4165 1624 4222; x_wconf 80' lang='lat' dir='ltr'><strong><em>steculi</em></strong></span> <span class='ocrx_word' id='word_1_264' title='bbox 1656 4166 1678 4236; x_wconf 71' lang='grc' dir='ltr'>ζ</span> <span class='ocrx_word' id='word_1_265' title='bbox 1733 4166 1814 4221; x_wconf 81' lang='lat' dir='ltr'><strong><em>hic</em></strong></span> <span class='ocrx_word' id='word_1_266' title='bbox 1845 4166 1990 4221; x_wconf 85' lang='lat' dir='ltr'><strong><em>habi-</em></strong></span> 
     </span>
    </p>
   </div>
   <div class='ocr_carea' id='block_1_50' title="bbox 383 4250 1132 4328">
    <p class='ocr_par' dir='ltr' id='par_1_50' title="bbox 383 4250 1132 4328">
     <span class='ocr_line' id='line_1_50' title="bbox 383 4250 1132 4328; baseline 0.007 -20"><span class='ocrx_word' id='word_1_267' title='bbox 383 4250 538 4318; x_wconf 85' lang='lat' dir='ltr'><strong>tabo,</strong></span> <span class='ocrx_word' id='word_1_268' title='bbox 564 4254 803 4323; x_wconf 86' lang='lat' dir='ltr'><strong><em>quoniam</em></strong></span> <span class='ocrx_word' id='word_1_269' title='bbox 835 4254 966 4328; x_wconf 84' lang='lat' dir='ltr'><strong><em>elegi</em></strong></span> <span class='ocrx_word' id='word_1_270' title='bbox 995 4273 1132 4313; x_wconf 91' lang='lat' dir='ltr'><strong><em>eam.</em></strong></span> 
     </span>
    </p>
   </div>
   <div class='ocr_carea' id='block_1_51' title="bbox 471 4343 1992 4426">
    <p class='ocr_par' dir='ltr' id='par_1_51' title="bbox 471 4343 1992 4426">
     <span class='ocr_line' id='line_1_51' title="bbox 471 4343 1992 4426; baseline 0.008 -29"><span class='ocrx_word' id='word_1_271' title='bbox 471 4343 698 4400; x_wconf 81' lang='lat' dir='ltr'><strong><em>Viduam</em></strong></span> <span class='ocrx_word' id='word_1_272' title='bbox 725 4348 837 4418; x_wconf 86' lang='lat' dir='ltr'><strong><em>ejus</em></strong></span> <span class='ocrx_word' id='word_1_273' title='bbox 862 4349 1162 4407; x_wconf 86' lang='lat' dir='ltr'><strong><em>benedicens</em></strong></span> <span class='ocrx_word' id='word_1_274' title='bbox 1190 4350 1489 4407; x_wconf 86' lang='lat' dir='ltr'><strong><em>benedicam</em></strong></span> <span class='ocrx_word' id='word_1_275' title='bbox 1513 4367 1531 4405; x_wconf 92' lang='lat'><strong><em>:</em></strong></span> <span class='ocrx_word' id='word_1_276' title='bbox 1583 4368 1831 4426; x_wconf 85' lang='lat' dir='ltr'><strong><em>pauperes</em></strong></span> <span class='ocrx_word' id='word_1_277' title='bbox 1879 4355 1992 4425; x_wconf 89' lang='lat' dir='ltr'><strong><em>ejus</em></strong></span> 
     </span>
    </p>
   </div>
   <div class='ocr_carea' id='block_1_52' title="bbox 385 4437 913 4510">
    <p class='ocr_par' dir='ltr' id='par_1_52' title="bbox 385 4437 913 4510">
     <span class='ocr_line' id='line_1_52' title="bbox 385 4437 913 4510; baseline 0.004 -18"><span class='ocrx_word' id='word_1_278' title='bbox 385 4437 636 4493; x_wconf 88' lang='lat' dir='ltr'><strong><em>saturabo</em></strong></span> <span class='ocrx_word' id='word_1_279' title='bbox 671 4438 913 4510; x_wconf 87' lang='lat' dir='ltr'><strong><em>panibus.</em></strong></span> 
     </span>
    </p>
   </div>
   <div class='ocr_carea' id='block_1_53' title="bbox 2591 1380 3180 1436">
    <p class='ocr_par' dir='ltr' id='par_1_53' title="bbox 2591 1380 3180 1436">
     <span class='ocr_line' id='line_1_53' title="bbox 2591 1380 3180 1436; baseline -0.005 -13"><span class='ocrx_word' id='word_1_280' title='bbox 2591 1380 2858 1423; x_wconf 68' lang='lat' dir='ltr'><strong><em>CANTICUI</em></strong></span> <span class='ocrx_word' id='word_1_281' title='bbox 2901 1380 3180 1436; x_wconf 68' lang='lat' dir='ltr'><strong><em>GRADUUI.</em></strong></span> 
     </span>
    </p>
   </div>
   <div class='ocr_carea' id='block_1_54' title="bbox 2165 1457 3685 1527">
    <p class='ocr_par' dir='ltr' id='par_1_54' title="bbox 2165 1457 3685 1527">
     <span class='ocr_line' id='line_1_54' title="bbox 2165 1457 3685 1527; baseline 0.001 -13"><span class='ocrx_word' id='word_1_282' title='bbox 2165 1459 2463 1527; x_wconf 85' lang='lat' dir='ltr'><strong>Memento,</strong></span> <span class='ocrx_word' id='word_1_283' title='bbox 2495 1457 2749 1525; x_wconf 89' lang='lat' dir='ltr'><strong>Domine,</strong></span> <span class='ocrx_word' id='word_1_284' title='bbox 2779 1457 2973 1526; x_wconf 89' lang='lat' dir='ltr'><strong><em>David,</em></strong></span> <span class='ocrx_word' id='word_1_285' title='bbox 3003 1467 3060 1515; x_wconf 88' lang='lat' dir='ltr'><strong>et</strong></span> <span class='ocrx_word' id='word_1_286' title='bbox 3087 1458 3266 1515; x_wconf 90' lang='lat' dir='ltr'><strong><em>omnis</em></strong></span> <span class='ocrx_word' id='word_1_287' title='bbox 3304 1457 3685 1516; x_wconf 86' lang='lat' dir='ltr'><strong><em>mansuetudi-</em></strong></span> 
     </span>
    </p>
   </div>
   <div class='ocr_carea' id='block_1_55' title="bbox 2090 1549 2352 1622">
    <p class='ocr_par' dir='ltr' id='par_1_55' title="bbox 2090 1549 2352 1622">
     <span class='ocr_line' id='line_1_55' title="bbox 2090 1549 2352 1622; baseline 0.004 -16"><span class='ocrx_word' id='word_1_288' title='bbox 2090 1549 2177 1608; x_wconf 88' lang='lat' dir='ltr'><strong><em>nis</em></strong></span> <span class='ocrx_word' id='word_1_289' title='bbox 2207 1551 2352 1622; x_wconf 86' lang='lat' dir='ltr'><strong><em>ejus.</em></strong></span> 
     </span>
    </p>
   </div>
   <div class='ocr_carea' id='block_1_56' title="bbox 2160 1643 3615 1714">
    <p class='ocr_par' dir='ltr' id='par_1_56' title="bbox 2160 1643 3615 1714">
     <span class='ocr_line' id='line_1_56' title="bbox 2160 1643 3615 1714; baseline 0.003 -17"><span class='ocrx_word' id='word_1_290' title='bbox 2160 1644 2312 1699; x_wconf 89' lang='lat' dir='ltr'><strong><em>Sicut</em></strong></span> <span class='ocrx_word' id='word_1_291' title='bbox 2332 1643 2540 1714; x_wconf 82' lang='lat' dir='ltr'><strong><em>jnravit</em></strong></span> <span class='ocrx_word' id='word_1_292' title='bbox 2570 1644 2845 1701; x_wconf 89' lang='lat' dir='ltr'><strong>Domino:</strong></span> <span class='ocrx_word' id='word_1_293' title='bbox 2879 1652 3064 1701; x_wconf 89' lang='lat' dir='ltr'><strong>votum</strong></span> <span class='ocrx_word' id='word_1_294' title='bbox 3091 1645 3240 1700; x_wconf 91' lang='lat' dir='ltr'><strong><em>vovit</em></strong></span> <span class='ocrx_word' id='word_1_295' title='bbox 3269 1645 3384 1702; x_wconf 91' lang='lat' dir='ltr'><strong><em>Deo</em></strong></span> <span class='ocrx_word' id='word_1_296' title='bbox 3421 1645 3615 1702; x_wconf 82' lang='lat' dir='ltr'><strong>Jacob.</strong></span> 
     </span>
    </p>
   </div>
   <div class='ocr_carea' id='block_1_57' title="bbox 2163 1734 3696 1796">
    <p class='ocr_par' dir='ltr' id='par_1_57' title="bbox 2163 1734 3696 1796">
     <span class='ocr_line' id='line_1_57' title="bbox 2163 1734 3696 1796; baseline 0.002 -5"><span class='ocrx_word' id='word_1_297' title='bbox 2163 1734 2222 1791; x_wconf 92' lang='lat' dir='ltr'><strong><em>Si</em></strong></span> <span class='ocrx_word' id='word_1_298' title='bbox 2285 1735 2553 1791; x_wconf 81' lang='lat' dir='ltr'><strong>introiero</strong></span> <span class='ocrx_word' id='word_1_299' title='bbox 2601 1737 2656 1791; x_wconf 93' lang='lat' dir='ltr'><strong><em>in</em></strong></span> <span class='ocrx_word' id='word_1_300' title='bbox 2707 1736 3119 1792; x_wconf 82' lang='lat' dir='ltr'><strong>tabernaculum</strong></span> <span class='ocrx_word' id='word_1_301' title='bbox 3166 1737 3362 1794; x_wconf 91' lang='lat' dir='ltr'><strong><em>domus</em></strong></span> <span class='ocrx_word' id='word_1_302' title='bbox 3415 1754 3596 1796; x_wconf 70' lang='lat' dir='ltr'><strong><em>meai:</em></strong></span> <span class='ocrx_word' id='word_1_303' title='bbox 3645 1738 3696 1794; x_wconf 89' lang='lat' dir='ltr'><strong><em>si</em></strong></span> 
     </span>
    </p>
   </div>
   <div class='ocr_carea' id='block_1_58' title="bbox 2093 1826 3513 1900">
    <p class='ocr_par' dir='ltr' id='par_1_58' title="bbox 2093 1826 3513 1900">
     <span class='ocr_line' id='line_1_58' title="bbox 2093 1826 3513 1900; baseline 0.001 -18"><span class='ocrx_word' id='word_1_304' title='bbox 2093 1828 2392 1884; x_wconf 90' lang='lat' dir='ltr'><strong>ascendero</strong></span> <span class='ocrx_word' id='word_1_305' title='bbox 2419 1829 2471 1884; x_wconf 93' lang='lat' dir='ltr'><strong><em>in</em></strong></span> <span class='ocrx_word' id='word_1_306' title='bbox 2497 1826 2626 1900; x_wconf 83' lang='lat' dir='ltr'><strong><em>[Ms.</em></strong></span> <span class='ocrx_word' id='word_1_307' title='bbox 2663 1838 2766 1882; x_wconf 91' lang='lat' dir='ltr'><strong><em>tac.</em></strong></span> <span class='ocrx_word' id='word_1_308' title='bbox 2799 1828 2880 1900; x_wconf 86' lang='lat' dir='ltr'><strong><em>in]</em></strong></span> <span class='ocrx_word' id='word_1_309' title='bbox 2911 1829 3113 1884; x_wconf 90' lang='lat' dir='ltr'><strong>lectum</strong></span> <span class='ocrx_word' id='word_1_310' title='bbox 3144 1838 3351 1886; x_wconf 88' lang='lat' dir='ltr'><strong><em>stratus</em></strong></span> <span class='ocrx_word' id='word_1_311' title='bbox 3380 1831 3513 1887; x_wconf 92' lang='lat' dir='ltr'><strong>mei.</strong></span> 
     </span>
    </p>
   </div>
   <div class='ocr_carea' id='block_1_59' title="bbox 1666 1921 3692 2001">
    <p class='ocr_par' dir='ltr' id='par_1_59' title="bbox 1666 1921 3692 2001">
     <span class='ocr_line' id='line_1_59' title="bbox 1666 1921 3692 2001; baseline -0 -21"><span class='ocrx_word' id='word_1_312' title='bbox 1666 1929 1688 1998; x_wconf 70' lang='grc' dir='ltr'>ζ</span> <span class='ocrx_word' id='word_1_313' title='bbox 1715 1927 1980 2001; x_wconf 72' lang='lat' dir='ltr'><strong><em>palpebris</em></strong></span> <span class='ocrx_word' id='word_1_314' title='bbox 2013 1927 2061 1987; x_wconf 83' lang='grc' dir='ltr'><strong>Β</strong></span> <span class='ocrx_word' id='word_1_315' title='bbox 2160 1922 2218 1978; x_wconf 91' lang='lat' dir='ltr'><strong><em>Si</em></strong></span> <span class='ocrx_word' id='word_1_316' title='bbox 2242 1921 2447 1978; x_wconf 87' lang='lat' dir='ltr'><strong><em>dedero</em></strong></span> <span class='ocrx_word' id='word_1_317' title='bbox 2469 1937 2723 1978; x_wconf 84' lang='lat' dir='ltr'><strong>somnum</strong></span> <span class='ocrx_word' id='word_1_318' title='bbox 2748 1922 2921 1978; x_wconf 89' lang='lat' dir='ltr'><strong>oculis</strong></span> <span class='ocrx_word' id='word_1_319' title='bbox 2942 1922 3078 1978; x_wconf 87' lang='lat' dir='ltr'><strong>meis</strong></span> <span class='ocrx_word' id='word_1_320' title='bbox 3104 1942 3116 1976; x_wconf 89' lang='lat'><strong>:</strong></span> <span class='ocrx_word' id='word_1_321' title='bbox 3144 1932 3235 1978; x_wconf 89' lang='lat' dir='ltr'><strong><em>aut</em></strong></span> <span class='ocrx_word' id='word_1_322' title='bbox 3259 1923 3533 1993; x_wconf 86' lang='lat' dir='ltr'><strong><em>palpebris</em></strong></span> <span class='ocrx_word' id='word_1_323' title='bbox 3555 1923 3692 1979; x_wconf 91' lang='lat' dir='ltr'><strong><em>meis</em></strong></span> 
     </span>
    </p>
   </div>
   <div class='ocr_carea' id='block_1_60' title="bbox 2083 2013 3680 2087">
    <p class='ocr_par' dir='ltr' id='par_1_60' title="bbox 2083 2013 3680 2087">
     <span class='ocr_line' id='line_1_60' title="bbox 2083 2013 3680 2087; baseline 0 -17"><span class='ocrx_word' id='word_1_324' title='bbox 2083 2015 2548 2084; x_wconf 85' lang='lat' dir='ltr'><strong>dormitationem,</strong></span> <span class='ocrx_word' id='word_1_325' title='bbox 2595 2025 2688 2070; x_wconf 91' lang='lat' dir='ltr'><strong><em>aut</em></strong></span> <span class='ocrx_word' id='word_1_326' title='bbox 2737 2013 2866 2087; x_wconf 82' lang='lat' dir='ltr'><strong><em>[.lls.</em></strong></span> <span class='ocrx_word' id='word_1_327' title='bbox 2914 2014 2992 2087; x_wconf 91' lang='lat' dir='ltr'><strong>et]</strong></span> <span class='ocrx_word' id='word_1_328' title='bbox 3044 2015 3291 2086; x_wconf 85' lang='lat' dir='ltr'><strong><em>requiem</em></strong></span> <span class='ocrx_word' id='word_1_329' title='bbox 3338 2015 3680 2086; x_wconf 90' lang='lat' dir='ltr'><strong><em>temporibus</em></strong></span> 
     </span>
    </p>
   </div>
   <div class='ocr_carea' id='block_1_61' title="bbox 2085 2111 2246 2166">
    <p class='ocr_par' dir='ltr' id='par_1_61' title="bbox 2085 2111 2246 2166">
     <span class='ocr_line' id='line_1_61' title="bbox 2085 2111 2246 2166; baseline -0.019 0"><span class='ocrx_word' id='word_1_330' title='bbox 2085 2111 2246 2166; x_wconf 86' lang='lat' dir='ltr'><strong><em>meis.</em></strong></span> 
     </span>
    </p>
   </div>
   <div class='ocr_carea' id='block_1_62' title="bbox 2158 2197 3688 2272">
    <p class='ocr_par' dir='ltr' id='par_1_62' title="bbox 2158 2197 3688 2272">
     <span class='ocr_line' id='line_1_62' title="bbox 2158 2197 3688 2272; baseline 0 -17"><span class='ocrx_word' id='word_1_331' title='bbox 2158 2201 2346 2256; x_wconf 89' lang='lat' dir='ltr'><strong>Donec</strong></span> <span class='ocrx_word' id='word_1_332' title='bbox 2399 2199 2528 2272; x_wconf 82' lang='lat' dir='ltr'><strong><em>[Ms.</em></strong></span> <span class='ocrx_word' id='word_1_333' title='bbox 2582 2199 2974 2272; x_wconf 84' lang='lat' dir='ltr'><strong><em>Quoadusque]</em></strong></span> <span class='ocrx_word' id='word_1_334' title='bbox 3029 2197 3302 2256; x_wconf 84' lang='lat' dir='ltr'><strong>inveniam</strong></span> <span class='ocrx_word' id='word_1_335' title='bbox 3355 2198 3534 2256; x_wconf 91' lang='lat' dir='ltr'><strong>locum</strong></span> <span class='ocrx_word' id='word_1_336' title='bbox 3580 2199 3688 2255; x_wconf 82' lang='lat' dir='ltr'><strong><em>Do-</em></strong></span> 
     </span>
    </p>
   </div>
   <div class='ocr_carea' id='block_1_63' title="bbox 2082 2294 3094 2350">
    <p class='ocr_par' dir='ltr' id='par_1_63' title="bbox 2082 2294 3094 2350">
     <span class='ocr_line' id='line_1_63' title="bbox 2082 2294 3094 2350; baseline -0.002 0"><span class='ocrx_word' id='word_1_337' title='bbox 2082 2295 2234 2350; x_wconf 87' lang='lat' dir='ltr'><strong><em>mino</em></strong></span> <span class='ocrx_word' id='word_1_338' title='bbox 2263 2313 2277 2350; x_wconf 88' lang='lat'><strong>:</strong></span> <span class='ocrx_word' id='word_1_339' title='bbox 2312 2295 2724 2350; x_wconf 86' lang='lat' dir='ltr'><strong>tabernaculum</strong></span> <span class='ocrx_word' id='word_1_340' title='bbox 2756 2295 2868 2350; x_wconf 93' lang='lat' dir='ltr'><strong><em>Dco</em></strong></span> <span class='ocrx_word' id='word_1_341' title='bbox 2899 2294 3094 2350; x_wconf 83' lang='lat' dir='ltr'><strong><em>Jacob.</em></strong></span> 
     </span>
    </p>
   </div>
   <div class='ocr_carea' id='block_1_64' title="bbox 2159 2387 3680 2461">
    <p class='ocr_par' dir='ltr' id='par_1_64' title="bbox 2159 2387 3680 2461">
     <span class='ocr_line' id='line_1_64' title="bbox 2159 2387 3680 2461; baseline -0.001 -17"><span class='ocrx_word' id='word_1_342' title='bbox 2159 2389 2303 2444; x_wconf 85' lang='lat' dir='ltr'><strong><em>Ecce</em></strong></span> <span class='ocrx_word' id='word_1_343' title='bbox 2329 2387 2640 2444; x_wconf 87' lang='lat' dir='ltr'><strong><em>audivimus</em></strong></span> <span class='ocrx_word' id='word_1_344' title='bbox 2666 2388 2693 2425; x_wconf 77' lang='grc' dir='ltr'><strong><em>(ι</em></strong></span> <span class='ocrx_word' id='word_1_345' title='bbox 2721 2403 2846 2444; x_wconf 90' lang='lat' dir='ltr'><strong><em>eum</em></strong></span> <span class='ocrx_word' id='word_1_346' title='bbox 2878 2389 2932 2443; x_wconf 92' lang='lat' dir='ltr'><strong><em>in</em></strong></span> <span class='ocrx_word' id='word_1_347' title='bbox 2965 2388 3207 2460; x_wconf 86' lang='lat' dir='ltr'><strong><em>Ephrata</em></strong></span> <span class='ocrx_word' id='word_1_348' title='bbox 3233 2405 3248 2444; x_wconf 88' lang='lat'><strong>:</strong></span> <span class='ocrx_word' id='word_1_349' title='bbox 3281 2388 3408 2461; x_wconf 80' lang='lat' dir='ltr'><strong><em>[Ms.</em></strong></span> <span class='ocrx_word' id='word_1_350' title='bbox 3436 2387 3680 2459; x_wconf 81' lang='lat' dir='ltr'><strong><em>Euirata]</em></strong></span> 
     </span>
    </p>
   </div>
   <div class='ocr_carea' id='block_1_65' title="bbox 2086 2483 3068 2553">
    <p class='ocr_par' dir='ltr' id='par_1_65' title="bbox 2086 2483 3068 2553">
     <span class='ocr_line' id='line_1_65' title="bbox 2086 2483 3068 2553; baseline 0 -15"><span class='ocrx_word' id='word_1_351' title='bbox 2086 2484 2394 2540; x_wconf 74' lang='lat' dir='ltr'><strong><em>invenimus</em></strong></span> <span class='ocrx_word' id='word_1_352' title='bbox 2421 2499 2544 2539; x_wconf 90' lang='lat' dir='ltr'><strong>eum</strong></span> <span class='ocrx_word' id='word_1_353' title='bbox 2575 2484 2629 2539; x_wconf 93' lang='lat' dir='ltr'><strong><em>in</em></strong></span> <span class='ocrx_word' id='word_1_354' title='bbox 2659 2484 2873 2553; x_wconf 87' lang='lat' dir='ltr'><strong><em>campis</em></strong></span> <span class='ocrx_word' id='word_1_355' title='bbox 2892 2483 3068 2538; x_wconf 64' lang='lat' dir='ltr'><strong><em>silvae.</em></strong></span> 
     </span>
    </p>
   </div>
   <div class='ocr_carea' id='block_1_66' title="bbox 2157 2573 3684 2646">
    <p class='ocr_par' dir='ltr' id='par_1_66' title="bbox 2157 2573 3684 2646">
     <span class='ocr_line' id='line_1_66' title="bbox 2157 2573 3684 2646; baseline -0.001 -16"><span class='ocrx_word' id='word_1_356' title='bbox 2157 2575 2507 2630; x_wconf 89' lang='lat' dir='ltr'><strong><em>lntroibimus</em></strong></span> <span class='ocrx_word' id='word_1_357' title='bbox 2553 2573 2610 2629; x_wconf 90' lang='lat' dir='ltr'><strong><em>in</em></strong></span> <span class='ocrx_word' id='word_1_358' title='bbox 2663 2573 3076 2630; x_wconf 86' lang='lat' dir='ltr'><strong>tabernaculum</strong></span> <span class='ocrx_word' id='word_1_359' title='bbox 3127 2573 3258 2646; x_wconf 82' lang='lat' dir='ltr'><strong><em>[Ms.</em></strong></span> <span class='ocrx_word' id='word_1_360' title='bbox 3307 2573 3684 2646; x_wconf 84' lang='lat' dir='ltr'><strong>tabernacula]</strong></span> 
     </span>
    </p>
   </div>
   <div class='ocr_carea' id='block_1_67' title="bbox 2085 2667 3690 2743">
    <p class='ocr_par' dir='ltr' id='par_1_67' title="bbox 2085 2667 3690 2743">
     <span class='ocr_line' id='line_1_67' title="bbox 2085 2667 3690 2743; baseline -0.004 -14"><span class='ocrx_word' id='word_1_361' title='bbox 2085 2673 2207 2743; x_wconf 86' lang='lat' dir='ltr'><strong><em>ejus</em></strong></span> <span class='ocrx_word' id='word_1_362' title='bbox 2242 2688 2256 2725; x_wconf 87' lang='lat'><strong>:</strong></span> <span class='ocrx_word' id='word_1_363' title='bbox 2287 2669 2636 2726; x_wconf 88' lang='lat' dir='ltr'><strong>adorabimus</strong></span> <span class='ocrx_word' id='word_1_364' title='bbox 2670 2672 2724 2724; x_wconf 90' lang='lat' dir='ltr'><strong><em>ln</em></strong></span> <span class='ocrx_word' id='word_1_365' title='bbox 2755 2669 2904 2737; x_wconf 92' lang='lat' dir='ltr'><strong>loco,</strong></span> <span class='ocrx_word' id='word_1_366' title='bbox 2932 2669 3025 2726; x_wconf 92' lang='lat' dir='ltr'><strong><em>ubi</em></strong></span> <span class='ocrx_word' id='word_1_367' title='bbox 3056 2679 3330 2726; x_wconf 89' lang='lat' dir='ltr'><strong><em>steterunt</em></strong></span> <span class='ocrx_word' id='word_1_368' title='bbox 3358 2667 3524 2738; x_wconf 89' lang='lat' dir='ltr'><strong><em>pedes</em></strong></span> <span class='ocrx_word' id='word_1_369' title='bbox 3547 2668 3690 2738; x_wconf 83' lang='lat' dir='ltr'><strong><em>ejus.</em></strong></span> 
     </span>
    </p>
   </div>
   <div class='ocr_carea' id='block_1_68' title="bbox 2161 2761 3690 2834">
    <p class='ocr_par' dir='ltr' id='par_1_68' title="bbox 2161 2761 3690 2834">
     <span class='ocr_line' id='line_1_68' title="bbox 2161 2761 3690 2834; baseline -0.001 -16"><span class='ocrx_word' id='word_1_370' title='bbox 2161 2764 2426 2834; x_wconf 82' lang='lat' dir='ltr'><strong><em>Exsurge,</em></strong></span> <span class='ocrx_word' id='word_1_371' title='bbox 2472 2761 2723 2830; x_wconf 89' lang='lat' dir='ltr'><strong><em>Domine,</em></strong></span> <span class='ocrx_word' id='word_1_372' title='bbox 2765 2761 2822 2818; x_wconf 92' lang='lat' dir='ltr'><strong><em>in</em></strong></span> <span class='ocrx_word' id='word_1_373' title='bbox 2853 2762 3098 2832; x_wconf 86' lang='lat' dir='ltr'><strong><em>requiem</em></strong></span> <span class='ocrx_word' id='word_1_374' title='bbox 3132 2770 3279 2816; x_wconf 89' lang='lat' dir='ltr'><strong><em>tuam</em></strong></span> <span class='ocrx_word' id='word_1_375' title='bbox 3314 2778 3329 2816; x_wconf 91' lang='lat'><strong>:</strong></span> <span class='ocrx_word' id='word_1_376' title='bbox 3367 2769 3425 2816; x_wconf 89' lang='lat' dir='ltr'><strong><em>tu</em></strong></span> <span class='ocrx_word' id='word_1_377' title='bbox 3465 2768 3521 2818; x_wconf 86' lang='lat' dir='ltr'><strong><em>et</em></strong></span> <span class='ocrx_word' id='word_1_378' title='bbox 3559 2775 3690 2817; x_wconf 89' lang='lat' dir='ltr'><strong>arca</strong></span> 
     </span>
    </p>
   </div>
   <div class='ocr_carea' id='block_1_69' title="bbox 2089 2856 2695 2916">
    <p class='ocr_par' dir='ltr' id='par_1_69' title="bbox 2089 2856 2695 2916">
     <span class='ocr_line' id='line_1_69' title="bbox 2089 2856 2695 2916; baseline -0.012 0"><span class='ocrx_word' id='word_1_379' title='bbox 2089 2856 2539 2916; x_wconf 80' lang='lat' dir='ltr'><strong><em>sanctiﬁcationis</em></strong></span> <span class='ocrx_word' id='word_1_380' title='bbox 2567 2865 2695 2910; x_wconf 74' lang='lat' dir='ltr'><strong><em>tum.</em></strong></span> 
     </span>
    </p>
   </div>
   <div class='ocr_carea' id='block_1_70' title="bbox 2163 2947 3690 3021">
    <p class='ocr_par' dir='ltr' id='par_1_70' title="bbox 2163 2947 3690 3021">
     <span class='ocr_line' id='line_1_70' title="bbox 2163 2947 3690 3021; baseline -0.005 -10"><span class='ocrx_word' id='word_1_381' title='bbox 2163 2953 2492 3011; x_wconf 80' lang='lat' dir='ltr'><strong>Sacerdotes</strong></span> <span class='ocrx_word' id='word_1_382' title='bbox 2523 2950 2606 3008; x_wconf 90' lang='lat' dir='ltr'><strong><em>tui</em></strong></span> <span class='ocrx_word' id='word_1_383' title='bbox 2633 2948 2931 3020; x_wconf 86' lang='lat' dir='ltr'><strong><em>induantur</em></strong></span> <span class='ocrx_word' id='word_1_384' title='bbox 2957 2947 3222 3021; x_wconf 85' lang='lat' dir='ltr'><strong>justitiam</strong></span> <span class='ocrx_word' id='word_1_385' title='bbox 3263 2963 3280 3003; x_wconf 89' lang='lat'><strong>:</strong></span> <span class='ocrx_word' id='word_1_386' title='bbox 3322 2956 3378 3004; x_wconf 91' lang='lat' dir='ltr'><strong><em>et</em></strong></span> <span class='ocrx_word' id='word_1_387' title='bbox 3406 2948 3579 3005; x_wconf 87' lang='lat' dir='ltr'><strong>sancti</strong></span> <span class='ocrx_word' id='word_1_388' title='bbox 3609 2947 3690 3004; x_wconf 90' lang='lat' dir='ltr'><strong><em>tui</em></strong></span> 
     </span>
    </p>
   </div>
   <div class='ocr_carea' id='block_1_71' title="bbox 2090 3048 2393 3105">
    <p class='ocr_par' dir='ltr' id='par_1_71' title="bbox 2090 3048 2393 3105">
     <span class='ocr_line' id='line_1_71' title="bbox 2090 3048 2393 3105; baseline -0.007 0"><span class='ocrx_word' id='word_1_389' title='bbox 2090 3048 2393 3105; x_wconf 85' lang='lat' dir='ltr'><strong><em>exsultent.</em></strong></span> 
     </span>
    </p>
   </div>
   <div class='ocr_carea' id='block_1_72' title="bbox 2163 3134 3688 3210">
    <p class='ocr_par' dir='ltr' id='par_1_72' title="bbox 2163 3134 3688 3210">
     <span class='ocr_line' id='line_1_72' title="bbox 2163 3134 3688 3210; baseline -0.003 -15"><span class='ocrx_word' id='word_1_390' title='bbox 2163 3139 2395 3210; x_wconf 82' lang='lat' dir='ltr'><strong><em>PrOpter</em></strong></span> <span class='ocrx_word' id='word_1_391' title='bbox 2421 3135 2591 3193; x_wconf 85' lang='lat' dir='ltr'><strong><em>David</em></strong></span> <span class='ocrx_word' id='word_1_392' title='bbox 2620 3149 2847 3192; x_wconf 89' lang='lat' dir='ltr'><strong><em>servum</em></strong></span> <span class='ocrx_word' id='word_1_393' title='bbox 2879 3143 3054 3203; x_wconf 90' lang='lat' dir='ltr'><strong><em>tuum,</em></strong></span> <span class='ocrx_word' id='word_1_394' title='bbox 3085 3148 3195 3192; x_wconf 92' lang='lat' dir='ltr'><strong><em>non</em></strong></span> <span class='ocrx_word' id='word_1_395' title='bbox 3239 3142 3454 3191; x_wconf 84' lang='lat' dir='ltr'><strong>avertas</strong></span> <span class='ocrx_word' id='word_1_396' title='bbox 3495 3134 3688 3192; x_wconf 79' lang='lat' dir='ltr'><strong>faciem</strong></span> 
     </span>
    </p>
   </div>
   <div class='ocr_carea' id='block_1_73' title="bbox 2093 3230 2417 3288">
    <p class='ocr_par' dir='ltr' id='par_1_73' title="bbox 2093 3230 2417 3288">
     <span class='ocr_line' id='line_1_73' title="bbox 2093 3230 2417 3288; baseline -0.006 -1"><span class='ocrx_word' id='word_1_397' title='bbox 2093 3230 2282 3288; x_wconf 90' lang='lat' dir='ltr'><strong><em>cbristi</em></strong></span> <span class='ocrx_word' id='word_1_398' title='bbox 2316 3231 2417 3286; x_wconf 91' lang='lat' dir='ltr'><strong><em>tui.</em></strong></span> 
     </span>
    </p>
   </div>
   <div class='ocr_carea' id='block_1_74' title="bbox 2163 3320 3694 3381">
    <p class='ocr_par' dir='ltr' id='par_1_74' title="bbox 2163 3320 3694 3381">
     <span class='ocr_line' id='line_1_74' title="bbox 2163 3320 3694 3381; baseline -0.002 -1"><span class='ocrx_word' id='word_1_399' title='bbox 2163 3325 2375 3381; x_wconf 87' lang='lat' dir='ltr'><strong>Juravit</strong></span> <span class='ocrx_word' id='word_1_400' title='bbox 2418 3323 2679 3380; x_wconf 88' lang='lat' dir='ltr'><strong><em>Dominus</em></strong></span> <span class='ocrx_word' id='word_1_401' title='bbox 2721 3320 2894 3377; x_wconf 86' lang='lat' dir='ltr'><strong><em>David</em></strong></span> <span class='ocrx_word' id='word_1_402' title='bbox 2936 3320 3224 3378; x_wconf 86' lang='lat' dir='ltr'><strong>veritatem</strong></span> <span class='ocrx_word' id='word_1_403' title='bbox 3260 3338 3272 3375; x_wconf 91' lang='lat'><strong>:</strong></span> <span class='ocrx_word' id='word_1_404' title='bbox 3325 3328 3381 3378; x_wconf 92' lang='lat' dir='ltr'><strong><em>et</em></strong></span> <span class='ocrx_word' id='word_1_405' title='bbox 3426 3335 3536 3379; x_wconf 92' lang='lat' dir='ltr'><strong><em>non</em></strong></span> <span class='ocrx_word' id='word_1_406' title='bbox 3579 3320 3694 3378; x_wconf 79' lang='lat' dir='ltr'><strong><em>fru-</em></strong></span> 
     </span>
    </p>
   </div>
   <div class='ocr_carea' id='block_1_75' title="bbox 2095 3420 2541 3475">
    <p class='ocr_par' dir='ltr' id='par_1_75' title="bbox 2095 3420 2541 3475">
     <span class='ocr_line' id='line_1_75' title="bbox 2095 3420 2541 3475; baseline -0.007 0"><span class='ocrx_word' id='word_1_407' title='bbox 2095 3420 2363 3475; x_wconf 90' lang='lat' dir='ltr'><strong><em>strabitur</em></strong></span> <span class='ocrx_word' id='word_1_408' title='bbox 2391 3433 2541 3474; x_wconf 90' lang='lat' dir='ltr'><strong><em>eum.</em></strong></span> 
     </span>
    </p>
   </div>
   <div class='ocr_carea' id='block_1_76' title="bbox 2167 3507 3692 3580">
    <p class='ocr_par' dir='ltr' id='par_1_76' title="bbox 2167 3507 3692 3580">
     <span class='ocr_line' id='line_1_76' title="bbox 2167 3507 3692 3580; baseline -0.005 -12"><span class='ocrx_word' id='word_1_409' title='bbox 2167 3513 2244 3568; x_wconf 91' lang='lat' dir='ltr'><strong><em>De</em></strong></span> <span class='ocrx_word' id='word_1_410' title='bbox 2273 3512 2454 3567; x_wconf 87' lang='lat' dir='ltr'><strong>l‘ructu</strong></span> <span class='ocrx_word' id='word_1_411' title='bbox 2475 3510 2688 3567; x_wconf 89' lang='lat' dir='ltr'><strong>ventris</strong></span> <span class='ocrx_word' id='word_1_412' title='bbox 2721 3507 2799 3565; x_wconf 93' lang='lat' dir='ltr'><strong><em>tui</em></strong></span> <span class='ocrx_word' id='word_1_413' title='bbox 2828 3509 3029 3578; x_wconf 78' lang='lat' dir='ltr'><strong><em>penam</em></strong></span> <span class='ocrx_word' id='word_1_414' title='bbox 3057 3522 3224 3580; x_wconf 90' lang='lat' dir='ltr'><strong><em>super</em></strong></span> <span class='ocrx_word' id='word_1_415' title='bbox 3249 3507 3441 3570; x_wconf 89' lang='lat' dir='ltr'><strong><em>sedem</em></strong></span> <span class='ocrx_word' id='word_1_416' title='bbox 3471 3519 3648 3563; x_wconf 89' lang='lat' dir='ltr'><strong>meam</strong></span> <span class='ocrx_word' id='word_1_417' title='bbox 3677 3525 3692 3561; x_wconf 89' lang='lat'>:</span> 
     </span>
    </p>
   </div>
   <div class='ocr_carea' id='block_1_77' title="bbox 2094 3598 3691 3670">
    <p class='ocr_par' dir='ltr' id='par_1_77' title="bbox 2094 3598 3691 3670">
     <span class='ocr_line' id='line_1_77' title="bbox 2094 3598 3691 3670; baseline -0.003 -12"><span class='ocrx_word' id='word_1_418' title='bbox 2094 3603 2140 3658; x_wconf 90' lang='lat' dir='ltr'><strong><em>si</em></strong></span> <span class='ocrx_word' id='word_1_419' title='bbox 2170 3603 2527 3660; x_wconf 89' lang='lat' dir='ltr'><strong>custodierint</strong></span> <span class='ocrx_word' id='word_1_420' title='bbox 2556 3601 2653 3657; x_wconf 84' lang='lat' dir='ltr'><strong><em>ﬁlii</em></strong></span> <span class='ocrx_word' id='word_1_421' title='bbox 2685 3603 2760 3656; x_wconf 91' lang='lat' dir='ltr'><strong>tui</strong></span> <span class='ocrx_word' id='word_1_422' title='bbox 2792 3608 3178 3656; x_wconf 87' lang='lat' dir='ltr'><strong>testamentum</strong></span> <span class='ocrx_word' id='word_1_423' title='bbox 3209 3614 3426 3670; x_wconf 88' lang='lat' dir='ltr'><strong><em>meum:</em></strong></span> <span class='ocrx_word' id='word_1_424' title='bbox 3456 3607 3514 3654; x_wconf 90' lang='lat' dir='ltr'><strong><em>ct</em></strong></span> <span class='ocrx_word' id='word_1_425' title='bbox 3540 3598 3691 3656; x_wconf 85' lang='lat' dir='ltr'><strong><em>testi-</em></strong></span> 
     </span>
    </p>
   </div>
   <div class='ocr_carea' id='block_1_78' title="bbox 2093 3692 3124 3766">
    <p class='ocr_par' dir='ltr' id='par_1_78' title="bbox 2093 3692 3124 3766">
     <span class='ocr_line' id='line_1_78' title="bbox 2093 3692 3124 3766; baseline 0 -17"><span class='ocrx_word' id='word_1_426' title='bbox 2093 3695 2274 3749; x_wconf 87' lang='lat' dir='ltr'><strong><em>monia</em></strong></span> <span class='ocrx_word' id='word_1_427' title='bbox 2305 3711 2424 3750; x_wconf 89' lang='lat' dir='ltr'><strong>mea</strong></span> <span class='ocrx_word' id='word_1_428' title='bbox 2457 3694 2594 3761; x_wconf 61' lang='lat' dir='ltr'><strong>lucc,</strong></span> <span class='ocrx_word' id='word_1_429' title='bbox 2619 3709 2742 3766; x_wconf 77' lang='lat' dir='ltr'><strong><em>qua:</em></strong></span> <span class='ocrx_word' id='word_1_430' title='bbox 2769 3692 2980 3748; x_wconf 88' lang='lat' dir='ltr'><strong><em>docebo</em></strong></span> <span class='ocrx_word' id='word_1_431' title='bbox 3008 3706 3124 3749; x_wconf 90' lang='lat' dir='ltr'><strong>eos.</strong></span> 
     </span>
    </p>
   </div>
   <div class='ocr_carea' id='block_1_79' title="bbox 2165 3781 3697 3857">
    <p class='ocr_par' dir='ltr' id='par_1_79' title="bbox 2165 3781 3697 3857">
     <span class='ocr_line' id='line_1_79' title="bbox 2165 3781 3697 3857; baseline 0.001 -17"><span class='ocrx_word' id='word_1_432' title='bbox 2165 3787 2232 3840; x_wconf 85' lang='lat' dir='ltr'><strong><em>Et</em></strong></span> <span class='ocrx_word' id='word_1_433' title='bbox 2264 3786 2358 3841; x_wconf 86' lang='lat' dir='ltr'><strong><em>ﬁlii</em></strong></span> <span class='ocrx_word' id='word_1_434' title='bbox 2389 3801 2578 3842; x_wconf 92' lang='lat' dir='ltr'><strong>eorum</strong></span> <span class='ocrx_word' id='word_1_435' title='bbox 2611 3795 2634 3824; x_wconf 78' lang='grc' dir='ltr'>θ</span> <span class='ocrx_word' id='word_1_436' title='bbox 2680 3800 2850 3857; x_wconf 90' lang='lat' dir='ltr'><strong><em>usque</em></strong></span> <span class='ocrx_word' id='word_1_437' title='bbox 2893 3785 2952 3840; x_wconf 91' lang='lat' dir='ltr'><strong><em>in</em></strong></span> <span class='ocrx_word' id='word_1_438' title='bbox 2991 3783 3253 3840; x_wconf 68' lang='lat' dir='ltr'><strong><em>saeculum</em></strong></span> <span class='ocrx_word' id='word_1_439' title='bbox 3283 3783 3496 3852; x_wconf 84' lang='lat' dir='ltr'><strong>saeculi,</strong></span> <span class='ocrx_word' id='word_1_440' title='bbox 3531 3781 3697 3841; x_wconf 74' lang='lat' dir='ltr'><strong>sede~</strong></span> 
     </span>
    </p>
   </div>
   <div class='ocr_carea' id='block_1_80' title="bbox 2092 3879 2859 3950">
    <p class='ocr_par' dir='ltr' id='par_1_80' title="bbox 2092 3879 2859 3950">
     <span class='ocr_line' id='line_1_80' title="bbox 2092 3879 2859 3950; baseline -0.007 -13"><span class='ocrx_word' id='word_1_441' title='bbox 2092 3881 2225 3937; x_wconf 89' lang='lat' dir='ltr'><strong><em>bunt</em></strong></span> <span class='ocrx_word' id='word_1_442' title='bbox 2253 3896 2415 3950; x_wconf 90' lang='lat' dir='ltr'><strong>super</strong></span> <span class='ocrx_word' id='word_1_443' title='bbox 2445 3879 2630 3936; x_wconf 91' lang='lat' dir='ltr'><strong>sedem</strong></span> <span class='ocrx_word' id='word_1_444' title='bbox 2661 3895 2859 3936; x_wconf 88' lang='lat' dir='ltr'><strong>meam.</strong></span> 
     </span>
    </p>
   </div>
   <div class='ocr_carea' id='block_1_81' title="bbox 2165 3969 3691 4044">
    <p class='ocr_par' dir='ltr' id='par_1_81' title="bbox 2165 3969 3691 4044">
     <span class='ocr_line' id='line_1_81' title="bbox 2165 3969 3691 4044; baseline -0.001 -15"><span class='ocrx_word' id='word_1_445' title='bbox 2165 3975 2434 4040; x_wconf 85' lang='lat' dir='ltr'><strong><em>Quoniam</em></strong></span> <span class='ocrx_word' id='word_1_446' title='bbox 2476 3973 2643 4044; x_wconf 81' lang='lat' dir='ltr'><strong>elegit</strong></span> <span class='ocrx_word' id='word_1_447' title='bbox 2671 3973 2933 4029; x_wconf 89' lang='lat' dir='ltr'><strong><em>Dominus</em></strong></span> <span class='ocrx_word' id='word_1_448' title='bbox 2961 3971 3092 4028; x_wconf 87' lang='lat' dir='ltr'><strong><em>Sion</em></strong></span> <span class='ocrx_word' id='word_1_449' title='bbox 3125 3989 3138 4025; x_wconf 91' lang='lat'><strong>:</strong></span> <span class='ocrx_word' id='word_1_450' title='bbox 3174 3969 3456 4042; x_wconf 67' lang='lat' dir='ltr'><strong><em>praeelegit</em></strong></span> <span class='ocrx_word' id='word_1_451' title='bbox 3481 3986 3603 4028; x_wconf 87' lang='lat' dir='ltr'><strong><em>eam</em></strong></span> <span class='ocrx_word' id='word_1_452' title='bbox 3634 3971 3691 4027; x_wconf 92' lang='lat' dir='ltr'><strong><em>in</em></strong></span> 
     </span>
    </p>
   </div>
   <div class='ocr_carea' id='block_1_82' title="bbox 2096 4065 2644 4126">
    <p class='ocr_par' dir='ltr' id='par_1_82' title="bbox 2096 4065 2644 4126">
     <span class='ocr_line' id='line_1_82' title="bbox 2096 4065 2644 4126; baseline 0.007 -5"><span class='ocrx_word' id='word_1_453' title='bbox 2096 4066 2483 4122; x_wconf 84' lang='lat' dir='ltr'><strong>habitationem</strong></span> <span class='ocrx_word' id='word_1_454' title='bbox 2515 4065 2644 4126; x_wconf 87' lang='lat' dir='ltr'><strong><em>sibi.</em></strong></span> 
     </span>
    </p>
   </div>
   <div class='ocr_carea' id='block_1_83' title="bbox 2173 4156 3695 4232">
    <p class='ocr_par' dir='ltr' id='par_1_83' title="bbox 2173 4156 3695 4232">
     <span class='ocr_line' id='line_1_83' title="bbox 2173 4156 3695 4232; baseline 0.001 -20"><span class='ocrx_word' id='word_1_455' title='bbox 2173 4161 2297 4214; x_wconf 80' lang='lat' dir='ltr'><strong><em>llaec</em></strong></span> <span class='ocrx_word' id='word_1_456' title='bbox 2328 4161 2540 4230; x_wconf 88' lang='lat' dir='ltr'><strong><em>requies</em></strong></span> <span class='ocrx_word' id='word_1_457' title='bbox 2581 4174 2698 4215; x_wconf 92' lang='lat' dir='ltr'><strong>mea</strong></span> <span class='ocrx_word' id='word_1_458' title='bbox 2747 4159 2800 4214; x_wconf 92' lang='lat' dir='ltr'><strong><em>in</em></strong></span> <span class='ocrx_word' id='word_1_459' title='bbox 2829 4158 3090 4215; x_wconf 64' lang='lat' dir='ltr'><strong><em>saeculum</em></strong></span> <span class='ocrx_word' id='word_1_460' title='bbox 3125 4157 3313 4214; x_wconf 66' lang='lat' dir='ltr'><strong><em>surculi</em></strong></span> <span class='ocrx_word' id='word_1_461' title='bbox 3345 4172 3362 4214; x_wconf 85' lang='lat'><strong>:</strong></span> <span class='ocrx_word' id='word_1_462' title='bbox 3395 4156 3499 4232; x_wconf 20' lang='lat' dir='ltr'><strong><em>lbic</em></strong></span> <span class='ocrx_word' id='word_1_463' title='bbox 3538 4156 3695 4214; x_wconf 84' lang='lat' dir='ltr'><strong><em>babi-</em></strong></span> 
     </span>
    </p>
   </div>
   <div class='ocr_carea' id='block_1_84' title="bbox 2099 4253 3016 4325">
    <p class='ocr_par' dir='ltr' id='par_1_84' title="bbox 2099 4253 3016 4325">
     <span class='ocr_line' id='line_1_84' title="bbox 2099 4253 3016 4325; baseline 0 -17"><span class='ocrx_word' id='word_1_464' title='bbox 2099 4255 2247 4316; x_wconf 84' lang='lat' dir='ltr'><strong>tabo,</strong></span> <span class='ocrx_word' id='word_1_465' title='bbox 2279 4255 2532 4324; x_wconf 90' lang='lat' dir='ltr'><strong><em>quoniam</em></strong></span> <span class='ocrx_word' id='word_1_466' title='bbox 2567 4253 2827 4325; x_wconf 76' lang='lat' dir='ltr'><strong><em>praeclegi</em></strong></span> <span class='ocrx_word' id='word_1_467' title='bbox 2871 4269 3016 4310; x_wconf 91' lang='lat' dir='ltr'><strong>eam.</strong></span> 
     </span>
    </p>
   </div>
   <div class='ocr_carea' id='block_1_85' title="bbox 2175 4347 3696 4420">
    <p class='ocr_par' dir='ltr' id='par_1_85' title="bbox 2175 4347 3696 4420">
     <span class='ocr_line' id='line_1_85' title="bbox 2175 4347 3696 4420; baseline 0.003 -20"><span class='ocrx_word' id='word_1_468' title='bbox 2175 4347 2402 4403; x_wconf 76' lang='lat' dir='ltr'><strong>Viduam</strong></span> <span class='ocrx_word' id='word_1_469' title='bbox 2451 4348 2570 4417; x_wconf 91' lang='lat' dir='ltr'><strong><em>ejus</em></strong></span> <span class='ocrx_word' id='word_1_470' title='bbox 2627 4348 2954 4405; x_wconf 88' lang='lat' dir='ltr'><strong><em>benedicens</em></strong></span> <span class='ocrx_word' id='word_1_471' title='bbox 3005 4348 3374 4406; x_wconf 88' lang='lat' dir='ltr'><strong>benedicam:</strong></span> <span class='ocrx_word' id='word_1_472' title='bbox 3426 4360 3696 4420; x_wconf 86' lang='lat' dir='ltr'><strong><em>pauperes</em></strong></span> 
     </span>
    </p>
   </div>
   <div class='ocr_carea' id='block_1_86' title="bbox 2100 4441 2824 4514">
    <p class='ocr_par' dir='ltr' id='par_1_86' title="bbox 2100 4441 2824 4514">
     <span class='ocr_line' id='line_1_86' title="bbox 2100 4441 2824 4514; baseline 0 -16"><span class='ocrx_word' id='word_1_473' title='bbox 2100 4441 2219 4512; x_wconf 88' lang='lat' dir='ltr'><strong><em>ejus</em></strong></span> <span class='ocrx_word' id='word_1_474' title='bbox 2256 4441 2515 4498; x_wconf 85' lang='lat' dir='ltr'><strong><em>saturabo</em></strong></span> <span class='ocrx_word' id='word_1_475' title='bbox 2545 4441 2777 4514; x_wconf 82' lang='lat' dir='ltr'><strong><em>panibus</em></strong></span> <span class='ocrx_word' id='word_1_476' title='bbox 2810 4459 2824 4498; x_wconf 89' lang='lat'><strong>:</strong></span> 
     </span>
    </p>
   </div>
   <div class='ocr_carea' id='block_1_87' title="bbox 469 4646 3699 4750">
    <p class='ocr_par' dir='ltr' id='par_1_87' title="bbox 469 4646 3699 4750">
     <span class='ocr_line' id='line_1_87' title="bbox 469 4646 3699 4750; baseline 0.003 -26"><span class='ocrx_word' id='word_1_477' title='bbox 469 4679 494 4750; x_wconf 63' lang='lat' dir='ltr'><strong><em>ft</em></strong></span> <span class='ocrx_word' id='word_1_478' title='bbox 520 4669 758 4750; x_wconf 69' lang='lat' dir='ltr'><strong><em>Palatia.</em></strong></span> <span class='ocrx_word' id='word_1_479' title='bbox 809 4685 913 4726; x_wconf 92' lang='lat' dir='ltr'><strong><em>ms.</em></strong></span> <span class='ocrx_word' id='word_1_480' title='bbox 955 4679 1147 4727; x_wconf 88' lang='lat' dir='ltr'><strong><em>stratus</em></strong></span> <span class='ocrx_word' id='word_1_481' title='bbox 1190 4673 1289 4750; x_wconf 82' lang='lat' dir='ltr'><strong><em>mei</em></strong></span> <span class='ocrx_word' id='word_1_482' title='bbox 1315 4687 1334 4727; x_wconf 92' lang='lat'><strong><em>:</em></strong></span> <span class='ocrx_word' id='word_1_483' title='bbox 1364 4671 1429 4727; x_wconf 88' lang='lat' dir='ltr'><strong><em>ad</em></strong></span> <span class='ocrx_word' id='word_1_484' title='bbox 1461 4671 1621 4750; x_wconf 82' lang='lat' dir='ltr'><strong><em>cujus</em></strong></span> <span class='ocrx_word' id='word_1_485' title='bbox 1651 4671 1788 4750; x_wconf 78' lang='lat' dir='ltr'><strong><em>libri</em></strong></span> <span class='ocrx_word' id='word_1_486' title='bbox 1827 4671 1988 4750; x_wconf 78' lang='lat' dir='ltr'><strong>[idem</strong></span> <span class='ocrx_word' id='word_1_487' title='bbox 2015 4673 2065 4735; x_wconf 82' lang='grc' dir='ltr'><strong><em>Ι)</em></strong></span> <span class='ocrx_word' id='word_1_488' title='bbox 2093 4675 2384 4731; x_wconf 87' lang='lat' dir='ltr'><strong><em>sanctitatis</em></strong></span> <span class='ocrx_word' id='word_1_489' title='bbox 2413 4683 2536 4730; x_wconf 77' lang='lat' dir='ltr'><strong><em>ture.</em></strong></span> <span class='ocrx_word' id='word_1_490' title='bbox 2565 4672 2702 4732; x_wconf 90' lang='lat' dir='ltr'><strong><em>Cum</em></strong></span> <span class='ocrx_word' id='word_1_491' title='bbox 2735 4675 3038 4748; x_wconf 82' lang='lat' dir='ltr'><strong>Augustino</strong></span> <span class='ocrx_word' id='word_1_492' title='bbox 3065 4687 3251 4735; x_wconf 91' lang='lat' dir='ltr'><strong><em>autem</em></strong></span> <span class='ocrx_word' id='word_1_493' title='bbox 3275 4646 3385 4750; x_wconf 37' lang='lat' dir='ltr'><strong>Oper</strong></span> <span class='ocrx_word' id='word_1_494' title='bbox 3409 4688 3521 4736; x_wconf 90' lang='lat' dir='ltr'><strong><em>tres</em></strong></span> <span class='ocrx_word' id='word_1_495' title='bbox 3551 4679 3699 4737; x_wconf 88' lang='lat' dir='ltr'><strong>inse-</strong></span> 
     </span>
    </p>
   </div>
   <div class='ocr_carea' id='block_1_88' title="bbox 387 4741 1984 4813">
    <p class='ocr_par' dir='ltr' id='par_1_88' title="bbox 387 4741 1984 4813">
     <span class='ocr_line' id='line_1_88' title="bbox 387 4741 1984 4813; baseline 0.003 -17"><span class='ocrx_word' id='word_1_496' title='bbox 387 4741 746 4813; x_wconf 87' lang='lat' dir='ltr'><strong><em>snbseqnenti</em></strong></span> <span class='ocrx_word' id='word_1_497' title='bbox 779 4757 944 4799; x_wconf 89' lang='lat' dir='ltr'><strong>versu</strong></span> <span class='ocrx_word' id='word_1_498' title='bbox 975 4752 1022 4797; x_wconf 91' lang='lat' dir='ltr'><strong><em>et</em></strong></span> <span class='ocrx_word' id='word_1_499' title='bbox 1065 4744 1347 4813; x_wconf 88' lang='lat' dir='ltr'><strong><em>copulam,</em></strong></span> <span class='ocrx_word' id='word_1_500' title='bbox 1382 4741 1540 4810; x_wconf 88' lang='lat' dir='ltr'><strong><em>quod</em></strong></span> <span class='ocrx_word' id='word_1_501' title='bbox 1567 4760 1743 4812; x_wconf 88' lang='lat' dir='ltr'><strong><em>neque</em></strong></span> <span class='ocrx_word' id='word_1_502' title='bbox 1776 4745 1828 4798; x_wconf 90' lang='lat' dir='ltr'><strong><em>in</em></strong></span> <span class='ocrx_word' id='word_1_503' title='bbox 1877 4745 1984 4800; x_wconf 87' lang='lat' dir='ltr'><strong>lle-</strong></span> 
     </span>
    </p>
   </div>
   <div class='ocr_carea' id='block_1_89' title="bbox 388 4812 1986 4884">
    <p class='ocr_par' dir='ltr' id='par_1_89' title="bbox 388 4812 1986 4884">
     <span class='ocr_line' id='line_1_89' title="bbox 388 4812 1986 4884; baseline -0.001 -15"><span class='ocrx_word' id='word_1_504' title='bbox 388 4815 542 4869; x_wconf 68' lang='lat' dir='ltr'><strong>brazo</strong></span> <span class='ocrx_word' id='word_1_505' title='bbox 573 4812 871 4883; x_wconf 87' lang='lat' dir='ltr'><strong>archetypo</strong></span> <span class='ocrx_word' id='word_1_506' title='bbox 897 4812 1147 4882; x_wconf 76' lang='lat' dir='ltr'><strong>resonet,</strong></span> <span class='ocrx_word' id='word_1_507' title='bbox 1171 4817 1330 4871; x_wconf 83' lang='lat' dir='ltr'><strong><em>nbelo</em></strong></span> <span class='ocrx_word' id='word_1_508' title='bbox 1363 4817 1806 4884; x_wconf 63' lang='lat' dir='ltr'><strong><em>praenotavimus.</em></strong></span> <span class='ocrx_word' id='word_1_509' title='bbox 1851 4815 1986 4871; x_wconf 91' lang='lat' dir='ltr'><strong>Per-</strong></span> 
     </span>
    </p>
   </div>
   <div class='ocr_carea' id='block_1_90' title="bbox 392 4885 1986 4956">
    <p class='ocr_par' dir='ltr' id='par_1_90' title="bbox 392 4885 1986 4956">
     <span class='ocr_line' id='line_1_90' title="bbox 392 4885 1986 4956; baseline 0.004 -22"><span class='ocrx_word' id='word_1_510' title='bbox 392 4902 582 4955; x_wconf 81' lang='lat' dir='ltr'><strong>peram</strong></span> <span class='ocrx_word' id='word_1_511' title='bbox 613 4899 747 4940; x_wconf 82' lang='lat' dir='ltr'><strong>vero</strong></span> <span class='ocrx_word' id='word_1_512' title='bbox 787 4886 956 4956; x_wconf 68' lang='lat' dir='ltr'><strong><em>babet</em></strong></span> <span class='ocrx_word' id='word_1_513' title='bbox 1002 4887 1306 4956; x_wconf 87' lang='lat' dir='ltr'><strong><em>insequenti</em></strong></span> <span class='ocrx_word' id='word_1_514' title='bbox 1354 4886 1465 4940; x_wconf 86' lang='lat' dir='ltr'><strong><em>alio</em></strong></span> <span class='ocrx_word' id='word_1_515' title='bbox 1494 4901 1656 4956; x_wconf 90' lang='lat' dir='ltr'><strong><em>versu</em></strong></span> <span class='ocrx_word' id='word_1_516' title='bbox 1701 4885 1842 4942; x_wconf 91' lang='lat' dir='ltr'><strong><em>idem</em></strong></span> <span class='ocrx_word' id='word_1_517' title='bbox 1881 4901 1986 4940; x_wconf 90' lang='lat' dir='ltr'><strong><em>ms.</em></strong></span> 
     </span>
    </p>
   </div>
   <div class='ocr_carea' id='block_1_91' title="bbox 395 4954 1991 5028">
    <p class='ocr_par' dir='ltr' id='par_1_91' title="bbox 395 4954 1991 5028">
     <span class='ocr_line' id='line_1_91' title="bbox 395 4954 1991 5028; baseline 0.002 -18"><span class='ocrx_word' id='word_1_518' title='bbox 395 4954 494 5010; x_wconf 82' lang='lat' dir='ltr'><strong><em>ubi</em></strong></span> <span class='ocrx_word' id='word_1_519' title='bbox 519 4957 750 5026; x_wconf 88' lang='lat' dir='ltr'><strong><em>primam</em></strong></span> <span class='ocrx_word' id='word_1_520' title='bbox 777 4954 846 5010; x_wconf 89' lang='lat' dir='ltr'><strong><em>Et</em></strong></span> <span class='ocrx_word' id='word_1_521' title='bbox 879 4954 1319 5012; x_wconf 65' lang='lat' dir='ltr'><strong>voeulanrunice</strong></span> <span class='ocrx_word' id='word_1_522' title='bbox 1363 4973 1461 5028; x_wconf 82' lang='lat' dir='ltr'><strong><em>pro</em></strong></span> <span class='ocrx_word' id='word_1_523' title='bbox 1498 4966 1610 5013; x_wconf 89' lang='lat' dir='ltr'><strong>toto</strong></span> <span class='ocrx_word' id='word_1_524' title='bbox 1647 4955 1991 5013; x_wconf 87' lang='lat' dir='ltr'><strong>bemisticbio</strong></span> 
     </span>
    </p>
   </div>
   <div class='ocr_carea' id='block_1_92' title="bbox 396 5028 831 5084">
    <p class='ocr_par' dir='ltr' id='par_1_92' title="bbox 396 5028 831 5084">
     <span class='ocr_line' id='line_1_92' title="bbox 396 5028 831 5084; baseline -0.002 -1"><span class='ocrx_word' id='word_1_525' title='bbox 396 5028 831 5084; x_wconf 88' lang='lat' dir='ltr'><strong><em>transverberat.</em></strong></span> 
     </span>
    </p>
   </div>
   <div class='ocr_carea' id='block_1_93' title="bbox 471 5097 2000 5172">
    <p class='ocr_par' dir='ltr' id='par_1_93' title="bbox 471 5097 2000 5172">
     <span class='ocr_line' id='line_1_93' title="bbox 471 5097 2000 5172; baseline 0.001 -18"><span class='ocrx_word' id='word_1_526' title='bbox 471 5097 499 5137; x_wconf 69' lang='grc' dir='ltr'>δ</span> <span class='ocrx_word' id='word_1_527' title='bbox 526 5099 710 5172; x_wconf 81' lang='lat' dir='ltr'><strong>Atque</strong></span> <span class='ocrx_word' id='word_1_528' title='bbox 741 5099 831 5172; x_wconf 83' lang='lat' dir='ltr'><strong><em>hic</em></strong></span> <span class='ocrx_word' id='word_1_529' title='bbox 869 5099 1142 5155; x_wconf 91' lang='lat' dir='ltr'><strong><em>immerito</em></strong></span> <span class='ocrx_word' id='word_1_530' title='bbox 1183 5114 1482 5172; x_wconf 85' lang='lat' dir='ltr'><strong>pronomen</strong></span> <span class='ocrx_word' id='word_1_531' title='bbox 1519 5103 1633 5172; x_wconf 86' lang='lat' dir='ltr'><strong><em>ejus</em></strong></span> <span class='ocrx_word' id='word_1_532' title='bbox 1671 5101 1832 5156; x_wconf 88' lang='lat' dir='ltr'><strong>ohelo</strong></span> <span class='ocrx_word' id='word_1_533' title='bbox 1863 5115 2000 5169; x_wconf 65' lang='lat' dir='ltr'><strong><em>prai-</em></strong></span> 
     </span>
    </p>
   </div>
   <div class='ocr_carea' id='block_1_94' title="bbox 395 5171 2000 5242">
    <p class='ocr_par' dir='ltr' id='par_1_94' title="bbox 395 5171 2000 5242">
     <span class='ocr_line' id='line_1_94' title="bbox 395 5171 2000 5242; baseline 0 -16"><span class='ocrx_word' id='word_1_534' title='bbox 395 5179 554 5226; x_wconf 88' lang='lat' dir='ltr'><strong>notat</strong></span> <span class='ocrx_word' id='word_1_535' title='bbox 602 5171 832 5228; x_wconf 81' lang='lat' dir='ltr'><strong><em>Palatia.</em></strong></span> <span class='ocrx_word' id='word_1_536' title='bbox 855 5186 986 5242; x_wconf 89' lang='lat' dir='ltr'><strong>ms.,</strong></span> <span class='ocrx_word' id='word_1_537' title='bbox 1019 5172 1110 5241; x_wconf 90' lang='lat' dir='ltr'><strong><em>qui</em></strong></span> <span class='ocrx_word' id='word_1_538' title='bbox 1139 5180 1194 5226; x_wconf 87' lang='lat' dir='ltr'><strong>ct</strong></span> <span class='ocrx_word' id='word_1_539' title='bbox 1225 5171 1437 5242; x_wconf 75' lang='lat' dir='ltr'><strong><em>iustitia</em></strong></span> <span class='ocrx_word' id='word_1_540' title='bbox 1481 5171 1654 5227; x_wconf 82' lang='lat' dir='ltr'><strong>altero</strong></span> <span class='ocrx_word' id='word_1_541' title='bbox 1685 5172 1789 5228; x_wconf 91' lang='lat' dir='ltr'><strong><em>boc</em></strong></span> <span class='ocrx_word' id='word_1_542' title='bbox 1818 5188 2000 5239; x_wconf 88' lang='lat' dir='ltr'><strong>versu,</strong></span> 
     </span>
    </p>
   </div>
   <div class='ocr_carea' id='block_1_95' title="bbox 397 5240 975 5314">
    <p class='ocr_par' dir='ltr' id='par_1_95' title="bbox 397 5240 975 5314">
     <span class='ocr_line' id='line_1_95' title="bbox 397 5240 975 5314; baseline 0 -20"><span class='ocrx_word' id='word_1_543' title='bbox 397 5258 503 5313; x_wconf 80' lang='lat' dir='ltr'><strong>pro</strong></span> <span class='ocrx_word' id='word_1_544' title='bbox 525 5243 792 5314; x_wconf 86' lang='lat' dir='ltr'><strong><em>justitiam</em></strong></span> <span class='ocrx_word' id='word_1_545' title='bbox 824 5240 975 5310; x_wconf 79' lang='lat' dir='ltr'><strong><em>legit.</em></strong></span> 
     </span>
    </p>
   </div>
   <div class='ocr_carea' id='block_1_96' title="bbox 478 5313 1994 5384">
    <p class='ocr_par' dir='ltr' id='par_1_96' title="bbox 478 5313 1994 5384">
     <span class='ocr_line' id='line_1_96' title="bbox 478 5313 1994 5384; baseline -0.001 -16"><span class='ocrx_word' id='word_1_546' title='bbox 478 5325 498 5352; x_wconf 72' lang='grc' dir='ltr'>ε</span> <span class='ocrx_word' id='word_1_547' title='bbox 527 5313 703 5368; x_wconf 84' lang='lat' dir='ltr'><strong>Obelo</strong></span> <span class='ocrx_word' id='word_1_548' title='bbox 753 5323 958 5369; x_wconf 85' lang='lat' dir='ltr'><strong>temere</strong></span> <span class='ocrx_word' id='word_1_549' title='bbox 1007 5313 1404 5383; x_wconf 75' lang='lat' dir='ltr'><strong><em>prmtermisso,</em></strong></span> <span class='ocrx_word' id='word_1_550' title='bbox 1446 5313 1670 5384; x_wconf 58' lang='lat' dir='ltr'><strong><em>praefert</em></strong></span> <span class='ocrx_word' id='word_1_551' title='bbox 1697 5313 1839 5369; x_wconf 88' lang='lat' dir='ltr'><strong>idem</strong></span> <span class='ocrx_word' id='word_1_552' title='bbox 1891 5329 1994 5368; x_wconf 92' lang='lat' dir='ltr'><strong><em>ms.</em></strong></span> 
     </span>
    </p>
   </div>
   <div class='ocr_carea' id='block_1_97' title="bbox 396 5385 2006 5458">
    <p class='ocr_par' dir='ltr' id='par_1_97' title="bbox 396 5385 2006 5458">
     <span class='ocr_line' id='line_1_97' title="bbox 396 5385 2006 5458; baseline 0.001 -20"><span class='ocrx_word' id='word_1_553' title='bbox 396 5397 446 5438; x_wconf 81' lang='lat' dir='ltr'><strong><em>et</em></strong></span> <span class='ocrx_word' id='word_1_554' title='bbox 482 5401 581 5458; x_wconf 88' lang='lat' dir='ltr'><strong><em>non</em></strong></span> <span class='ocrx_word' id='word_1_555' title='bbox 613 5385 1015 5458; x_wconf 64' lang='lat' dir='ltr'><strong><em>instraviteum.</em></strong></span> <span class='ocrx_word' id='word_1_556' title='bbox 1047 5385 1155 5442; x_wconf 84' lang='lat' dir='ltr'><strong><em>Sed</em></strong></span> <span class='ocrx_word' id='word_1_557' title='bbox 1182 5396 1237 5441; x_wconf 89' lang='lat' dir='ltr'><strong><em>et</em></strong></span> <span class='ocrx_word' id='word_1_558' title='bbox 1263 5385 1436 5442; x_wconf 66' lang='grc' dir='ltr'><strong><em>(ἓνωεί</em></strong></span> <span class='ocrx_word' id='word_1_559' title='bbox 1467 5388 1672 5458; x_wconf 89' lang='lat' dir='ltr'><strong><em>aliquot</em></strong></span> <span class='ocrx_word' id='word_1_560' title='bbox 1703 5386 1823 5440; x_wconf 91' lang='lat' dir='ltr'><strong><em>libri</em></strong></span> <span class='ocrx_word' id='word_1_561' title='bbox 1853 5388 2006 5442; x_wconf 76' lang='grc' dir='ltr'><strong><em>αὐτὸν</em></strong></span> 
     </span>
    </p>
   </div>
   <div class='ocr_carea' id='block_1_98' title="bbox 402 5456 2013 5528">
    <p class='ocr_par' dir='ltr' id='par_1_98' title="bbox 402 5456 2013 5528">
     <span class='ocr_line' id='line_1_98' title="bbox 402 5456 2013 5528; baseline 0.002 -19"><span class='ocrx_word' id='word_1_562' title='bbox 402 5457 652 5511; x_wconf 76' lang='lat' dir='ltr'><strong><em>habent:</em></strong></span> <span class='ocrx_word' id='word_1_563' title='bbox 687 5457 740 5510; x_wconf 92' lang='lat' dir='ltr'><strong><em>in</em></strong></span> <span class='ocrx_word' id='word_1_564' title='bbox 785 5456 1028 5512; x_wconf 87' lang='lat' dir='ltr'><strong><em>Palatino</em></strong></span> <span class='ocrx_word' id='word_1_565' title='bbox 1069 5467 1249 5512; x_wconf 90' lang='lat' dir='ltr'><strong>autem</strong></span> <span class='ocrx_word' id='word_1_566' title='bbox 1297 5456 1575 5528; x_wconf 27' lang='lat' dir='ltr'><strong><em>[rustravit‘</em></strong></span> <span class='ocrx_word' id='word_1_567' title='bbox 1611 5459 1866 5528; x_wconf 86' lang='lat' dir='ltr'><strong><em>sequiore</em></strong></span> <span class='ocrx_word' id='word_1_568' title='bbox 1915 5474 2013 5512; x_wconf 86' lang='lat' dir='ltr'><strong><em>re-</em></strong></span> 
     </span>
    </p>
   </div>
   <div class='ocr_carea' id='block_1_99' title="bbox 401 5528 999 5596">
    <p class='ocr_par' dir='ltr' id='par_1_99' title="bbox 401 5528 999 5596">
     <span class='ocr_line' id='line_1_99' title="bbox 401 5528 999 5596; baseline -0.003 -12"><span class='ocrx_word' id='word_1_569' title='bbox 401 5528 670 5596; x_wconf 86' lang='lat' dir='ltr'><strong>scriptum</strong></span> <span class='ocrx_word' id='word_1_570' title='bbox 697 5537 784 5582; x_wconf 90' lang='lat' dir='ltr'><strong>est</strong></span> <span class='ocrx_word' id='word_1_571' title='bbox 815 5543 999 5582; x_wconf 90' lang='lat' dir='ltr'><strong><em>manu.</em></strong></span> 
     </span>
    </p>
   </div>
   <div class='ocr_carea' id='block_1_100' title="bbox 479 5597 2005 5670">
    <p class='ocr_par' dir='ltr' id='par_1_100' title="bbox 479 5597 2005 5670">
     <span class='ocr_line' id='line_1_100' title="bbox 479 5597 2005 5670; baseline -0.001 -16"><span class='ocrx_word' id='word_1_572' title='bbox 479 5597 502 5635; x_wconf 74' lang='grc' dir='ltr'>ἀ</span> <span class='ocrx_word' id='word_1_573' title='bbox 538 5599 1005 5670; x_wconf 83' lang='lat' dir='ltr'><strong><em>Pronuntiationis</em></strong></span> <span class='ocrx_word' id='word_1_574' title='bbox 1047 5599 1403 5670; x_wconf 86' lang='lat' dir='ltr'><strong><em>tribuendum</em></strong></span> <span class='ocrx_word' id='word_1_575' title='bbox 1449 5607 1532 5656; x_wconf 90' lang='lat' dir='ltr'><strong><em>est</em></strong></span> <span class='ocrx_word' id='word_1_576' title='bbox 1570 5600 1703 5655; x_wconf 89' lang='lat' dir='ltr'><strong>vitio</strong></span> <span class='ocrx_word' id='word_1_577' title='bbox 1737 5599 1885 5670; x_wconf 89' lang='lat' dir='ltr'><strong><em>quod</em></strong></span> <span class='ocrx_word' id='word_1_578' title='bbox 1923 5617 2005 5667; x_wconf 88' lang='lat' dir='ltr'><strong><em>ea,</em></strong></span> 
     </span>
    </p>
   </div>
   <div class='ocr_carea' id='block_1_101' title="bbox 401 5669 2008 5741">
    <p class='ocr_par' dir='ltr' id='par_1_101' title="bbox 401 5669 2008 5741">
     <span class='ocr_line' id='line_1_101' title="bbox 401 5669 2008 5741; baseline -0.001 -16"><span class='ocrx_word' id='word_1_579' title='bbox 401 5685 508 5741; x_wconf 84' lang='lat' dir='ltr'><strong><em>pro</em></strong></span> <span class='ocrx_word' id='word_1_580' title='bbox 529 5685 642 5724; x_wconf 87' lang='lat' dir='ltr'><strong><em>eam</em></strong></span> <span class='ocrx_word' id='word_1_581' title='bbox 671 5669 886 5741; x_wconf 74' lang='lat' dir='ltr'><strong><em>bisboe</em></strong></span> <span class='ocrx_word' id='word_1_582' title='bbox 907 5684 1070 5725; x_wconf 89' lang='lat' dir='ltr'><strong><em>versu</em></strong></span> <span class='ocrx_word' id='word_1_583' title='bbox 1108 5669 1162 5725; x_wconf 92' lang='lat' dir='ltr'><strong><em>in</em></strong></span> <span class='ocrx_word' id='word_1_584' title='bbox 1188 5670 1489 5727; x_wconf 81' lang='lat' dir='ltr'><strong>Veronensi</strong></span> <span class='ocrx_word' id='word_1_585' title='bbox 1517 5671 1705 5728; x_wconf 86' lang='lat' dir='ltr'><strong>codice</strong></span> <span class='ocrx_word' id='word_1_586' title='bbox 1733 5669 2008 5741; x_wconf 73' lang='lat' dir='ltr'><strong>scribitur,</strong></span> 
     </span>
    </p>
   </div>
   <div class='ocr_carea' id='block_1_102' title="bbox 404 5738 2015 5811">
    <p class='ocr_par' dir='ltr' id='par_1_102' title="bbox 404 5738 2015 5811">
     <span class='ocr_line' id='line_1_102' title="bbox 404 5738 2015 5811; baseline 0.001 -15"><span class='ocrx_word' id='word_1_587' title='bbox 404 5738 471 5796; x_wconf 81' lang='lat' dir='ltr'><strong><em>nt</em></strong></span> <span class='ocrx_word' id='word_1_588' title='bbox 499 5751 555 5795; x_wconf 90' lang='lat' dir='ltr'><strong>et</strong></span> <span class='ocrx_word' id='word_1_589' title='bbox 595 5755 723 5795; x_wconf 80' lang='lat' dir='ltr'><strong><em>mox</em></strong></span> <span class='ocrx_word' id='word_1_590' title='bbox 754 5738 1111 5808; x_wconf 85' lang='lat' dir='ltr'><strong><em>Introivimus,</em></strong></span> <span class='ocrx_word' id='word_1_591' title='bbox 1147 5751 1202 5796; x_wconf 92' lang='lat' dir='ltr'><strong><em>et</em></strong></span> <span class='ocrx_word' id='word_1_592' title='bbox 1233 5742 1586 5809; x_wconf 86' lang='lat' dir='ltr'><strong><em>adoravimus,</em></strong></span> <span class='ocrx_word' id='word_1_593' title='bbox 1621 5759 1718 5811; x_wconf 91' lang='lat' dir='ltr'><strong><em>pro</em></strong></span> <span class='ocrx_word' id='word_1_594' title='bbox 1760 5740 2015 5797; x_wconf 52' lang='lat' dir='ltr'><strong><em>Itttroibi‘</em></strong></span> 
     </span>
    </p>
   </div>
   <div class='ocr_carea' id='block_1_103' title="bbox 407 5810 2016 5886">
    <p class='ocr_par' dir='ltr' id='par_1_103' title="bbox 407 5810 2016 5886">
     <span class='ocr_line' id='line_1_103' title="bbox 407 5810 2016 5886; baseline 0.002 -20"><span class='ocrx_word' id='word_1_595' title='bbox 407 5821 548 5879; x_wconf 81' lang='lat' dir='ltr'><strong><em>mus,</em></strong></span> <span class='ocrx_word' id='word_1_596' title='bbox 581 5821 637 5886; x_wconf 84' lang='lat' dir='ltr'><strong>et</strong></span> <span class='ocrx_word' id='word_1_597' title='bbox 658 5811 1012 5886; x_wconf 74' lang='lat' dir='ltr'><strong><em>adorabimus.</em></strong></span> <span class='ocrx_word' id='word_1_598' title='bbox 1042 5812 1269 5870; x_wconf 64' lang='lat' dir='ltr'><strong><em>Caetera:</em></strong></span> <span class='ocrx_word' id='word_1_599' title='bbox 1293 5813 1592 5886; x_wconf 82' lang='lat' dir='ltr'><strong><em>peculiares</em></strong></span> <span class='ocrx_word' id='word_1_600' title='bbox 1616 5810 1717 5885; x_wconf 81' lang='lat' dir='ltr'><strong><em>ipsi</em></strong></span> <span class='ocrx_word' id='word_1_601' title='bbox 1751 5814 2016 5869; x_wconf 74' lang='lat' dir='ltr'><strong><em>lectiuncs</em></strong></span> 
     </span>
    </p>
   </div>
   <div class='ocr_carea' id='block_1_104' title="bbox 412 5879 2020 5958">
    <p class='ocr_par' dir='ltr' id='par_1_104' title="bbox 412 5879 2020 5958">
     <span class='ocr_line' id='line_1_104' title="bbox 412 5879 2020 5958; baseline -0.001 -18"><span class='ocrx_word' id='word_1_602' title='bbox 412 5893 561 5954; x_wconf 76' lang='lat' dir='ltr'><strong><em>sunt,</em></strong></span> <span class='ocrx_word' id='word_1_603' title='bbox 593 5883 648 5939; x_wconf 81' lang='lat' dir='ltr'><strong><em>in</em></strong></span> <span class='ocrx_word' id='word_1_604' title='bbox 675 5879 867 5953; x_wconf 82' lang='lat' dir='ltr'><strong><em>locum,</em></strong></span> <span class='ocrx_word' id='word_1_605' title='bbox 901 5883 988 5941; x_wconf 77' lang='lat' dir='ltr'><strong>ubi</strong></span> <span class='ocrx_word' id='word_1_606' title='bbox 1011 5879 1452 5956; x_wconf 73' lang='lat' dir='ltr'><strong><em>steterunt,&#39;etc.;</em></strong></span> <span class='ocrx_word' id='word_1_607' title='bbox 1480 5891 1535 5944; x_wconf 79' lang='lat' dir='ltr'><strong>et</strong></span> <span class='ocrx_word' id='word_1_608' title='bbox 1562 5879 1709 5958; x_wconf 73' lang='lat' dir='ltr'><strong>mox,</strong></span> <span class='ocrx_word' id='word_1_609' title='bbox 1737 5891 1792 5942; x_wconf 78' lang='lat' dir='ltr'><strong><em>tu</em></strong></span> <span class='ocrx_word' id='word_1_610' title='bbox 1820 5891 1867 5941; x_wconf 87' lang='lat' dir='ltr'><strong><em>et</em></strong></span> <span class='ocrx_word' id='word_1_611' title='bbox 1893 5889 2020 5941; x_wconf 74' lang='lat' dir='ltr'><strong><em>arca</em></strong></span> 
     </span>
    </p>
   </div>
   <div class='ocr_carea' id='block_1_105' title="bbox 2094 4750 3702 4817">
    <p class='ocr_par' dir='ltr' id='par_1_105' title="bbox 2094 4750 3702 4817">
     <span class='ocr_line' id='line_1_105' title="bbox 2094 4750 3702 4817; baseline 0.002 -16"><span class='ocrx_word' id='word_1_612' title='bbox 2094 4755 2323 4817; x_wconf 88' lang='lat' dir='ltr'><strong><em>quentes</em></strong></span> <span class='ocrx_word' id='word_1_613' title='bbox 2371 4763 2586 4812; x_wconf 90' lang='lat' dir='ltr'><strong>versus,</strong></span> <span class='ocrx_word' id='word_1_614' title='bbox 2631 4758 2678 4803; x_wconf 88' lang='lat' dir='ltr'><strong><em>et</em></strong></span> <span class='ocrx_word' id='word_1_615' title='bbox 2704 4750 2870 4803; x_wconf 88' lang='lat' dir='ltr'><strong><em>sancti</em></strong></span> <span class='ocrx_word' id='word_1_616' title='bbox 2896 4751 2972 4804; x_wconf 92' lang='lat' dir='ltr'><strong><em>tui</em></strong></span> <span class='ocrx_word' id='word_1_617' title='bbox 3003 4751 3244 4806; x_wconf 79' lang='lat' dir='ltr'><strong><em>lcetentur</em></strong></span> <span class='ocrx_word' id='word_1_618' title='bbox 3267 4767 3286 4805; x_wconf 90' lang='lat'><strong><em>:</em></strong></span> <span class='ocrx_word' id='word_1_619' title='bbox 3313 4761 3405 4816; x_wconf 88' lang='lat' dir='ltr'><strong>et,</strong></span> <span class='ocrx_word' id='word_1_620' title='bbox 3439 4767 3505 4804; x_wconf 89' lang='lat' dir='ltr'><strong><em>ne</em></strong></span> <span class='ocrx_word' id='word_1_621' title='bbox 3555 4766 3702 4805; x_wconf 89' lang='lat' dir='ltr'><strong><em>aver-</em></strong></span> 
     </span>
    </p>
   </div>
   <div class='ocr_carea' id='block_1_106' title="bbox 2097 4819 3552 4890">
    <p class='ocr_par' dir='ltr' id='par_1_106' title="bbox 2097 4819 3552 4890">
     <span class='ocr_line' id='line_1_106' title="bbox 2097 4819 3552 4890; baseline 0.004 -20"><span class='ocrx_word' id='word_1_622' title='bbox 2097 4827 2174 4872; x_wconf 86' lang='lat' dir='ltr'><strong><em>tas</em></strong></span> <span class='ocrx_word' id='word_1_623' title='bbox 2209 4819 2413 4890; x_wconf 78' lang='lat' dir='ltr'><strong><em>faciem,</em></strong></span> <span class='ocrx_word' id='word_1_624' title='bbox 2461 4829 2594 4883; x_wconf 88' lang='lat' dir='ltr'><strong><em>etc.;</em></strong></span> <span class='ocrx_word' id='word_1_625' title='bbox 2626 4821 2883 4888; x_wconf 89' lang='lat' dir='ltr'><strong><em>denique,</em></strong></span> <span class='ocrx_word' id='word_1_626' title='bbox 2917 4831 2963 4874; x_wconf 90' lang='lat' dir='ltr'><strong><em>et</em></strong></span> <span class='ocrx_word' id='word_1_627' title='bbox 2991 4839 3096 4876; x_wconf 87' lang='lat' dir='ltr'><strong><em>non</em></strong></span> <span class='ocrx_word' id='word_1_628' title='bbox 3128 4824 3386 4890; x_wconf 76' lang='lat' dir='ltr'><strong><em>pmnitebit</em></strong></span> <span class='ocrx_word' id='word_1_629' title='bbox 3413 4840 3552 4876; x_wconf 84' lang='lat' dir='ltr'><strong><em>eum.</em></strong></span> 
     </span>
    </p>
   </div>
   <div class='ocr_carea' id='block_1_107' title="bbox 2179 4889 3705 4963">
    <p class='ocr_par' dir='ltr' id='par_1_107' title="bbox 2179 4889 3705 4963">
     <span class='ocr_line' id='line_1_107' title="bbox 2179 4889 3705 4963; baseline 0.001 -20"><span class='ocrx_word' id='word_1_630' title='bbox 2179 4900 2202 4963; x_wconf 58' lang='grc' dir='ltr'><strong><em>«ᾖ</em></strong></span> <span class='ocrx_word' id='word_1_631' title='bbox 2237 4889 2567 4963; x_wconf 69' lang='lat' dir='ltr'><strong>Veronensis</strong></span> <span class='ocrx_word' id='word_1_632' title='bbox 2595 4906 2699 4945; x_wconf 88' lang='lat' dir='ltr'><strong>ms.</strong></span> <span class='ocrx_word' id='word_1_633' title='bbox 2729 4906 2851 4946; x_wconf 90' lang='lat' dir='ltr'><strong><em>cum</em></strong></span> <span class='ocrx_word' id='word_1_634' title='bbox 2902 4889 3230 4963; x_wconf 78' lang='lat' dir='ltr'><strong><em>Augustino,</em></strong></span> <span class='ocrx_word' id='word_1_635' title='bbox 3268 4891 3338 4946; x_wconf 87' lang='lat' dir='ltr'><strong><em>Et</em></strong></span> <span class='ocrx_word' id='word_1_636' title='bbox 3379 4894 3477 4963; x_wconf 78' lang='lat' dir='ltr'><strong><em>ﬁlii</em></strong></span> <span class='ocrx_word' id='word_1_637' title='bbox 3523 4908 3705 4946; x_wconf 88' lang='lat' dir='ltr'><strong><em>eorum</em></strong></span> 
     </span>
    </p>
   </div>
   <div class='ocr_carea' id='block_1_108' title="bbox 2104 4961 3704 5034">
    <p class='ocr_par' dir='ltr' id='par_1_108' title="bbox 2104 4961 3704 5034">
     <span class='ocr_line' id='line_1_108' title="bbox 2104 4961 3704 5034; baseline 0.001 -20"><span class='ocrx_word' id='word_1_638' title='bbox 2104 4961 2350 5014; x_wconf 81' lang='lat' dir='ltr'><strong><em>sedebant</em></strong></span> <span class='ocrx_word' id='word_1_639' title='bbox 2376 4961 2429 5013; x_wconf 90' lang='lat' dir='ltr'><strong><em>in</em></strong></span> <span class='ocrx_word' id='word_1_640' title='bbox 2456 4971 2709 5016; x_wconf 75' lang='lat' dir='ltr'><strong><em>rcternum</em></strong></span> <span class='ocrx_word' id='word_1_641' title='bbox 2737 4979 2892 5034; x_wconf 80' lang='lat' dir='ltr'><strong><em>super</em></strong></span> <span class='ocrx_word' id='word_1_642' title='bbox 2920 4961 3095 5018; x_wconf 86' lang='lat' dir='ltr'><strong><em>sedem</em></strong></span> <span class='ocrx_word' id='word_1_643' title='bbox 3124 4973 3266 5017; x_wconf 88' lang='lat' dir='ltr'><strong><em>tuam</em></strong></span> <span class='ocrx_word' id='word_1_644' title='bbox 3291 4980 3309 5018; x_wconf 90' lang='lat'><strong><em>:</em></strong></span> <span class='ocrx_word' id='word_1_645' title='bbox 3340 4961 3396 5020; x_wconf 84' lang='lat' dir='ltr'><strong><em>et</em></strong></span> <span class='ocrx_word' id='word_1_646' title='bbox 3418 4979 3568 5029; x_wconf 84' lang='lat' dir='ltr'><strong>mox,</strong></span> <span class='ocrx_word' id='word_1_647' title='bbox 3598 4963 3704 5017; x_wconf 89' lang='lat' dir='ltr'><strong><em>ele-</em></strong></span> 
     </span>
    </p>
   </div>
   <div class='ocr_carea' id='block_1_109' title="bbox 2107 5035 3705 5105">
    <p class='ocr_par' dir='ltr' id='par_1_109' title="bbox 2107 5035 3705 5105">
     <span class='ocr_line' id='line_1_109' title="bbox 2107 5035 3705 5105; baseline 0.002 -20"><span class='ocrx_word' id='word_1_648' title='bbox 2107 5035 2181 5105; x_wconf 85' lang='lat' dir='ltr'><strong><em>git</em></strong></span> <span class='ocrx_word' id='word_1_649' title='bbox 2208 5047 2477 5105; x_wconf 87' lang='lat' dir='ltr'><strong><em>eam,__pr_o</em></strong></span> <span class='ocrx_word' id='word_1_650' title='bbox 2507 5035 2790 5105; x_wconf 78' lang='lat' dir='ltr'><strong><em>prazelegit,</em></strong></span> <span class='ocrx_word' id='word_1_651' title='bbox 2815 5043 2921 5090; x_wconf 88' lang='lat' dir='ltr'><strong>etc.</strong></span> <span class='ocrx_word' id='word_1_652' title='bbox 2955 5045 3118 5104; x_wconf 90' lang='lat' dir='ltr'><strong><em>atque</em></strong></span> <span class='ocrx_word' id='word_1_653' title='bbox 3147 5035 3320 5089; x_wconf 88' lang='lat' dir='ltr'><strong>altero</strong></span> <span class='ocrx_word' id='word_1_654' title='bbox 3346 5037 3414 5090; x_wconf 91' lang='lat' dir='ltr'><strong><em>ab</em></strong></span> <span class='ocrx_word' id='word_1_655' title='bbox 3447 5037 3550 5090; x_wconf 91' lang='lat' dir='ltr'><strong>hoc</strong></span> <span class='ocrx_word' id='word_1_656' title='bbox 3575 5050 3705 5089; x_wconf 84' lang='lat' dir='ltr'><strong><em>ver-</em></strong></span> 
     </span>
    </p>
   </div>
   <div class='ocr_carea' id='block_1_110' title="bbox 2112 5102 3709 5175">
    <p class='ocr_par' dir='ltr' id='par_1_110' title="bbox 2112 5102 3709 5175">
     <span class='ocr_line' id='line_1_110' title="bbox 2112 5102 3709 5175; baseline 0.002 -19"><span class='ocrx_word' id='word_1_657' title='bbox 2112 5104 2306 5165; x_wconf 87' lang='lat' dir='ltr'><strong><em>siculo.</em></strong></span> <span class='ocrx_word' id='word_1_658' title='bbox 2347 5102 2569 5156; x_wconf 74' lang='lat' dir='ltr'><strong><em>Viduam</em></strong></span> <span class='ocrx_word' id='word_1_659' title='bbox 2603 5102 2716 5175; x_wconf 73' lang='lat' dir='ltr'><strong><em>ejus</em></strong></span> <span class='ocrx_word' id='word_1_660' title='bbox 2757 5102 3083 5167; x_wconf 73' lang='lat' dir='ltr'><strong><em>benedicens,</em></strong></span> <span class='ocrx_word' id='word_1_661' title='bbox 3121 5105 3533 5161; x_wconf 87' lang='lat' dir='ltr'><strong><em>benedicam:ct</em></strong></span> <span class='ocrx_word' id='word_1_662' title='bbox 3573 5122 3709 5174; x_wconf 90' lang='lat' dir='ltr'><strong><em>pau—</em></strong></span> 
     </span>
    </p>
   </div>
   <div class='ocr_carea' id='block_1_111' title="bbox 2108 5176 3708 5247">
    <p class='ocr_par' dir='ltr' id='par_1_111' title="bbox 2108 5176 3708 5247">
     <span class='ocr_line' id='line_1_111' title="bbox 2108 5176 3708 5247; baseline 0.001 -20"><span class='ocrx_word' id='word_1_663' title='bbox 2108 5192 2253 5242; x_wconf 85' lang='lat' dir='ltr'><strong><em>peres</em></strong></span> <span class='ocrx_word' id='word_1_664' title='bbox 2275 5178 2412 5247; x_wconf 79' lang='lat' dir='ltr'><strong><em>ejus,</em></strong></span> <span class='ocrx_word' id='word_1_665' title='bbox 2437 5184 2544 5229; x_wconf 88' lang='lat' dir='ltr'><strong>etc.</strong></span> <span class='ocrx_word' id='word_1_666' title='bbox 2576 5176 2632 5229; x_wconf 87' lang='lat' dir='ltr'><strong>In</strong></span> <span class='ocrx_word' id='word_1_667' title='bbox 2666 5192 2822 5243; x_wconf 89' lang='lat' dir='ltr'><strong><em>quem</em></strong></span> <span class='ocrx_word' id='word_1_668' title='bbox 2855 5177 3030 5230; x_wconf 88' lang='lat' dir='ltr'><strong><em>locum</em></strong></span> <span class='ocrx_word' id='word_1_669' title='bbox 3056 5176 3280 5244; x_wconf 83' lang='lat' dir='ltr'><strong><em>insignis</em></strong></span> <span class='ocrx_word' id='word_1_670' title='bbox 3312 5177 3402 5230; x_wconf 89' lang='lat' dir='ltr'><strong><em>illa</em></strong></span> <span class='ocrx_word' id='word_1_671' title='bbox 3425 5189 3509 5231; x_wconf 90' lang='lat' dir='ltr'><strong>est</strong></span> <span class='ocrx_word' id='word_1_672' title='bbox 3538 5178 3597 5233; x_wconf 93' lang='lat' dir='ltr'><strong><em>S.</em></strong></span> <span class='ocrx_word' id='word_1_673' title='bbox 3625 5178 3708 5244; x_wconf 81' lang='lat' dir='ltr'><strong><em>ip—</em></strong></span> 
     </span>
    </p>
   </div>
   <div class='ocr_carea' id='block_1_112' title="bbox 2108 5246 3708 5312">
    <p class='ocr_par' dir='ltr' id='par_1_112' title="bbox 2108 5246 3708 5312">
     <span class='ocr_line' id='line_1_112' title="bbox 2108 5246 3708 5312; baseline 0.001 -12"><span class='ocrx_word' id='word_1_674' title='bbox 2108 5246 2339 5301; x_wconf 88' lang='lat' dir='ltr'><strong><em>siusmet</em></strong></span> <span class='ocrx_word' id='word_1_675' title='bbox 2364 5246 2542 5301; x_wconf 82' lang='lat' dir='ltr'><strong><em>Patris</em></strong></span> <span class='ocrx_word' id='word_1_676' title='bbox 2591 5247 2883 5301; x_wconf 83' lang='lat' dir='ltr'><strong><em>Annntatio</em></strong></span> <span class='ocrx_word' id='word_1_677' title='bbox 2913 5249 2966 5300; x_wconf 90' lang='lat' dir='ltr'><strong><em>in</em></strong></span> <span class='ocrx_word' id='word_1_678' title='bbox 2997 5248 3401 5312; x_wconf 84' lang='lat' dir='ltr'><strong><em>Quaestionibns</em></strong></span> <span class='ocrx_word' id='word_1_679' title='bbox 3422 5247 3708 5303; x_wconf 83' lang='lat' dir='ltr'><strong><em>Hebraicis</em></strong></span> 
     </span>
    </p>
   </div>
   <div class='ocr_carea' id='block_1_113' title="bbox 2111 5317 3712 5387">
    <p class='ocr_par' dir='ltr' id='par_1_113' title="bbox 2111 5317 3712 5387">
     <span class='ocr_line' id='line_1_113' title="bbox 2111 5317 3712 5387; baseline 0.002 -18"><span class='ocrx_word' id='word_1_680' title='bbox 2111 5318 2162 5370; x_wconf 91' lang='lat' dir='ltr'><strong><em>in</em></strong></span> <span class='ocrx_word' id='word_1_681' title='bbox 2190 5317 2450 5373; x_wconf 83' lang='lat' dir='ltr'><strong><em>Gcncsim</em></strong></span> <span class='ocrx_word' id='word_1_682' title='bbox 2478 5331 2597 5385; x_wconf 76' lang='lat' dir='ltr'><strong><em>cap.</em></strong></span> <span class='ocrx_word' id='word_1_683' title='bbox 2633 5333 2779 5382; x_wconf 61' lang='grc' dir='ltr'><strong><em>κων,</em></strong></span> <span class='ocrx_word' id='word_1_684' title='bbox 2809 5334 2860 5372; x_wconf 89' lang='lat' dir='ltr'><strong><em>v.</em></strong></span> <span class='ocrx_word' id='word_1_685' title='bbox 2893 5319 2958 5372; x_wconf 70' lang='lat'><strong><em>‘21</em></strong></span> <span class='ocrx_word' id='word_1_686' title='bbox 2995 5336 3007 5370; x_wconf 88' lang='lat'><strong>:</strong></span> <span class='ocrx_word' id='word_1_687' title='bbox 3047 5317 3166 5382; x_wconf 85' lang='lat' dir='ltr'><strong><em>Ubi,</em></strong></span> <span class='ocrx_word' id='word_1_688' title='bbox 3209 5318 3405 5387; x_wconf 86' lang='lat' dir='ltr'><strong><em>inquit,</em></strong></span> <span class='ocrx_word' id='word_1_689' title='bbox 3439 5321 3600 5374; x_wconf 89' lang='lat' dir='ltr'><strong><em>nostri</em></strong></span> <span class='ocrx_word' id='word_1_690' title='bbox 3634 5319 3712 5372; x_wconf 86' lang='lat' dir='ltr'><strong><em>le-</em></strong></span> 
     </span>
    </p>
   </div>
   <div class='ocr_carea' id='block_1_114' title="bbox 2106 5387 3712 5463">
    <p class='ocr_par' dir='ltr' id='par_1_114' title="bbox 2106 5387 3712 5463">
     <span class='ocr_line' id='line_1_114' title="bbox 2106 5387 3712 5463; baseline 0.002 -23"><span class='ocrx_word' id='word_1_691' title='bbox 2106 5399 2258 5463; x_wconf 83' lang='lat' dir='ltr'><strong><em>gunt,</em></strong></span> <span class='ocrx_word' id='word_1_692' title='bbox 2289 5387 2679 5463; x_wconf 74' lang='lat' dir='ltr'><strong><em>Viduamejns</em></strong></span> <span class='ocrx_word' id='word_1_693' title='bbox 2728 5388 3060 5463; x_wconf 74' lang='lat' dir='ltr'><strong><em>benedicens</em></strong></span> <span class='ocrx_word' id='word_1_694' title='bbox 3099 5388 3419 5448; x_wconf 81' lang='lat' dir='ltr'><strong><em>benedicam</em></strong></span> <span class='ocrx_word' id='word_1_695' title='bbox 3462 5391 3603 5463; x_wconf 91' lang='lat' dir='ltr'><strong><em>(licet</em></strong></span> <span class='ocrx_word' id='word_1_696' title='bbox 3655 5391 3712 5444; x_wconf 87' lang='lat' dir='ltr'><strong><em>in</em></strong></span> 
     </span>
    </p>
   </div>
   <div class='ocr_carea' id='block_1_115' title="bbox 2114 5459 3717 5538">
    <p class='ocr_par' dir='ltr' id='par_1_115' title="bbox 2114 5459 3717 5538">
     <span class='ocr_line' id='line_1_115' title="bbox 2114 5459 3717 5538; baseline 0.002 -26"><span class='ocrx_word' id='word_1_697' title='bbox 2114 5459 2367 5538; x_wconf 68' lang='lat' dir='ltr'><strong><em>plerisque</em></strong></span> <span class='ocrx_word' id='word_1_698' title='bbox 2389 5459 2673 5538; x_wconf 77' lang='lat' dir='ltr'><strong><em>codicibus,</em></strong></span> <span class='ocrx_word' id='word_1_699' title='bbox 2698 5459 3138 5538; x_wconf 34' lang='lat' dir='ltr'><strong><em>pro‘v_idna,.hoc</em></strong></span> <span class='ocrx_word' id='word_1_700' title='bbox 3165 5471 3239 5515; x_wconf 88' lang='lat' dir='ltr'><strong><em>est</em></strong></span> <span class='ocrx_word' id='word_1_701' title='bbox 3268 5477 3360 5526; x_wconf 83' lang='lat' dir='ltr'><strong><em>pro</em></strong></span> <span class='ocrx_word' id='word_1_702' title='bbox 3383 5459 3717 5538; x_wconf 24' lang='lat' dir='ltr'><strong><em>inpetrien—</em></strong></span> 
     </span>
    </p>
   </div>
   <div class='ocr_carea' id='block_1_116' title="bbox 2114 5527 3718 5604">
    <p class='ocr_par' dir='ltr' id='par_1_116' title="bbox 2114 5527 3718 5604">
     <span class='ocr_line' id='line_1_116' title="bbox 2114 5527 3718 5604; baseline 0.001 -20"><span class='ocrx_word' id='word_1_703' title='bbox 2114 5527 2248 5604; x_wconf 81' lang='lat' dir='ltr'><strong><em>nulli</em></strong></span> <span class='ocrx_word' id='word_1_704' title='bbox 2264 5527 2443 5604; x_wconf 83' lang='lat' dir='ltr'><strong><em>legant</em></strong></span> <span class='ocrx_word' id='word_1_705' title='bbox 2464 5527 2666 5604; x_wconf 52' lang='lat' dir='ltr'><strong><em>ospes),</em></strong></span> <span class='ocrx_word' id='word_1_706' title='bbox 2691 5527 2743 5604; x_wconf 81' lang='lat' dir='ltr'><strong><em>in</em></strong></span> <span class='ocrx_word' id='word_1_707' title='bbox 2765 5527 2986 5604; x_wconf 78' lang='lat' dir='ltr'><strong><em>llebrwo</em></strong></span> <span class='ocrx_word' id='word_1_708' title='bbox 3013 5531 3164 5586; x_wconf 82' lang='lat' dir='ltr'><strong><em>habet</em></strong></span> <span class='ocrx_word' id='word_1_709' title='bbox 3191 5548 3346 5604; x_wconf 69' lang='lat' dir='ltr'><strong><em>sum,</em></strong></span> <span class='ocrx_word' id='word_1_710' title='bbox 3375 5527 3430 5588; x_wconf 76' lang='lat' dir='ltr'><strong><em>id</em></strong></span> <span class='ocrx_word' id='word_1_711' title='bbox 3457 5527 3532 5588; x_wconf 66' lang='lat' dir='ltr'><strong><em>est</em></strong></span> <span class='ocrx_word' id='word_1_712' title='bbox 3559 5532 3718 5588; x_wconf 84' lang='lat' dir='ltr'><strong><em>Ciba-</em></strong></span> 
     </span>
    </p>
   </div>
   <div class='ocr_carea' id='block_1_117' title="bbox 2116 5601 3712 5672">
    <p class='ocr_par' dir='ltr' id='par_1_117' title="bbox 2116 5601 3712 5672">
     <span class='ocr_line' id='line_1_117' title="bbox 2116 5601 3712 5672; baseline 0.001 -16"><span class='ocrx_word' id='word_1_713' title='bbox 2116 5602 2195 5656; x_wconf 90' lang='lat' dir='ltr'><strong><em>ria</em></strong></span> <span class='ocrx_word' id='word_1_714' title='bbox 2227 5601 2343 5668; x_wconf 80' lang='lat' dir='ltr'><strong><em>ejns</em></strong></span> <span class='ocrx_word' id='word_1_715' title='bbox 2377 5601 2702 5672; x_wconf 82' lang='lat' dir='ltr'><strong><em>benedicens</em></strong></span> <span class='ocrx_word' id='word_1_716' title='bbox 2735 5602 3070 5668; x_wconf 85' lang='lat' dir='ltr'><strong><em>benedicam,</em></strong></span> <span class='ocrx_word' id='word_1_717' title='bbox 3106 5615 3214 5658; x_wconf 88' lang='lat' dir='ltr'><strong>etc.</strong></span> <span class='ocrx_word' id='word_1_718' title='bbox 3253 5603 3462 5660; x_wconf 82' lang='lat' dir='ltr'><strong><em>Videsis</em></strong></span> <span class='ocrx_word' id='word_1_719' title='bbox 3505 5613 3561 5659; x_wconf 91' lang='lat' dir='ltr'><strong><em>et</em></strong></span> <span class='ocrx_word' id='word_1_720' title='bbox 3589 5619 3712 5672; x_wconf 70' lang='lat' dir='ltr'><strong><em>qure</em></strong></span> 
     </span>
    </p>
   </div>
   <div class='ocr_carea' id='block_1_118' title="bbox 2120 5671 3716 5743">
    <p class='ocr_par' dir='ltr' id='par_1_118' title="bbox 2120 5671 3716 5743">
     <span class='ocr_line' id='line_1_118' title="bbox 2120 5671 3716 5743; baseline 0.001 -16"><span class='ocrx_word' id='word_1_721' title='bbox 2120 5686 2219 5727; x_wconf 89' lang='lat' dir='ltr'><strong><em>nos</em></strong></span> <span class='ocrx_word' id='word_1_722' title='bbox 2258 5673 2312 5726; x_wconf 92' lang='lat' dir='ltr'><strong><em>in</em></strong></span> <span class='ocrx_word' id='word_1_723' title='bbox 2343 5687 2467 5743; x_wconf 78' lang='lat' dir='ltr'><strong><em>cum</em></strong></span> <span class='ocrx_word' id='word_1_724' title='bbox 2509 5671 2687 5726; x_wconf 88' lang='lat' dir='ltr'><strong>locum</strong></span> <span class='ocrx_word' id='word_1_725' title='bbox 2733 5673 3105 5730; x_wconf 87' lang='lat' dir='ltr'><strong><em>observamus.</em></strong></span> <span class='ocrx_word' id='word_1_726' title='bbox 3137 5675 3364 5730; x_wconf 78' lang='lat' dir='ltr'><strong><em>Demum</em></strong></span> <span class='ocrx_word' id='word_1_727' title='bbox 3411 5671 3716 5743; x_wconf 89' lang='lat' dir='ltr'><strong><em>penultimo</em></strong></span> 
     </span>
    </p>
   </div>
   <div class='ocr_carea' id='block_1_119' title="bbox 2122 5740 3717 5869">
    <p class='ocr_par' dir='ltr' id='par_1_119' title="bbox 2122 5740 3717 5869">
     <span class='ocr_line' id='line_1_119' title="bbox 2122 5740 3717 5869; baseline 0.004 -74"><span class='ocrx_word' id='word_1_728' title='bbox 2122 5755 2305 5868; x_wconf 62' lang='lat' dir='ltr'><strong><em>versfu,</em></strong></span> <span class='ocrx_word' id='word_1_729' title='bbox 2327 5740 2416 5869; x_wconf 64' lang='lat' dir='ltr'><strong><em>tIbi</em></strong></span> <span class='ocrx_word' id='word_1_730' title='bbox 2448 5744 2707 5800; x_wconf 79' lang='lat' dir='ltr'><strong><em>suscitabo</em></strong></span> <span class='ocrx_word' id='word_1_731' title='bbox 2727 5744 2884 5802; x_wconf 76' lang='lat' dir='ltr'><strong>unice</strong></span> <span class='ocrx_word' id='word_1_732' title='bbox 2906 5747 2999 5806; x_wconf 79' lang='lat' dir='ltr'><strong><em>iter</em></strong></span> <span class='ocrx_word' id='word_1_733' title='bbox 3013 5763 3099 5803; x_wconf 86' lang='lat' dir='ltr'><strong><em>um</em></strong></span> <span class='ocrx_word' id='word_1_734' title='bbox 3123 5757 3248 5804; x_wconf 85' lang='lat' dir='ltr'><strong><em>cum</em></strong></span> <span class='ocrx_word' id='word_1_735' title='bbox 3279 5740 3582 5817; x_wconf 73' lang='lat' dir='ltr'><strong><em>Augustino</em></strong></span> <span class='ocrx_word' id='word_1_736' title='bbox 3612 5761 3717 5802; x_wconf 77' lang='lat' dir='ltr'><strong><em>nm</em></strong></span> 
     </span>
     <span class='ocr_line' id='line_1_120' title="bbox 2125 5827 2368 5869; baseline 0 0"><span class='ocrx_word' id='word_1_737' title='bbox 2125 5830 2235 5869; x_wconf 72' lang='grc' dir='ltr'><strong><em>ιπω</em></strong></span> <span class='ocrx_word' id='word_1_738' title='bbox 2261 5827 2321 5869; x_wconf 71' lang='lat' dir='ltr'><strong>0f</strong></span> <span class='ocrx_word' id='word_1_739' title='bbox 2358 5851 2368 5869; x_wconf 74' lang='grc' dir='ltr'><strong>ο</strong></span> 
     </span>
    </p>
   </div>
   <div class='ocr_carea' id='block_1_120' title="bbox 2125 5827 2368 5886">
    <p class='ocr_par' dir='ltr' id='par_1_120' title="bbox 2125 5827 2368 5886">
     <span class='ocr_line' id='line_1_121' title="bbox 2125 5827 2368 5886; baseline 0 -17"><span class='ocrx_word' id='word_1_740' title='bbox 2125 5827 2368 5886; x_wconf 69' lang='grc' dir='ltr'><strong><em>ιπωιθτι.</em></strong></span> 
     </span>
    </p>
   </div>
  </div>
