2045 3169
172 165 227 208 573

212 237 263 272 Qui
276 239 400 275 percussit
419 243 505 276 gentes
520 240 614 267 utullus
631 248 640 268 :
654 236 746 267 occidit
761 238 832 274 reges
848 239 938 273 fortes.

210 327 299 356 Seium
314 336 399 365 regem
416 328 638 364 Amorrhreorum,
655 333 677 357 et
694 328 732 364 Og
745 336 830 365 regem
841 325 938 361 Basan,
952 333 976 355 et

173 375 260 401 omnia
274 383 355 410 regna
371 375 507 402 Chanaan.

211 420 245 449 Et
266 422 337 449 dedit
355 429 451 450 terram
473 431 562 450 eorum
583 421 775 458 Ittt’rcditatent,
800 422 976 451 hwreditatem

173 468 260 495 Israel
274 468 371 505 populo
386 477 443 496 suo.

210 512 334 547 Domine,
350 522 441 542 nomen
456 519 528 542 tuum
541 515 567 541 in
581 518 705 542 (elei-nunt
721 523 730 542 :
744 515 865 549 Domine,
879 523 976 543 mento-

173 561 240 588 riale
254 566 328 588 tuum
342 562 369 588 in
383 561 572 598 generationem
585 566 609 588 et
628 562 828 596 generationem.

212 608 281 641 Quia
291 608 421 645 judicabit
438 605 566 635 Dominus
581 604 706 644 populum
718 616 793 636 suum
806 612 848 637 :et
860 609 886 636 in
898 609 977 637 servis

172 654 230 681 suis
246 654 438 688 deprecabitur.

210 700 361 728 Simulacra
381 702 495 738 gentium
513 703 647 737 argentum
662 705 686 729 et
712 709 814 735 aurum,
831 710 909 738 opera
922 711 978 730 ma-

172 756 256 775 nuum
266 748 410 777 hominum.

213 794 250 822 Os
264 794 369 830 habent,
384 799 408 823 et
423 794 475 823 non
491 795 628 832 loquentur
644 792 652 823 ἑ
669 796 756 824 oculos
771 794 874 830 habent,
889 801 913 824 et
924 806 977 825 non

173 840 307 868 videbunt.

210 886 291 915 Aures
310 886 415 921 habent,
430 893 456 915 et
470 886 521 915 'non
536 885 642 917 audient
656 896 666 917 :
681 897 761 926 neque
775 889 842 918 enim
850 894 888 918 est
901 889 977 926 Spiri—

173 938 216 962 tus
230 934 257 962 in
272 934 315 963 ore
334 934 458 971 ipsorum.

211 1121 318 1151 Similes
346 1123 399 1151 illis
413 1124 478 1159 [iant
489 1125 532 1162 qui
546 1125 646 1161 faciunt
659 1133 699 1160 ea,
716 1129 730 1145 ⁸
747 1132 777 1153 νε-
793 1129 819 1154 et
832 1133 920 1155 omnes
931 1126 976 1162 qui

172 1169 307 1202 conﬁdunt
323 1169 349 1197 in
371 1170 419 1198 eis.

210 1215 309 1243 Domus
331 1215 425 1251 Israel,
447 1216 588 1245 benedicile
608 1218 720 1246 Domino
741 1227 751 1246 :
770 1219 863 1246 domus
877 1219 974 1254 Aaron,

172 1261 314 1290 benedicite
331 1262 452 1291 Domino.

208 1308 307 1336 Domus
326 1309 396 1344 Levi,
412 1309 552 1337 benedicite
569 1306 678 1337 Domino
694 1317 704 1337 :
719 1309 763 1346 qui
776 1309 871 1337 timetis
886 1309 977 1338 Domi-

170 1361 237 1381 num
248 1376 255 1387 ,
270 1353 408 1382 benedicite
423 1353 546 1383 Domino.

208 1401 362 1430 Benedictus
383 1401 509 1430 Dominus
531 1409 563 1429 ex
584 1402 649 1430 Sion
663 1410 673 1430 :
686 1401 730 1438 qui
744 1401 843 1430 Ital'itat
858 1403 884 1430 in
896 1403 970 1431 Jeru-

169 1446 263 1475 salem.

820 177 921 207 LIBER
940 169 1162 209 PSALMORUM.

1770 183 1822 211 574

989 238 1016 269 Α
1063 239 1113 273 Qui
1128 239 1260 275 percussit
1275 244 1368 276 gentes
1374 236 1474 268 multas
1483 249 1488 267 :
1497 244 1523 268 et
1533 240 1631 268 occidit
1640 247 1717 276 reges
1727 241 1821 270 fortes.

1064 287 1137 316 Seon
1153 295 1243 323 regem
1257 287 1491 319 Amorrhmorum.
1508 291 1536 315 et
1549 287 1588 323 0g
1603 295 1694 323 regem
1711 288 1798 316 Basan
1815 297 1823 316 :

1027 339 1054 361 et
1067 334 1159 361 omnia
1175 342 1257 369 regna
1272 334 1398 361 Chanaan
1415 333 1428 353 δ
1444 334 1553 362 occidit.

1064 380 1096 407 Et
1112 380 1186 408 dedit
1202 384 1301 408 terram
1316 388 1411 409 eorum
1428 380 1626 416 haereditatem,
1639 380 1824 410 haereditalem

1028 425 1108 455 Israel
1126 423 1223 463 populo
1244 435 1303 455 suo.

1063 474 1187 507 Domine,
1207 482 1304 502 nomen
1326 479 1399 501 tuum
1413 473 1438 501 in
1453 478 1585 501 mternum
1603 482 1609 501 :
1627 473 1750 508 Domine,
1767 481 1826 501 me-

1028 520 1140 548 moriale
1155 524 1230 548 tuum
1247 520 1272 548 in
1289 520 1418 548 saeculum
1435 520 1537 548 smculi.

1063 567 1130 601 Quia
1143 566 1276 601 judieahit
1291 567 1421 594 Dominus
1436 566 1565 602 populum
1579 573 1657 593 suum
1670 575 1675 593 2
1689 569 1717 593 ct
1729 564 1755 593 in
1768 572 1826 593 scr-

1027 612 1068 640 vis
1082 612 1138 640 suis
1152 611 1347 640 COIISOIEIbillﬂ‘.

1063 658 1213 687 Simulacra
1239 659 1360 694 gentium
1383 662 1526 694 argentum
1550 661 1579 686 et
1601 665 1695 685 aurttm
1710 678 1717 692 ,
1742 653 1825 693 opera

1028 705 1155 733 inanuum
1176 705 1327 733 hominum.

1063 753 1100 781 Os
1122 753 1233 787 habent,
1257 758 1284 781 et
1305 760 1358 781 non
1374 752 1520 789 loquentur
1536 761 1542 780 :
1558 750 1651 781 Oculos
1666 750 1784 786 habent,
1799 754 1826 780 et

1028 809 1081 830 non
1095 800 1232 829 videbunt.

1064 848 1150 875 Aures
1164 847 1278 880 habent,
1292 850 1319 875 et
1332 853 1386 875 non
1400 846 1510 875 audient
1524 854 1531 875 :
1549 851 1560 866 ι·
1577 843 1658 874 nares
1672 844 1787 880 habent,
1800 839 1828 873 ei

997 925 1005 933 θ
1030 901 1082 922 non
1099 890 1262 921 odorabunt.

1067 941 1158 967 Munus
1180 940 1289 974 habent,
1312 943 1340 969 et
1360 937 1412 968 non
1427 936 1575 976 palpabunt
1592 947 1598 966 :
1616 935 1699 974 pedes
1713 935 1826 973 habent,

1030 990 1058 1015 et
1072 994 1124 1014 non
1142 985 1329 1014 ambulabunt.

1065 1033 1123 1062 Non
1146 1033 1302 1062 clamabunt
1323 1033 1350 1062 in
1371 1037 1481 1070 gutture
1501 1039 1551 1061 suo
1568 1040 1575 1061 :
1591 1038 1680 1068 neque
1698 1029 1771 1060 enim
1785 1024 1829 1060 osi

1029 1079 1140 1116 spiritus
1155 1080 1183 1108 in
1198 1088 1246 1108 ore
1262 1081 1393 1115 ipsorutn.

1064 1127 1173 1156 Similes
1188 1127 1242 1156 illis
1256 1127 1321 1155 tiam
1332 1127 1378 1163 qui
1394 1126 1495 1155 faciunt
1506 1132 1548 1160 ea,
1561 1124 1694 1155 et’omnes
1707 1124 1752 1160 qui
1763 1130 1828 1153 con-

1028 1172 1115 1202 ﬁdunt
1129 1173 1154 1201 in
1170 1173 1220 1201 eis.

1064 1220 1165 1248 Domus
1176 1220 1268 1253 lsrael,
1280 1218 1433 1248 benedicite
1444 1218 1590 1246 Dominum
1603 1226 1609 1244 :
1619 1217 1716 1245 domus
1724 1215 1826 1249 Aaron,

1029 1266 1183 1295 benedicitc
1204 1265 1349 1293 Dominum
1374 1273 1381 1292 :
1404 1264 1501 1293 domus
1515 1262 1591 1298 Levi,
1606 1262 1758 1292 benedicite
1773 1262 1828 1289 Do-

1029 1313 1143 1342 minum.

1064 1358 1116 1393 Qui
1133 1358 1234 1386 timetis
1253 1356 1409 1389 Dominum,
1421 1355 1576 1385 benedicite
1592 1354 1736 1382 Dominum
1752 1363 1759 1382 :
1775 1354 1825 1382 be-

1026 1406 1150 1434 nedictus
1177 1405 1307 1432 Dominus
1329 1411 1365 1432 ex
1390 1403 1530 1439 Sion,qui
1559 1402 1664 1430 habitat
1687 1401 1715 1430 in
1745 1398 1826 1429 Jeru-

1024 1452 1121 1481 salem.

835 1494 995 1525 PSALMUS
1013 1497 1147 1526 CXXXV.

499 1548 642 1569 Αιιειυιλ.
986 1545 1008 1577 C

206 1587 374 1621 Canﬁtemiui
394 1586 518 1620 Domino,
540 1587 663 1622 quoniam
684 1587 765 1616 bonus
780 1596 790 1616 :
804 1588 929 1623 quoniam
947 1589 974 1616 in

169 1638 295 1661 a'trrnum
309 1633 488 1661 misericordia
502 1635 568 1669 ejus.

207 1681 372 1716 Conﬁtentini
387 1681 441 1708 Deo
456 1681 562 1708 deorum
578 1688 587 1707 :
602 1680 723 1716 quoniam
742 1681 769 1709 in
783 1686 910 1711 wternum
923 1682 960 1710 mi
966 1698 973 1703 -

168 1728 314 1755 sericordia
331 1729 397 1764 ejus.

208 1773 376 1807 Conﬁtemini
393 1772 502 1800 Domino
517 1772 682 1801 dominorum
697 1781 706 1801 :
721 1774 843 1810 quoniam
856 1774 883 1802 in
897 1780 973 1802 tuter-

171 1829 236 1847 num
251 1820 429 1847 misericordia
442 1821 510 1856 ejus.

211 1867 263 1899 Qui
281 1866 344 1901 facit
361 1866 491 1893 mirabilia
508 1868 604 1902 magna
618 1867 689 1894 solus
704 1874 714 1894 :
727 1866 849 1901 quoniam
863 1866 890 1894 in
903 1868 978 1894 teter-

173 1921 238 1940 num
252 1910 432 1940 misericordia
443 1914 510 1949 ejus.

213 1959 265 1993 Qui
285 1959 344 1995 fecit
364 1959 441 1987 actos
460 1959 487 1986 in
503 1958 634 1987 intellectu
650 1967 659 1986 :
674 1960 796 1994 quoniam
811 1960 837 1987 in
852 1964 978 1988 retentum

174 2005 356 2032 misericordia
367 2007 434 2042 ejus.

212 2052 263 2086 Qui
283 2052 394 2086 firmavit
409 2058 502 2080 terram
516 2061 594 2088 super
608 2062 687 2089 aquas
703 2062 713 2081 :
724 2055 846 2088 quoniam
862 2055 888 2081 in
901 2059 976 2083 (vter-

174 2108 237 2126 num
249 2100 427 2127 misericordia
437 2101 505 2136 ejus.

212 2146 264 2178 Qui
286 2146 345 2181 fecit
367 2146 508 2175 luminaria
527 2156 620 2183 magna
640 2156 650 2176 :
663 2149 787 2184 quoniam
806 2149 834 2176 in
853 2154 978 2177 wternum

176 2193 356 2222 misericordia
375 2195 443 2231 ejus.

1352 1550 1495 1570 ALLELUIA.

1062 1590 1234 1619 Cuniitemini
1255 1590 1388 1624 Domino,
1408 1588 1535 1624 quoniam
1556 1586 1646 1615 bimus
1667 1586 1737 1623 Uis.
1760 1586 1824 1614 add.

1027 1638 1079 1675 est]
1095 1648 1102 1666 :
1119 1638 1247 1674 quoniam
1264 1638 1289 1665 in
1305 1637 1436 1665 Saeculum
1452 1634 1638 1663 miserieonlia
1651 1633 1720 1669 ejus.

1062 1685 1235 1713 Conﬁtemini
1254 1685 1311 1713 Deo
1331 1684 1444 1712 deorum
1467 1691 1473 1710 :
1497 1681 1624 1718 quoniam
1648 1681 1674 1708 in
1697 1680 1826 1708 sacculum

1027 1733 1212 1761 misericordia
1227 1732 1296 1767 ejus.

1064 1779 1237 1808 Cuntitemini
1252 1777 1367 1806 Domino
1382 1776 1555 1805 dominorum
1572 1783 1579 1802 :
1594 1774 1721 1810 quoniam
1736 1774 1763 1802 in
1776 1781 1827 1802 sre-

1029 1827 1119 1855 culum
1136 1826 1322 1854 misericordia
1336 1824 1395 1860 ejus
1409 1834 1415 1851 :

1064 1873 1114 1907 Qui
1133 1872 1196 1899 facit
1215 1871 1349 1899 mirabilia
1370 1877 1465 1905 magna
1478 1869 1552 1898 solus
1569 1879 1575 1896 :
1592 1868 1719 1905 quoniam
1734 1869 1760 1896 in
1773 1876 1827 1896 εω-

1029 1918 1120 1946 cnlum
1135 1917 1320 1945 misericordia
1337 1916 1407 1952 ejus.

1064 1964 1115 1998 Qui
1137 1963 1149 1982 ιι
1165 1964 1226 1991 fecit
1243 1963 1326 1991 eteius
1342 1963 1368 1990 in
1384 1961 1522 1990 intellectu
1533 1984 1540 1997 ,
1556 1961 1683 1997 quoniam
1698 1962 1725 1989 in
1741 1968 1828 1989 sarcu-

1031 2012 1086 2039 lum
1102 2010 1288 2038 misericordia
1303 2010 1371 2045 ejus.

1066 2058 1116 2092 Qui
1130 2057 1254 2085 fundavit
1265 2061 1366 2084 terram
1383 2063 1463 2091 super
1479 2062 1562 2091 aquas
1577 2063 1583 2082 :
1598 2053 1726 2089 quoniam
1738 2054 1765 2082 in
1778 2062 1829 2082 sa:-

1030 2104 1121 2132 culum
1138 2103 1324 2131 miserimirdia
1346 2102 1415 2137 ejus.

1065 2150 1142 2184 Qui“3
1155 2150 1217 2178 fecit
1231 2149 1374 2177 luminaria
1387 2157 1483 2184 magna
1496 2149 1570 2177 solus
1583 2158 1589 2175 :
1603 2147 1730 2184 quOniam
1742 2148 1768 2176 in
1779 2155 1828 2176 sa:-

1030 2197 1124 2224 culum’
1135 2196 1321 2224 misericordia
1336 2197 1406 2231 ejus.

216 2339 229 2353 ⁸
244 2334 299 2363 Nos
312 2334 439 2372 obelum,
454 2335 499 2371 qui
515 2335 611 2365 deerat
629 2341 692 2365 ante
703 2359 710 2371 ,
725 2342 750 2365 et
766 2338 890 2372 copulam
902 2359 909 2370 ,
932 2338 982 2365 ad-
996 2338 1022 2369 D
1073 2343 1084 2357 ο
1104 2338 1256 2372 Sequentes
1282 2336 1409 2364 versiculi
1434 2335 1488 2364 huc
1510 2335 1634 2363 translati
1660 2337 1722 2362 sunt
1737 2334 1764 2372 in
1779 2334 1834 2362 Ro-

181 2376 313 2434 .moneute
332 2371 456 2400 Palatino
478 2380 542 2406 ms.,
557 2372 591 2400 ad
606 2374 712 2402 Hebraei
726 2371 817 2401 textus
831 2374 910 2401 ﬁdem
926 2374 984 2401 suf-

194 2415 308 2434 coimus.

194 2415 308 2434 CCImUS.

218 2442 232 2461 ι’
245 2443 368 2479 VVerbum
387 2444 488 2477 occidit,
510 2445 581 2479 quod
596 2449 624 2472 et
638 2444 803 2479 Augustinus
819 2445 925 2472 videtur
940 2444 983 2473 rd-

181 2478 307 2510 tinuisse,
329 2486 381 2506 ms.
402 2478 552 2507 Veronelis.
577 2486 656 2508 tacet.
676 2480 744 2507 Tum
767 2480 849 2515 legit,
866 2479 900 2506 Et
914 2480 984 2508 dedit

182 2519 278 2541 terram
291 2522 379 2541 eorum
392 2516 419 2542 in
433 2515 617 2549 hrcreditatem,
630 2516 805 2543 htereditatem
820 2516 901 2543 Israel
912 2524 984 2544 servo

181 2558 240 2577 suo.
256 2550 376 2583 Domine,
393 2559 485 2578 nomen
501 2555 572 2578 tuum
586 2553 612 2578 in
627 2552 733 2583 saecula,
750 2551 898 2578 memoriule
912 2557 983 2579 tuitui

183 2585 387 2623 inAgeneratione
400 2591 421 2613 et
435 2588 636 2621 generationem.
651 2587 778 2619 Quoniam
787 2588 914 2623 judicavit
927 2588 983 2614 Do-

183 2621 271 2647 minus
285 2621 384 2656 plebem
394 2631 478 2654 suam,
490 2628 557 2656 etc.,
570 2623 733 2650 adninussim
745 2621 805 2650 cum
817 2623 982 2658 Augustino;

184 2664 241 2683 non
256 2662 346 2684 autem
361 2665 419 2691 t|l|.1!
436 2659 502 2685 intra
518 2664 581 2686 sunt
596 2659 645 2685 tria
661 2660 686 2685 in
703 2659 812 2686 instanti
824 2660 915 2693 verba,
933 2667 984 2686 non

185 2692 337 2730 loquuntur,
355 2701 406 2719 non
421 2694 514 2730 uident,
531 2703 581 2722 non
597 2694 718 2729 audiunt,
734 2700 829 2722 contra
844 2692 922 2730 quam
935 2702 986 2722 sae-

185 2728 247 2762 pius
268 2728 377 2755 laudato
397 2728 493 2756 θ(ιίῐοτὶ
513 2735 633 2757 notatum
651 2728 818 2758 est.'Notuut
836 2728 916 2763 porro
935 2731 987 2758 huc

185 2764 287 2801 ascitos
301 2771 363 2801 esse
377 2771 410 2791 ex
426 2766 559 2797 superiori
578 2765 682 2793 Psalmo
694 2774 757 2794 cxtu
769 2767 926 2798 versiculos,
941 2767 987 2801 qui

185 2800 286 2826 exinde
301 2800 518 2833 subsequuntur;
532 2802 558 2828 in
571 2802 669 2835 quibus
682 2807 770 2830 tamen
783 2810 835 2829 non
846 2800 989 2829 contrecta-

186 2835 270 2872 bunt,
288 2843 336 2869 pro
351 2835 503 2872 palpabunt,
518 2841 546 2863 et
566 2837 593 2862 in
614 2838 731 2872 {attribuis
746 2838 810 2870 suis,
827 2846 876 2871 pro
891 2843 992 2872 gutture

187 2879 236 2907 suo
252 2871 361 2904 legitur.
375 2870 496 2905 Denique
509 2872 605 2899 iterum
614 2870 678 2900 cum
694 2874 806 2907 August.
823 2870 928 2901 Similes
940 2873 992 2900 illis

189 2905 254 2942 ﬁant
271 2914 360 2933 omnes
379 2908 434 2942 qui,
450 2912 516 2939 etc.,
533 2908 558 2934 in
574 2907 626 2934 lino
642 2905 783 2936 antem‘dc
797 2916 846 2936 suo
862 2909 996 2936 bencdical

190 2946 215 2967 te
230 2941 359 2969 Dominus
373 2963 378 2974 .
394 2950 443 2977 pro
459 2943 603 2971 benedictus
621 2943 756 2971 Dominus.

1036 2381 1117 2400 mano
1133 2370 1264 2400 Psalterio
1277 2394 1284 2405 ,
1300 2380 1331 2399 ex
1348 2372 1451 2406 psalmo
1465 2371 1599 2405 superiori
1620 2378 1702 2398 cxut:
1723 2370 1761 2397 sic
1785 2378 1834 2404 pro

1036 2410 1173 2436 voluntate
1189 2409 1354 2444 scriptorum
1370 2407 1445 2444 plura
1459 2407 1591 2435 habemus
1600 2406 1773 2444 admistiquis
1784 2413 1828 2440 ge-

1036 2452 1101 2472 nera
1114 2445 1139 2472 in
1153 2438 1490 2478 veteri'Vulgata'Grircs,
1507 2449 1587 2477 atque
1599 2442 1703 2469 Latina.
1722 2438 1813 2478 Mater.

1071 2480 1083 2498 ἀ
1101 2480 1129 2507 In
1151 2481 1260 2507 instanti
1281 2477 1333 2507 ms.
1357 2478 1505 2507 Veronens.
1519 2479 1564 2513 qui
1579 2478 1650 2513 facit,
1668 2482 1695 2503 ut
1710 2481 1737 2504 et.
1751 2477 1831 2509 intra,

1036 2517 1111 2543 rte/os
1130 2517 1156 2543 in
1172 2515 1342 2551 intelligentia
1359 2523 1367 2541 :
1383 2521 1443 2549 qua:
1460 2515 1622 2551 Augustino,
1642 2520 1723 2551 quem
1738 2517 1834 2551 anetor

1036 2560 1094 2579 sum
1120 2556 1148 2579 ut
1168 2547 1304 2584 consulas,
1327 2547 1406 2577 lectio
1428 2547 1555 2576 innotuit.
1575 2549 1679 2576 Vitlesis
1694 2553 1720 2576 et
1738 2547 1835 2584 Hiero-

1037 2588 1108 2623 nymi
1132 2588 1272 2623 epistolam
1297 2586 1477 2623 adr$unniam
1494 2590 1524 2623 et
1545 2585 1691 2623 Fretelam.
1707 2584 1750 2619 qui
1767 2583 1836 2623 alle-

1037 2619 1096 2650 rinn
1113 2619 1210 2651 nomen
1225 2624 1305 2655 solus,
1319 2622 1361 2649 ubi
1377 2622 1477 2648 dicitur
1490 2620 1628 2647 luminaria
1644 2628 1739 2656 magna
1752 2619 1834 2652 solus,

1037 2659 1071 2687 de
1085 2659 1216 2694 superiori
1231 2658 1366 2686 versiculo
1387 2656 1527 2689 additum,
1544 2660 1623 2691 atque
1639 2656 1708 2683 adeo
1724 2663 1833 2690 expun-

1037 2696 1153 2731 gendum
1168 2695 1256 2722 docet.

1077 2736 1087 2749 ο
1111 2731 1147 2758 Dc
1157 2731 1207 2757 hoc
1219 2730 1312 2761 verbo,
1327 2728 1407 2761 solus,
1420 2727 1600 2763 Hieronymus
1610 2727 1736 2755 aiehutad
1747 2726 1834 2754 Sunn.

1039 2772 1066 2794 et
1081 2767 1179 2793 Fretel.
1197 2775 1203 2792 :
1228 2765 1319 2791 Dicitis
1339 2764 1398 2799 quia
1414 2764 1440 2790 in
1459 2762 1551 2790 Greco
1564 2763 1709 2790 inveneritis
1721 2783 1727 2794 ,
1742 2770 1837 2798 magna

1043 2801 1113 2829 salus
1127 2810 1136 2834 ;
1151 2802 1194 2828 sed
1210 2801 1259 2827 hoc
1274 2801 1306 2827 de
1318 2800 1445 2834 superiori
1456 2799 1582 2826 versiculo
1592 2803 1643 2831 est,
1660 2799 1703 2825 ubi
1719 2799 1836 2834 legimus,

1043 2838 1087 2872 qui
1103 2837 1163 2871 facit
1185 2837 1314 2863 mirabilia
1340 2843 1432 2871 magna
1455 2836 1537 2862 solus.
1560 2834 1602 2872 liti
1624 2843 1683 2872 ergo
1699 2835 1837 2872 legendum

1045 2869 1092 2904 est,
1104 2869 1131 2899 et
1145 2873 1187 2899 hic
1199 2872 1275 2908 quasi
1289 2869 1459 2906 superﬂuum,
1471 2879 1523 2908 non
1538 2870 1711 2908 scribendum.
1738 2869 1766 2896 In
1780 2869 1838 2896 edi-

1046 2909 1080 2935 tis
1095 2906 1407 2943 cxeniplarihusGraecis
1421 2907 1545 2939 verbum,
1558 2906 1645 2943 solus,
1662 2906 1769 2943 legitur,
1783 2911 1837 2932 non

1049 2949 1137 2972 tamen
1154 2943 1179 2971 in
1197 2952 1247 2972 ius.
1262 2944 1411 2972 Snrbonico
1422 2942 1549 2972 editionis
1565 2942 1647 2970 LXX.
1661 2942 1751 2969 MART.
