4090 6338
439 297 547 358 375

1445 293 1507 351 S.
1549 292 1935 352 HIERONYMI
1974 293 2209 354 DIVINA
2246 295 2730 356 BIBLIOTHECA.

3630 300 3740 360 576

511 418 690 476 Solem
718 417 770 473 in
797 423 1102 491 potestatem
1130 413 1235 471 diei
1261 429 1282 471 :
1308 412 1552 487 quoniam
1580 413 1634 468 in
1664 422 1914 470 teternnm
1939 413 2040 468 mi-
2063 417 2118 480 Α
2215 415 2400 473 Solem
2434 417 2491 472 in
2519 423 2789 492 potestate
2817 414 2926 474 diei
2952 431 2967 474 :
2995 417 3252 490 quoniam
3277 417 3332 475 in
3358 415 3620 476 saeculum
3638 419 3742 476 mi-

435 512 714 569 sericordia
754 511 889 584 ejus.

510 607 717 662 Lunam
736 651 750 676 ,
783 614 829 660 et
852 602 1031 660 stellas
1060 602 1114 658 in
1142 611 1445 674 potestatem
1475 603 1639 658 noctis
1670 618 1687 656 :
1715 601 1959 673 quoniam
1987 602 2043 656 in

438 710 689 757 wterrrum
716 696 1072 755 misericordia
1099 699 1214 770 ejus
1242 706 1289 750 ⁸.

513 793 614 860 Qui
656 790 908 864 percussit
951 788 1240 863 Egi/ptum
1268 804 1386 843 cum
1431 788 1786 862 primOgenitis
1815 803 1990 844 eorum
2017 803 2043 858 ;

434 887 682 959 quoniam
709 885 762 938 in
787 894 1036 940 internum
1066 881 1423 938 misericordia
1445 885 1576 954 ejus.

512 978 615 1045 Qui
662 977 843 1031 eduxit
891 974 1063 1031 Israel
1102 975 1166 1030 de
1206 974 1375 1030 medio
1423 989 1601 1028 eorum
1644 988 1664 1029 :
1698 973 1943 1045 quoniam
1987 973 2042 1029 in

438 1079 693 1128 azternum
719 1069 1074 1126 misericordia
1099 1071 1234 1142 ejus.

508 1162 579 1220 In
624 1181 781 1220 manu
824 1163 1042 1236 potenti,
1083 1171 1131 1218 et
1172 1159 1382 1216 brachio
1421 1159 1622 1216 excelso
1656 1175 1676 1216 :
1715 1158 1960 1230 quoniam
1985 1161 2041 1217 in

436 1269 686 1317 wternum
712 1258 1067 1314 misericordia
1103 1260 1240 1329 ejus.

512 1353 614 1423 Qui
642 1353 812 1408 dirisit
841 1368 984 1407 mare
1011 1350 1247 1406 Rubrum
1275 1351 1331 1406 in
1361 1349 1644 1406 divisiones
1671 1365 1691 1405 :
1715 1350 1963 1422 quoniam
1985 1350 2041 1406 in

433 1457 686 1508 ceternum
713 1444 1073 1500 misericordia
1098 1447 1236 1517 ejus.

505 1538 576 1593 Et
604 1539 784 1593 eduxit
809 1535 978 1593 Israel
1001 1554 1095 1608 per
1114 1537 1344 1592 medium
1371 1539 1482 1606 eius
1510 1553 1528 1590 :
1555 1536 1798 1608 quoniam
1819 1536 1872 1592 in
1891 1544 2043 1594 teter-

433 1646 561 1685 num
590 1628 947 1684 misericordia
972 1629 1108 1698 ejus.

507 1722 576 1777 Et
617 1721 841 1776 excussit
884 1718 1216 1775 Pharaonem
1243 1760 1260 1788 ,
1303 1728 1351 1774 et
1390 1719 1629 1776 virtutem
1663 1725 1776 1794 ejus
1826 1723 1881 1777 in
1909 1723 2042 1778 mari

434 1813 616 1869 Rubro
645 1828 664 1870 :
692 1813 937 1885 quoniam
966 1812 1020 1866 in
1045 1821 1298 1868 ceternum
1322 1812 1681 1868 misericordia
1705 1817 1839 1887 ejus.

430 1910 466 1974 "rt,
509 1907 615 1975 Qui
657 1906 892 1962 traduxit
937 1904 1191 1978 populum
1219 1921 1373 1960 suum
1399 1905 1426 1944 ιι
1459 1922 1551 1977 per
1576 1906 1833 1963 desertum
1860 1923 1881 1963 :
1903 1923 2040 1980 quo-

435 2000 579 2057 niam
605 2000 660 2057 in
687 2008 939 2055 retentum
974 1997 1333 2054 misericordia
1370 1998 1502 2068 eius.

513 2282 614 2351 Qui
655 2281 907 2354 percussit
945 2295 1343 2354 reges-magnos
1383 2294 1404 2336 :
1445 2279 1689 2351 quoniam
1718 2280 1772 2335 in
1793 2289 2042 2337 internum

439 2375 796 2431 misericordia
817 2375 951 2446 ejus.

508 2472 580 2527 Et
619 2471 804 2527 occidit
833 2484 976 2542 reges
1015 2465 1172 2538 fortes
1204 2480 1224 2522 :
1251 2466 1495 2539 quoniam
1532 2465 1587 2522 in
1611 2474 1862 2522 teter-num
1892 2467 2045 2522 mise-

436 2564 674 2621 ricordia
700 2568 835 2637 ejus.

513 2658 692 2716 Sehon
731 2673 901 2730 regem
937 2655 1361 2711 Amorrhworum
1391 2669 1409 2708 :
1437 2653 1681 2725 quoniam
1710 2653 1764 2708 in
1791 2660 2045 2710 mternum

437 2752 798 2811 misericordia
822 2755 956 2825 ejus.

514 2847 586 2903 Et
629 2847 707 2919 Og
745 2861 916 2918 regem
956 2842 1134 2900 Busan
1162 2859 1180 2899 :
1205 2843 1450 2916 quoniam
1491 2842 1545 2897 in
1573 2850 1821 2897 ceternum
1848 2839 2048 2896 miseri-

443 2941 622 2998 cordia
661 2942 792 3012 ejus.

515 3032 587 3089 Et
616 3033 757 3088 dedit
785 3041 975 3087 terram
999 3047 1177 3086 eorum
1199 3028 1552 3084 hazreditatem
1574 3041 1594 3082 :
1613 3026 1859 3095 quoniam
1879 3026 1932 3081 in
1951 3039 2049 3080 sa:-

446 3129 622 3184 culum
645 3124 1000 3182 misericordia
1019 3127 1152 3197 ejus.

2143 507 2439 566 sericordia
2476 510 2620 581 ejus.

2214 602 2422 658 Lunam
2451 614 2507 660 et
2545 603 2732 660 stellas
2772 604 2826 659 in
2857 611 3122 676 potestate
3150 603 3327 660 noctis
3357 621 3370 657 :
3399 601 3654 674 quoniam
3685 601 3745 658 in

2143 695 2404 752 sreculum
2441 696 2815 753 misericordia
2849 697 2988 766 ejus.

2213 788 2316 857 Qui
2357 790 2628 861 percussit
2668 788 2964 862 Egyptum
3005 805 3128 846 cum
3172 788 3463 861 primitivis
3499 803 3690 846 eorum
3722 806 3741 846 :

2143 883 2399 953 quoniam
2429 881 2482 938 in
2513 883 2771 939 sazculum
2800 882 3177 940 misericordia
3202 882 3343 953 ejus.

2217 977 2283 1033 Et
2311 977 2500 1034 eduxit
2529 977 2692 1035 Israel
2722 977 2748 1016 ά
2776 977 2844 1035 de
2868 977 3052 1035 medio
3077 977 3193 1048 ejus
3225 992 3242 1032 :
3270 977 3525 1048 quoniam
3554 975 3612 1033 in
3640 990 3745 1034 sa:-

2142 1070 2327 1127 culum
2353 1071 2729 1128 misericordia
2755 1071 2894 1143 ejus.

2214 1162 2274 1218 In
2298 1177 2462 1219 manu
2489 1164 2634 1231 forti,
2656 1173 2710 1220 et
2735 1162 2962 1220 brachio
2985 1161 3202 1221 excelso
3229 1177 3244 1217 :
3271 1160 3525 1234 quoniam
3549 1162 3608 1219 in
3633 1176 3746 1220 sa:-

2141 1257 2324 1314 culnm
2355 1259 2734 1315 misericordia
2758 1258 2898 1330 ejus.

2213 1351 2318 1421 Qui
2345 1352 2531 1410 divisit
2565 1369 2720 1411 mare
2748 1354 2989 1413 Rubrum
3023 1353 3079 1410 in
3107 1351 3406 1411 divisiones
3437 1369 3451 1407 :
3483 1350 3746 1424 quoniam

2143 1444 2199 1502 in
2225 1446 2490 1503 smculum
2517 1447 2892 1504 misericordia
2920 1447 3060 1519 ejus.

2215 1539 2282 1596 Et
2311 1540 2497 1597 eduxit
2522 1541 2684 1598 Israel
2715 1556 2811 1614 per
2834 1541 3073 1599 medium
3098 1539 3256 1612 ejus:
3278 1539 3533 1612 quoniam
3556 1537 3609 1595 in
3633 1551 3747 1596 sa:-

2144 1634 2326 1690 culum
2356 1636 2732 1692 misericordia
2770 1635 2912 1706 ejus.

2212 1726 2281 1782 Et
2311 1728 2556 1784 excussit
2585 1726 2923 1784 Pharaonem
2951 1735 3006 1783 et
3032 1725 3332 1783 exercitum
3360 1723 3480 1796 ejus
3518 1723 3574 1780 in
3607 1722 3747 1779 mari

2067 1820 2119 1882 B
2145 1817 2330 1876 Rubro
2362 1839 2376 1876 :
2404 1821 2660 1892 quoniam
2688 1821 2744 1876 in
2772 1820 3032 1876 smculum
3058 1818 3430 1876 misericordia
3457 1817 3600 1888 ejus.

2214 1912 2318 1980 Qui
2349 1913 2657 1970 transduxit
2682 1914 2940 1986 populum
2965 1929 3124 1970 suum
3149 1929 3246 1984 per
3267 1913 3548 1970 desertum
3576 1893 3745 1984 :quo-

2143 2005 2291 2062 niam
2320 2007 2372 2062 in
2400 2007 2661 2063 smculum
2689 2007 3066 2064 misericordia
3093 2006 3236 2077 ejus.

2217 2097 2319 2170 Qui
2366 2111 2390 2140 ο
2431 2103 2618 2159 eduxit
2654 2117 2850 2175 aquam
2887 2103 2958 2160 de
2995 2111 3149 2176 petra
3178 2101 3328 2175 rupis
3357 2117 3374 2160 :
3403 2100 3659 2173 quoniam
3689 2099 3744 2156 in

2144 2195 2405 2252 sarculum
2435 2195 2814 2253 misericordia
2853 2197 2994 2267 ejus.

2217 2290 2320 2359 Qui
2353 2291 2623 2361 percussit
2649 2305 2805 2363 reges
2829 2304 3054 2364 magnos
3083 2307 3096 2346 :
3122 2289 3382 2362 quoniam
3409 2289 3463 2347 in
3483 2287 3745 2346 saeculum

2147 2381 2518 2438 misericordia
2544 2383 2683 2454 ejus.

2219 2473 2287 2529 Et
2311 2473 2511 2530 occidit
2535 2489 2693 2547 reges
2721 2474 2998 2532 mirabiles
3017 2473 3152 2548 [Ms.
3175 2469 3546 2543 admirabiles]
3574 2486 3750 2544 :quo-

2149 2569 2292 2626 niam
2315 2569 2368 2624 in
2389 2568 2648 2626 saeculum
2675 2569 3051 2626 misericordia
3075 2567 3216 2638 ejus.

2219 2660 2365 2718 Seon
2396 2675 2578 2732 regem
2605 2660 3054 2718 Amorrhmorum
3085 2678 3099 2718 :
3127 2660 3388 2734 quoniam
3411 2661 3465 2717 in
3487 2656 3750 2716 saeculum

2147 2753 2523 2811 misericordia
2547 2753 2686 2826 ejus.

2221 2848 2288 2904 Et
2313 2848 2392 2919 03
2417 2862 2602 2919 regem
2629 2847 2806 2904 Basan
2841 2865 2854 2902 :
2882 2846 3140 2920 quoniam
3167 2845 3221 2903 in
3247 2845 3508 2903 saeculum
3536 2842 3752 2902 miseri-

2151 2941 2336 2998 cordia
2359 2941 2496 3010 ejus.
3252 2980 3255 2982 -

2224 3035 2292 3091 Ει
2319 3035 2472 3092 dedit
2501 3045 2700 3093 terram
2729 3051 2921 3092 eorum
2958 3033 3335 3093 Itmreditatcm
3365 3051 3378 3088 :
3406 3032 3664 3106 quoniam
3696 3032 3751 3087 in

2155 3128 2416 3186 sarculum
2447 3128 2825 3186 misericordia
2853 3130 2992 3201 ejus.

518 3223 900 3279 Hcereditatem
933 3218 1106 3276 Israel
1147 3233 1295 3274 servo
1333 3233 1426 3273 suo
1456 3233 1474 3272 :
1505 3215 1749 3288 quoniam
1796 3219 1852 3271 in
1899 3223 2047 3272 ater-
2073 3213 2122 3280 C
2222 3220 2606 3278 Hmreditatem
2630 3223 2796 3279 Israel
2825 3237 2987 3280 servo
3022 3236 3161 3280 suo:
3193 3221 3448 3294 quoniam
3487 3219 3546 3277 in
3574 3232 3752 3276 saecu-

449 3336 578 3375 nnm
607 3316 965 3372 misericordia
995 3316 1131 3385 ejus.

525 3410 663 3478 Quia
689 3410 747 3463 in
774 3407 1067 3462 humilitate
1101 3415 1280 3461 nostra
1312 3420 1509 3460 memor
1529 3403 1631 3477 fuit
1664 3403 1830 3460 nostri
1864 3419 1884 3458 :
1911 3419 2040 3474 quo-

450 3502 594 3559 niam
614 3502 669 3556 in
695 3511 944 3556 teternum
971 3497 1325 3554 misericordia
1351 3499 1486 3570 ejus.

528 3680 597 3734 Et
626 3680 839 3740 redemit
863 3695 958 3734 nos
985 3680 1050 3734 ab
1090 3677 1314 3732 inimicis
1344 3676 1536 3733 nostris
1565 3691 1582 3730 :
1612 3675 1858 3749 quoniam
1904 3676 1956 3733 in
1985 3691 2048 3732 a3-

461 3786 665 3830 ternum
691 3771 1048 3828 misericordia
1072 3773 1204 3846 ejus.

531 3867 632 3934 Qui
661 3865 748 3920 dat
771 3881 936 3919 escam
966 3861 1267 3918 ontnicarni
1290 3878 1309 3918 :
1329 3861 1574 3934 quoniam
1601 3860 1655 3916 in
1680 3869 1932 3916 wternunt
1953 3861 2051 3915 mi-

460 3959 744 4016 sericordia
774 3961 908 4030 ejus.

535 4049 866 4120 Conﬁtemini
894 4048 1003 4104 Deo
1029 4046 1144 4103 coeli
1174 4061 1195 4102 :
1216 4045 1462 4117 quoniam
1492 4045 1545 4102 in
1567 4054 1816 4102 a’ternum
1848 4045 2050 4102 miseri-

463 4145 644 4201 cordia
673 4146 805 4212 eius.

540 4247 562 4276 ο
593 4252 654 4292 +
679 4235 1006 4310 Conﬁtentini
1043 4236 1268 4292 Domino
1296 4235 1623 4292 dominorum
1654 4251 1674 4291 :
1712 4235 1958 4308 quoniam
1996 4236 2052 4290 in

461 4339 712 4387 azternum
735 4329 1089 4386 misericordia
1117 4332 1247 4404 ejus.

2156 3313 2268 3370 lum
2301 3313 2685 3372 misericordia
2717 3316 2856 3385 ejus.

2226 3406 2368 3474 Quia
2398 3407 2526 3478 [‘Ms.
2570 3407 2848 3480 quoniam]
2881 3408 2935 3464 in
2974 3407 3284 3464 humilitate
3312 3417 3498 3464 nostra
3540 3418 3754 3461 memor

2153 3495 2254 3552 fuit
2283 3499 2458 3554 nostri
2503 3497 2765 3556 Dominus
2795 3516 2810 3555 :
2851 3500 3113 3571 quoniam
3143 3500 3198 3556 in
3229 3498 3492 3556 saeculum
3533 3496 3753 3553 miseri-

2156 3589 2348 3645 cordia
2379 3590 2516 3660 ejus.
2572 3616 2581 3625 -

2226 3683 2295 3738 Et
2321 3681 2557 3740 redemit
2588 3697 2690 3739 nos
2727 3681 2796 3738 de
2822 3695 2987 3737 manu
3014 3679 3368 3737 inimicorum
3395 3689 3709 3737 nostrorum
3737 3696 3753 3735 :

2153 3773 2413 3846 quoniam
2443 3775 2496 3830 in
2519 3773 2784 3831 smculum
2813 3772 3189 3828 misericordia
3219 3772 3357 3843 ejus.

2224 3867 2329 3934 Qui
2357 3867 2452 3923 dat
2477 3881 2658 3924 escam
2697 3865 2848 3923 omni
2876 3865 3032 3923 carni
3057 3883 3071 3921 :
3101 3865 3359 3937 quoniam
3391 3864 3445 3921 in
3491 3863 3757 3920 smculum

2166 3958 2545 4016 misericordia
2567 3959 2706 4030 ejus.

2228 4051 2571 4109 Conﬁtemini
2598 4051 2616 4091 ί
2643 4052 2758 4108 Deo
2783 4050 2909 4125 [Μδ.
2935 4048 3187 4122 Domino]
3217 4049 3342 4107 εαξιί
3368 4066 3381 4105 :
3409 4049 3668 4123 quoniam
3700 4049 3757 4105 in

2159 4147 2420 4204 sacculum
2450 4146 2828 4203 misericordia
2858 4147 2997 4216 ejus.

2231 4237 2574 4296 Conﬁtemiui
2602 4239 2836 4295 Domino
2858 4237 3229 4303 dominorum,
3260 4235 3516 4307 quoniam
3536 4234 3713 4292 bonus
3737 4250 3754 4290 ε

2162 4333 2420 4404 quoniam
2450 4333 2506 4390 in
2537 4331 3207 4391 smculum‘misericordia
3223 4330 3365 4403 ejus.

1760 4422 2077 4484 PSALMUS
2112 4425 2404 4483 CXXXVI.

857 4531 1015 4575 omo
1051 4531 1312 4586 PSALIUS,
1340 4533 1583 4574 sensum
1615 4517 1638 4587 ζ

540 4612 716 4683 Super
737 4611 957 4681 flumina
988 4607 1272 4680 Babylonis
1299 4610 1410 4666 illic
1441 4611 1669 4669 sedimus
1697 4623 1743 4671 et
1773 4613 2010 4689 ﬂeuimus
2035 4633 2054 4671 :

471 4731 588 4771 cum
615 4709 1005 4767 recordaremur
1037 4706 1186 4763 Sion.

539 4871 567 4901 ιδ
597 4862 676 4918 De
703 4874 803 4918 suo
833 4857 982 4914 addit
1009 4857 1177 4912 Palat.
1209 4870 1312 4912 ms.
1345 4855 1669 4928 Diapsalma.

535 4932 564 4970 ι)
593 4933 824 5004 Sequior
851 4943 1044 5004 manus
1060 4930 1124 5004 in
1153 4927 1344 5004 eodem
1376 4927 1566 4984 codice
1586 4929 1870 5001 rescripsit
1888 4930 1941 4986 in
1966 4932 2060 4986 de-

467 5016 602 5062 serto
631 5022 648 5058 :
680 5001 902 5074 propius
924 5001 1020 5074 Gr.
1050 5001 1099 5054 ἐν
1128 5009 1190 5072 τῇ
1217 5002 1406 5074 ἐρήμῷ.

547 5089 570 5116 ε
613 5071 726 5132 Huc
769 5071 1061 5129 translatus
1108 5071 1194 5126 est
1235 5071 1533 5127 versiculus
1578 5073 1772 5128 tertius
1811 5073 2056 5140 ejusdem

473 5150 688 5221 psalmi,
714 5147 812 5221 qui
835 5160 943 5221 non
977 5145 1176 5221 legitur
1206 5143 1258 5196 iu
1288 5143 1539 5221 Hebraeo,
1568 5159 1668 5221 nec
1693 5145 1744 5197 in
1771 5144 2057 5221 LX_X_I_lo-

475 5213 651 5276 inanae
673 5213 964 5275 editionis.
1026 5219 1224 5272 Exstat
1263 5225 1442 5270 tamen
1494 5214 1546 5268 in
1588 5213 1780 5269 Graeco
1826 5216 2055 5285 triplicis

473 5292 724 5348 Psalterii
755 5306 859 5345 ms.
892 5287 1197 5354 Sorbonici,
1234 5298 1395 5357 atque
1423 5287 1476 5341 in
1507 5286 1760 5342 omnibus
1787 5301 1919 5342 mss.
1952 5301 2054 5343 no-

470 5364 602 5420 stris
630 5363 859 5418 Latinis.
890 5361 1072 5417 Msn'r.

439 5485 443 5490 .
547 5465 618 5476 —
641 5434 841 5490 Obelus
873 5443 1076 5489 temere
1099 5427 1494 5500 praetermissus
1519 5438 1599 5484 est
1615 5430 1665 5485 in
1693 5428 1937 5484 Palatino
1952 5439 2056 5486 nis.

477 5506 694 5562 Videsis
715 5521 878 5576 porro
903 5519 1024 5576 qua:
1051 5503 1120 5558 de
1144 5500 1412 5555 adscititio
1439 5500 1542 5555 hoc
1570 5517 1732 5557 versu
1753 5501 1820 5556 ad
1841 5502 2063 5572 appoi-

472 5589 585 5634 tam
614 5574 923 5633 columnam
955 5574 1216 5629 dicemus.

549 5647 574 5685 ἀ
595 5649 793 5707 Veron.
810 5662 912 5703 ms.
941 5661 1029 5716 per
1055 5642 1310 5716 medium:
1331 5651 1441 5697 tum
1455 5652 1647 5716 quarto
1667 5643 1734 5700 ab
1756 5643 1858 5700 hoc
1877 5659 2061 5712 versu,

476 5719 808 5775 Pharaonem
831 5727 878 5772 et
905 5717 1141 5770 uirtutem
1167 5715 1277 5785 ejus
1308 5715 1359 5768 in
1378 5731 1519 5769 mare
1545 5715 1776 5770 Rubrum
1802 5731 1821 5769 .°
1840 5726 1893 5772 et
1917 5731 2063 5782 mox,

479 5791 581 5858 Qui
607 5792 782 5861 eduxit
811 5789 1055 5861 populum
1086 5797 1231 5841 suum
1260 5786 1312 5840 in
1345 5786 1544 5842 deserto
1571 5800 1588 5839 ἔ
1612 5788 1782 5844 ferme
1801 5803 1923 5844 eum
1956 5786 2068 5842 Au.

477 5859 714 5931 Iustino:

2087 4526 2141 4584 Ι)

2563 4538 2589 4577 8
2621 4541 2856 4584 ΡεΑιιιυε
2885 4541 3068 4594 ωνιυ,
3096 4540 3363 4581 ΙΕΙΚΕΙΙΕ.

2175 4662 2178 4666 -
2241 4627 2417 4700 Super
2439 4624 2664 4682 ﬂumina
2687 4620 2977 4694 Babylonis
3006 4620 3118 4676 illic
3136 4618 3380 4676 sedimus
3405 4627 3460 4675 et
3474 4616 3759 4675 llevimus:

2163 4717 2748 4791 dum‘recordaremur
2781 4714 2881 4782 tui,
2920 4713 3078 4770 Sion.

2244 4873 2268 4901 θ
2307 4863 2367 4918 1η
2409 4877 2513 4917 ms.
2562 4859 2867 4918 Sorbonico
2917 4855 3077 4912 aliter
3125 4853 3394 4924 legimus:
3452 4853 3556 4921 Qui
3583 4855 3764 4909 eduxit

2169 4951 2358 5006 aquam
2389 4935 2455 4988 de
2480 4933 2646 4988 medio
2675 4947 2872 5006 eorum.
2913 4929 3030 5006 Sed
3071 4925 3646 5006 utrumqueuadditum
3666 4934 3768 5006 _cst

2168 4996 2436 5075 imperitia
2472 5015 2526 5060 et
2569 5003 2877 5075 temeritate
2912 4999 3298 5075 librariorum:
3331 4996 3462 5075 n_i_lii_|
3491 4997 3638 5075 enim
3664 4997 3766 5075 Im:

2162 5067 2262 5146 jus'
2283 5076 2537 5131 versiculi
2562 5082 2742 5129 exstat
2764 5073 2817 5146 in
2847 5072 3129 5142 Scriptura
3159 5070 3325 5126 Sacra
3351 5067 3645 5135 Ilebraica,
3677 5069 3762 5125 vel

2167 5143 2351 5203 Graeca
2383 5148 2743 5201 Psalmorutn.
2772 5143 2953 5198 MART.

2240 5218 2259 5258 ί
2292 5217 2604 5272 Postremus
2635 5215 2724 5270 hic
2748 5229 2944 5269 versus
2966 5254 2980 5278 ,
3013 5213 3104 5284 qui
3139 5227 3305 5284 purus
3338 5225 3618 5281 purusque
3648 5219 3762 5268 ter-

2165 5289 2270 5344 tius
2296 5297 2382 5345 est
2422 5289 2581 5357 hujus
2613 5287 2832 5351 I’salmi,
2880 5284 2933 5339 in
2965 5283 3588 5357 originalibus_i_psisque
3614 5284 3763 5357 Lati-

2167 5362 2250 5418 nis
2271 5354 2734 5416 emendatioribus
2766 5357 2950 5421 libris,
2975 5367 3132 5426 atque
3161 5356 3297 5410 adeo
3322 5354 3620 5410 Veronensi
3662 5355 3766 5426 de-

2167 5431 2454 5488 sideratur.
2538 5428 2791 5487 Admittit
2854 5443 2978 5482 eum
3046 5425 3224 5482 tamen
3291 5429 3630 5494 Augustinus
3709 5425 3764 5481 in

2167 5503 2617 5558 Enarrationibus
2651 5517 2664 5552 :
2696 5516 2802 5554 non
2828 5500 2954 5554 item
2996 5510 3084 5564 et,
3121 5513 3280 5566 quem
3314 5499 3476 5551 modo
3513 5497 3766 5554 laudatus

2169 5575 2356 5628 Editor
2393 5575 2559 5636 citat,
2609 5572 2974 5641 Hieronymus
3003 5611 3016 5635 ,
3045 5586 3205 5641 quem
3251 5578 3437 5641 notum
3470 5579 3556 5622 est
3603 5569 3764 5636 lippis

2167 5655 2328 5717 atque
2344 5643 2674 5717 tonsoribus.
2698 5639 3130 5717 Cprnmcntarios
3149 5639 3269 5717 illos
3285 5639 3763 5717 ψευδεπιγράφους,

2170 5711 2266 5772 seu
2293 5715 2625 5769 Breviarium
2642 5713 2694 5768 in
2729 5713 2991 5779 Paulinus,
3017 5728 3123 5768 non
3147 5711 3463 5767 adornasse.

2247 5795 2271 5833 ε
2297 5789 2423 5854 Pro
2448 5784 2605 5841 titulo
2653 5791 2857 5854 tantum
2893 5775 2986 5838 est
3023 5783 3078 5838 In
3119 5780 3419 5854 Veronensi
3462 5799 3617 5854 ms.L
3648 5775 3766 5854 Ipsl

2174 5819 3096 5924 uni-tit:‘i.i'iiﬁu'f'ili'ieiiieu‘i'.
3124 5819 3419 5925 ἱιῖὁἼὶῙὲἑῗ
3439 5819 3760 5922 ἑίὲῗδῖιῖιῖῗξ
