4090 6338
317 350 431 407 3‘77

1615 341 1819 399 LIBER
1855 340 2300 402 PSALMORUM.

3517 322 3626 401 378

361 437 467 518 ’1η
518 459 769 517 salicibus
816 459 872 514 in
927 458 1100 514 medio
1153 463 1268 534 ejus
1315 457 1681 531 suspendimus
1723 474 1922 530 organa
1947 466 2003 526 Α
2099 461 2156 516 ln
2194 459 2452 518 salicibus
2501 461 2555 518 in
2612 461 2794 520 medio
2845 461 2966 533 ejus
3003 459 3385 534 suspendimus
3421 477 3624 535 organa

319 567 529 612 ηοδινα.

405 649 538 719 Quia
566 647 682 703 illic
708 647 1164 718 interrogaverunt
1203 662 1295 703 nos
1321 691 1336 716 ,
1367 647 1457 717 qui
1492 646 1718 718 captivos
1754 647 1922 702 duxe-

319 754 460 799 runt
488 759 605 810 nos,
629 742 784 798 verba
814 743 1136 798 cantionum.

399 838 469 893 Et
488 837 581 910 qui
606 837 932 892 abduxerunt
959 853 1052 891 nos
1079 852 1098 892 :
1127 837 1376 908 hymnum
1439 845 1648 893 cantate
1689 837 1836 893 nobis
1860 837 1925 894 de

324 931 549 985 canticis
580 929 736 986 Sion.
1541 945 1547 951 ·

405 1022 676 1092 Quomodo
719 1022 1046 1077 cantabimus
1080 1024 1338 1078 canticum
1383 1023 1638 1094 Domini,
1684 1025 1738 1079 in
1786 1031 1924 1078 terra

324 1115 506 1171 aliena
534 1117 558 1170 ?
1652 1104 1664 1118 “

400 1211 463 1266 Si
492 1209 683 1266 oblitus
708 1208 855 1280 [uero
880 1208 978 1279 tui,
1002 1207 1299 1266 Jerusalem
1321 1225 1337 1265 :
1362 1208 1608 1264 oblivioni
1629 1209 1780 1264 detur
1799 1207 1926 1263 deat-

319 1313 437 1358 tera
464 1318 600 1359 mea.

399 1395 684 1453 Adhwreat
715 1396 898 1470 lingua
921 1411 1035 1451 mea
1070 1397 1305 1469 faucibus
1333 1399 1460 1454 meis
1488 1415 1500 1453 :
1534 1401 1707 1454 sinon
1744 1399 1927 1455 menti-

318 1507 452 1547 nero
475 1491 573 1546 tui.

336 1633 339 1636 .
397 1586 463 1643 Si
499 1601 604 1640 non
635 1600 960 1658 proposuero
995 1583 1310 1656 Jerusalem,
1351 1586 1404 1641 in
1444 1586 1700 1660 principio
1731 1587 1926 1644 laetitia:

322 1695 480 1736 ηιεω.

394 1771 599 1826 Memor
623 1780 762 1841 esto,
794 1770 1048 1842 Domine,
1079 1770 1311 1844 ﬁliorum
1334 1771 1503 1828 Edam
1528 1813 1544 1842 ,
1577 1772 1630 1827 in
1657 1773 1742 1829 die
1767 1773 1925 1829 Jeru-

316 1866 516 1923 salem.

403 1959 506 2028 Qui
545 1959 748 2029 dicunt,
789 1957 1097 2028 Exinanite,
1127 1961 1408 2028 exinanita,
1440 1976 1603 2032 usque
1628 1960 1697 2016 ad
1729 1961 1923 2031 funda.

320 2064 559 2108 utentum
585 2055 638 2108 in
665 2072 747 2110 ea.

401 2143 546 2200 Filia
585 2144 868 2218 Babylonis
899 2155 925 2184 ⁸
967 2147 1190 2213 misera,
1221 2145 1396 2201 beatus
1426 2147 1514 2218 qui
1560 2144 1802 2202 retribuet
1831 2145 1925 2200 tibi

325 2242 724 2296 retributionem
757 2251 899 2295 tuam
928 2257 947 2296 :
974 2259 1128 2314 quam
1159 2242 1441 2296 retribuisti
1469 2242 1636 2296 nobis.

398 2331 592 2397 Beatus
619 2333 709 2406 qui
749 2333 956 2403 tenebit,
981 2343 1030 2390 et
1057 2333 1236 2389 atlidet
1277 2334 1522 2406 parvulos
1571 2342 1683 2389 tuos
1727 2333 1796 2387 ad
1833 2349 1925 2404 pe-

314 2433 483 2482 trans.

2027 563 2240 610 DOSU'D.

2098 648 2234 716 Quia
2277 647 2386 705 illic
2434 647 2910 719 interrogaverunt
2957 653 3076 714 nos,
3121 648 3212 720 qui
3250 649 3493 722 captivos
3522 649 3625 706 du-

2026 750 2225 798 xerunt
2272 756 2394 810 nos,
2433 743 2599 799 verba
2649 741 2985 808 cantionum,
3034 749 3090 798 et
3140 741 3232 813 qui
3276 742 3624 801 abduxerunt

2027 850 2159 892 llOS:

2101 932 2370 1005 llymnum
2388 939 2604 989 cantate
2627 933 2789 990 nobis
2810 934 2879 991 de
2908 936 3137 993 canticis
3162 936 3314 994 Sion.
3335 937 3621 1006 Quomodo

2027 1025 2367 1082 cantabimus
2395 1025 2670 1083 canticum
2694 1026 2944 1096 Domini,
2973 1030 3028 1087 in
3058 1040 3202 1088 terra
3230 1032 3441 1088 aliena?

2091 1205 2146 1262 Si
2177 1205 2378 1263 oblitus
2426 1207 2580 1264 luero
2619 1208 2718 1279 tui,
2750 1207 3057 1270 Jerusalem
3093 1231 3108 1269 :
3141 1213 3495 1272 obliviscatur
3524 1229 3616 1272 me

2027 1296 2249 1355 dextera
2281 1312 2425 1355 mea.

2099 1391 2392 1449 Adlimreat
2435 1390 2616 1467 lingua
2646 1407 2769 1451 mea
2799 1393 3046 1452 faucibus
3082 1397 3218 1454 meis
3245 1414 3260 1452 :
3291 1398 3338 1454 si
3368 1412 3476 1456 non
3501 1415 3622 1458 me-

2027 1485 2242 1541 minero
2270 1485 2368 1542 tui.

2101 1579 2158 1637 Si
2184 1595 2291 1637 non
2319 1594 2657 1653 proposuero
2688 1581 2764 1638 tui
2791 1580 3114 1653 Jerusalem,
3147 1584 3200 1641 in
3235 1584 3500 1660 principio
3521 1587 3618 1645 la:-

2029 1673 2162 1730 titiaa
2193 1688 2355 1730 meae.

2103 1768 2399 1836 Memento,
2445 1766 2694 1836 Domine,
2725 1766 2960 1825 ﬁliorum
2997 1769 3192 1840 Edom,
3241 1771 3296 1828 in
3334 1773 3425 1831 die
3458 1775 3617 1832 Jeru-

1954 1873 2004 1934 Β
2029 1863 2221 1920 salem.

2099 1955 2423 2026 Quidicunt,
2449 1954 2761 2025 Exinanite,
2787 1956 3087 2028 exinanito,
3105 1973 3391 2034 quousque
3411 1960 3478 2018 ad
3504 1961 3620 2020 lun-

2029 2050 2349 2107 damcntum
2377 2049 2432 2105 in
2461 2065 2548 2106 ea.
3395 2041 3398 2044 ⁴

2100 2141 2233 2198 Filia
2256 2141 2546 2215 Babylonis
2575 2149 2599 2178 θ
2633 2139 2856 2208 misera,
2887 2139 3082 2197 beatus
3106 2141 3198 2214 qui
3228 2141 3495 2201 retribuet
3522 2145 3621 2204 tibi

2028 2234 2442 2291 retributionem
2471 2243 2616 2289 tuam
2643 2251 2655 2288 :
2688 2248 2850 2306 quam
2881 2244 2937 2290 tu
2969 2235 3267 2293 retribuisti
3297 2238 3474 2296 nobis.

2101 2328 2300 2385 Beatus
2325 2327 2417 2400 qui
2449 2327 2677 2399 tenebit,
2703 2336 2760 2386 et
2779 2327 2968 2387 allidet
3005 2331 3260 2402 parvulos
3290 2341 3410 2393 tuos
3435 2334 3502 2391 ad
3529 2350 3623 2407 pe-

2028 2431 2187 2478 tram.

1610 2521 1930 2581 PSALMUS
1967 2517 2284 2580 CXXXVII.

906 2633 965 2674 ψ
1000 2632 1099 2674 lPSl
1127 2619 1150 2690 ζ
1181 2608 1358 2674 omo.

397 2711 692 2782 Conﬁtebor
716 2713 1092 2784 tibi,!Domine,
1121 2717 1177 2770 in
1207 2724 1313 2772 toto
1334 2717 1492 2773 corde
1523 2734 1634 2774 meo
1664 2734 1684 2774 :
1713 2733 1766 2775 σε-
1791 2733 1924 2791 quo-

316 2805 471 2858 niam
491 2806 682 2861 audisti
708 2806 861 2862 verba
883 2808 989 2862 oris
1018 2809 1118 2864 mei
1151 2811 1174 2880 ζ

400 2897 428 2937 δ
461 2897 600 2953 -ξΕι
624 2899 646 2970 ζ
673 2900 726 2954 in
747 2912 1022 2971 conspectu
1053 2903 1355 2975 angelorum
1387 2903 1756 2977 psallamtibi:
1788 2905 1922 2960 ado-

318 2993 453 3046 rabo
483 2993 553 3047 ad
595 2994 841 3067 templum
881 2994 1079 3066 factum
1118 3008 1286 3069 tuum,
1319 3005 1366 3054 et
1405 2998 1687 3069 conﬁtebor
1723 2999 1924 3054 nomini

318 3093 443 3140 tuo.

405 3179 578 3249 Super
606 3181 966 3237 misericordia
1006 3191 1125 3248 tua,
1171 3195 1221 3241 et
1263 3184 1481 3240 veritate
1523 3193 1650 3239 tua:
1677 3186 1925 3257 quoniam

325 3274 681 3343 magniﬁcasti
704 3289 857 3346 super
887 3285 910 3314 ο
944 3289 1002 3330 rz-
1031 3277 1231 3347 omne:
1259 3291 1442 3332 nomen
1463 3278 1656 3349 factum
1685 3287 1853 3333 tuum.

406 3363 474 3419 In
501 3380 562 3420 ὴ
586 3383 906 3437 quacumque
930 3369 1052 3436 :die
1073 3370 1368 3425 invocarem
1397 3385 1458 3426 +
1490 3371 1565 3440 te:
1589 3370 1780 3425 exaudi
1801 3386 1880 3425 me
1903 3387 1924 3427 .'

324 3458 702 3530 multiplicabis
729 3460 784 3514 in
808 3461 983 3515 anima
1009 3478 1122 3516 mea
1147 3463 1408 3519 uirtutem.

407 3550 768 3622 Conﬁteantur
793 3553 903 3622 tibi,
930 3553 1179 3622 Domine,
1211 3571 1386 3610 omnes
1411 3571 1554 3627 reges
1581 3564 1732 3613 terra:
1761 3572 1775 3611 :
1806 3556 1932 3628 quia

322 3645 615 3702 audierunt
640 3651 707 3702 σθ’
729 3648 901 3702 omnia
929 3650 951 3720 ζ
982 3650 1136 3704 verba
1161 3650 1264 3703 oris
1291 3650 1387 3703 tui.

317 3758 324 3762 ι
407 3735 476 3790 Ει
503 3745 714 3792 cantent
740 3738 795 3792 in
816 3739 911 3794 riis
937 3739 1149 3794 Domini
1183 3755 1202 3795 :
1228 3742 1473 3810 quoniam
1496 3757 1684 3812 magna
1712 3739 1740 3778 (ι
1772 3755 1832 3797 ~:~
1859 3751 1933 3798 est

332 3833 360 3900 ζ
403 3830 574 3901 gloria
600 3830 827 3886 Domini.

411 3924 670 3989 Quoniam
696 3925 931 3980 excelsus
962 3924 1239 3994 Dominus,
1265 3935 1312 3982 et
1343 3926 1561 3982 humilia
1591 3927 1838 3998 respicit,
1882 3935 1929 3984 et

327 4016 447 4071 alta
463 4016 668 4090 alonge
697 4018 977 4089 coquoscit.

333 4154 602 4221 Quoniam
632 4154 702 4209 ibi
729 4154 1171 4228 interrogaverunt
1202 4172 1317 4223 nos,
1346 4166 1479 4224 ete.,
1511 4157 1662 4211 verba
1695 4158 1919 4212 cantico-

325 4243 474 4280 rum.
506 4229 549 4281 A
573 4228 733 4281 tertio
755 4236 936 4284 autem
963 4229 1031 4284 ab
1053 4228 1156 4284 boc
1181 4244 1340 4284 versu
1363 4273 1377 4296 ,
1408 4230 1451 4284 si
1478 4230 1554 4284 tui
1588 4245 1693 4284 non
1739 4231 1925 4284 memi-

331 4313 495 4373 nero.
514 4298 704 4373 Sinon
731 4307 777 4353 te
801 4314 1129 4371 praeposuere
1153 4299 1446 4355 Jerusalem
1474 4302 1529 4355 in
1558 4301 1814 4373 principio
1833 4304 1926 4373 jo-

328 4370 619 4442 cunditatis
649 4384 815 4424 mete:
855 4370 1018 4440 atauo
1057 4373 1162 4426 alio
1194 4370 1878 4442 interposito,'Dicentium
1903 4416 1918 4442 ,

332 4439 627 4515 Euacuate,
649 4439 1067 4515 evacuateusque
1093 4444 1160 4515 ad
1181 4439 1516 4515 fundamenta
1532 4443 1590 4515 in
1617 4461 1698 4498 ea.
1730 4443 1774 4498 Ε
1801 4439 1924 4514 qni-

328 4515 442 4567 hus
474 4513 732 4609 pleraque
760 4514 942 4569 omnia
965 4528 1090 4570 cum
1115 4513 1509 4586 Augustiniana
1531 4513 1766 4571 lectione
1789 4513 1921 4571 eon-
1953 4548 2006 4609 Β

331 4592 557 4638 sonant.

422 4665 447 4691 ει
493 4653 769 4710 Immerito
807 4656 1056 4724 ἐπίθετον,
1095 4656 1304 4727 misera,
1333 4656 1610 4712 Palatinus
1637 4670 1744 4713 ms.
1775 4657 1936 4714 obelo

375 4737 631 4782 rtenotat.

334 4743 647 4869 “figi;
682 4813 804 4854 cum
835 4799 996 4855 obelo
1031 4808 1080 4854 et
1119 4799 1372 4870 copulam
1421 4799 1699 4856 Palatinus
1728 4814 1831 4856 ms.
1879 4809 1936 4857 et

332 4869 465 4926 Cari
496 4870 665 4926 editio
692 4871 1140 4941 prmtermittunt.

420 4951 444 4979 ε
497 4941 644 5014 Hanc
673 4958 888 5014 quoque
941 4943 1171 5000 Palatin.
1201 4959 1304 4999 ms.
1354 4951 1533 4998 notam
1567 4942 1836 5009 asterisci,
1869 4957 1934 4998 ac

333 5027 595 5082 rursum,
629 5012 815 5082 juncta
845 5012 969 5070 Cari
1009 5015 1269 5079 editione.
1317 5015 1700 5084 subsequentis
1744 5029 1934 5070 versus

334 5084 581 5153 priorem
610 5085 825 5140 obelum
854 5101 952 5154 per
977 5087 1320 5141 oscilautiam
1350 5087 1571 5140 omittit.
1610 5086 1775 5141 Addit
1803 5101 1934 5141 vero

336 5171 449 5229 ms.
477 5155 538 5229 in
560 5154 665 5229 line
695 5171 888 5229 versus
915 5157 983 5210 de
1007 5172 1102 5210 suo
1127 5157 1454 5229 Diapsalnta.

416 5224 442 5262 ιι
473 5227 695 5282 Rectius
726 5226 815 5283 hic
848 5229 1075 5282 verbum
1120 5224 1296 5298 ipsum
1330 5227 1728 5284 substantivum
1750 5273 1764 5298 ,
1809 5243 1932 5284 cum

338 5298 638 5367 praeposito
665 5313 817 5363 veru,
853 5298 1083 5353 Palatin.
1117 5316 1222 5355 ms.
1251 5301 1483 5369 ignorat.
1587 5345 1590 5348 .

421 5383 445 5442 ξε
476 5369 573 5442 Ms.
593 5369 891 5442 Veronens.
916 5370 1118 5442 infelix,
1150 5387 1246 5441 pro
1262 5371 1475 5437 misera,
1504 5377 1580 5437 et,
1602 5371 1932 5442 quantﬁretri-

340 5439 522 5504 buisti,
554 5439 992 5512 noninlerpOsito
1011 5451 1066 5494 tu
1089 5439 1714 5512 pronominezdenique,
1742 5441 1935 5497 Beatus

336 5512 432 5579 qui
457 5511 649 5566 tenebit
679 5515 902 5582 infantes
934 5522 1068 5575 tuos,
1093 5511 1145 5568 et
1167 5513 1318 5568 elidet
1340 5529 1425 5568 eos
1444 5515 1513 5567 ad
1538 5511 1736 5582 petram
1765 5529 1785 5566 :
1809 5529 1934 5568 cum

338 5586 652 5651 Augustino
682 5583 794 5639 fere
822 5583 1187 5639 continenter.

424 5654 443 5692 ί
481 5654 538 5708 ln
568 5654 867 5726 Veronensi
888 5671 1010 5726 ms.
1047 5664 1176 5710 utet
1202 5670 1372 5726 penes
1402 5657 1758 5724 Augustinum
1782 5697 1796 5718 ,
1840 5672 1937 5709 au-

339 5728 467 5781 disti
491 5724 644 5778 verba
668 5726 773 5780 oris
800 5724 920 5798 mei,
947 5735 995 5780 et
1026 5724 1421 5798 coram—angelis
1441 5728 1664 5798 psallam
1685 5727 1796 5780 tibi.
1823 5725 1932 5782 Ta-

341 5805 438 5869 cet
461 5801 520 5869 et
536 5797 884 5869 subsequenti
912 5797 1068 5869 vorsu
1095 5808 1364 5869 postrema
1386 5810 1493 5852 vox
1513 5797 1934 5869 Dominetatqno

342 5862 476 5925 inde
511 5856 743 5939 legitur}
777 5856 844 5922 lu
874 5856 1252 5937 misericordia,
1287 5880 1393 5926 tton
1424 5865 1608 5925 addito
1632 5877 1726 5926 tua
1749 5905 1764 5938 ,
1787 5856 1930 5937 quiat

2674 2630 2773 2670 lPSl
2801 2630 2984 2671 Μινιυ.

2099 2707 2409 2766 Conlitebor
2441 2705 2562 2774 tibi,
2586 2705 2840 2774 Domine,
2875 2709 2926 2763 in
2952 2714 3067 2764 toto
3100 2709 3266 2765 corde
3296 2723 3418 2766 meo
3447 2727 3462 2767 :
3489 2725 3622 2782 quo-

2029 2803 2175 2860 niam
2205 2800 2225 2840 ί
2261 2798 2530 2858 exaudisti
2575 2800 2757 2855 omnia
2799 2792 3106 2858 verba'oris
3143 2802 3272 2872 mei,
3304 2811 3361 2860 et
3401 2805 3454 2860 in
3485 2819 3618 2860 con-

2029 2911 2216 2975 spectu
2251 2899 2566 2972 angelorum
2597 2897 2823 2968 psallam
2853 2897 2971 2954 tibi.

2101 2991 2356 3050 Adorabo
2381 2991 2449 3048 ad
2470 2990 2732 3061 templum
2763 2999 3011 3047 sanctum
3037 2997 3220 3047 tuum:
3244 2997 3299 3048 et
3317 2990 3621 3050 conﬁtebor

2033 3085 2240 3142 nomini
2274 3094 2387 3152 tuo,
2417 3082 2666 3138 Domine.

2106 3181 2285 3251 Super
2314 3175 2684 3234 misericordia
2716 3182 2829 3242 tua,
2859 3179 2915 3229 et
2944 3169 3176 3227 veritate
3207 3177 3295 3224 tua
3321 3186 3332 3222 :
3366 3167 3622 3240 quoniam

1954 3291 2001 3356 ρ
2035 3285 2060 3324 ε
2084 3270 2445 3345 magniﬁcasti
2475 3285 2644 3340 super
2671 3283 2769 3324 nos
2808 3281 3008 3322 nomen
3037 3272 3285 3321 sanctum
3316 3271 3488 3318 tuum.

2102 3369 2159 3424 In
2183 3380 2523 3440 quacumque
2549 3363 2638 3420 die
2667 3362 2994 3419 invocavero
3018 3369 3090 3426 te,
3115 3357 3308 3415 exaudi
3333 3371 3418 3412 me
3443 3371 3458 3411 :
3489 3353 3626 3411 mul-

2032 3462 2304 3536 tiplicabis
2331 3461 2384 3516 in
2414 3459 2594 3515 anima
2627 3471 2746 3513 mea
2779 3455 3035 3510 virtutem
3073 3464 3238 3507 tuam.

2104 3554 2478 3613 Conliteantur
2518 3549 2639 3617 tibi,
2688 3549 2938 3612 Domine,
2982 3559 3174 3601 omnes
3221 3557 3378 3616 reges
3423 3549 3624 3598 terrm:

2031 3647 2286 3719 quoniam
2318 3644 2601 3700 audierunt
2636 3641 2818 3697 omnia
2850 3638 3012 3696 verba
3053 3637 3166 3695 oris
3198 3639 3296 3706 tui,
3330 3646 3385 3694 et
3407 3642 3630 3693 cantent

2034 3740 2087 3798 in
2113 3741 2340 3797 canticis
2368 3735 2624 3793 Domino.

2105 3834 2372 3904 Quoniam
2417 3845 2605 3902 magna
2646 3837 2733 3885 est
2762 3827 2932 3897 gloria
2987 3823 3202 3881 Domini
3251 3841 3264 3877 :
3321 3823 3446 3894 quia
3489 3821 3624 3897 [Ms.

2037 3925 2313 4000 quoniam]
2346 3924 2598 3981 excelsus
2635 3921 2923 3988 Dominus,
2965 3925 3021 3974 et
3053 3915 3280 3972 humilia
3307 3915 3551 3986 respicit,
3573 3922 3631 3970 et

2041 4023 2150 4079 alta
2181 4037 2212 4077 a
2244 4021 2404 4092 longe
2433 4016 2677 4092 agnoscit
2708 4014 2837 4090 [Ms.
2877 4010 3200 4084 cognoscit].

2029 4167 2116 4214 est
2146 4156 2409 4231 tamenin
2436 4153 2833 4231 Augustiniauo
2861 4149 3150 4231 Psalterio.
3187 4145 3402 4231 Yidesis
3432 4145 3626 4228 Hiero.-

2029 4246 2249 4302 nytnum
2274 4230 2340 4284 ad
2372 4219 2798 4302 hunc'versiculi
2819 4225 3022 4302 locum,
3054 4222 3144 4302 ubi
3177 4219 3397 4302 dicitur.
3427 4219 3632 4302 magni-

2029 4288 2200 4371 ﬁcasti
2230 4317 2387 4372 super
2413 4316 2538 4365 nos,
2572 4297 2626 4353 in
2653 4295 2815 4364 epist.
2853 4294 2921 4372 ad
2953 4288 3212 4372 Sunniatn
3246 4299 3303 4346 et
3331 4288 3628 4372 Eretelant:

2028 4361 2203 4430 Porro
2225 4361 2495 4427 in'eodem
2519 4361 2621 4424 ius.
2653 4361 2708 4442 et
2727 4368 2868 4442 apud
2896 4361 3412 4442 Augustinurmcito
3434 4361 3627 4442 gaudi

2029 4461 2128 4510 me,
2161 4442 2534 4512 multiplicabis
2576 4455 2656 4514 nte
2685 4431 3087 4514 inanimarum
3122 4437 3176 4489 in
3201 4435 3416 4514 uirtute.
3442 4431 3628 4514 Sicnin

2029 4501 2411 4586 subsequentis
2439 4515 2565 4589 line,
2598 4510 2664 4565 ln
2691 4510 2786 4565 viis
2815 4508 3044 4589 Domi-ni,
3079 4507 3247 4589 proin
3280 4503 3492 4589 canticis
3513 4501 3628 4557 Do-

2039 4574 2228 4657 mino}
2257 4596 2371 4641 tum
2400 4574 2634 4657 excelsa,
2665 4595 2763 4657 pro
2797 4581 2928 4635 alta.
2959 4574 3218 4657 Denique,
3254 4574 3504 4657 retribuet;
3527 4589 3629 4657 pro

2037 4675 2141 4724 me,
2174 4656 2416 4726 Domine,
2441 4643 2798 4710 misericordia
2824 4662 2914 4706 tua
2951 4651 3008 4704 in
3045 4643 3339 4704 wternunt:
3382 4643 3627 4711 Domine,

2038 4737 2356 4802 apera,etc.
2425 4799 2451 4802 μ
2527 4798 2539 4802 _
2638 4795 2651 4802 _
3095 4791 3128 4802 Α
3197 4791 3211 4802 .

2108 4812 2133 4850 ε
2176 4791 2256 4855 lia
2287 4813 2389 4856 ms.
2418 4795 2755 4872 Sorbouicus
2785 4809 2850 4851 ae
2879 4795 3062 4872 editus
3089 4791 3251 4872 gari;
3286 4803 3414 4872 ms.'
3439 4795 3626 4841 autem

2035 4873 2391 4928 Carnutensis
2428 4871 2600 4941 legit,
2652 4883 2807 4940 super
2851 4867 3046 4941 omnia.
3098 4864 3252 4941 Quod
3277 4864 3628 4941 magis-acce-

2035 4945 2117 5000 dit
2157 4943 2222 4999 ad
2268 4929 2555 4998 lectioné'm
2587 4929 2953 5009 'Anti'quorum
2996 4929 3314 5009 Latinorum
3346 4929 3623 5009 codicum,

2037 5017 2117 5071 uti
2143 5017 2310 5084 liquet
2336 5030 2404 5070 ex
2429 5016 2515 5068 his
2551 4999 3084 5084 Hieronymiverbis
3106 5006 3174 5060 ad
3199 5005 3374 5060 Sunn.
3405 5012 3460 5056 et
3489 4999 3626 5084 Fre-

2038 5088 2130 5168 tfl.
2154 5103 2169 5142 :
2200 5071 2384 5141 'Graeco
2404 5086 2658 5168 reperisse
2685 5071 2776 5137 eos
2791 5081 2983 5168 dicitis,
3013 5094 3164 5168 super
3185 5088 3410 5164 omn’es‘:
3451 5071 3540 5160 sed
3569 5071 3625 5161 in

2039 5157 2385 5230 §eplttaginla
2431 5149 2509 5230 ita
2560 5155 2768 5230 legitur,
2815 5153 2894 5208 ὅτι
2940 5149 3248 5230 ἐμςγάξιυνᾳς
3298 5149 3382 5202 ἐπὶ
3422 5149 3528 5230 τιςᾷνν
3566 5149 3624 5200 τὸ

2037 5221 2215 5301 stripe,
2239 5221 2303 5285 ἵτὸ
2332 5229 2470 5303 ἅγιόν
2503 5221 2628 5292 σονξ
2653 5227 2786 5280 sicut
2814 5235 2862 5279 et
2889 5221 2980 5276 nos
3007 5221 3058 5276 in
3087 5221 3330 5300 Latinum
3356 5221 3621 5303 periimus.

2036 5287 2292 5354 Craterum
2322 5287 2461 5366 apud
2497 5287 2739 5352 llebrwos
2768 5298 2841 5350 ita
2871 5311 2980 5348 esse
2999 5291 3321 5366 cognoscite;
3353 5287 3494 5366 Quia
3513 5302 3625 5341 ma-

2036 5372 2298 5443 gniﬁcusti
2347 5356 2502 5441 super
2551 5384 2700 5443 omne
2748 5381 2935 5443 nomen
2979 5356 3180 5418 verbum
3229 5371 3410 5443 tuum;
3458 5356 3626 5442 Juxta

2036 5431 2314 5496 Editionem
2359 5431 2528 5496 autem
2582 5438 2822 5492 Latinam
2858 5438 2942 5490 hic
2993 5451 3174 5490 sensus
3215 5442 3331 5487 est:
3367 5431 3624 5496 Quoniam

2036 5514 2381 5586 magni/icasti
2406 5527 2558 5586 super
2590 5525 2740 5563 omne
2764 5524 2968 5573 nomen,
3002 5508 3096 5586 ltoc
3124 5515 3218 5572 est,
3250 5503 3388 5575 quod
3416 5503 3470 5586 in
3497 5503 3623 5586 ςωιο

2036 5593 2086 5638 et
2117 5572 2170 5637 in
2198 5572 2335 5637 terra
2361 5572 2480 5638 dici'
2511 5591 2674 5650 potest
2705 5589 2970 5645 sanctum,
3006 5580 3173 5650 filium
3201 5572 3368 5631 tuum.
3419 5572 3627 5650 Notan-

2037 5655 2165 5709 dum
2215 5669 2350 5709 vero
2405 5655 2456 5707 in
2508 5644 2606 5707 ins.
2645 5644 3016 5707 AleXandrino
3052 5650 3314 5720 scriptum
3357 5659 3479 5701 esse
3533 5644 3629 5696 ad-

2041 5725 2164 5789 huc,
2192 5740 2296 5778 non
2321 5726 2407 5780 iul
2433 5728 2555 5790 πᾶν,
2580 5723 2675 5778 sed
2698 5724 2781 5778 ἐπὶ
2802 5724 3023 5788 πάντας,
3052 5721 3104 5776 id
3132 5731 3233 5787 est,
3259 5727 3624 5790 super‘omnes,

2040 5805 2101 5849 nt
2129 5787 2377 5864 legebant
2421 5787 2623 5851 Sunnla
2653 5803 2710 5850 ct
2752 5791 2960 5852 Fretcla
3002 5787 3053 5850 in
3087 5794 3198 5850 suis
3223 5787 3626 5858 eacinplarlbus

2037 5866 2264 5926 Graecis.
2298 5860 2479 5923 Mauri

2087 5868 2264 5925 meis.
2298 5868 2479 5923 Mauri
