4090 6338
248 316 355 376 381

1561 314 1769 373 LIBER
1807 311 2258 372 PSALMORUM.

3460 312 3565 369 382

322 430 453 485 Non
497 441 572 486 est
618 431 935 487 occultatum
964 447 1021 487 os
1064 448 1233 488 meum
1258 450 1289 487 a
1321 440 1390 501 te,
1420 433 1555 502 quod
1579 432 1766 505 fecisti,
1801 432 1853 486 in
1882 436 1930 493 A
2029 431 2148 487 Non
2180 440 2263 489 est
2296 431 2621 489 occultatum
2649 445 2711 487 os
2742 446 2920 488 meum
2952 431 3048 485 abs
3078 438 3147 495 te,
3185 428 3330 499 quod
3362 427 3565 495 fecisti,

241 527 455 581 occulto
486 543 505 581 :
532 538 579 582 et
607 528 891 582 substantia
920 545 1050 593 mea,
1081 529 1133 582 in
1163 529 1500 599 inferioribus
1532 538 1706 584 terrw.

324 618 697 691 Imperfectum
744 637 913 674 nteant
952 621 1186 675 uiderunt
1227 622 1363 676 oculi
1412 623 1508 690 tui,
1555 632 1603 677 et
1640 623 1689 675 in
1722 620 1855 676 libro

246 720 340 765 tuo
394 729 566 767 omnes
605 712 895 767 scribentur
927 729 944 767 :
976 713 1084 769 dies
1115 714 1515 786 formabuntur,
1548 724 1595 767 et
1630 731 1777 768 nemo
1802 715 1855 769 in

244 819 347 856 ιιε.

324 893 464 949 lli/ii
494 909 665 950 autem
688 898 843 951 nimis
866 894 1198 967 honori/irati
1224 906 1342 952 sunt
1365 897 1520 953 amici
1546 897 1642 967 lui,
1674 897 1810 954 Deus
1834 916 1853 954 .'

243 987 404 1041 nimis
434 991 763 1060 confortatus
785 1000 860 1044 est
892 989 1219 1059 principatus
1245 994 1443 1044 eorum.

318 1076 672 1135 Dinumerabo
694 1098 801 1147 eos,
835 1090 881 1135 et
910 1098 1063 1153 super
1089 1099 1307 1137 arenam
1338 1080 1853 1155 multiplicabuntur:

241 1172 539 1240 exsurrexi,
572 1182 620 1225 et
645 1173 817 1226 adhuc
839 1190 956 1227 sum
984 1182 1171 1227 tecunt.

322 1262 390 1319 Si
437 1266 715 1333 occideris,
765 1265 937 1334 Deus,
986 1277 1275 1339 peccatores
1307 1268 1451 1324 :viri
1499 1272 1849 1345 sanguinum,

240 1356 509 1412 declinate
532 1374 562 1411 a
592 1376 692 1414 me.

319 1452 463 1518 Quia
508 1452 683 1507 dicitis
727 1454 781 1508 in
826 1454 1138 1527 cogitatione
1168 1470 1187 1511 :
1216 1457 1469 1539 accipient
1522 1459 1575 1513 in
1621 1460 1851 1515 conﬂate

242 1547 494 1600 ciuitates
521 1556 657 1599 tuas.

320 1638 515 1693 Nonne
557 1640 646 1709 qui
686 1638 902 1695 oderunt
930 1647 997 1708 te,
1048 1638 1287 1711 Domine,
1333 1643 1667 1701 oderali
1695 1659 1848 1716 super

236 1732 483 1789 inimicos
510 1743 623 1787 tuos
652 1732 977 1789 tabescebam
1003 1734 1026 1788 ?

237 1921 400 1976 mihi.

312 2012 497 2069 Proba
523 2028 624 2081 me,
656 2010 816 2083 Deu's,
849 2024 898 2070 et
937 2015 1066 2072 scito
1088 2031 1176 2071 cor
1207 2032 1375 2073 meum
1403 2033 1423 2075 :
1455 2018 1718 2096 interrega
1742 2040 1844 2096 me,

238 2115 290 2159 et
318 2122 573 2177 cognosce
595 2107 805 2161 semitas
828 2123 988 2163 meas.

310 2196 389 2252 Et
417 2198 533 2252 vide
568 2199 613 2253 si
632 2198 715 2254 via
744 2198 1032 2272 iniquitatis
1062 2200 1115 2255 in
1150 2215 1228 2257 me
1246 2210 1321 2258 est
1350 2211 1445 2260 :el
1474 2202 1640 2259 deduc
1682 2222 1761 2263 me
1791 2190 1845 2262 in

235 2293 323 2346 ria
372 2302 583 2349 (eterna.

1960 524 2012 580 in
2037 527 2251 581 occulto
2278 545 2290 579 :
2314 534 2370 580 ct
2398 526 2693 580 Substantia
2737 540 2887 592 mea,
2924 522 2977 578 in
3003 522 3349 577 inferioribus
3382 532 3559 575 terrae.

2030 618 2409 688 Imperfectum
2457 633 2638 672 meum
2687 617 2947 672 viderunt
2990 616 3135 672 oculi
3167 614 3245 669 tui
3277 632 3289 669 :
3318 622 3370 670 et
3402 612 3453 668 in
3499 611 3565 667 li-

1958 711 2057 767 bro
2092 721 2185 766 tuo
2214 727 2404 767 omnes
2443 709 2785 767 scribentur.’

2028 804 2154 858 Dies
2200 802 2606 872 formabuntur,
2660 814 2713 858 et
2741 817 2899 858 nemo
2943 800 2995 856 in
3040 800 3118 855 eis
3149 817 3162 854 :
3197 799 3327 855 mihi
3380 796 3562 855 autem

1956 895 2115 951 nimis
2154 896 2499 953 honoriﬁcati
2534 907 2661 951 sunt
2692 895 2850 951 amici
2886 895 2980 963 tui,
3023 893 3167 951 Deus
3199 912 3209 949 :
3240 891 3400 948 nimis
3430 910 3564 947 coit-

1955 989 2189 1046 fortatus
2214 1002 2298 1047 est
2324 991 2661 1063 principatus
2689 1007 2905 1047 eorum.

2026 1084 2391 1143 Dinumerabo
2422 1103 2537 1156 eos,
2578 1096 2633 1143 et
2663 1102 2831 1157 super
2871 1100 3095 1141 arenam
3127 1078 3565 1155 multiplicabun-

1956 1187 2039 1233 tur
2066 1196 2081 1259 ξ
2112 1181 2424 1249 rcsurrexi,
2476 1190 2530 1237 et
2576 1180 2753 1236 adhuc
2808 1188 2987 1236 tecum
3032 1192 3151 1233 sum
3183 1194 3195 1231 :
3227 1176 3272 1231 sl
3319 1175 3560 1246 occidas,

1956 1270 2121 1337 Deus,
2158 1283 2493 1342 peccatores.
3340 1344 3341 1349 η

2026 1366 2138 1422 Viri
2193 1368 2550 1439 sanguinum,
2601 1364 2873 1421 declinate
2928 1380 2957 1419 a
2988 1378 3097 1432 me,
3141 1363 3264 1434 quia
3294 1354 3476 1418 dicitis
3508 1362 3559 1418 in

1953 1456 2378 1528 cogitationibus
2434 1454 2973 1527 vestriszaccipient
3021 1456 3074 1511 in
3129 1454 3370 1509 vanitate
3422 1454 3561 1510 civi-

1956 1560 2093 1607 tates
2126 1567 2272 1607 suas.
3008 1540 3011 1543 ’

2024 1644 2214 1701 Nonne
2263 1645 2355 1716 qui
2405 1636 2453 1699 te
2507 1640 2763 1711 oderunt,
2818 1643 2981 1709 Deus,
3034 1640 3256 1698 oderam
3304 1628 3555 1695 illostet

1954 1752 2117 1810 super
2148 1740 2400 1794 inimicos
2433 1745 2553 1793 tuos
2587 1734 2928 1793 tabescebam
2960 1735 2984 1789 ?

311 1835 339 1863 ⁸
365 1825 610 1898 Perfecto
659 1827 780 1884 odio
823 1828 1033 1883 oderam
1069 1827 1188 1884 illos
1219 1845 1239 1884 :
1268 1839 1314 1885 et
1338 1827 1537 1885 inimici
1578 1833 1703 1904 facti
1732 1847 1851 1894 sunt
1886 1843 1930 1903 Β
2030 1831 2280 1888 Perfecto
2308 1829 2435 1887 odio
2461 1826 2684 1887 oderam
2724 1824 2849 1885 illos
2881 1835 2976 1885 :et
3005 1823 3135 1901 [Ms.
3186 1834 3286 1881 tae.
3337 1822 3413 1895 et]
3449 1823 3556 1881 ini-

1956 1926 2081 1984 mici
2113 1926 2233 1982 lacti
2260 1934 2386 1982 sunt
2411 1923 2569 1981 mihi.

2019 2018 2194 2075 Proba
2218 2032 2325 2088 me,
2353 2018 2491 2074 Deus
2515 2016 2643 2091 [διε.
2676 2012 3015 2087 Domine],et
3033 2022 3055 2050 ο
3075 2011 3207 2068 scito
3233 2024 3329 2066 cor
3349 2022 3555 2067 meum:

1949 2114 2221 2185 interroga
2253 2127 2361 2181 me,
2395 2118 2448 2168 et
2475 2123 2741 2182 cognosco
2766 2107 2986 2165 semitas
3014 2118 3182 2163 ineas.
3238 2132 3243 2135 -

2022 2207 2090 2263 Et
2137 2206 2261 2265 vide
2304 2207 2349 2262 si
2383 2205 2471 2263 via
2506 2204 2807 2273 iniquitatis
2835 2203 2886 2257 in
2915 2216 3000 2257 me
3030 2208 3113 2257 est
3144 2215 3159 2257 :
3191 2205 3246 2256 et
3270 2194 3443 2253 deduc
3470 2209 3558 2253 me

1949 2300 2001 2355 in
2032 2300 2175 2356 viam
2221 2309 2479 2355 intentam
2520 2292 2650 2373 [Με.
2679 2296 2765 2352 Via
2798 2290 3049 2366 aeterna].

1560 2378 1880 2452 PSALMUS
1919 2393 2208 2451 cxxxrx.

642 2478 670 2519 δ
694 2495 745 2535 ια
786 2478 969 2547 Flauii,
1002 2480 1235 2537 bssLuus
1272 2496 1451 2538 ιδεμ-ιι).

321 2574 487 2646 Eripe
522 2592 621 2644 me,
655 2575 895 2644 Domine,
925 2575 987 2630 ab
1016 2575 1226 2631 homine
1267 2578 1404 2633 malo
1432 2578 1507 2633 :a
1538 2576 1646 2633 riro
1669 2578 1845 2650 iniquo

240 2684 395 2735 eripe
424 2684 523 2721 nte.

323 2763 432 2830 Qui
460 2762 806 2832 cogitaverunt
838 2762 1130 2833 iniquitates
1155 2761 1207 2817 in
1234 2762 1388 2817 corde
1419 2777 1436 2816 :
1470 2769 1578 2816 tota
1607 2761 1692 2817 die
1718 2776 1845 2819 con-

242 2853 535 2908 stituebant
562 2854 765 2923 pra'lia.

321 2951 589 3002 Acuerunt
638 2950 846 3020 linguas
887 2965 1006 3002 suas
1050 2949 1182 3003 sicut
1216 2958 1239 2986 ο
1272 2948 1521 3014 serpentis
1551 2964 1570 3003 :
1596 2962 1843 3003 venenum

242 3042 492 3113 aspidum
520 3038 612 3095 sub
643 3040 791 3096 labiis
815 3057 1013 3095 eorum.
1060 3055 1375 3096 praesum.

2135 2500 2187 2539 IN
2215 2498 2377 2541 FINEI
2396 2524 2409 2548 ,
2442 2496 2674 2538 PSALIIUS
2698 2496 2858 2537 osvm
2887 2478 3015 2553 [Ms.
3050 2493 3147 2534 IPSI
3176 2475 3358 2547 osvro]

2025 2577 2186 2648 Eripe
2233 2576 2253 2615 τ
2302 2593 2409 2646 me,
2458 2575 2707 2644 Domine,
2758 2574 2828 2630 ab
2874 2573 3096 2629 homine
3144 2570 3285 2626 malo
3330 2587 3344 2626 :
3382 2568 3554 2624 avito

1950 2671 2138 2741 iniquo
2167 2670 2337 2725 libera
2358 2685 2466 2725 me.

2021 2756 2123 2833 Qui
2149 2766 2523 2835 cogitaverunt
2562 2764 2799 2820 malitias
2826 2764 2879 2819 in
2914 2760 3083 2819 corde
3116 2778 3130 2816 :
3168 2752 3275 2816 lota
3306 2757 3393 2815 die
3419 2766 3555 2815 cott-

1949 2858 2253 2914 stituebant
2294 2858 2504 2929 prtelia.

2024 2954 2303 3009 Acuerunt
2342 2954 2556 3025 linguas
2588 2966 2716 3007 suas
2747 2951 2888 3007 sicut
2916 2958 3202 3020 serpentes
3234 2966 3247 3003 :
3278 2948 3549 3003 venenum

1950 3048 2197 3120 aspidum
2238 3046 2338 3103 sub
2368 3047 2527 3103 labiis
2557 3061 2769 3104 eorum.
2818 3045 3142 3101 DIAI‘SALMA.

319 3133 537 3189 Custodi
568 3152 665 3201 me,
704 3134 941 3203 Domine,
975 3137 1037 3189 de
1060 3151 1215 3189 manu
1241 3135 1522 3207 peccatoris
1548 3150 1566 3192 :
1592 3144 1639 3191 et
1669 3134 1731 3192 ab
1754 3136 1846 3191 Ιιο-
1874 3130 1920 3195 C
2023 3141 2248 3198 Custodi
2292 3157 2399 3210 me,
2443 3141 2692 3210 Domine,
2743 3130 2811 3196 de
2841 3156 3004 3197 manu
3028 3133 3328 3211 peccatoris
3356 3153 3369 3192 :
3396 3142 3451 3191 et
3482 3128 3550 3190 ab

242 3229 475 3283 minibus
505 3230 696 3301 iniquis
716 3230 857 3301 eripe
879 3236 977 3285 'me.

323 3324 431 3392 Qui
458 3326 811 3395 cogitaverunt
825 3325 1162 3395 supplantare
1182 3341 1382 3397 gressus
1413 3341 1551 3380 nteos
1585 3342 1601 3381 :
1630 3325 1846 3381 abscon-

240 3417 436 3471 derant
463 3418 669 3484 superbi
695 3418 934 3489 laqueum
961 3414 1108 3471 mihi.

318 3508 394 3561 Et
433 3513 581 3579 funes
610 3510 950 3564 extenderunt
992 3510 1043 3563 in
1081 3512 1318 3581 laqueum
1342 3513 1531 3583 :jurrta
1572 3510 1666 3565 iter
1694 3528 1845 3567 scan-

239 3603 426 3656 dalum
451 3614 728 3673 posuerant
750 3601 894 3656 mihi.
924 3618 1237 3658 praesum.

316 3694 447 3749 Dian'
478 3693 733 3760 Domino,
770 3695 904 3749 Deus
936 3712 1074 3749 meus
1103 3713 1153 3749 es
1184 3707 1235 3749 tu
1268 3711 1288 3750 :
1320 3710 1363 3751 σε
1411 3712 1474 3750 ea:
1505 3694 1527 3765 ζ
1562 3696 1706 3764 audi,
1736 3694 1843 3751 Do-

240 3789 405 3853 mine,
452 3803 626 3842 uocem
654 3789 1028 3858 deprecationis
1050 3803 1191 3843 mere.

317 3880 558 3943 Domine,
611 3880 847 3948 Domine,
901 3883 1066 3935 virtus
1105 3880 1287 3935 salutis
1329 3896 1455 3936 mea:
1485 3896 1504 3936 :
1530 3880 1843 3936 obumbrasti

243 3989 295 4027 οξ
342 3990 505 4042 super
540 3974 561 4041 ζ
588 3986 740 4043 caput
770 3990 937 4027 meum
964 3974 1015 4027 in
1041 3973 1126 4027 die
1162 3973 1295 4027 belli.
1331 3970 1359 4009 ἀ

317 4065 402 4120 Ne
432 4068 606 4119 tradas
633 4083 733 4135 me,
786 4065 1027 4134 Domine,
1066 4082 1098 4119 a
1127 4065 1387 4119 desiderio
1421 4080 1475 4120 +7
1516 4082 1626 4120 meo
1716 4082 1834 4135 pec-

237 4162 409 4213 catori
439 4173 459 4214 :
486 4160 832 4230 cogitaverunt
867 4168 1047 4213 contra
1079 4174 1176 4228 me,
1221 4175 1283 4213 ne
1306 4158 1631 4229 derelinquas
1656 4172 1752 4228 tne,
1778 4175 1840 4214 ne

236 4254 378 4322 forte
408 4254 721 4307 exaltentur.
758 4268 1072 4309 pinsitum.

235 4430 351 4477 etc.
381 4419 543 4484 Tum,
574 4419 859 4485 exsurrexi,
891 4431 937 4475 et
971 4420 1140 4473 adhuc
1176 4438 1289 4475 sum
1331 4428 1492 4475 tecum
1524 4436 1542 4473 :
1570 4421 1615 4474 si
1636 4421 1838 4475 occide-

235 4499 339 4576 ris,
368 4492 526 4574 Deus,
560 4504 665 4573 etc.
695 4492 781 4557 Et,
838 4494 1081 4587 quqniam
1107 4493 1277 4576 dicitis
1308 4494 1360 4574 in
1388 4494 1715 4587 cogitatioug,
1748 4508 1835 4547 ac-
1866 4528 1915 4587 Β

232 4566 428 4633 cipient
450 4565 503 4616 in
529 4564 821 4624 vanitatem.
850 4564 932 4618 Vel
953 4565 1199 4631 uanitate,
1224 4564 1452 4618 ciuitates
1475 4581 1616 4616 suas.
1648 4563 1837 4618 Nonne

232 4654 322 4690 eos
358 4636 447 4707 qui
478 4636 719 4702 oderunt,
755 4635 839 4689 vel
870 4636 1084 4689 oderant
1113 4647 1180 4703 le,
1220 4634 1471 4702 Domine,
1506 4636 1621 4688 odio
1650 4635 1832 4704 Itabui,

231 4718 279 4761 el
305 4724 465 4770 super
479 4748 492 4770 ,
517 4715 625 4761 etc.

309 4726 707 4834 Ξτᾝῖνίξῗξίίη.
736 4790 839 4832 ms.
898 4777 1108 4846 Defecto
1135 4777 1257 4832 odio
1286 4776 1495 4831 oderant
1539 4776 1657 4831 illos
1685 4793 1704 4830 :
1736 4776 1835 4829 ini-

230 4852 379 4908 mici.
412 4859 517 4904 etc.
551 4850 662 4917 ipsa
690 4864 795 4903 non
830 4849 1142 4917 interposita
1172 4859 1218 4901 et
1245 4849 1461 4917 capulo.

307 4920 336 4959 δ
365 4922 421 4976 In
450 4920 690 4976 Palatino
722 4936 821 4975 ms.
851 4921 1011 4975 verba
1043 4920 1108 4974 In
1138 4921 1293 4991 ﬁnem
1325 4920 1725 4991 desiderantur.

310 5004 333 5030 ε
372 4993 517 5047 Idem
578 5006 680 5045 ms.
733 5001 990 5053 serpentes
1044 4994 1279 5061 plurium
1327 5006 1575 5047 numero.
1618 4990 1835 5047 Relicet

229 5080 401 5133 porro
430 5064 570 5134 quod
594 5062 931 5136 subnectitur
956 5062 1255 5136 Diapsalma
1273 5103 1288 5128 ,
1321 5074 1375 5116 et
1402 5078 1523 5133 qua:
1549 5061 1683 5116 infra
1710 5072 1837 5117 sunt

228 5138 441 5205 reliqua
482 5139 607 5190 duo.
651 5134 816 5189 Tacet
847 5147 901 5190 et
937 5134 1239 5204 insequenti
1282 5150 1439 5189 versu
1470 5136 1817 5205 eteopulam,

226 5204 394 5274 atram
424 5223 556 5265 sane
582 5216 801 5274 praestat
828 5222 1156 5278 expungere,
1178 5222 1300 5261 eum
1325 5220 1498 5277 neque
1525 5204 1579 5260 in
1605 5205 1835 5262 ilcbrzeo

225 5280 325 5343 sit,
355 5294 532 5347 neque
568 5280 620 5331 in
651 5278 843 5333 Graeco
878 5278 995 5347 ipso
1020 5288 1191 5333 textu.

301 5349 330 5387 ά
376 5346 477 5405 Hie
515 5359 691 5404 autem
743 5349 810 5404 de
854 5346 955 5404 suo
995 5349 1145 5403 addit
1184 5347 1324 5403 idem
1368 5362 1469 5403 ms.
1503 5347 1831 5419 Diapsalma.

224 5422 407 5477 Porro
437 5423 584 5492 legit,
637 5419 758 5474 Non
786 5420 985 5488 tradas,
1019 5419 1265 5486 Domine,
1294 5419 1553 5474 desiderio
1580 5437 1689 5474 meo
1719 5439 1834 5492 pec-

224 5495 399 5548 catori
427 5511 448 5548 :
475 5496 657 5548 minus
696 5501 863 5547 recte.

302 5576 330 5603 °
362 5565 523 5621 Solus
553 5565 878 5619 Veronensis
910 5577 1010 5618 ms.
1044 5564 1172 5618 scito
1196 5578 1282 5615 cor
1326 5579 1521 5629 meum,
1554 5573 1727 5617 scruta
1750 5581 1835 5618 re—

222 5654 318 5692 nes
348 5654 506 5705 meos,
535 5646 581 5691 et
608 5638 737 5690 scito
762 5636 971 5690 semitas
999 5652 1160 5689 meas.

304 5707 324 5746 τ
359 5708 508 5763 Idem
543 5724 647 5762 ms.
680 5706 865 5761 Libera
893 5722 995 5770 me,
1029 5705 1268 5772 Domine,
1301 5716 1433 5771 etc.,
1466 5715 1510 5758 et
1546 5724 1577 5758 a
1612 5707 1719 5759 uiro
1752 5707 1835 5759 in-

222 5784 368 5841 iusto
393 5796 515 5835 erae
544 5797 641 5836 me.
671 5780 773 5846 Qui
798 5779 1147 5852 cogitaverant
1178 5778 1485 5849 injustitias,
1517 5786 1594 5846 et,
1642 5780 1829 5833 consti-

1952 3234 2263 3291 ltomiuibus
2290 3234 2491 3306 iniquis
2520 3234 2687 3291 libera
2719 3244 2828 3290 me.

2018 3329 2123 3397 Qui
2168 3329 2543 3399 cogitaverunt
2578 3328 2930 3400 supplantare
2961 3340 3181 3398 gressus
3212 3338 3362 3381 meos
3390 3342 3403 3378 :
3427 3321 3551 3378 abs-

1947 3422 2250 3476 conderant
2277 3421 2497 3490 superbi
2537 3422 2761 3492 laqueos
2791 3419 2942 3475 mihi.

2020 3512 2087 3569 Et
2128 3513 2281 3569 funes
2307 3513 2664 3569 extenderunt
2694 3514 2747 3568 in
2779 3514 3025 3583 laqueum
3060 3515 3085 3555 κ
3114 3509 3339 3581 pedibus
3374 3508 3510 3565 meis
3537 3525 3549 3564 :

1943 3608 2092 3679 juxta
2122 3610 2222 3663 iter
2252 3608 2564 3663 scandalum
2600 3616 2896 3677 posuerunt
2926 3604 3079 3661 milii.
3116 3605 3440 3659 limosum.

2021 3699 2137 3754 Dixi
2176 3695 2203 3737 ιι
2239 3700 2494 3768 Domino,
2551 3700 2692 3755 Deus
2744 3715 2895 3756 meus
2944 3713 3002 3753 es
3036 3704 3089 3753 tu
3122 3714 3135 3751 :
3164 3696 3390 3763 exaudi,
3442 3695 3550 3750 Do-

1944 3794 2111 3857 mine,
2144 3808 2329 3849 vocem
2377 3794 2639 3849 orationis
2670 3810 2825 3849 mem.

2015 3882 2266 3950 Domine,
2316 3884 2541 3940 Domine
2564 3926 2580 3951 ,
2630 3885 2801 3940 virtus
2842 3883 3033 3940 salutis
3066 3896 3199 3937 mete
3236 3900 3247 3934 :
3279 3878 3545 3935 obumbra

1945 3987 2104 4047 caput
2138 3992 2313 4031 meum
2344 3976 2395 4030 in
2422 3976 2507 4031 die
2535 3976 2680 4031 belli.

2018 4069 2096 4124 Ne
2127 4068 2308 4124 tradas
2347 4084 2430 4123 me
2458 4085 2487 4123 a
2516 4068 2786 4125 desiderio
2832 4082 2954 4123 meo
2994 4065 3264 4138 peccaturi
3296 4082 3309 4118 :
3338 4064 3543 4135 cogita-

1949 4171 2141 4216 verunt
2180 4162 2441 4217 adversus
2490 4176 2577 4217 me
2608 4178 2622 4216 :
2655 4177 2723 4216 ne
2771 4160 3124 4228 derelinquas
3149 4172 3267 4227 me,
3316 4168 3383 4211 ne
3423 4166 3537 4210 utn-

1946 4269 2107 4325 quam
2136 4254 2466 4311 excitentur.
2497 4254 2827 4310 Drusum.

1942 4421 2149 4476 luebant
2177 4422 2328 4477 bella.
2374 4424 2629 4495 Acuerunt
2660 4422 2889 4495 linguam
2916 4426 3228 4495 suam,_etc.
3279 4416 3344 4471 Et
3394 4416 3543 4472 inse-

1941 4495 2125 4561 quenti
2152 4509 2330 4559 versu,
2383 4494 2635 4550 Conserva
2661 4491 2764 4559 me',
2806 4492 3028 4546 Domine
3046 4533 3058 4554 ,
3083 4491 3148 4543 de
3175 4506 3331 4542 manu
3361 4505 3542 4561 pecca-

1941 4560 2088 4632 toris,
2138 4566 2201 4618 ab
2232 4566 2527 4619 hominibus
2555 4564 3068 4637 injustislibera_me.
3115 4561 3284 4619 Tum.
3326 4560 3544 4637 abscon-

1940 4637 2123 4708 derant
2154 4637 2365 4703 superbi
2393 4631 2739 4708 muscipulam
2762 4636 2886 4689 mihi
2896 4676 2908 4689 .
2937 4633 3004 4687 Et
3027 4643 3182 4688 restes
3206 4631 3540 4708 eastenderunl

1939 4707 1992 4760 in
2018 4702 2307 4779 muscipula
2334 4702 2692 4778 pedibus'nteis
2736 4708 2879 4777 (quae
2914 4714 3186 4779 postrema
3216 4704 3324 4779 duo
3374 4702 3537 4779 verba

1937 4773 2208 4846 superﬂua
2258 4773 2404 4845 esse,
2457 4773 2816 4847 Hieronymus
2855 4777 3017 4845 epist.
3057 4773 3123 4829 ad
3155 4773 3546 4847 Sunniamdn-

1937 4843 2045 4918 cet)
2090 4866 2102 4902 :
2134 4854 2293 4921 juxta
2330 4843 2562 4921 semitam
2604 4843 2852 4903 scandala
2886 4843 3169 4917 posuerunt
3229 4843 3356 4899 mihi
3384 4844 3543 4899 :fero

1940 4920 2257 4975 continenter
2292 4920 2359 4973 ad
2380 4921 2585 4975 verbum
2618 4938 2733 4974 eum
2760 4922 3068 4991 Augustino.

2013 5003 2039 5040 ε
2080 4992 2205 5047 Ιιερο
2239 4991 2426 5054 verba,
2451 4991 2667 5063 pedibus
2691 4984 2863 5054 meis:
2895 4994 2995 5045 hoc
3026 4992 3078 5044 in
3106 4989 3228 5042 loco
3258 4984 3532 5055 superﬂua

1938 5077 2059 5136 csse
2087 5064 2247 5118 docet
2273 5062 2494 5136 sanctus
2525 5062 3121 5136 Hierouyinus._blsnr.

2012 5132 2036 5171 ¹³
2067 5136 2265 5190 Iterum
2288 5150 2409 5191 cum
2429 5128 2889 5205 Augustino'idem
2923 5134 3081 5205 liber,
3119 5130 3263 5205 Dixi,
3292 5128 3536 5205 Domine,

1940 5205 2077 5262 Deus
2107 5224 2249 5261 meus
2277 5224 2328 5262 es
2359 5216 2433 5269 tu,
2479 5201 2693 5262 auribus
2718 5207 2943 5280 percipe,
2974 5201 3215 5266 Domine,
3248 5217 3419 5254 t'ocem
3446 5202 3536 5254 tle-

1940 5280 2250 5346 precationis
2292 5296 2431 5332 metu.
2496 5280 2593 5345 Et,
2624 5278 2935 5333 obumbrasti
2980 5290 3156 5346 super,
3182 5282 3337 5346 caput
3365 5285 3535 5326 meum

1938 5342 1991 5403 in
2015 5352 2098 5404 die
2118 5350 2260 5405 belli.
2317 5349 2399 5403 Ne
2432 5342 2607 5403 tradas
2656 5366 2765 5415 me,
2794 5347 3031 5411 Domine,
3064 5362 3095 5397 a
3126 5342 3381 5398 desiderio
3424 5362 3537 5400 meo

1939 5423 2156 5489 peccati,
2185 5437 2277 5490 pro
2324 5424 2579 5488 peccatori
2607 5437 2625 5473 :
2656 5430 2731 5488 et,
2766 5435 2828 5474 ne
2868 5421 3001 5490 forte
3031 5417 3342 5471 mraltentur.
3371 5417 3533 5481 Tum,

1939 5503 2069 5563 teget
2090 5489 2192 5547 eos.
2244 5493 2495 5545 Decidant
2524 5509 2677 5560 super
2697 5509 2782 5546 eos
2810 5489 3053 5543 carbones
3074 5492 3207 5559 ignis
3243 5490 3459 5563 interra
3486 5498 3536 5543 et

1937 5561 2141 5635 dejicies
2194 5578 2280 5617 eos
2308 5605 2321 5628 ,
2370 5573 2501 5627 etc.,
2555 5576 2717 5635 atque
2763 5563 2934 5635 altero
2979 5576 3159 5635 versu,
3210 5561 3348 5635 mala
3379 5576 3539 5635 venui

1938 5630 2128 5688 bu'nlur
2163 5637 2216 5688 in
2244 5636 2526 5687 interitum.
2583 5630 2841 5705 Denique,
2894 5632 3147 5687 Dominus
3194 5634 3347 5705 faciet
3393 5630 3537 5705 inlli-

1938 5708 2076 5779 cium
2125 5706 2337 5779 egentis,
2380 5715 2662 5779 eticausam
2692 5703 2977 5779 pauperum
3007 5720 3025 5759 :
3057 5714 3111 5761 ut
3150 5714 3205 5760 et
3238 5705 3288 5758 in
3320 5703 3428 5757 [ine
3457 5703 3510 5753 in

1938 5775 2263 5845 habitabant,
2295 5793 2394 5848 pro
2426 5775 2745 5833 habitabant.
