4182 6338
607 343 714 401 585

1613 335 1674 392 S.
1715 330 2102 391 HIERONYMI
2143 329 2376 389 DIVINA
2415 329 2892 390 BIBLIUTIIECA.

3800 327 3902 387 584

680 457 847 531 Caput
898 456 1145 512 circuitus
1203 468 1379 512 eorum
1414 467 1434 509 :
1465 451 1611 510 labor
1675 450 1926 506 labiorum
1972 450 2207 523 ipsorum
2229 455 2286 519 Α
2379 449 2556 521 Caput
2595 449 2851 507 circuitus
2891 463 3080 507 eorum
3131 449 3258 524 [Με.
3311 448 3604 525 illorum],
3648 447 3802 506 labor
3841 446 3918 504 la-

610 551 802 623 0periet
829 567 937 606 eos.

682 642 877 698 Cadent
927 657 1080 714 super
1121 657 1208 698 eos
1247 640 1517 710 carbones,
1565 641 1620 694 in
1653 638 1824 712 ignem
1849 637 2059 711 dejicies
2084 651 2172 692 eos
2195 651 2216 692 :

609 735 663 789 in
695 735 914 790 miseriis
938 751 1039 790 non
1063 735 1357 790 subsistent.

691 827 785 882 Vir
823 826 1094 899 linguosus
1137 844 1242 884 non
1272 827 1524 900 dirigetur
1566 826 1622 880 in
1651 833 1792 881 terra
1823 839 1842 880 :
1867 825 2036 879 virum
2063 823 2214 894 inju-

611 928 749 975 stum
774 919 920 977 mala
947 923 1150 994 capient
1180 922 1236 977 in
1264 921 1499 976 interitu.

679 1011 908 1087 Cognovi
927 1015 1051 1086 quia
1073 1014 1224 1085 faciet
1238 1012 1496 1069 Dominus
1497 1011 1760 1088 judicium
1774 1010 1939 1085 inopis
1956 1027 1973 1066 :
1994 1021 2020 1051 η
2043 1026 2104 1069 σιμ
2123 1013 2209 1083 et:

611 1104 894 1160 uindictam
925 1123 1232 1178 pauperum.

693 1199 1054 1256 Verumtamen
1083 1200 1218 1272 justi
1256 1199 1637 1271 conﬁtebuntur
1674 1198 1874 1256 nomini
1909 1209 1997 1254 tuo
2024 1213 2044 1255 :
2076 1211 2136 1254 -:—
2167 1204 2215 1253 et

618 1291 640 1362 ζ
673 1290 978 1351 habitabant
1005 1294 1129 1350 recti
1159 1309 1275 1349 cum
1305 1294 1453 1349 vultu
1486 1302 1596 1350 tuo.

2316 544 2528 601 biorum
2557 545 2796 615 ipsorum
2828 544 3114 616 cooperiet
3154 561 3271 603 eos.

2389 634 2596 694 Cadent
2621 652 2782 708 super
2804 653 2898 694 eos
2928 639 3196 694 carbones
3213 638 3375 709 ignis,
3410 637 3465 693 in
3485 637 3664 709 ignem
3695 633 3919 706 dejicies

2317 745 2413 786 eos
2442 747 2456 784 :
2488 731 2540 786 in
2572 731 2808 788 miseriis
2849 745 2957 786 non
2986 731 3311 787 subsistent.

2391 823 2486 879 Vir
2527 822 2807 893 linguosus
2852 838 2961 878 non
2987 823 3250 894 dirigetur
3279 836 3445 894 super
3471 831 3674 878 terram
3699 837 3714 876 :
3738 821 3914 876 virum

2321 915 2582 986 injustum
2611 916 2754 970 mala
2779 915 2995 988 capient
3023 915 3075 970 in
3098 914 3345 971 interitu.

2387 1010 2630 1082 Cognovi
2675 1011 2932 1081 quoniam
2983 1010 3144 1066 faciet
3187 1009 3451 1066 Dominus
3493 1008 3760 1082 judicium
3803 1008 3920 1065 ino-

2320 1118 2447 1174 pum
2479 1119 2492 1157 :
2525 1111 2582 1160 et
2610 1101 2900 1158 vindictam
2929 1117 3250 1174 pauperum.

2393 1195 2775 1252 Verumtamen
2816 1194 2946 1266 justi
2993 1193 3398 1251 confitebuntur
3432 1193 3641 1252 nomini
3687 1203 3781 1251 tuo
3814 1203 3910 1252 :ct

2318 1288 2641 1346 babitabunt
2669 1288 2806 1346 recti
2831 1302 2954 1345 cum
2976 1287 3125 1344 vultu
3157 1297 3274 1344 tuo.

2013 1403 2331 1464 PSALMUS
2367 1403 2554 1472 CXL]

1180 1514 1417 1558 PSALIUS
1462 1515 1645 1558 ωνιῐ).

685 1594 939 1661 Domine,
977 1593 1200 1648 clamavi
1243 1595 1313 1648 ad
1359 1602 1429 1662 te,
1470 1594 1665 1650 exaudi
1707 1609 1790 1651 me
1819 1607 1840 1650 :
1869 1593 2078 1651 intende
2107 1595 2218 1650 voci

615 1707 742 1746 mea:
771 1706 889 1744 cum
917 1688 1207 1745 clamauero
1236 1689 1307 1742 ad
1334 1699 1403 1746 te.

686 1785 962 1858 Dirigatur
987 1783 1154 1839 oratio
1199 1800 1313 1839 mea
1353 1784 1490 1840 sicut
1535 1784 1802 1840 incensum
1838 1782 1891 1838 in
1941 1792 2218 1853 conspectu

623 1888 710 1933 tuo
739 1893 759 1934 :
791 1876 1007 1933 elevatia
1048 1893 1295 1932 manuum
1329 1892 1564 1932 mearum
1603 1874 1923 1946 sacriﬁcium
1970 1873 2220 1947 vesperti-

617 1989 766 2028 θιωη.

687 2063 857 2132 Pone,
886 2063 1128 2132 Domine,
1163 2063 1456 2119 custodiam
1484 2062 1565 2118 ori
1600 2078 1711 2119 meo
1738 2076 1756 2116 :
1792 2076 1853 2118 σε·
1894 2071 1942 2118 et
1974 2061 1998 2131 ζ
2027 2059 2216 2117 ostium

615 2157 1017 2213 circumstantia:
1044 2157 1195 2212 labiis
1226 2158 1374 2212 meis.

696 2250 823 2306 Non
848 2249 1072 2308 declines
1093 2267 1180 2306 cor
1205 2265 1373 2306 meum
1398 2249 1456 2306 in
1480 2249 1633 2306 verba
1662 2247 1878 2305 malitia:
1907 2263 1926 2303 :
1955 2247 2025 2304 ad
2053 2263 2216 2320 excu-

622 2344 816 2399 sandas
845 2342 1202 2398 excusationes
1229 2341 1286 2398 in
1307 2342 1553 2414 peccatis.

690 2523 821 2580 Cum
867 2522 1163 2579 hominibus
1209 2523 1544 2597 operantibus
1597 2522 1922 2596 iniquitatem
1964 2538 1985 2579 :
2025 2531 2072 2580 et
2114 2538 2219 2580 non

620 2616 1010 2673 communicabo
1038 2633 1154 2672 cum
1180 2617 1358 2673 electis
1389 2632 1572 2674 eorum
1596 2615 1648 2672 δ.

693 2709 953 2781 Corripiet
986 2726 1066 2766 me
1099 2710 1282 2781 justus
1309 2711 1364 2765 in
1412 2709 1772 2766 misericordia
1801 2727 1815 2763 :
1844 2717 1893 2764 et
1932 2709 2219 2782 increpabit

619 2818 701 2858 me
722 2818 742 2858 :
770 2802 943 2858 oleum
976 2816 1039 2858 -t—
1071 2811 1244 2858 autem
1278 2801 1302 2871 ζ
1332 2803 1616 2874 peccatoris
1645 2819 1749 2857 non
1803 2802 2090 2875 impinguet
2131 2818 2221 2858 ca-

621 2909 716 2973 put
744 2915 935 2955 meum.

697 2994 961 3062 Quoniam
999 2991 1173 3048 adhuc
1215 3000 1264 3048 et
1306 2993 1478 3048 oratio
1524 3007 1638 3047 mea
1673 2991 1727 3046 in
1757 2990 2087 3064 beneplacitis
2134 3006 2223 3047 eo-

621 3103 741 3144 rum
770 3103 790 3143 :
815 3087 1047 3160 absorpti
1073 3095 1197 3142 sunt
1220 3087 1395 3158 juncti
1427 3097 1586 3157 petrw
1607 3086 1813 3156 iudices
1839 3102 2041 3141 eorum.

694 3181 920 3236 Audient
948 3179 1100 3234 verba
1131 3196 1268 3244 mea,
1299 3180 1548 3249 quoniam
1566 3187 1849 3252 potuerunt
1876 3195 1894 3234 :
1923 3179 2054 3234 sicut
2081 3196 2224 3236 cras-

622 3273 796 3328 situdo
830 3280 981 3328 terra:
1007 3280 1192 3342 erupta
1221 3280 1294 3326 est
1323 3287 1477 3343 super
1508 3278 1722 3326 terram.

2644 1513 2880 1554 PSALIIUS
2907 1513 3066 1556 DAVID
3097 1496 3226 1572 [Με.
3253 1513 3354 1556 ιῐιει
3378 1497 3581 1573 mmo].
3722 1566 3734 1581 .

2393 1589 2643 1657 Domine,
2662 1590 2888 1646 clamavi
2906 1591 2972 1646 ad
2988 1601 3066 1662 te,
3083 1589 3279 1648 exaudi
3295 1607 3383 1648 me
3399 1609 3413 1647 :
3430 1590 3655 1648 intende
3665 1592 3784 1648 voci
3798 1608 3930 1648 ora-

2321 1681 2485 1738 tionis
2502 1680 2631 1755 [.ifs.
2664 1681 3092 1755 deprecationis]
3114 1698 3275 1752 meas,
3287 1683 3417 1742 dum
3431 1685 3740 1742 clamavero
3759 1685 3826 1741 ad
3842 1695 3923 1742 te.

2390 1775 2667 1848 Dirigatur
2698 1777 2875 1834 oratio
2898 1791 3019 1835 mea
3045 1777 3192 1836 sicut
3219 1776 3506 1838 incensum
3538 1778 3595 1835 in
3622 1790 3927 1852 conspectu

2322 1876 2436 1924 tuo.

2393 1959 2635 2020 Elevatio
2681 1977 2940 2020 manuum
2990 1978 3272 2035 mearum,
3319 1963 3648 2022 sacrificium
3701 1979 3933 2037 vesper-

2320 2054 2517 2111 tinum.

2389 2148 2558 2216 Pone,
2590 2149 2849 2218 Domine,
2891 2150 3199 2209 custodiam
3238 2151 3322 2208 ori
3368 2165 3537 2209 meo:
3570 2158 3628 2208 et
3660 2149 3858 2209 ostium
3895 2151 3928 2187 ιι

2317 2243 2750 2300 circumstantim
2783 2244 2942 2301 labiis
2973 2245 3135 2301 meis.

2391 2337 2463 2395 Ut
2486 2353 2597 2394 non
2622 2337 2864 2395 declines
2888 2354 2984 2394 cor
3014 2354 3195 2396 meum
3228 2338 3284 2395 in
3315 2339 3544 2397 verbum
3569 2339 3771 2396 malum
3805 2356 3822 2398 :
3853 2340 3933 2398 ad

2319 2429 2661 2486 excusandas
2689 2429 3077 2488 excusationes
3108 2431 3162 2487 in
3185 2433 3446 2504 peccatis.

2391 2523 2526 2580 Cum
2558 2522 2869 2580 hominibus
2908 2524 3263 2594 Operantibus
3299 2525 3644 2599 iniquitatem
3678 2544 3692 2580 :
3730 2534 3789 2584 et
3812 2542 3931 2584 non

2319 2616 2674 2674 combinabor
2697 2633 2821 2674 cum
2844 2619 3033 2674 electis
3059 2634 3270 2676 eorum.

2393 2706 2668 2778 Corripiet
2695 2724 2780 2764 me
2805 2709 2984 2780 justus
3009 2709 3062 2766 in
3095 2711 3471 2769 misericordia
3490 2753 3506 2780 ,
3534 2720 3589 2769 et
3618 2713 3936 2786 increpabit

2323 2816 2411 2857 me
2441 2818 2455 2858 :
2488 2803 2670 2858 oleum
2697 2811 2879 2860 autem
2919 2805 3226 2875 peccatoris
3270 2821 3382 2862 non
3419 2806 3724 2879 impinguet
3761 2817 3934 2880 caput

2324 2908 2529 2950 meum.

2396 2987 2665 3056 Quoaiam
2689 2986 2868 3044 adhuc
2889 2990 3068 3046 oratio
3090 3003 3211 3046 mea
3231 2989 3288 3045 in
3313 2988 3672 3061 beneplacitis
3692 3003 3882 3046 eorum
3909 3007 3931 3047 :

2329 3078 2575 3151 absorpti
2607 3089 2736 3136 sunt
2778 3082 3080 3136 continuati
3120 3091 3289 3153 petras
3323 3081 3538 3152 judices
3574 3097 3801 3149 eorum,
3833 3097 3938 3137 au-

2325 3179 2478 3235 dient
2505 3179 2677 3236 verba
2710 3194 2860 3248 mea,
2891 3179 3145 3252 quoniam
3179 3187 3497 3251 potuerunt.

2397 3269 2548 3328 Sicut
2575 3270 2883 3328 crassitudo
2909 3280 3071 3328 terra:
3096 3280 3312 3328 eructat
3333 3286 3499 3343 super
3521 3279 3726 3328 terram
3763 3289 3777 3326 :
3814 3271 3938 3328 dis-

707 3367 980 3436 Dissipata
1003 3375 1123 3421 sunt
1151 3382 1268 3421 ossa
1291 3373 1469 3420 nostra
1493 3381 1640 3420 secus
1670 3364 1932 3435 infernum
1962 3381 1982 3420 :
2011 3365 2135 3436 quia
2155 3365 2222 3419 ad
2249 3342 2296 3407 (ἶ
2325 3365 2501 3434 sipata
2525 3374 2652 3421 sunt
2682 3380 2803 3421 ossa
2836 3375 3021 3422 nostra
3049 3381 3210 3423 secus
3243 3365 3538 3424 infernum.

634 3468 703 3528 te,
727 3458 965 3525 Domine,
999 3458 1242 3524 Domine,
1265 3458 1405 3514 oculi
1427 3457 1524 3513 mei
1553 3473 1571 3512 .'
1603 3457 1655 3512 in
1675 3465 1723 3513 te
1737 3457 1965 3531 speravi,
1998 3474 2100 3512 non
2123 3475 2224 3512 au-

634 3559 774 3627 feras
803 3552 1034 3606 animam
1064 3567 1253 3606 meam.

697 3645 913 3700 Custodi
958 3661 1038 3700 me
1078 3661 1110 3698 a
1155 3645 1344 3716 laqueo
1389 3660 1540 3715 quem
1569 3652 1864 3700 statuerunt
1906 3642 2032 3699 mihi
2066 3661 2085 3698 .'
2114 3652 2160 3700 et
2187 3662 2220 3699 ιι

623 3737 890 3792 scandatis
923 3737 1253 3808 operantium
1281 3736 1630 3808 iniquitatem.

697 3829 896 3885 Cadent
930 3829 985 3884 in
1025 3829 1278 3884 retiaculo
1326 3832 1439 3900 ejus
1489 3838 1784 3902 peccatores
1826 3843 1844 3884 :
1884 3829 2228 3903 singulariter

627 3938 746 3978 sum
769 3938 864 3996 ego
893 3922 1053 3977 donec
1083 3931 1361 3976 transeam.

2397 3457 2534 3528 Quia
2579 3459 2646 3515 ad
2692 3466 2769 3528 te,
2813 3459 3068 3526 Domine,
3116 3460 3378 3528 Domine,
3429 3457 3576 3517 oculi
3601 3458 3750 3517 mei:
3786 3458 3842 3515 in
3878 3467 3940 3516 te

2328 3551 2571 3622 speravi,
2601 3567 2667 3608 ne
2697 3550 2918 3609 auferas
2947 3552 3186 3608 animam
3215 3569 3420 3610 meam.

2401 3643 2629 3700 Custodi
2662 3660 2750 3702 me
2776 3661 2804 3699 a
2833 3646 3028 3716 laqueo
3057 3661 3222 3718 quem
3244 3655 3561 3703 statuerunt
3587 3645 3720 3703 mibi
3758 3663 3774 3702 :
3816 3656 3873 3702 et
3902 3662 3941 3703 ει

2334 3738 2606 3794 scandulis
2633 3738 2987 3809 operantibus
3011 3739 3371 3811 iniquitatem.

2406 3829 2616 3886 Cadent
2635 3830 2688 3886 in
2711 3829 3033 3901 retiaculum
3057 3831 3176 3903 ejus
3199 3815 3555 3904 peccatores:
3586 3831 3943 3906 singulariter

2337 3936 2454 3976 sum
2487 3936 2610 3992 ego,
2637 3921 2813 3978 donec
2841 3933 3138 3981 transeam.

2020 4012 2343 4072 PSALMUS
2380 4013 2564 4070 CXLI.

624 4094 994 4167 tursLLecrus
1023 4124 1214 4176 omo,
1247 4123 1353 4165 CUI
1385 4121 1549 4165 ssser
1577 4122 1629 4163 IN
1660 4112 1975 4178 jsrewuca,
2006 4122 2225 4164 ORATIO.

710 4265 846 4321 Voce
874 4282 988 4322 mea
1020 4267 1089 4321 ad
1120 4267 1399 4322 Dominum
1436 4265 1680 4336 clamavi,
1720 4281 1840 4323 voce
1865 4283 1981 4324 mea
2015 4269 2082 4322 ad
2112 4267 2226 4324 Do-

633 4361 828 4415 minum
855 4359 1166 4432 deprecatus
1193 4376 1328 4416 sum.

719 4540 950 4608 E/fundo
979 4540 1034 4594 in
1064 4548 1338 4610 conspectu
1365 4539 1476 4610 ejus
1505 4538 1794 4594 orationem
1834 4555 1998 4595 meam
2028 4556 2042 4594 :
2079 4550 2101 4580 ο
2135 4539 2230 4596 tri-

652 4630 963 4687 bulationem
989 4648 1153 4686 meam
1178 4640 1293 4686 ante
1322 4631 1495 4702 ipsum
1517 4631 1819 4703 pronuntio.

2336 4121 2704 4165 INTELLECTUS
2727 4123 2888 4165 DAVID
2924 4107 3051 4181 [Ms.
3105 4125 3203 4166 lPSl
3250 4109 3477 4184 ouem],
3523 4125 3630 4168 cun
3678 4125 3840 4170 nsser
3883 4129 3940 4171 tu

2861 4195 3157 4252 SPELUNCA,
3187 4198 3407 4240 ORATIO.

2406 4269 2556 4328 Voce
2587 4286 2705 4328 mea
2735 4272 2755 4345 [
2783 4271 2890 4327 Ms.
2935 4288 3125 4328 vocem
3156 4289 3333 4329 meam
3362 4273 3381 4345 ]
3410 4273 3478 4331 ad
3506 4275 3796 4330 Dominum
3827 4276 3946 4333 cla-

2334 4367 2516 4420 mavi:
2547 4379 2683 4423 voce
2703 4380 2826 4422 mea
2850 4365 2919 4421 ad
2953 4364 3123 4424 Deum
3154 4364 3284 4440 [Ms.
3320 4366 3629 4442 Dominum]
3669 4367 3940 4442 depreca-

2339 4464 2426 4511 ωε
2449 4472 2590 4512 sum.

2408 4549 2692 4606 Effundam
2718 4551 2770 4606 in
2801 4561 2824 4589 ο
2848 4561 3142 4624 conspectu
3172 4553 3291 4624 ejus
3311 4553 3610 4610 orationem
3634 4569 3847 4612 meam:
3883 4563 3943 4613 et

2341 4642 2738 4702 tribulationem
2771 4661 2947 4702 meam
2977 4656 3106 4704 ante
3139 4647 3316 4720 ipsum
3345 4647 3712 4720 pronuntiem.

712 4725 778 4780 In
809 4727 1098 4795 deﬁciendo
1132 4743 1196 4782 ea:
1234 4742 1314 4782 me
1351 4725 1590 4797 spiritum
1618 4742 1786 4781 meum
1819 4742 1837 4782 :
1867 4735 1916 4782 et
1953 4737 2009 4783 tu
2027 4725 2229 4801 :cogno-
2254 4748 2312 4811 D
2410 4734 2470 4792 In
2497 4735 2799 4794 deﬁciendo
2829 4739 2882 4794 in
2911 4753 2999 4796 me
3027 4739 3278 4811 spiritum
3299 4755 3480 4798 meum
3509 4757 3526 4796 ε
3557 4747 3614 4797 ει
3643 4747 3701 4796 ιιι
3732 4753 3946 4812 cogno-

632 4819 749 4875 risti
777 4821 983 4876 semitas
1012 4836 1176 4875 meas.

703 4957 923 5034 “Minus
951 4970 1099 5034 recte
1117 4960 1394 5017 Palatinus
1421 4977 1524 5017 ms.
1553 4961 1697 5018 obeli
1721 4971 1903 5019 notam
1927 4963 2067 5021 hanc
2093 4982 2223 5034 pra!-

632 5032 781 5087 terit.
817 5032 1138 5090 Rectissime
1164 5045 1346 5089 autem
1377 5035 1726 5100 subseqnenti
1774 5051 1933 5090 versu
1972 5032 2220 5094 eamdem

633 5104 884 5159 voculam
913 5115 959 5158 et
983 5104 1139 5172 plane
1161 5106 1385 5170 omittit,
1409 5107 1560 5171 juxta
1585 5103 1643 5159 S.
1669 5103 1950 5174 ipsiusmet
1976 5106 2225 5166 Doctoris

633 5184 869 5230 mentem
893 5176 945 5229 in
970 5176 1129 5244 epist.
1157 5176 1224 5233 ad
1245 5176 1508 5231 Sunniam
1533 5185 1588 5231 ct
1609 5175 1878 5231 Frotclam
1911 5195 1924 5230 :
1953 5176 2018 5232 In
2040 5178 2224 5236 Graeco

615 5248 876 5324 reperisse
898 5263 986 5324 vos
1008 5248 1200 5312 dicitis,
1229 5257 1286 5304 et
1307 5247 1646 5304 habitabant.
1679 5246 1787 5302 Sed
1813 5247 1897 5302 hic
1925 5258 1980 5305 et
2006 5254 2229 5324 conjun-

633 5323 736 5371 ctio
765 5319 1032 5388 superflua
1057 5327 1152 5373 est.

704 5388 730 5427 δ
763 5389 1064 5462 Atquehic
1087 5390 1155 5462 de
1181 5406 1282 5445 suo
1309 5389 1544 5462 Palatin.
1575 5405 1678 5462 ms.
1710 5388 1863 5444 addit
1893 5389 2222 5462 Diapsalma.

712 5470 734 5498 ο
761 5461 840 5514 Ad
873 5459 1100 5514 Palatini
1131 5477 1231 5516 ms.
1258 5461 1442 5526 ﬁdem,
1491 5461 1908 5531 astipulantibus
1943 5459 2074 5520 vero
2121 5466 2228 5522 He-

637 5531 807 5598 br.eo,
841 5531 1140 5600 Graecoque
1172 5533 1288 5601 ipso
1319 5542 1488 5602 textu,
1521 5541 1568 5586 et
1615 5533 2057 5600 eonjunctionem
2103 5553 2228 5593 cum

645 5604 936 5655 nrmnosito
959 5601 1061 5655 insi
1089 5603 1249 5655 obolo
1280 5603 1404 5655 hinc
1427 5607 1750 5655 amovimus.

645 5604 936 5673 prmposito
959 5603 1061 5670 ipsi
1089 5603 1249 5658 obolo
1280 5603 1404 5659 hinc
1427 5607 1750 5660 amovimus.

704 5669 737 5742 f1
768 5671 826 5727 In
863 5672 1159 5742 Veronensi
1190 5673 1490 5742 Psalterio,
1522 5677 1709 5730 ostium
1744 5678 2074 5735 continentia:
2098 5680 2236 5735 circa

641 5731 779 5838 ςςιόξςι
808 5757 940 5838 πειταΖ
976 5731 1060 5838 N‘e
1088 5742 1321 5838 declinet
1334 5756 1441 5838 corL
1461 5731 1629 5801 meum
1658 5745 1712 5838 in
1749 5749 1910 5838 ’γεγὼς
1931 5731 1935 5732 ν
1953 5731 2239 5838 maligna}

638 5815 799 5884 paulo
824 5821 966 5886 post,
987 5823 1034 5871 et
1057 5830 1158 5871 non
1180 5814 1476 5873 combinabo
1494 5829 1608 5874 cum
1633 5805 1808 5874 electis
1827 5820 2024 5877 eorum.
2049 5805 2241 5878 limem

2341 4827 2468 4886 visti
2498 4830 2721 4886 semitas
2752 4846 2924 4889 meas.

2325 4970 2465 5045 dabit
2490 4987 2571 5045 me
2573 4974 2751 5045 justus
2773 4973 2827 5026 in
2840 4973 3195 5028 misericordia
3209 4990 3228 5029 :
3249 4981 3296 5028 et
3319 4983 3502 5045 arguet
3524 4990 3626 5038 rne,
3644 4981 3749 5030 etc.
3775 4972 3949 5038 Tum,

2330 5041 2590 5118 Quoniam
2618 5043 2790 5118 adhuc
2818 5054 2864 5098 et
2895 5048 3060 5098 oratio
3091 5061 3223 5118 mea.
3255 5055 3360 5101 etc.
3382 5041 3618 5118 absorpti
3638 5053 3759 5100 sunt
3787 5048 3952 5114 iuxta

2327 5124 2524 5187 petram
2548 5113 2760 5184 judices
2775 5131 2967 5187 eorum
2997 5131 3012 5168 :
3041 5117 3323 5172 audientur
3347 5118 3498 5172 verba
3530 5113 3665 5180 mea,
3695 5113 3952 5187 quoniam

2329 5183 2728 5260 prtecaluerunt.
2760 5185 2909 5242 Sicut
2941 5188 3235 5254 grassitudo
3265 5197 3418 5242 terra:
3439 5188 3649 5260 dirupta
3689 5183 3762 5243 est
3787 5204 3948 5260 super

2331 5266 2542 5331 terram,
2558 5257 2810 5331 dispersa
2831 5266 2951 5312 sunt
2963 5261 3118 5331 juxta
3141 5261 3406 5329 infernum
3427 5257 3760 5331 ossanastra.
3798 5257 3916 5326 Quo
3930 5289 3948 5302 ο

2332 5327 2476 5381 niam
2499 5327 2568 5380 ad
2591 5339 2656 5392 te,
2701 5339 2836 5401 etc.,
2871 5345 2935 5383 ne
2964 5327 3162 5383 avertas
3188 5327 3362 5384 anima
3393 5347 3504 5386 mea
3537 5329 3809 5401 (solemni
3845 5345 3947 5386 ve-

2335 5401 2433 5452 teri
2468 5400 2873 5467 pronuntiandi,
2908 5401 3024 5455 sive
3066 5401 3345 5457 scribendi
3376 5400 3557 5466 more,
3588 5418 3687 5470 pro
3714 5402 3948 5455 animant

2333 5470 2542 5543 meant).
2575 5470 2788 5543 Custodi
2810 5488 2898 5543 me
2925 5488 2956 5523 a
2987 5471 3280 5543 muscipula
3300 5513 3314 5537 ,
3342 5489 3456 5542 qum
3484 5473 3608 5541 (pro
3635 5472 3813 5543 quam)
3850 5489 3944 5526 oc-

2336 5540 2661 5615 cultaverunt
2693 5541 2841 5615 mihi,
2871 5553 2918 5596 et
2945 5543 3006 5615 ab
3030 5542 3291 5597 scandulis
3313 5540 3427 5615 qua:
3450 5540 3730 5615 operantur
3758 5540 3952 5612 iniqui-

2340 5619 2517 5665 tatem.
2539 5611 2743 5687 ‘Cadent
2789 5613 2839 5666 in
2877 5614 3128 5687 retiaculo
3160 5611 3451 5685 peccatores
3479 5611 3498 5668 ὲ
3529 5615 3813 5687 singularis
3848 5611 3952 5683 ego

2344 5698 2485 5756 δειιιιἱ
2515 5682 2678 5736 donec
2710 5693 2987 5739 transeam.
3019 5682 3438 5756 Qum'pleraque
3471 5682 3654 5742 omnia
3684 5700 3810 5741 cum
3841 5682 3952 5740 Att-

2348 5753 2590 5824 gustino,
2617 5770 2794 5824 eoque
2811 5757 3024 5824 smpius
3053 5757 3213 5811 unico
3236 5753 3461 5824 faciunt.

2427 5824 2449 5861 '
2479 5811 3168 5896 Psalterium.Veronense,
3224 5821 3511 5895 Etfundam
3538 5830 3657 5886 ants
3687 5836 3804 5884 sunt
3838 5827 3952 5900 prta
