4182 6338
246 322 363 381 335

244 540 407 597 mihi.
1130 590 1133 593 -

324 634 737 695 Considerabam
768 639 836 694 ad
872 639 1155 709 dexteram,
1207 650 1255 696 et
1303 641 1540 697 videbam
1572 658 1589 698 :
1623 650 1647 680 α
1674 653 1721 698 et
1748 661 1852 699 non

252 738 383 783 erat
408 730 497 799 qui
520 742 846 802 cognosceret
873 748 976 787 me.

325 822 495 879 Periit
538 826 664 898 fuga
693 844 724 882 α
750 844 832 883 me
860 843 879 881 :
908 836 955 883 et
987 845 1088 885 non
1117 839 1194 886 est
1223 832 1312 901 qni
1351 833 1581 903 requirat
1624 834 1855 890 animam

255 930 452 969 meam.

324 1006 562 1064 Clamavi
586 1011 655 1065 ad
684 1020 753 1079 te,
780 1011 1004 1070 Domine
1034 1015 1207 1085 :dixi,
1237 1015 1315 1073 Tu
1343 1034 1395 1073 es
1416 1036 1534 1091 spes
1557 1036 1693 1089 utea,
1723 1037 1851 1094 por-

250 1099 324 1155 tio
357 1116 472 1155 mea
500 1102 556 1156 in
584 1112 723 1159 terra
747 1105 1049 1165 viventium.

245 1242 255 1254 ,
324 1194 548 1252 Intende
575 1198 988 1271 deprecationem
1014 1219 1179 1259 meam
1209 1218 1229 1259 :
1256 1204 1380 1276 quia
1407 1204 1711 1262 humiliatus
1736 1224 1852 1265 sum

249 1289 429 1344 nimis.

322 1360 515 1418 Libera
561 1380 641 1418 me
688 1382 720 1419 a
765 1368 1185 1436 persequentibus
1229 1386 1363 1428 me:
1406 1373 1529 1445 quia
1572 1376 1854 1447 confortati

251 1462 377 1509 sunt
401 1471 557 1527 super
584 1473 683 1512 me.

323 1546 481 1604 Educ
501 1551 564 1605 de
583 1552 817 1606 custodia
842 1553 1069 1609 animam
1086 1571 1274 1624 meam,
1295 1557 1364 1610 ad
1386 1558 1735 1629 conﬁtendum
1759 1576 1855 1616 no-

1559 331 1769 390 LIBER
1805 332 2253 393 PSALIIORUM.

322 445 396 502 In
428 449 509 505 via
530 448 631 505 hac
660 465 763 518 qua
790 446 1121 506 ambulabant
1151 464 1172 505 :
1201 449 1582 507 absconderant
1612 450 1857 524 laqueum
1884 454 1939 515 Α

3452 341 3560 399 586

2036 452 2092 508 In
2125 454 2210 508 via
2244 453 2344 509 hac
2364 467 2466 525 qua
2499 452 2841 511 ambulabam
2877 469 2890 510 :
2921 452 3322 511 abscondcrunt
3340 457 3562 529 superbi

1963 547 2188 620 laqueos
2214 547 2371 604 mihi.

2033 640 2460 697 Considerabam
2490 657 2519 696 a
2542 640 2771 708 dextris,
2801 651 2857 698 ct
2885 639 3133 699 videbam
3172 659 3186 698 :
3220 651 3275 699 et
3303 658 3411 698 non
3440 652 3556 700 erat

1962 734 2053 804 qui
2080 744 2402 804 agnosceret
2428 750 2536 791 me.

2033 825 2205 882 Periit
2233 820 2417 897 fuga'a
2458 841 2547 883 me
2579 845 2594 883 :
2629 842 2738 883 non
2771 838 2857 884 est
2888 829 2979 901 qui
3011 828 3251 901 requirat
3279 827 3422 902 [Ms.
3456 831 3553 886 in-

1965 918 2169 992 quirat]
2202 920 2440 976 animam
2470 936 2672 979 meam.
3492 984 3498 988 κ

2034 1014 2276 1069 Clamavi
2313 1015 2379 1070 ad
2414 1025 2487 1082 te,
2523 1017 2753 1073 Domine
2784 1034 2798 1072 :
2833 1016 2978 1086 dixi,
3011 1017 3092 1077 'I‘u
3132 1035 3193 1076 es
3222 1034 3346 1091 spes
3394 1035 3512 1076 mea
3544 1037 3557 1075 :

1963 1106 2141 1179 portio
2173 1122 2294 1164 mea
2324 1108 2378 1163 in
2412 1117 2553 1165 terra
2584 1110 2907 1165 viventium.

2034 1199 2258 1256 Intende
2303 1199 2356 1256 in
2405 1199 2551 1272 [Ms.
2596 1201 2714 1274 ad]
2769 1204 3075 1260 orationem
3127 1219 3306 1262 meam

1963 1291 2089 1366 [Ms.
2120 1292 2399 1366 quoniam]
2430 1292 2743 1349 humiliatus
2764 1309 2885 1350 sum
2912 1296 3095 1351 nimis.
3138 1356 3147 1367 ,

2032 1384 2229 1441 Libera
2258 1400 2344 1442 me
2375 1401 2404 1440 a
2454 1386 2916 1458 persequentibus
2953 1404 3039 1444 me
3073 1406 3086 1443 :
3127 1388 3385 1461 quoniam
3429 1404 3561 1446 con-

1963 1474 2147 1534 fortati
2176 1488 2300 1534 sunt
2324 1494 2485 1551 super
2512 1495 2623 1537 me.

2035 1570 2185 1627 Educ
2213 1571 2280 1628 de
2311 1587 2537 1629 carcere
2565 1573 2802 1630 animam
2836 1562 3038 1645 meam,
3073 1574 3142 1631 ad
3185 1575 3553 1633 confitendum

3361 1223 3374 1261 :
3431 1205 3556 1276 quia

248 1640 384 1697 mini
412 1654 503 1698 tuo
529 1659 547 1698 :
573 1660 654 1699 me
691 1657 992 1718 exspectant
1022 1650 1187 1722 justi,
1211 1652 1373 1706 donec
1403 1654 1660 1710 retribuas
1705 1656 1852 1712 mihi.
1888 1649 1936 1711 B
1966 1665 2171 1721 nomini
2205 1677 2320 1733 tuo,
2350 1665 2602 1722 Domine.

1960 1782 1978 1805 τ.
2027 1758 2109 1813 Me
2140 1758 2613 1830 eXSpectantjusli
2636 1802 2649 1824 ,
2683 1760 2857 1817 donec
2894 1760 3165 1818 retribuas
3197 1760 3349 1818 mihi.

1628 1841 1941 1906 PSALMUS
1979 1847 2186 1904 CXLII.

246 1938 488 1985 PSALIUS
518 1942 697 1999 DAVID,
733 1945 791 1987 ~3—
818 1947 1027 2044 QUADLDO
1050 1949 1501 1999 PERSEQUEBATUR
1542 1955 1649 1995 εωι
1680 1957 1855 1999 FILIUS

1007 2021 1131 2044 rma

1007 2021 1154 2063 ειυς.

324 2093 578 2165 Domine,
608 2097 797 2152 exaudi
832 2098 1117 2154 orationem
1149 2115 1351 2171 meam,
1390 2104 1602 2159 auribus
1648 2108 1854 2180 percipe

248 2186 659 2244 obsecrationem
705 2206 894 2260 meam,
944 2192 995 2246 in
1034 2193 1245 2249 veritate
1280 2204 1368 2251 tua
1399 2212 1418 2251 :
1465 2200 1657 2253 exaudi
1691 2217 1772 2255 nte
1797 2204 1850 2257 in

247 2282 344 2329 tua
356 2278 588 2348 justitia.

318 2368 395 2423 Et
418 2388 519 2424 non
544 2373 701 2429 intres
724 2374 776 2429 in
796 2376 1061 2449 judicium
1099 2396 1213 2435 cum
1243 2397 1387 2438 servo
1424 2392 1514 2441 tuo
1545 2402 1565 2443 :
1590 2390 1713 2460 quia
1742 2406 1846 2447 non
1918 2395 1925 2401 ’

238 2462 628 2532 jnstiﬁcabitur
655 2466 709 2521 in
739 2479 1014 2540 conspectu
1036 2481 1123 2527 tuo
1151 2474 1317 2530 omnis
1348 2475 1540 2536 vivens.

321 2643 464 2713 Quia
482 2658 779 2719 persecutus
809 2660 882 2705 est
910 2652 1151 2711 inimicus
1175 2658 1403 2714 animam
1430 2677 1594 2717 meam
1624 2678 1645 2720 :
1681 2662 1846 2723 Immi-

248 2740 403 2793 Iianit
440 2742 494 2795 in
525 2752 664 2798 terra
686 2743 842 2799 vitam
870 2764 1057 2804 meant.

319 2832 609 2889 Collocavit
649 2853 729 2891 me
757 2838 810 2892 in
847 2839 1072 2896 obscuris
1109 2842 1242 2897 sicut
1285 2854 1516 2903 mortuos
1544 2850 1725 2907 steculi
1755 2868 1772 2907 :
1804 2862 1853 2909 et

243 2927 497 2981 anxiatus
517 2935 594 2980 est
619 2944 774 2999 super
793 2946 874 2985 me
901 2932 1115 2998 spiritus
1144 2950 1287 2989 meus
1308 2973 1326 3005 ,
1366 2938 1420 2991 in
1470 2956 1551 2995 me
1597 2945 1853 3001 turbatum

242 3027 323 3072 est
348 3034 441 3072 cor
468 3035 656 3076 meum.

319 3108 529 3166 Memor
562 3113 641 3184 fui
680 3112 881 3169 dierum
926 3116 1286 3186 antiquorum,
1329 3122 1604 3180 meditatus
1636 3143 1751 3180 sum
1797 3127 1852 3182 in

242 3202 490 3258 omnibus
530 3205 769 3275 operibus
810 3207 910 3262 tuis
940 3224 960 3263 :
994 3218 1018 3247 ε
1051 3208 1105 3264 in
1151 3212 1305 3282 factis
1346 3230 1596 3271 manuum
1648 3230 1852 3275 tuarum

250 3298 567 3353 meditabar.

317 3390 571 3462 Expandi
607 3410 790 3452 manus
826 3415 968 3455 meas
996 3401 1066 3456 ad
1101 3411 1179 3473 te,
1213 3405 1389 3461 anima
1429 3424 1542 3464 mea
1572 3423 1631 3465 -ξ-
1664 3412 1793 3467 sicut
1824 3411 1846 3482 ζ

244 3493 392 3539 terra
425 3486 537 3540 sine
564 3505 697 3556 aqua
735 3490 907 3557 tibi..d
940 3493 1273 3556 Dursnuu.

330 3576 590 3633 Velociter
647 3585 838 3640 exaudi
893 3604 992 3654 me,
1041 3589 1263 3646 Domine

246 3685 416 3725 meus.

320 3764 448 3819 Non
482 3774 682 3822 avertas
721 3768 906 3840 faciem
943 3779 1088 3828 tuam
1128 3790 1161 3829 a
1188 3791 1270 3831 me
1307 3786 1402 3833 :et
1438 3778 1623 3836 similis
1654 3797 1740 3837 ero
1768 3784 1857 3841 de-

247 3857 612 3913 scendentibus
632 3862 688 3915 in
713 3861 904 3917 lacutn.

321 3951 573 4007 Auditum
614 3958 699 4025 fac
736 3954 865 4012 mihi
900 3973 1054 4014 mane
1090 3960 1498 4021 misericordiam
1529 3974 1709 4025 tuam:
1735 3972 1855 4041 quia

246 4043 303 4097 in
332 4052 383 4099 te
413 4047 639 4116 speravi.

1312 3610 1328 3649 :
1389 3594 1575 3666 defecit
1637 3600 1853 3670 spiritus

250 4242 364 4280 cem
385 4241 549 4311 meam
566 4242 598 4311 εὶ
614 4227 992 4311 tribulationem
1018 4247 1185 4311 meam
1210 4232 1262 4311 in
1293 4245 1568 4305 conspectu
1597 4239 1726 4311 ejus,
1759 4257 1854 4297 an-

251 4298 522 4378 nuntiabo.
556 4299 691 4378 Dum
731 4301 901 4370 deﬁcit
923 4319 1067 4378 ante
1091 4305 1306 4378 spiritus
1346 4298 1487 4362 meus
1507 4350 1523 4373 ,
1549 4319 1597 4364 et
1616 4298 1725 4378 ἠιξ
1750 4325 1856 4371 etc.

251 4368 417 4445 Tum,
448 4368 819 4445 absconderant
848 4374 989 4445 Amilti
1031 4368 1401 4445 muscipulam.
1452 4368 1858 4439 considerabam

250 4441 307 4491 in
336 4440 625 4527 dexteram,
649 4452 696 4495 et
722 4442 953 4526 videbam
982 4461 1001 4499 :
1032 4454 1077 4499 et
1098 4440 1213 4527 Inoa"
1238 4458 1344 4503 erat
1374 4452 1462 4520 qui
1490 4469 1568 4527 me
1596 4470 1860 4527 cognosce-

251 4525 348 4563 ret.
376 4511 747 4588 Subsequenti
772 4530 932 4588 versu
957 4517 1162 4571 voculae
1187 4527 1233 4572 et
1250 4536 1354 4573 non
1375 4511 1470 4588 est,
1495 4511 1701 4580 librarii
1725 4511 1861 4583 osci-

252 4584 426 4635 tantia
456 4583 797 4658 exciderunt.
842 4586 1026 4641 Tertio
1068 4598 1252 4644 autem
1297 4605 1327 4644 a
1358 4583 1486 4658 line,
1519 4593 1663 4650 Erue
1703 4615 1784 4652 me
1825 4617 1857 4652 a

252 4655 675 4734 persequentibus
717 4673 795 4710 me
829 4672 848 4710 :
882 4659 1125 4734 quoniam
1178 4655 1495 4734 corroborati
1538 4677 1698 4734 sunt,
1749 4680 1856 4726 etc.

254 4724 423 4806 Timr.
456 4733 508 4777 ut
541 4726 870 4806 conﬁteatur,
893 4724 994 4806 pro
1020 4732 1089 4783 ad
1115 4732 1488 4806 conﬁtendum.
1514 4737 1594 4791 Ac
1614 4724 1858 4806 domum,

254 4794 350 4873 die
391 4796 755 4873 exspectabant
792 4794 968 4869 justi,
1018 4794 1355 4873 quoadusque
1407 4807 1660 4863 retribuas
1707 4794 1854 4866 milii:

256 4866 558 4952 Maximam
592 4883 724 4952 sane
751 4866 957 4938 partem
990 4866 1054 4952 ad
1081 4866 1531 4952 Augustiniauum
1558 4886 1856 4952 exemplar.

338 4945 365 4973 δ
398 4937 548 5019 lianc
574 4941 787 5009 quidem
817 4950 864 4995 et
891 4943 1141 5019 copulam
1165 4937 1358 5019 fminus
1393 4958 1541 5004 recte
1562 4990 1578 5015 ,
1606 4937 1735 5019 jure.
1758 4937 1856 5007 aué

256 5016 369 5081 tem
388 5010 583 5063 merito
602 5026 722 5065 eam
744 5027 863 5081 qua:
880 5012 1053 5068 altero
1084 5015 1152 5069 ab
1172 5015 1277 5071 hoc
1300 5010 1646 5076 hemisticbio
1663 5038 1723 5079 su
1735 5024 1856 5080 bse-

255 5080 463 5157 quitur,
493 5082 618 5136 etin
653 5080 918 5140 Hebraico
942 5094 1090 5140 textu
1121 5102 1229 5141 non
1271 5096 1376 5157 est,
1423 5089 1703 5150 Palatinus
1748 5113 1851 5152 ms.

258 5151 424 5204 obclo
455 5162 740 5219 prtenotat.

332 5220 361 5258 δ
388 5222 963 5307 ι’ίιιιηίηιιεῆηιεκιῖιὶιιε
983 5245 1131 5284 suus.
1158 5228 1247 5297 Et,
1273 5228 1493 5307 Domine
1517 5250 1577 5307 +
1611 5254 1675 5292 ea:
1707 5238 1728 5307 ζ
1762 5255 1855 5293 an-

255 5292 337 5356 di,
372 5304 478 5371 etc.
500 5339 513 5363 ,
542 5295 767 5365 praeﬁxo
787 5292 856 5353 de
883 5316 1033 5356 inore
1057 5292 1425 5371 praepositioni
1446 5306 1627 5362 obelo.
1656 5292 1856 5365 Subsc-

255 5366 451 5446 qucnti
478 5382 642 5452 iversu
670 5371 989 5440 rescriptum
1022 5366 1275 5443 sequiore
1304 5390 1499 5446 manu,
1532 5380 1585 5431 in
1621 5381 1851 5452 judicio,

256 5449 362 5504 pro
382 5436 667 5503 judicium.

342 5507 632 5590 {Sequior
669 5510 757 5567 hic
782 5527 977 5590 manus
1026 5515 1341 5590 ianalatiu.
1381 5533 1485 5574 ms.
1531 5522 1768 5590 prmiixit
1809 5534 1858 5579 et

261 5577 729 5664 conjunctiouem.
787 5584 955 5665 Porro
1006 5588 1097 5656 qui
1147 5589 1316 5665 verbo
1363 5592 1498 5665 sicut
1527 5577 1860 5665 praeponitur

257 5654 561 5707 asteriscus
586 5694 600 5719 ,
652 5656 707 5708 in
755 5656 947 5711 eodem
981 5654 1082 5714 nis.
1112 5668 1165 5715 et
1197 5661 1319 5715 Cari
1372 5654 1615 5721 editione
1639 5654 1864 5725 'deside-

257 5728 440 5777 ratur.

332 5788 564 5875 ίξῙειεει
593 5795 766 5853 Palat.
794 5813 895 5855 ms.
932 5800 1256 5875 Diapsalma.

335 5864 529 5924 ﬁdem
579 5882 683 5926 ms.
716 5886 917 5943 precem
948 5864 1111 5931 meam
1142 5884 1234 5933 :ct
1276 5889 1432 5950 mox,
1476 5880 1722 5952 quoniam
1762 5900 1865 5943 non

1960 1958 2199 2001 PSALIUS
2228 1960 2387 2001 nava)
2434 1942 2562 2018 [Ms.
2612 1946 2711 2001 ius:
2758 1945 2936 2017 mvm]
2986 1962 3193 2009 oonsno
3235 1963 3345 2004 seu
3389 1962 3559 2004 FILIUS

2449 2032 2575 2074 SUUS
2606 2033 3075 2084 PERSEQUEBATUR.

2033 2109 2280 2176 Domine,
2324 2110 2523 2166 exaudi
2567 2112 2871 2167 orationem
2918 2127 3130 2179 meam,
3165 2112 3390 2168 auribus
3432 2128 3559 2184 per.

1957 2202 2081 2273 cipe
2113 2213 2136 2241 ο
2170 2203 2607 2260 obsecrationem
2632 2221 2831 2279 meam,
2859 2204 2912 2262 in
2935 2204 3168 2264 veritate
3192 2214 3280 2262 tua
3314 2207 3553 2264 :exautli

1955 2313 2044 2354 me
2066 2299 2118 2353 in
2150 2306 2235 2352 tua
2260 2298 2496 2369 justitia.

2028 2389 2097 2444 Et
2122 2404 2190 2447 ue
2213 2391 2384 2447 intres
2413 2392 2467 2446 in
2488 2390 2752 2462 judicium
2781 2390 2929 2466 [Μδ.
2955 2390 3204 2464 judicio]
3229 2409 3349 2450 cum
3391 2409 3550 2450 servo

1956 2491 2049 2538 tuo
2084 2500 2097 2537 :
2128 2483 2253 2554 quia
2287 2498 2397 2539 non
2419 2482 2814 2554 justiticabitur
2842 2488 2897 2539 in
2929 2495 3225 2557 conspectu
3261 2496 3352 2541 tuo
3379 2488 3557 2543 omnis

1954 2575 2162 2633 vivens.

2027 2670 2162 2736 Quia
2204 2668 2341 2743 [Με.
2397 2668 2677 2741 quoniam]
2758 2680 3079 2743 persecutus
3150 2681 3235 2729 est
3307 2672 3557 2729 inimicus

1957 2764 2193 2819 animam
2219 2779 2397 2820 meam
2425 2784 2437 2817 :
2465 2764 2775 2820 humiliavit
2798 2764 2853 2821 in
2877 2774 3020 2821 terra
3048 2768 3213 2822 vitam
3244 2782 3446 2823 meam.

2034 2852 2333 2911 Collocavit
2384 2872 2471 2913 me
2497 2856 2552 2911 in
2575 2856 2815 2913 obscuro
2844 2858 2984 2913 sicut
3024 2866 3271 2915 mortuos
3314 2859 3503 2915 seaculi
3540 2877 3554 2915 :

1963 2954 2020 3002 et
2049 2947 2301 3003 anxiatus
2329 2947 2489 3004 estin
2512 2964 2600 3005 me
2627 2949 2855 3020 Spiritus
2885 2964 3060 3016 meus,
3091 2950 3143 3005 in
3167 2965 3255 3007 me
3280 2952 3554 3007 turbatum

1881 3013 1928 3078 C
1958 3049 2041 3097 est
2070 3054 2166 3096 (ΞοΓ
2203 3056 2405 3097 meum.

2030 3134 2238 3191 Memor
2266 3134 2341 3190 t‘ui
2375 3134 2585 3192 dierum
2617 3136 2966 3210 antiquorum
2989 3179 3004 3205 ,
3035 3147 3091 3194 et
3115 3138 3404 3195 meditatus
3433 3154 3552 3196 smn

1957 3226 2012 3283 in
2064 3228 2321 3284 omnibus
2363 3230 2625 3300 operibus
2674 3231 2782 3288 tuis
2820 3248 2836 3292 ;
2885 3240 2943 3289 et
2990 3232 3045 3289 iu
3088 3234 3245 3291 lactis
3296 3251 3555 3303 manuum

1956 3329 2174 3377 tuarum
2210 3322 2535 3379 meditabar.
2982 3330 2987 3333 ’

2028 3415 2275 3487 Expandi
2326 3432 2516 3474 manus
2567 3433 2718 3474 meas
2754 3419 2821 3474 ad
2860 3428 2954 3489 te,
3012 3421 3194 3477 anima
3245 3436 3365 3479 mea
3420 3423 3559 3479 sicut

1961 3514 2104 3564 terra
2158 3508 2277 3565 sine
2322 3525 2460 3581 aqua
2508 3509 2627 3567 tibi.
2678 3511 3009 3570 DIAPSALMA.
3054 3513 3325 3572 Velociter
3352 3516 3552 3572 exaudi

1959 3618 2067 3659 me.

2034 3696 2286 3765 Domine,
2314 3696 2514 3755 defecit
2542 3696 2770 3769 Spiritus
2796 3703 2992 3769 meus,’
3022 3716 3092 3758 ne
3121 3712 3335 3760 avertas
3363 3704 3552 3761 faciem

1961 3801 2106 3847 tuam
2152 3808 2181 3846 a
2230 3807 2318 3848 me
2349 3807 2364 3850 :
2401 3800 2457 3848 et
2501 3807 2598 3849 ero
2643 3792 2840 3851 similis
2882 3795 3340 3854 descendentibus
3382 3797 3438 3854 in
3479 3800 3554 3855 la-

1958 3899 2104 3940 cum.

2027 3977 2283 4034 Auditam
2312 3977 2446 4035 mihi
2465 3977 2719 4037 lacmane
2746 3980 3177 4039 misericordiam
3206 3992 3350 4040 tuam
3379 4002 3391 4041 :
3423 3986 3545 4057 quia

1953 4065 2080 4142 [Ms.
2114 4068 2392 4142 quoniam]
2418 4071 2471 4127 in
2504 4081 2557 4129 te
2580 4074 2830 4144 speravi,
2862 4072 2883 4113 τ
2929 4075 3174 4133 Domine.

1916 4230 1921 4235 ’
1951 4246 2327 4318 justi/imbitur
2352 4266 2525 4305 coram
2556 4260 2603 4307 te
2632 4254 2797 4309 omnis
2826 4256 3013 4312 vivens.
3045 4257 3181 4315 Tum
3207 4277 3394 4318 rursus
3431 4279 3551 4321 cum

1961 4322 2282 4389 Augustino,
2316 4322 2710 4379 Collocavernnt
2737 4343 2815 4381 me
2846 4328 2898 4381 in
2928 4329 3230 4394 tenebrosis,
3266 4344 3312 4387 et
3344 4338 3553 4392 ta’dinm

1963 4406 2148 4460 passus
2173 4401 2246 4445 est
2273 4394 2339 4467 in_
2354 4412 2438 4467 me
2459 4396 2675 4467 spiritus
2704 4414 2869 4461 meus,
2898 4400 2952 4453 in
2986 4418 3065 4456 me
3091 4406 3452 4461 conturbatum
3483 4424 3555 4463 est

1964 4478 2051 4515 cor
2088 4474 2281 4518 meum.
2314 4464 2634 4521 Memoratns
2662 4485 2773 4548 sum
2810 4470 3031 4538 dierum,
3064 4488 3169 4548 etc.
3191 4518 3205 4541 ,
3243 4478 3293 4531 in
3341 4479 3556 4548 [acturis

1938 4544 2212 4587 ‘manuum
2278 4545 2487 4591 tuarum
2556 4538 2830 4593 meditatus
2889 4559 3025 4599 sum.
3095 4538 3556 4605 Extendi'manus

1915 4631 1941 4685 )
1966 4620 2125 4685 meas,
2153 4617 2287 4672 etc.,
2318 4617 2455 4685 terra
2485 4609 2594 4662 sine
2620 4627 2757 4679 aqua
2797 4613 2951 4678 sitivi,

3000 4631 3095 4684 pro
3138 4618 3247 4671 tibi.
3280 4620 3346 4673 Ει
3380 4623 3556 4675 sitiens

1967 4676 2207 4744 quidem,
2263 4693 2361 4746 pro
2390 4680 2499 4734 sine
2541 4676 2678 4751 aqua
2721 4676 3012 4739 commode
3055 4688 3177 4743 aliis
3228 4691 3424 4744 lectum
3475 4705 3555 4746 at-

1963 4761 2069 4831 q'uc
2116 4751 2418 4831 expositum
2447 4752 2601 4831 .scio,
2651 4767 2715 4831 ac
2757 4754 2827 4808 do
2858 4755 3046 4812 lubens
3081 4776 3095 4813 :
3144 4775 3369 4829 verum,
3410 4764 3551 4831 qund

1965 4816 2295 4901 [Veronensis
2342 4816 2807 4901 Psalteriiheditor
2849 4834 3042 4901 putat,
3093 4831 3261 4895 sitivi,
3315 4816 3553 4901 pro'tibi,

1965 4888 2337 4974 (Amanifestum
2363 4892 2481 4961 ejus
2510 4893 2713 4949 codicis
2737 4888 3553 4974 mendum)probatum'quoquc

1963 4961 2268 5042 Augustino
2290 4978 2433 5027 esse,
2467 4980 2528 5018 ex
2582 4980 2647 5019 eo
2674 4968 2816 5036 quod
2864 4971 2969 5037 ait,
2994 4961 3160 5026 's'itire
3189 4973 3280 5026 tibi
3319 4961 3553 5044 possunt,

1962 5047 2043 5083 me
2068 5032 2287 5113 irrigare
2314 5050 2417 5113 non
2441 5052 2667 5113 possunt,
2692 5032 3059 5113 commentum
3084 5053 3164 5096 cst
3181 5032 3330 5110 ejus;
3352 5049 3443 5113 qui
3471 5032 3554 5100 ne:

1965 5117 2071 5182 que
2100 5103 2244 5157 istud
2275 5107 2415 5173 quod
2441 5103 3010 5182 diximus,glossema,
3044 5103 3227 5182 neque
3249 5103 3422 5170 sancti
3454 5118 3555 5171 Pa-

1965 5174 2066 5260 tris
2095 5184 2407 5257 contextum
2452 5174 2763 5235 attenderit.
2796 5174 3021 5237 Demum
3063 5174 3168 5239 tit'o
3210 5185 3423 5257 legitur,
3458 5205 3557 5260 pro

1962 5243 2224 5300 velociter.
2622 5268 2625 5271 ‘

2041 5316 2061 5357 ί
2088 5317 2187 5401 bis.
2208 5317 2509 5403 Veronens.
2529 5336 2651 5403 eum
2673 5323 2996 5403 Augustino,
3015 5325 3267 5403 quodliic
3294 5329 3396 5388 loci
3421 5349 3563 5403 prir-

1964 5388 2512 5465 termittit,_Dmnin_e,
2570 5388 2920 5465 subsequenti
2957 5388 3115 5451 versu
3164 5388 3444 5459 interserit
3490 5410 3555 5461 ad

1962 5456 2109 5540 hunc
2136 5459 2353 5540 modum
2381 5478 2395 5515 :
2450 5461 2642 5540 Notam
2673 5456 2775 5540 ῙαέΔ
2802 5467 2931 5540 milii
2956 5509 2971 5533 ,
3004 5466 3223 5527 Domine
3249 5514 3263 5537 ,
3298 5456 3470 5540 via—ni,
3494 5456 3556 5531 ti.

1962 5545 2065 5603 qua
2091 5530 2357 5603 ingrediar
2378 5577 2392 5597 ,
2426 5530 2683 5603 quoniam
2708 5537 2776 5590 ad
2807 5548 2854 5590 te
2910 5530 3065 5592 levavi
3100 5530 3328 5599 animam
3371 5530 3555 5602 meam.

1962 5600 2409 5684 Tumsolusms.
2438 5600 2452 5656 ξ
2482 5602 2669 5684 ιίὶὺφά
2688 5624 2770 5684 me
2790 5611 2853 5662 de
2882 5608 3106 5665 inimicis
3134 5616 3281 5677 meis.
3304 5600 3557 5684 Domine,

1963 5673 2298 5751 quoniam
2328 5681 2376 5726 te
2395 5677 2608 5745 confugi
2636 5693 2654 5731 :
2684 5679 2810 5751 doce
2832 5695 2910 5733 me
2937 5690 2994 5733 ut
3025 5684 3216 5751 faciam
3244 5673 3553 5743 voluntatem

1973 5741 2317 5825 (nonaddito
2353 5741 2503 5799 tuam'
2544 5741 2864 5833 pronomine
2888 5766 2953 5806 ex
2987 5741 3193 5811 librarii
3244 5741 3556 5833 oscitantis)

1967 5814 2219 5897 quoniam
2240 5825 2297 5870 tu
2331 5814 2559 5897 es,-etc.'
2582 5819 3031 5897 Deinderurs‘um
3073 5840 3197 5882 cum
3228 5814 3553 5897 Augustino:

1968 5886 2245 5959 viviﬁcabis
2276 5904 2377 5949 me.
2408 5886 2473 5947 In
2522 5901 2609 5948 tua
2630 5894 2840 5967 jnstitia
2880 5892 3068 5954 educes
3114 5898 3177 5955 de
3204 5886 3554 5970 tribulatione,
