4182 6338
635 358 741 418 387

1647 349 1707 409 S.
1750 344 2132 405 HIERONYMI
2170 337 2406 400 DIVINA
2448 333 2930 395 BIBLIO'I‘IIECA.

3840 323 3946 381 388

708 476 907 533 Notam
938 479 1023 549 [ac
1043 473 1171 531 mihi
1212 472 1348 528 riam
1378 468 1433 526 in
1476 485 1579 542 qua
1605 466 1862 525 ambulem
1889 483 1910 524 :
1949 464 2071 539 quia
2099 460 2169 516 ad
2198 467 2246 516 te
2271 459 2325 520 Α
2420 453 2616 549 Notam
2648 448 2780 549 mibi
2824 448 2916 549 iac.
2951 445 3097 549 viam
3130 445 3185 503 in
3216 458 3324 519 qua
3364 441 3639 501 ambulem
3672 455 3689 496 :
3721 438 3845 511 quia
3880 439 3948 496 ad

633 571 794 628 levavi
834 570 1064 625 animam
1093 583 1278 624 meam.

710 663 869 735 Eripe
914 680 993 717 me
1014 661 1079 715 de
1100 659 1324 715 inimicis
1353 657 1506 727 meis,
1545 654 1787 721 Domine,
1819 655 1888 708 ad
1918 662 1966 707 te
1991 646 2204 720 confugi
2231 658 2252 699 :

2352 557 2425 615 te,
2457 544 2709 608 Domine,
2743 540 2919 598 levavi
2948 538 3188 595 animam
3219 553 3432 597 meam:

2424 639 2588 710 Eripe
2615 652 2703 693 me
2720 634 2790 691 de
2817 634 3059 690 inimicis
3074 633 3233 696 meis.
3265 629 3520 697 Domine,
3540 626 3608 683 ad
3632 635 3686 682 te
3708 624 3948 697 confugi:

632 758 758 814 doce
789 719 866 815 me
896 758 1066 829 facere
1092 755 1404 815 voluntatem
1440 719 1607 816 tuam,
1637 748 1758 825 quia
1777 719 1927 801 Deus
1959 719 2102 799 meus
2126 749 2153 777 οι
2180 752 2241 794 +
2350 733 2489 791 doce
2522 747 2611 788 me
2643 730 2826 787 facere
2850 728 3184 785 voluntatem
3213 735 3358 783 tuam
3386 765 3401 792 ,
3440 725 3568 795 quia
3599 731 3652 793 tu
3696 735 3756 791 es
3806 719 3950 799 Deus

639 868 695 908 es
720 853 743 921 ζ
770 860 850 908 tu.

721 944 958 1013 Spiritus
987 949 1106 998 tuus
1141 940 1303 1007 bonus
1334 937 1547 995 deducet
1576 950 1657 1007 me
1704 932 1760 987 in
1796 938 1984 986 (errant
2012 934 2207 981 rectam
2230 939 2250 980 :

637 1048 852 1110 propter
878 1052 1070 1093 nomen
1101 1045 1265 1102 tuum,
1297 1032 1542 1099 Domine,
1582 1024 1863 1113 riviﬁcabis
1891 1040 1970 1079 me
1996 1022 2050 1078 in
2087 1020 2248 1092 tequi-

639 1142 747 1190 tate
784 1143 892 1187 tua.

713 1223 919 1280 Educes
943 1224 1004 1278 de
1026 1219 1362 1279 tribulatione
1382 1217 1611 1271 animant
1641 1229 1807 1269 meam
1830 1227 1850 1268 :
1886 1219 1935 1269 et
1964 1209 2019 1266 in
2051 1205 2251 1265 miseri-

646 1320 827 1377 cordia
858 1329 949 1374 tua
974 1316 1246 1388 disperdes
1283 1313 1521 1369 inimicos
1558 1320 1694 1368 tuos.

711 1411 779 1466 Et
799 1408 979 1483 perdes
1020 1424 1194 1464 omnes
1222 1406 1314 1479 qui
1355 1401 1605 1460 tribulant
1638 1400 1870 1457 animam
1895 1413 2058 1455 meam
2082 1411 2100 1450 :
2122 1408 2252 1469 quo-

646 1507 795 1562 niam
821 1521 913 1580 ego
939 1520 1114 1565 servus
1136 1512 1254 1559 tuus
1277 1516 1411 1556 sunt.

2352 841 2530 885 meus.

2427 916 2663 991 Spiritus
2693 922 2822 972 tuus
2849 914 3028 989 bonus
3068 910 3300 969 deducet
3331 924 3419 965 me
3462 907 3519 963 in
3568 907 3713 962 viam
3743 916 3950 961 rectam

2357 1010 2486 1085 [Ms.
2521 1021 2667 1067 terra
2694 1006 2907 1082 recta]:
2936 1014 3166 1080 propter
3202 1018 3403 1060 nomen
3445 1012 3620 1073 tuum,
3677 997 3945 1066 Domine,

2349 1103 2656 1161 virilicabis
2690 1117 2779 1159 me
2807 1102 2860 1157 in
2893 1100 3152 1172 aequitate
3180 1106 3294 1154 tua.

2425 1200 2492 1256 Et
2517 1198 2719 1255 educes
2758 1196 2830 1253 de
2868 1193 3229 1252 tribulatione
3260 1190 3497 1247 animam
3547 1200 3766 1245 meam:
3793 1193 3849 1255 et
3895 1184 3952 1241 iu

2352 1291 2730 1353 misericordia
2754 1300 2845 1361 tua
2875 1288 3161 1360 disperdes
3184 1284 3439 1353 inimicos
3462 1297 3636 1339 meos.

2425 1387 2491 1445 Et
2538 1384 2733 1457 perdes
2771 1397 2962 1439 omnes
3007 1382 3097 1453 qui
3142 1378 3404 1436 tribulant
3446 1375 3684 1451 animam
3730 1386 3950 1447 meam:

2352 1479 2609 1559 quoniam
2637 1490 2834 1547 servus
2867 1485 2992 1532 tuus
3018 1488 3119 1549 ego
3145 1488 3288 1531 sum.

2004 1578 2326 1645 PSALMUS
2361 1574 2591 1633 CXLIII.

797 1711 859 1753 σξ-
892 1695 921 1735 b
945 1708 1182 1752 esauus
1218 1692 1241 1771 ζ
1274 1705 1434 1748 omn
1460 1706 1473 1745 :
1503 1701 1782 1746 anveusus
1818 1696 2052 1744 comm
2084 1680 2107 1755 ζ

719 1788 1031 1844 Benedictus
1054 1784 1305 1841 Dominus
1347 1782 1491 1837 Deus
1536 1798 1682 1836 meus
1714 1797 1734 1837 :
1770 1780 1860 1851 qui
1888 1784 2035 1832 docet
2064 1786 2250 1847 manus

643 1900 789 1939 meas
822 1882 891 1937 ad
919 1880 1179 1953 praelium,
1214 1891 1275 1933 +
1306 1884 1356 1945 et
1390 1876 1412 1945 ζ
1449 1874 1642 1947 digitos
1662 1889 1801 1930 meos
1828 1871 1898 1925 ad
1926 1868 2138 1925 bellum.

716 1973 1084 2030 Misericordia
1133 1988 1279 2037 mea,
1335 1980 1382 2025 et
1438 1968 1702 2040 refugium
1744 1965 2252 2031 meum:susceptor

644 2084 811 2137 tuens,
840 2076 887 2124 et
920 2066 1167 2124 liberator
1198 2080 1336 2120 meus
1363 2079 1382 2118 :

722 2165 999 2223 Protector
1029 2176 1192 2233 meus,
1227 2169 1275 2215 et
1302 2160 1356 2221 in
1386 2157 1499 2229 ipso
1524 2152 1725 2229 speravi
1754 2168 1773 2208 :
1799 2150 1887 2225 qui
1909 2160 1931 2189 ε
1957 2145 2130 2209 subdit
2158 2159 2252 2217 po-

645 2257 829 2329 pulant
854 2269 1025 2309 meum
1048 2252 1142 2307 sub
1186 2268 1283 2306 me.

714 2345 962 2410 Domine,
992 2345 1121 2417 quid
1153 2353 1226 2401 est
1253 2341 1405 2407 homo
1430 2342 1553 2417 quia
1588 2338 1865 2399 iunotuisti
1892 2320 1974 2393 ei?
2014 2349 2072 2393 τερ
2107 2330 2247 2401 aut:

643 2443 785 2515 [ilius
811 2441 1034 2499 [laminis
1061 2440 1185 2514 quia
1217 2448 1431 2511 reputas
1460 2440 1621 2505 eum?

723 2617 897 2689 [Ionio
936 2618 1153 2683 vanitati
1199 2616 1390 2677 similis
1430 2616 1598 2687 factus
1643 2622 1720 2687 est
1750 2630 1769 2672 :
1801 2613 1912 2669 dies
1957 2612 2069 2684 ejus
2119 2609 2253 2666 sicut

650 2712 835 2779 umbra
863 2718 1197 2784 prtctcreuttt.

719 2800 964 2871 Domine,
980 2803 1176 2859 inclina
1198 2800 1351 2863 calo:
1378 2809 1516 2872 tuos,
1539 2809 1588 2858 et
1608 2798 1865 2867 descende
1886 2813 1905 2854 :
1927 2806 2079 2873 tange
2106 2812 2253 2859 utan-

648 2904 744 2960 tes,
778 2905 828 2952 et
853 2895 1205 2968 fumigabunt.
1504 2874 1513 2883 ὅ

721 2986 960 3059 Fulgura
1003 2985 1440 3050 coruscationem,
1486 2992 1534 3038 et
1573 2981 1848 3054 dissipabis
1893 2997 1980 3043 eos
2011 2997 2031 3037 :
2078 2980 2255 3051 emitte

644 3082 861 3153 sagittas
892 3089 1028 3148 tuas,
1060 3088 1108 3135 et
1134 3076 1471 3145 conlltrbabis
1496 3092 1605 3145 eos.

723 3170 914 3243 Emitte
935 3187 1146 3226 ntonunt
1176 3179 1320 3237 tuam
1351 3169 1415 3224 de
1444 3168 1574 3235 alto,
1606 3167 1744 3241 eripe
1764 3184 1866 3233 me,
1892 3176 1940 3235 et
1970 3166 2134 3223 libera
2171 3181 2251 3223 me
2306 3152 2321 3169 ’

648 3263 713 3321 de
736 3266 883 3337 aquis
904 3264 1103 3332 multis,
1127 3262 1154 3302 τί
1187 3264 1251 3318 de
1272 3278 1428 3317 manu
1462 3262 1692 3325 ﬁliorum
1728 3261 2040 3327 alienorum.

2274 1674 2325 1737 B

2400 1734 2421 1749 .
2661 1663 2791 1739 [Με.
2823 1661 3079 1736 νειιιιυε]
3117 1678 3276 1720 unm
3315 1677 3383 1719 Αι)
3419 1674 3638 1718 count.

2426 1760 2755 1819 Benedictus
2802 1759 3064 1815 Dominus
3091 1757 3236 1815 Deus
3275 1771 3432 1814 meus
3466 1772 3483 1811 :
3513 1754 3606 1826 qui
3637 1753 3796 1810 docet
3836 1766 3956 1809 ma-

2353 1868 2457 1911 nus
2488 1867 2641 1908 ineas
2665 1860 2689 1889 ι’
2718 1852 2784 1905 ad
2817 1850 3085 1925 prmiium,
3114 1858 3170 1906 et
3199 1848 3397 1923 digitos
3427 1861 3581 1904 meos
3616 1844 3683 1917 ad
3720 1842 3951 1909 bellum.

2338 1942 2349 1950 ’
2425 1944 2799 2003 Misericordia
2826 1959 2966 2013 mea,
3007 1953 3060 1999 ct
3092 1941 3359 2021 refugium
3390 1957 3571 1999 meum
3604 1958 3619 1995 :
3659 1949 3948 2011 susceptor

2368 2054 2544 2111 meus,
2574 2049 2626 2097 el
2653 2037 2914 2111 liberator
2940 2052 3119 2111 meus,

2427 2134 2711 2197 Protector
2756 2147 2933 2213 meus,
2960 2138 3019 2201 et
3045 2131 3100 2205 in
3136 2130 3256 2203 ipsa
3281 2129 3500 2205 speravi
3533 2146 3546 2184 :
3602 2126 3622 2185 i
3653 2125 3956 2200 subiiciens

2356 2227 2587 2298 populos
2618 2224 2721 2280 sub
2746 2239 2856 2280 me.

2424 2280 2674 2387 Domine,
2709 2313 2840 2395 quid
2868 2321 2953 2371 est
2979 2311 3146 2371 homo
3167 2311 3310 2385 quod
3338 2280 3468 2386 [Hs
3490 2310 3776 2384 quoniam]
3798 2311 3953 2377 inuo-

2356 2407 2509 2465 tuisti
2570 2407 2676 2464 ei?
2738 2416 2833 2467 aut
2896 2405 3041 2481 titius
3106 2405 3342 2479 beluinis
3403 2404 3663 2480 quoniam
3729 2413 3955 2477 reputas

2354 2521 2478 2563 cum
2504 2505 2528 2559 ἲ

2428 2596 2606 2653 Ilomo
2633 2594 2863 2667 vanitati
2892 2594 3090 2669 similis
3131 2593 3306 2655 tactus
3343 2605 3427 2657 est
3456 2612 3475 2655 :
3514 2594 3633 2659 dies
3660 2596 3780 2669 eius
3805 2596 3957 2667 sicut

2357 2689 2548 2747 umbra
2586 2696 2941 2761 praetereunt.

2428 2781 2681 2847 Domine,
2724 2781 2927 2845 inclina
2954 2779 3126 2839 cados
3157 2791 3312 2853 tuos,
3357 2790 3416 2839 et
3460 2780 3963 2857 descendentiuge

2354 2884 2596 2955 montes,
2622 2886 2679 2933 et
2706 2875 3066 2948 [utuigabunt.

2426 2972 2670 3029 Corusca
2711 2973 3126 3030 coruscationcs
3174 2982 3293 3029 tuas
3319 3012 3342 3041 ,
3389 2982 3446 3030 et
3476 2972 3773 3046 dissipabis
3815 2987 3959 3035 eos:

2276 3071 2325 3137 (1
2354 3068 2543 3135 emitte
2570 3064 2799 3139 sagittas
2831 3074 2974 3131 tuas,
3017 3076 3073 3131 et
3100 3065 3455 3125 conturbabis
3480 3081 3600 3123 eos.

2433 3162 2631 3219 Emitte
2658 3177 2878 3223 manum
2908 3170 3060 3223 tuam
3088 3161 3157 3221 de
3181 3161 3313 3227 alto,
3347 3161 3500 3232 eripe
3532 3177 3643 3228 me,
3683 3171 3739 3218 et
3782 3161 3962 3220 libera

2358 3269 2446 3311 me
2474 3254 2542 3309 de
2563 3254 2717 3325 aquis
2747 3254 2952 3320 multis,
2979 3265 3033 3310 et
3062 3252 3190 3327 Uis.
3211 3261 3311 3309 tac.
3339 3253 3418 3327 et]
3442 3254 3510 3311 de
3538 3270 3701 3312 manu
3721 3253 3962 3313 ﬁliorum

2248 3405 2256 3408 Α
2358 3347 2691 3404 aﬂenorunu

725 3443 961 3511 Quorum
990 3457 1047 3496 os
1072 3438 1299 3513 locutum
1318 3437 1711 3494 estranitatent:
1742 3446 1789 3492 et
1813 3434 2030 3493 dextera
2045 3450 2248 3511 eorum,

651 3538 867 3593 dextera
895 3534 1205 3607 iniquitatis.

725 3630 888 3698 Deus,
920 3628 1177 3683 canticum
1231 3644 1417 3683 novum
1470 3623 1689 3683 cantabo
1741 3622 1953 3679 tibi:in
2002 3620 2256 3695 psalterio

651 3721 972 3779 decacltortlo
1001 3721 1233 3797 psallam.
1262 3721 1375 3775 tibi.

730 3816 831 3885 Qui
864 3816 960 3871 das
990 3818 1209 3870 salutem
1236 3813 1436 3884 regibus
1461 3827 1481 3868 :
1508 3811 1598 3883 qui
1636 3808 1900 3865 redemisti
1946 3805 2115 3864 Dauid
2148 3824 2257 3879 ser-

657 3926 787 3968 vum
805 3920 949 3966 tuum
975 3910 1041 3965 de
1068 3910 1248 3985 gladio
1276 3907 1533 3980 maligno,
1557 3907 1697 3985 eripe
1725 3922 1827 3962 me.

726 4002 794 4058 Et
824 4020 945 4059 erue
971 4020 1050 4058 me
1072 4003 1135 4058 de
1160 4019 1319 4059 manu
1340 4002 1575 4075 ﬁliorum
1598 4000 1919 4077 alienarunt,
1944 4016 2168 4074 quorum
2195 4017 2255 4073 os

656 4098 888 4152 locutum
915 4106 991 4153 est
1017 4097 1317 4165 vanitatem,
1360 4104 1407 4153 et
1436 4096 1647 4151 dextera
1674 4110 1883 4166 eorum,
1914 4091 2125 4150 dextera
2155 4094 2258 4150 ini-

654 4194 886 4271 quitatis.

2431 3440 2674 3510 Quorum
2707 3454 2769 3496 os
2798 3440 3045 3509 locutum
3069 3450 3153 3499 est
3174 3439 3470 3509 vanitatem
3494 3457 3509 3496 :
3532 3450 3590 3499 et
3615 3440 3845 3498 dextera
3862 3455 3966 3499 eo-

2359 3549 2515 3609 rum,
2549 3535 2776 3593 dextera
2809 3534 3137 3607 iniquitatis.

2432 3627 2576 3683 Deus
2602 3628 2876 3683 canticum
2920 3642 3121 3683 uorum
3169 3626 3404 3684 cantabo
3435 3626 3574 3686 tibi:
3607 3628 3664 3684 in
3699 3627 3971 3700 psalterio

2358 3716 2548 3791 decem
2572 3718 2903 3789 chordarum
2934 3717 3167 3791 psallam
3198 3719 3316 3783 tibi.

2432 3810 2535 3879 Qui
2563 3810 2663 3867 das
2687 3811 2921 3867 salutem
2952 3812 3177 3883 regibus
3208 3829 3221 3864 :
3255 3810 3349 3883 qui
3380 3810 3585 3873 liberas
3633 3812 3802 3873 David
3846 3827 3970 3871 sero

2361 3917 2489 3965 vum
2524 3912 2676 3959 tuum
2703 3903 2771 3973 de
2800 3901 2985 3975 gladio
3018 3902 3279 3974 maligno.

2374 4071 2386 4079 _
2436 3995 2601 4067 Eripe
2629 4010 2715 4051 me
2733 4036 2748 4061 ,
2795 4003 2853 4050 et
2882 3995 3053 4050 libera
3083 4010 3169 4052 me
3189 4004 3214 4043 ε
3239 3994 3309 4052 dc
3336 3996 3494 4067 aquis
3533 3996 3722 4056 multis
3746 4039 3764 4068 ,
3814 3997 3973 4055 etde

2364 4105 2530 4150 manu
2552 4091 2786 4148 ﬁliorum
2812 4090 3140 4146 alienorum.

2438 4189 2680 4258 Quorum
2721 4202 2787 4244 os
2837 4186 3079 4246 locutum
3129 4194 3216 4243 est
3248 4185 3595 4246 vanitatem:
3635 4196 3695 4244 et
3736 4186 3971 4245 dextera

2371 4278 2594 4352 eorum,
2609 4280 2833 4337 dextera
2863 4278 3183 4352 iniquitatis.

657 4494 802 4552 etc.;
833 4482 1041 4558 librarii
1085 4481 1618 4558 etii-rnhmanit‘cstum
1649 4489 1732 4558 cst
1769 4479 1983 4547 vitium.
2012 4481 2155 4558 quod
2178 4498 2259 4541 se-
2294 4486 2346 4549 D
2373 4484 2515 4543 tione
2540 4496 2590 4543 et
2628 4484 3013 4558 prmtcrmissa.

661 4559 850 4630 quitur
902 4556 963 4630 in
1017 4571 1084 4630 co
1144 4555 1368 4619 codice,
1424 4571 1535 4630 mea
1590 4553 1805 4621 ἁπλῶς,
1876 4570 1975 4625 pro
2031 4553 2262 4630 animum

666 4626 855 4684 nteant.
900 4628 1145 4699 Denique
1175 4642 1349 4682 omnes
1370 4626 1698 4695 tribulantcs,
1734 4640 1833 4696 pro
1856 4641 2029 4681 omnes
2056 4628 2145 4698 qui
2166 4629 2264 4684 tri-

665 4707 727 4758 bu
738 4703 867 4756 lant.

732 4782 758 4810 ιι
782 4772 1075 4843 Perperam
1102 4769 1351 4843 Martian.
1392 4770 1574 4843 ipsum
1598 4783 1813 4841 quoque
1836 4782 2142 4843 pronomen
2167 4780 2224 4826 tu
2243 4809 2262 4839 ,

659 4843 805 4969 guod
828 4839 911 4898 est
932 4841 1363 4924 luculentissime
1391 4839 1444 4897 in
1473 4839 1638 4898 Hebr.
1668 4839 1849 4903 textu,
1876 4839 2038 4896 obelo
2066 4844 2261 4898 conro-

700 4925 836 4969 erat.
864 4930 890 4966 a
919 4929 1023 4969 nuo
1047 4928 1145 4968 nos
1182 4912 1311 4968 illud
1332 4956 1346 4969 .
1379 4911 1707 4969 admonente
1743 4912 1912 4969 Palat.
1946 4927 2074 4969 ms..
2100 4924 2261 4969 atoue

700 4925 836 4977 erat,
864 4930 890 4966 a
919 4929 1023 4984 quo
1047 4928 1145 4968 nos
1181 4912 1311 4968 illud
1332 4956 1346 4979 ,
1379 4911 1707 4969 admonente
1743 4912 1912 4969 Palat.
1946 4927 2074 4979 ms.,
2100 4924 2266 4983 atque

664 4988 777 5056 ipsa
819 4985 943 5042 Cari
972 4986 1129 5052 edit.,
1153 4986 1483 5041 exemimus.
1517 4985 1640 5041 Mox
1662 5026 1676 5049 ,
1706 4984 1761 5038 in
1793 4993 1929 5039 terra
1956 4993 2128 5047 recta,
2166 5000 2265 5055 pro

663 5067 853 5184 tertii-ant
873 5066 1088 5129 rectam,
1127 5056 1380 5128 scquiore
1422 5072 1586 5112 manu
1624 5056 1928 5125 repositum
1975 5061 2059 5109 est
2094 5056 2147 5110 in
2196 5070 2266 5113 eo

665 5145 729 5183 cn
772 5145 874 5184 tce.

665 5145 874 5184 οηυιειξ.

734 5199 762 5239 ι’
784 5199 1004 5255 Rectius
1033 5199 1085 5255 in
1109 5198 1303 5255 eodem
1332 5213 1437 5254 ms.
1462 5200 1523 5255 τὸ
1555 5194 1803 5252 Psalmus
1833 5211 1941 5251 non
1973 5204 2055 5251 est
2080 5212 2095 5252 :
2123 5198 2265 5259 baud

670 5282 851 5327 autem
878 5271 1019 5327 bene
1045 5270 1289 5340 reliquus
1314 5269 1435 5326 sine
1472 5269 1633 5340 obelo
1660 5279 1744 5340 est
1774 5268 1987 5340 titulus.

743 5353 765 5381 ο
796 5341 1072 5399 Palatinus
1103 5337 1206 5399 ms.
1236 5341 1323 5412 qui
1350 5337 1527 5397 subdis
1559 5356 1577 5412 ς
1627 5338 1721 5410 qui
1752 5347 1809 5396 et
1830 5339 1949 5397 sine
1982 5339 2143 5399 obelo
2175 5351 2269 5403 aut

671 5414 920 5483 voculam
954 5411 1307 5483 subsequenti
1342 5411 1613 5483 versiculo
1644 5426 1752 5467 non
1790 5420 1941 5467 recte
1971 5411 2122 5482 legit.

738 5482 763 5523 δ
792 5485 937 5541 Idem
981 5500 1083 5540 ms.
1117 5481 1184 5539 de
1214 5497 1312 5538 suo
1340 5481 1491 5539 addit
1529 5481 1577 5540 ἐι
1614 5481 2057 5553 conjunctionem
2081 5528 2095 5553 ,
2130 5493 2186 5543 et
2213 5486 2267 5547 in

671 5557 1057 5623 subsequentis
1116 5554 1223 5610 line
1270 5553 1523 5610 versiculi
1576 5553 1908 5625 Diapsalma.
1941 5552 2089 5611 Tum
2136 5572 2269 5619 vero

669 5640 791 5700 post
822 5627 989 5700 alium,
1008 5640 1224 5700 versum
1257 5628 1478 5696 sequior
1502 5642 1697 5685 manus
1723 5625 2029 5698 rescripsit,
2057 5628 2149 5696 qui
2188 5646 2271 5685 re-

670 5696 825 5755 aemit
860 5696 1031 5753 David
1055 5712 1259 5765 servum
1284 5713 1453 5755 suum.

2444 4558 2463 4599 ί
2500 4557 2797 4615 Veronens.
2852 4559 2971 4630 lib.,
3016 4557 3188 4612 subdit
3215 4557 3475 4630 populum
3506 4574 3659 4613 suum
3702 4559 3798 4614 sub
3840 4576 3972 4617 me:

2370 4630 2529 4697 paulo
2554 4641 2695 4698 post,
2727 4628 2971 4696 quoniam
3001 4630 3230 4685 (estimas
3253 4628 3391 4684 cum.
3428 4629 3601 4685 Homo
3629 4632 3849 4686 vanitati
3894 4632 3977 4687 si-

2368 4703 2578 4757 ntilatus
2598 4710 2672 4756 est
2695 4718 2713 4755 :
2735 4700 2847 4757 dies
2874 4701 3018 4755 illius
3044 4710 3310 4771 tamquam
3341 4700 3523 4767 umbra
3549 4711 3840 4759 transeunt.
3863 4701 3978 4759 Ne-

2368 4789 2473 4840 que
2505 4788 2670 4843 porro
2709 4773 2861 4827 addit
2903 4781 3019 4826 tuos
3051 4776 3350 4837 prenonten
3396 4771 3462 4827 ad
3509 4773 3682 4841 ctrlos,
3729 4782 3820 4827 aut
3850 4785 3976 4829 tuas

2370 4846 2679 4917 insequenti
2706 4858 2868 4917 versu
2913 4844 2978 4898 ad
3009 4843 3396 4899 coruscationes
3420 4859 3440 4899 :
3480 4844 3727 4917 legitque
3768 4844 3979 4917 disper-

2368 4932 2480 4987 ges,
2509 4914 2609 4986 pro
2630 4915 2910 4987 dissipabis
2932 4956 2945 4979 ,
2974 4922 3112 4987 utet
3142 4929 3297 4987 mox.
3331 4930 3396 4987 ea;
3437 4914 3548 4969 alto
3577 4915 3737 4970 libera
3765 4914 3879 4981 me,
3919 4927 3975 4972 et

2368 4984 2493 5043 erue
2512 4984 2595 5041 me
2617 5003 2637 5042 :
2670 4985 2868 5057 quibus
2890 4985 3139 5040 omnibus
3180 4984 3315 5057 locis
3344 4986 3431 5040 vix
3462 5002 3569 5042 uno
3596 5000 3758 5057 atque
3793 4987 3977 5043 altero

2371 5058 2543 5115 verbo
2573 5056 2699 5113 cum
2728 5057 3143 5128 Augustiniauia
3176 5056 3411 5112 lectione
3432 5056 3714 5112 consonat.

2445 5139 2471 5177 ες
2503 5128 2601 5185 Hic
2628 5143 2759 5185 vero
2810 5129 3139 5184 adamussim
3186 5142 3310 5182 cum
3348 5131 3651 5200 Augustino
3687 5128 3827 5184 idem
3860 5143 3971 5186 ms.

2372 5198 2518 5255 Erue
2541 5216 2638 5268 nte,
2666 5207 2713 5255 et
2737 5201 2904 5255 exime
2923 5216 3002 5255 me
3030 5200 3093 5253 de
3123 5215 3302 5266 manu,
3327 5198 3458 5268 etc,
3495 5199 3698 5262 verbis,
3734 5201 3797 5253 de
3821 5205 3977 5271 aquis

2373 5271 2553 5328 multis
2599 5281 2682 5335 et,
2737 5272 3059 5341 repudiatis.
3093 5273 3247 5341 γἸῚιιη
3286 5273 3460 5325 altero
3507 5271 3576 5326 ab
3624 5271 3725 5327 hoc
3750 5287 3915 5326 versu
3957 5290 3970 5326 :

2376 5341 2740 5416 Quorumﬁlii
2767 5340 2904 5397 velut
2950 5340 3169 5416 nouellat
3214 5340 3555 5397 constabilitas
3599 5342 3654 5416 in
3697 5345 3978 5416 juventutc

2372 5433 2491 5471 sua.
2524 5412 2684 5469 Filia:
2708 5429 2891 5485 eorum,
2912 5413 3234 5485 composita,
3265 5422 3313 5467 et
3340 5423 3538 5468 ornata:
3568 5412 3979 5469 sicut'sitnilitu-

2375 5488 2443 5542 do
2473 5486 2667 5553 templi.
2700 5483 2927 5539 Cellaria
2950 5483 3174 5551 eorum,
3215 5493 3348 5552 ete.,
3378 5500 3442 5539 ea:
3476 5486 3572 5539 hoc
3598 5487 3651 5538 in
3688 5486 3806 5541 Iwc.
3841 5484 3977 5540 Utcs

2376 5574 2555 5614 eorum
2583 5554 3257 5641 fecundte‘ntultiplicautes
3279 5556 3337 5640 in
3362 5556 3649 5641 egressibus
3676 5557 3803 5640 suis,
3825 5557 3977 5641 boues

2375 5644 2557 5684 eorum
2584 5626 2928 5701 crassisNon
2977 5626 3051 5680 est
3090 5628 3245 5701 ruina
3274 5627 3329 5681 in
3357 5626 3430 5681 eis
3459 5627 3768 5701 (Augustin.
3819 5628 3975 5701 ruina

2377 5701 2562 5769 senis),
2596 5715 2687 5753 nec
2711 5699 2902 5765 exitus,
2927 5714 3088 5769 neque
3125 5698 3343 5769 clangor,
3376 5697 3508 5763 eth;
3538 5697 3592 5755 ei.
3615 5697 3668 5755 in
3700 5698 3829 5769 line,
3854 5700 3977 5756 bea-

744 5753 768 5810 ε
798 5770 943 5828 Idem
968 5753 1175 5871 msditt'
1193 5769 1396 5843 prwlio,
1425 5771 1614 5844 digitos
1647 5786 1817 5841 meos,
1847 5778 1983 5842 etc.,
2006 5753 2274 5843 conj'unc-
2380 5753 2461 5827 tu}
2489 5753 2735 5844 populus,
2763 5753 2915 5844 cuju's
2944 5753 3204 5831 Dbminus
3224 5753 3366 5827 Betis
3389 5753 3574 5843 ipsius.
