4036 6330
169 290 251 349 589

1468 286 1676 346 LIBER
1716 282 2157 345 PSALMORUM.

3333 282 3445 340 590

224 407 453 472 anrum
475 407 575 472 filii
601 407 733 464 sicut
761 408 975 465 novella:
990 407 1474 482 plautationeslMs.
1500 405 1744 479 novella],
1774 410 1828 470 Α
1923 404 2167 472 Quorum
2205 397 2304 454 lilii
2350 395 2490 454 sicut
2519 395 2754 454 novella:
2784 395 3184 468 plantationes:
3221 397 3447 456 stabiliti

169 501 209 555 in
223 503 486 573 juventute
507 518 622 556 sua.

225 592 378 649 Filia:
406 610 588 648 eorum
629 597 932 667 compositae
961 612 981 652 :
1012 597 1410 652 circumornala:
1431 637 1445 664 ,
1480 604 1534 650 111
1562 594 1749 670 simili-

169 689 268 743 tudo
314 689 517 758 templi.

218 779 586 852 Promptuaria
615 799 795 839 coruus
831 784 986 857 plena

173 875 309 930 illud.

228 966 350 1022 Ores
389 984 578 1024 eorum
599 974 798 1042 fetosw,
827 970 1150 1025 abundantes
1197 971 1251 1025 in
1280 969 1565 1044 egressibus
1593 971 1702 1025 suis
1734 985 1754 1025 :

171 1062 291 1116 bores
322 1077 507 1116 eorum
536 1079 744 1118 crassae.

227 1153 342 1209 Non
372 1164 452 1210 est
479 1156 641 1209 ruina
672 1157 913 1212 maceria
935 1172 1101 1228 neque
1139 1157 1430 1213 transitus:
1457 1174 1621 1229 neque
1652 1158 1762 1213 cla-

175 1263 267 1301 mor
287 1248 336 1301 in
359 1249 554 1319 plateis
578 1255 791 1305 eorum.‘

227 1339 440 1395 Beatum
482 1351 510 1380 α
554 1357 612 1398 +
667 1343 962 1413 dixerunt:
997 1343 1264 1418 pOpulum,
1314 1345 1398 1401 cui
1445 1344 1554 1401 hac
1592 1353 1712 1400 sunt
1739 1359 1761 1400 :

173 1435 326 1490 beatas
355 1435 590 1508 populus
612 1440 769 1509 cujus
787 1436 1039 1492 Dominus
1063 1436 1203 1493 Deus
1225 1439 1359 1509 ejus.

1035 801 1053 840 :
1097 784 1390 839 eractantia
1435 801 1500 839 ea:
1543 785 1639 839 hoc
1696 785 1751 838 iu

1859 513 1890 555 a
1916 499 2204 569 juventute
2234 509 2351 549 sua.

1930 593 2083 649 Filiae
2113 607 2306 648 eorum
2333 588 2652 661 composita:
2681 605 2694 644 :
2730 588 3176 658 circumornatze,
3210 597 3269 646 ut
3301 590 3450 647 simi-

1859 685 2034 742 litudo
2060 684 2270 756 templi.

1933 778 2313 851 Promptuarin
2353 793 2541 834 eorum
2590 774 2750 847 plena
2783 792 2798 831 :
2834 776 3138 832 eructautia
3168 793 3231 834 ex
3261 777 3364 837 hoc
3397 779 3452 858 in

1861 875 2018 932 illud.

1933 969 2076 1024 Oves
2107 982 2296 1024 eorum
2321 965 2532 1032 fetosm,
2561 963 2906 1022 abundantes
2924 966 2980 1022 in
3010 965 3299 1036 itineribus
3320 968 3460 1023 suis:

1865 1064 2035 1121 boves
2059 1079 2248 1119 eorum
2276 1075 2496 1117 crassae.

1932 1157 2050 1213 Non
2102 1164 2187 1212 est
2229 1157 2386 1210 ruina
2429 1153 2682 1210 maceria
2721 1167 2897 1224 neque
2944 1153 3242 1223 transitus,
3289 1169 3466 1228 neque

1861 1250 2072 1308 clamor
2102 1249 2158 1305 in
2193 1248 2392 1320 plateis
2414 1263 2628 1304 eorum.

1933 1345 2158 1400 Beatum
2183 1341 2438 1398 dixerunt
2466 1339 2760 1411 populum,
2793 1339 2877 1404 cui
2911 1338 3028 1396 btec
3054 1347 3183 1396 sunt
3211 1358 3224 1395 :
3266 1340 3458 1397 beatus

1861 1439 2093 1511 populus
2117 1437 2276 1508 cujus
2305 1444 2389 1493 est
2416 1433 2680 1491 Dominus
2701 1435 2842 1494 Deus
2868 1450 3082 1500 eorum.

1501 1574 1824 1636 PSALMUS
1859 1575 2092 1634 CXLIV.

660 1704 927 1754 LAUDA’I'lO
966 1706 1066 1748 IPSI
1104 1707 1284 1747 nuto.
1784 1695 1834 1756 Β

231 1799 468 1873 [Aleph.]
501 1800 763 1860 Exaltabo
785 1815 855 1874 te,
880 1802 1022 1860 Deus
1053 1822 1194 1860 meus
1223 1820 1350 1860 rex:
1377 1813 1423 1860 et
1446 1804 1750 1860 benedicam

174 1893 349 1946 nomini
377 1901 470 1946 tuo
493 1893 548 1946 in
574 1896 844 1960 saeculum,
875 1906 920 1950 et
953 1899 1006 1951 111
1029 1899 1278 1952 siccatum
1303 1896 1327 1935 ι)
1366 1912 1424 1952 -:—
1455 1899 1632 1953 sa’cali
1665 1899 1688 1968 ζ

234 1982 430 2054 [Belin]
458 1983 566 2039 Per
585 1987 822 2058 singulos
843 1988 954 2044 dies
983 1990 1280 2045 benedicam
1301 1991 1426 2046 tibi:
1455 2001 1501 2046 et
1531 1973 1757 2046 laudabo

175 2091 338 2130 nomen
363 2087 518 2131 tuum
550 2080 604 2132 in
637 2081 909 2147 saeculum,
932 2091 980 2136 et
1010 2084 1065 2136 in
1090 2084 1340 2138 siccatum
1374 2100 1418 2138 οξ
1459 2084 1681 2154 δωσιιιὶζ

236 2169 478 2242 [GimeL]
510 2171 736 2243 Magnus
765 2173 1045 2244 Dominus,
1075 2187 1122 2232 et
1163 2176 1447 2232 laudabilis
1489 2180 1679 2234 nimis:
1710 2191 1759 2236 et
1818 2226 1820 2228 τ

177 2265 543 2332 magnitudinis
571 2268 686 2337 ejus
716 2283 819 2325 non
847 2278 922 2322 est
947 2270 1085 2338 ﬁnis.

237 2356 496 2430 {Daletb.]
515 2356 794 2415 Geaeratio
815 2372 862 2416 et
880 2364 1140 2434 generatio
1161 2375 1182 2405 ε
1201 2364 1438 2421 laudabit
1459 2383 1613 2438 opera
1630 2375 1718 2421 tua
1739 2383 1760 2424 :

177 2458 218 2501 et
244 2454 517 2520 potentiam
547 2462 688 2507 tuam
719 2456 1153 2523 pronuntiabunt.

239 2543 379 2614 [He]
411 2543 863 2618 Magniﬁcentiam
884 2549 1065 2619 gloria:
1094 2552 1386 2608 sanctitatis
1422 2562 1525 2608 tua:
1555 2554 1762 2626 loquen-

177 2647 272 2704 tur,
302 2647 350 2693 et
376 2639 643 2696 mirabilia
675 2651 768 2696 tua
797 2643 1100 2700 narrabant.

241 2731 417 2804 [Vasa]
452 2732 520 2788 Et
566 2735 809 2790 virtutem
840 2737 1150 2793 terribilium
1203 2749 1409 2794 tuorum
1449 2740 1665 2797 dicent:
1715 2748 1762 2795 et

179 2827 578 2896 magnitudinem
601 2839 743 2882 luant
771 2831 1079 2885 narrabant.

240 2920 440 2995 [Zain.]
469 2923 779 2978 Memoriam
827 2925 1161 2981 abundantia:
1191 2927 1463 2983 suavitatis
1511 2939 1613 2982 tua’
1649 2945 1767 2984 eru-

175 3015 397 3085 ctabunt,
425 3025 472 3069 et
493 3016 706 3088 justitia
729 3027 817 3071 tua
844 3018 1198 3073 exsultabant.

243 3105 448 3179 [lletln]
473 3107 751 3164 Miserator
772 3119 817 3165 et
840 3111 1126 3166 misericors
1150 3114 1405 3169 Dominus
1431 3127 1447 3169 ε
1469 3113 1692 3186 patiens,
1725 3122 1772 3168 et
1800 3090 1848 3156 C

176 3201 386 3256 multum
413 3202 726 3257 misericors.

241 3290 445 3368 [Tetb.]
467 3294 658 3350 Suavis
703 3295 955 3352 Dominus
983 3298 1232 3353 universis
1261 3315 1278 3354 :
1310 3308 1359 3354 et
1414 3299 1770 3355 miserationes

177 3387 287 3456 ejus
308 3403 463 3459 super
485 3389 659 3442 omnia
684 3404 840 3459 opera
866 3392 995 3462 ejus.

243 3477 414 3550 [1041.]
441 3479 805 3549 Conﬁteantur
832 3483 948 3546 tibi,
982 3482 1223 3559 Domine,
1251 3485 1425 3540 omnia
1458 3501 1616 3556 opera
1644 3496 1769 3541 tua:

175 3584 221 3628 et
241 3577 410 3630 sancti
433 3577 507 3631 tui
534 3576 838 3632 ben-:dicant
860 3579 972 3633 tibi.

242 3666 460 3740 [Capln]
481 3666 717 3724 Gloriam
741 3671 884 3741 regni
906 3670 981 3725 tui
1007 3671 1176 3726 dicent
1198 3688 1217 3728 .'
1244 3681 1292 3727 et
1313 3673 1596 3744 potentiam
1627 3681 1771 3727 tuam

176 3759 464 3830 loquentur.

241 3852 515 3927 [Lamed.]
544 3854 614 3911 Ut
638 3863 808 3910 notam
831 3856 1027 3926 faciant
1049 3857 1174 3927 ﬁliis
1193 3857 1462 3913 hominum
1487 3858 1769 3931 potentiam

177 3953 338 4014 tuam,
362 3960 410 4001 et
436 3949 658 4021 gloriam
681 3949 1077 4023 magniﬁcentia:
1102 3953 1250 4024 regni
1276 3952 1373 4005 tui.

244 4037 452 4112 [Mem]
475 4038 711 4112 Regnum
741 4051 906 4109 tuum,
936 4058 1152 4114 regnum
1178 4043 1407 4097 omnium
1431 4043 1771 4099 saeculorum:

176 4137 219 4181 et
248 4130 533 4187 dominatio
577 4143 665 4187 tua
708 4134 764 4188 in
802 4134 942 4189 omni
974 4135 1347 4208 generatione,
1391 4145 1443 4190 et
1480 4137 1773 4206 generatio-

174 4239 285 4278 110111
294 4266 309 4279 .

245 4316 272 4354 δ
319 4335 380 4375 σξη
415 4317 619 4377 Fidelis
665 4321 922 4378 Dominus
952 4323 1005 4378 in
1056 4324 1292 4388 omnibus
1339 4325 1503 4392 verbis
1539 4324 1678 4384 suis:
1723 4333 1774 4381 et

173 4427 388 4472 sanctus
411 4403 464 4474 iu
495 4419 735 4475 omnibus
765 4420 1004 4491 operibus
1029 4421 1137 4476 suis
1163 4421 1186 4490 ζ

2323 1702 2347 1731 ⁸
2388 1707 2654 1750 ιΑυωτιο
2693 1706 2791 1748 IPSI
2831 1706 3011 1747 DAVID.

1933 1805 2167 1880 [Aleplt.]
2191 1806 2457 1864 Exaltabo
2481 1819 2553 1878 te,
2573 1809 2715 1865 Deus
2737 1825 2833 1865 rex
2856 1825 3042 1864 meus:
3068 1819 3121 1864 et
3140 1809 3456 1874 benedicatur

1861 1913 2057 1955 nomen
2087 1910 2237 1955 tuum
2270 1900 2324 1955 in
2347 1909 2638 1970 aeternum,
2668 1910 2723 1957 et
2752 1901 2807 1956 in
2839 1901 3098 1956 saeculum
3124 1903 3336 1958 saeculi.

1933 1992 2248 2066 [Betlt.]Per
2277 1993 2519 2066 singulos
2546 1993 2666 2050 dies
2690 1994 3005 2054 benedicam
3025 2005 3075 2051 te
3101 2013 3114 2050 :
3147 2005 3202 2051 et
3230 1996 3460 2052 laudabo

1863 2101 2058 2141 nomen
2091 2098 2239 2142 tuum
2272 2086 2328 2141 in
2351 2095 2640 2153 teternum,
2675 2095 2729 2142 et
2760 2087 2811 2141 in
2841 2087 3101 2142 saeculum
3135 2087 3353 2142 smculi.

1933 2175 2169 2250 [GimeL]
2199 2178 2425 2249 Magnus
2455 2177 2744 2244 Dominus,
2777 2187 2833 2234 et
2862 2176 3157 2233 laudabilis
3181 2178 3370 2234 nimis:
3406 2188 3460 2254 et

1864 2270 2254 2342 magnitudinis
2276 2271 2393 2342 ejus
2426 2287 2532 2326 non
2563 2277 2649 2327 est
2674 2270 2822 2326 linis.

1935 2361 2196 2436 [Daletlu]
2224 2362 2519 2420 Generatio
2547 2373 2601 2420 et
2631 2364 2915 2436 generatio
2952 2363 3256 2421 laudabunt
3299 2380 3466 2437 opera

1865 2464 1990 2512 tua:
2024 2466 2079 2512 et
2109 2457 2415 2527 potentiam
2443 2465 2588 2511 tuam
2621 2456 3068 2526 pronuntiabunt.

1939 2547 2092 2621 [He.]
2125 2547 2578 2618 Magnificentiam
2621 2548 2923 2618 maiestatis
2957 2560 3084 2615 tusc,
3127 2559 3178 2604 et
3209 2550 3465 2604 sanctita-

1867 2653 1973 2699 tem
2003 2649 2146 2697 tuam
2180 2641 2498 2711 loquentur:
2532 2649 2587 2698 et
2611 2642 2876 2696 mirabilia
2905 2651 2990 2697 tua
3018 2643 3337 2698 narrabant.

1938 2734 2124 2809 [Vota]
2147 2735 2414 2791 Virtutem
2431 2735 2816 2792 terribiliorum
2833 2747 3046 2792 tuorum
3061 2735 3241 2794 dicent
3265 2746 3316 2792 ct
3336 2753 3449 2792 ma-

1866 2829 2198 2901 gnitudinem
2229 2839 2373 2884 tuam
2406 2829 2722 2886 narrabant.

1941 2919 2476 2994 [ZainJJlemoriam
2496 2921 2842 2977 abundantia:
2869 2919 3154 2978 suavitatis
3180 2929 3288 2978 tua:
3304 2936 3465 2978 eruc-

1871 3016 2089 3071 labunt:
2123 3027 2178 3071 et
2198 3015 2405 3086 iustitia
2440 3026 2528 3072 tua
2551 3016 2924 3073 exsultabant.

1952 3109 2160 3182 [Hel/ul
2191 3109 2500 3166 Misericors
2525 3120 2580 3167 et
2603 3111 2892 3167 miserator
2911 3111 3200 3168 Dominus:
3236 3109 3474 3184 patiens,

1874 3213 1930 3261 et
1956 3205 2185 3260 multum
2215 3204 2554 3262 misericors.

1946 3298 2144 3372 [Talin]
2171 3299 2362 3356 Suavis
2388 3298 2651 3356 Dominus
2676 3299 2979 3360 universis:
3011 3308 3066 3358 et
3088 3300 3478 3370 miserationes

1869 3393 1995 3464 ejus
2017 3409 2182 3463 super
2207 3393 2390 3448 omnia
2420 3407 2586 3463 opera
2613 3392 2755 3463 ejus.

1949 3485 2121 3560 [doct]
2165 3485 2543 3542 Contiteantur
2594 3486 2713 3554 tibi,
2771 3485 3031 3558 Domine,
3072 3486 3254 3543 omnia
3295 3501 3463 3558 opera

1875 3586 1995 3635 tua:
2022 3587 2075 3634 et
2123 3578 2294 3634 sancti
2339 3578 2413 3634 tui
2444 3579 2792 3636 benediccnt.
2827 3579 2956 3652 [.lls.
3002 3580 3349 3653 benedicant]
3393 3593 3466 3636 te.

1946 3670 2420 3745 [Caph.]Gl0riam
2468 3672 2622 3744 regni
2676 3673 2749 3728 tui
2801 3673 3015 3730 dicent:
3071 3683 3127 3731 et
3167 3673 3473 3747 potentiam

1875 3777 2022 3822 tuam
2053 3766 2361 3836 loquentur.

1947 3857 2209 3931 [Lamed.]
2244 3857 2314 3914 Ut
2342 3865 2528 3914 notam
2552 3855 2750 3914 faciant
2805 3857 2946 3920 ﬁliis,
2975 3857 3258 3914 hominum
3287 3869 3479 3930 poten-

1873 3954 2002 4010 tiam
2037 3961 2210 4022 tuam,
2234 3962 2288 4008 et
2312 3950 2544 4023 gloriam
2579 3950 2597 3990 ί
2627 3951 3042 4024 magnilicentim
3073 3954 3226 4026 regni
3251 3953 3350 4020 tui.

1947 4043 2156 4118 [Mem]
2189 4045 2431 4115 Regnum
2461 4053 2634 4114 tuum,
2670 4044 2921 4115 Domine,
2951 4037 3174 4118 regnum
3231 4044 3475 4115 omnium

1874 4140 2199 4196 saeculorum
2225 4153 2239 4196 :
2268 4149 2324 4195 et
2347 4137 2647 4194 dominatio
2693 4147 2782 4194 tua
2811 4138 2866 4194 in
2907 4137 3057 4195 omni
3081 4139 3440 4212 generatione
3461 4180 3476 4208 ,

1874 4244 1930 4292 et
1956 4233 2236 4305 progenie.
3467 4221 3473 4224 ’

1947 4327 2152 4384 Fidelis
2176 4325 2438 4382 Dominus
2459 4324 2515 4382 in
2548 4325 2734 4383 verbis
2763 4323 2915 4382 suis:
2949 4333 3007 4381 et
3031 4332 3255 4383 sanctus
3285 4326 3340 4382 in
3363 4342 3481 4383 0111-

1877 4419 2036 4476 nibus
2057 4417 2312 4491 operibus
2344 4419 2476 4474 suis.

258 4737 289 4765 ι
323 4725 579 4785 Fortasse
605 4728 805 4785 reetius
829 4729 1055 4784 verbum
1081 4729 1320 4784 dixerant
1342 4773 1356 4796 ,
1393 4727 1509 4784 sine
1541 4727 1699 4782 obolo
1732 4725 1784 4782 in
1815 4725 1863 4786 D
1893 4724 2229 4784 nuntiabant.
2265 4723 2713 4798 Magniﬁcentiam
2733 4723 2914 4796 gloria'
2953 4727 3244 4782 sanctitatis
3283 4740 3382 4783 tua:
3409 4727 3484 4782 lo-

181 4795 432 4854 Palatinu
462 4812 547 4856 est
586 4817 714 4860 ms.:
755 4817 932 4871 mque
962 4804 1105 4855 enim
1145 4795 1367 4870 proprie
1414 4800 1655 4854 abundat
1697 4816 1787 4851 sn-

177 4884 274 4934 pra
308 4873 604 4940 originalcs
643 4882 843 4936 textus,
879 4873 1162 4928 Hebraeum
1197 4880 1382 4939 Hum,
1409 4883 1500 4926 aut
1534 4873 1783 4926 Grurcum

177 4943 504 5016 imminuent
525 4986 539 5008 ,
568 4961 679 5000 uno
705 4944 891 4999 verbo.

245 5013 276 5052 δ
311 5013 543 5070 L'ibrarii
589 5016 904 5080 oscitantis,
953 5029 1132 5084 neque
1189 5015 1450 5070 lleliraica
1514 5013 1784 5070 elementa

175 5085 416 5154 singulis
444 5088 696 5142 versibus
744 5089 997 5157 prmlixa,
1048 5102 1222 5157 neque
1271 5086 1683 5150 obclumlmnc,
1735 5095 1790 5140 et

174 5159 265 5227 qui
306 5173 444 5226 pene
465 5160 711 5229 sequitur
743 5161 913 5212 altero
939 5172 1136 5222 versu,
1167 5158 1327 5212 habet
1357 5157 1581 5229 Palatia.
1612 5173 1712 5210 ms.

251 5240 277 5267 ο
310 5228 624 5300 ὃθᾳυὶοιίὶη
658 5231 848 5285 eodem
874 5229 994 5285 cod.
1023 5245 1216 5287 manus
1243 5228 1524 5298 rescripsit
1554 5229 1784 5295 plurium

177 5315 416 5356 numero
439 5302 746 5356 laudabunt.

245 5370 275 5410 ἀ
312 5372 494 5441 Atque
547 5374 691 5428 hunc
741 5387 1023 5444 perperam
1074 5374 1194 5431 sine
1242 5372 1403 5429 obelo
1453 5371 1784 5427 versiculum

174 5441 600 5518 Palatinusrms.
631 5441 776 5518 legit.

249 5526 278 5552 ε
312 5513 640 5570 lnsr-ribitur
669 5513 720 5570 111
750 5517 1052 5574 Vcronensi
1096 5534 1197 5572 ms.
1226 5523 1284 5570 ut
1332 5525 1384 5571 et
1417 5529 1584 5586 penes
1609 5513 1789 5582 Augu-

171 5589 396 5643 stinum
421 5587 556 5643 Laus
577 5631 589 5654 ,
623 5597 726 5643 etc.
757 5587 814 5646 111
841 5599 1029 5654 textu,
1060 5587 1316 5643 Exaltabo
1341 5599 1417 5654 te,
1452 5586 1592 5638 Deus
1622 5602 1784 5651 meus,

172 5676 293 5725 rex,
330 5670 476 5732 elc.;
506 5672 712 5732 etmox
740 5661 792 5714 in
825 5663 1068 5716 srvettlum
1089 5704 1102 5728 ,
1132 5675 1231 5732 pro
1263 5660 1616 5732 in_(vternu_m,
1652 5667 1708 5710 ιιι
1736 5666 1790 5732 et

175 5741 419 5798 postea,
451 5730 726 5803 laudabilis
757 5732 934 5797 valde,
976 5727 1480 5803 [110111011³.Τυηι³
1512 5727 1787 5782 Geueratio

174 5816 220 5857 et
255 5804 538 5878 generatio
562 5801 802 5858 laudabit
840 5801 996 5876 Opera
1035 5815 1155 5875 tua,
1187 5812 1232 5858 et
1261 5802 1493 5858 virtutem
1519 5808 1661 5857 tuam
1691 5816 1785 5854 an-

1889 4805 2131 4869 quentar,
2157 4808 2203 4850 et
2231 4799 2491 4852 mirabilia
2511 4808 2596 4851 tua
2617 4801 2950 4853 enarrabunt.
2990 4798 3242 4869 Virtutem
3263 4811 3489 4852 metum-

1891 4868 2076 4923 dorum
2103 4878 2304 4922 tuorum
2327 4868 2520 4935 dicent,
2555 4879 2602 4923 et
2628 4870 3032 4938 magnitudinem
3053 4880 3191 4923 tuam
3214 4868 3491 4940 loquontur

1848 5003 1864 5018 .
1891 4940 2246 5018 (Augustinus
2274 4941 2775 5018 enarrabuntram).
2825 4943 2944 4995 Mox
2988 4941 3360 5018 eructaabunt,
3391 4959 3489 5013 pro

1891 5012 2226 5093 cruciabat-tt,
2279 5021 2333 5093 et
2395 5010 2740 5093 longanimis,
2797 5027 2893 5082 pro
2932 5012 3157 5093 patiens.
3207 5010 3485 5093 Denique,

1893 5083 2083 5137 Suavis
2133 5081 2390 5136 Dominus
2450 5081 2732 5151 omnibus,
2771 5081 2820 5138 et
2875 5081 3226 5144 miserationes
3269 5081 3384 5154 ejus
3433 5087 3488 5139 in

1891 5156 2068 5226 omnia
2099 5172 2255 5226 opera
2295 5155 2426 5223 ejus.

1969 5224 2188 5281 llidem
2242 5227 2405 5291 libri,
2460 5226 2681 5296 gloriam
2708 5224 3081 5294 magnitudinis
3135 5225 3334 5282 decoris
3387 5229 3486 5285 1111.

1891 5295 2130 5370 Regnum
2157 5309 2321 5370 tuum,
2355 5313 2598 5370 regnant,
2617 5308 2746 5370 elc.;
2777 5307 2851 5362 ct,
2886 5297 2938 5349 in
2967 5296 3106 5370 omni
3133 5300 3482 5366 generatione.

1891 5365 2337 5442 “generatione.
2373 5369 2560 5442 Altero
2589 5368 2656 5421 ab
2689 5367 2790 5422 hoc
2817 5381 3010 5432 versu,
3063 5365 3350 5442 Conﬁrmat
3385 5365 3489 5425 Do-

1893 5439 2064 5494 minus
2099 5455 2272 5493 omnes
2304 5439 2592 5492 decidentes
2614 5481 2627 5504 ,
2664 5446 2732 5500 et,
2787 5449 2926 5504 elc.;
2963 5449 3095 5505 tum,
3127 5440 3248 5497 aliis
3279 5443 3490 5504 duobus

1892 5511 2258 5578 interpositis,
2289 5509 2472 5562 Justus
2503 5508 2754 5563 Dominus
2783 5509 2835 5565 in
2857 5511 3090 5564 onmibus
3118 5514 3211 5567 riis
3249 5516 3356 5570 suis
3382 5532 3399 5567 :
3429 5533 3493 5570 ac

1892 5582 2126 5646 deinde,
2182 5579 2354 5648 Prope
2410 5588 2482 5633 est
2540 5579 2795 5636 Dominus
2850 5582 3083 5636 omnibus
3138 5583 3492 5642 invocantibus

1891 5669 2007 5708 eum
2029 5695 2043 5718 ,
2075 5652 2304 5705 omnibus
2327 5651 2414 5721 qui
2441 5652 2677 5729 invocant
2706 5669 2821 5710 eum
2851 5655 2902 5710 in
2940 5654 3150 5712 veritate
3175 5671 3194 5711 :
3222 5654 3452 5729 denique
3471 5699 3487 5728 ,

1893 5735 1940 5782 et
1963 5740 2138 5798 preces
2166 5738 2340 5780 eorum
2369 5722 2632 5781 exaudiet.

3320 5819 3342 5868 ὀ
