4182 6338
528 292 529 295 γ
582 319 683 380 591

1583 320 1642 379 S.
1690 319 2067 379 HIERONYMI
2105 318 2339 380 DIVINA
2379 318 2856 381 BlBLlOTllECA.

3774 317 3888 378 592

572 477 589 480 ε
649 434 956 510 [Lameclu]
980 434 1181 490 Allevat
1203 432 1459 491 Dominus
1486 450 1662 492 ontnes
1686 436 1774 506 qui
1795 444 2045 492 corruunt
2076 451 2093 492 :
2119 443 2167 491 et
2196 436 2252 500 Α
2351 434 2642 509 [Lameclu]
2672 435 2889 491 Allevat
2917 432 3176 491 Dominus
3209 447 3408 492 omnes
3446 433 3540 505 qui
3581 442 3748 489 ruunt
3780 449 3795 486 :
3828 442 3886 489 et

579 530 732 603 erigit
758 544 931 584 omnes
952 526 1123 583 elisos.

652 622 828 696 [Ain.j
861 619 1012 676 Oculi
1042 620 1274 677 omnium
1301 620 1356 676 in
1381 628 1430 677 te
1449 631 1684 693 sperant,
1707 630 1733 660 α
1757 621 1981 679 Domine
2004 638 2023 678 :
2045 630 2093 678 et
2118 630 2174 678 tu

578 715 673 771 das
703 731 872 771 escam
893 715 1105 771 illorum
1126 715 1182 770 in
1212 724 1438 789 tempore
1456 726 1772 789 opportuno.

648 806 831 882 [Phe.]
861 806 1043 881 Aperis
1073 822 1132 864 -ιν
1168 807 1492 877 ιιιζηιαηιιηι
1525 818 1668 864 tuam
1702 825 1722 864 :
1747 817 1797 865 et
1817 809 1999 883 imples
2024 825 2178 865 omne

585 898 784 956 animal
804 899 1179 957 benedictione.

647 990 855 1066 [Sade.]
894 990 1081 1048 Justus
1127 991 1382 1049 Dominus
1416 992 1472 1048 in
1508 992 1746 1049 omnibus
1790 992 1887 1049 viis
1927 992 2041 1049 suis
2071 1010 2090 1048 :
2128 1000 2178 1048 et

585 1094 800 1141 sanctus
822 1081 878 1140 in
910 1085 1142 1140 omnibus
1173 1086 1413 1158 operibus
1441 1086 1569 1141 suis.
1829 1081 1832 1086 ’

652 1179 876 1255 [Coph.]
907 1179 1081 1253 Prope
1133 1188 1206 1236 est
1236 1179 1490 1236 Dominus
1542 1179 1783 1235 onmibus
1822 1180 2181 1237 invocantibus

575 1271 742 1329 eumb
772 1278 838 1343 )s(
876 1273 1114 1328 omnibus
1139 1272 1493 1329 invocantibus
1513 1289 1631 1328 eum
1656 1273 1680 1342 ζ
1710 1275 1764 1328 in
1793 1274 2022 1329 veritate.

653 1362 830 1439 [Res]
865 1362 1192 1419 Voluntatem
1219 1364 1509 1419 timentium
1535 1380 1589 1421 se
1613 1365 1767 1437 faciet
1802 1379 1821 1420 :
1848 1373 1894 1420 et
1925 1364 2178 1436 depreca-

581 1457 771 1513 tionem
794 1471 973 1511 eorunt
992 1455 1259 1525 exaudiet,
1290 1466 1341 1511 et
1364 1458 1531 1512 salvos
1561 1457 1716 1528 faciet
1743 1473 1852 1512 eos.

647 1546 811 1620 [Sin.]
859 1547 1099 1604 Custodit
1142 1547 1398 1605 Dominus
1438 1566 1615 1606 omnes
1666 1549 1943 1622 diligentes
1979 1566 2034 1606 se
2063 1565 2083 1605 :
2131 1558 2180 1607 et

581 1659 757 1699 omnes
777 1652 1076 1716 peccatores
1106 1643 1391 1714 disperdet.

654 1734 873 1809 [Ἥκω]
904 1734 1287 1791 Laudationem
1319 1735 1532 1792 Domini
1560 1737 1800 1809 loquetur
1821 1751 1876 1791 os
1901 1751 2067 1791 meum
2085 1751 2107 1791 :
2132 1743 2180 1791 et

2278 528 2443 599 erigit
2462 543 2657 585 omnes
2679 528 2868 585 elisos.
2998 586 3009 595 ,

2351 619 2523 695 [Ain.]
2551 621 2710 678 Oculi
2741 620 2984 677 omnium
3013 621 3067 676 in
3095 629 3148 677 te
3177 627 3422 691 sperant,
3452 619 3713 677 Domine:
3738 629 3793 676 et
3828 626 3886 675 tu

2278 712 2377 769 das
2406 728 2591 769 escam
2620 713 2726 769 illis
2747 712 2802 769 in
2832 722 3077 785 tempore
3107 722 3440 789 opportuno.

2352 805 2533 880 [Phe.]
2586 806 2783 880 Aperis
2831 817 2889 863 tu
2938 823 3158 864 manum
3187 819 3363 870 tuam;
3406 815 3462 864 et
3503 807 3698 881 imples
3720 823 3893 865 omne

2279 899 2483 956 animal
2514 899 2644 973 [Με.
2685 914 2907 955 omnem
2933 898 3196 974 animam]
3226 899 3632 957 benedictione.

2355 990 2568 1071 [Sade.]
2598 991 2789 1050 Justus
2817 992 3079 1050 Dominus
3111 993 3165 1049 in
3191 993 3297 1050 viis
3321 994 3470 1052 suis:
3506 1002 3565 1051 et
3589 1003 3811 1051 sanctus
3836 993 3893 1050 in

2280 1085 2535 1142 omnibus
2566 1084 2823 1156 operibus
2851 1087 2988 1142 suis.

2353 1173 2573 1249 [Coph.]
2598 1176 2777 1247 Prope
2803 1186 2887 1234 est
2915 1177 3177 1236 Dominus
3208 1179 3467 1236 omnibus
3497 1179 3895 1238 invocantibus

2281 1284 2432 1339 eum,
2460 1271 2516 1327 in
2547 1270 2801 1328 veritate.
3354 1282 3365 1289 '

2353 1359 2526 1435 [Res.]
2554 1361 2903 1420 Voluntatem
2926 1363 3235 1422 timentium
3266 1380 3327 1423 se
3349 1365 3549 1422 faciet:
3582 1374 3640 1422 et
3678 1365 3897 1422 oratio-

2279 1469 2377 1512 nes
2401 1469 2592 1511 eorum
2622 1455 2899 1525 exaudiet,
2933 1465 2988 1514 et
3017 1457 3201 1514 salvos
3225 1457 3390 1515 faciet
3418 1472 3543 1515 eos.

2353 1545 2521 1620 [Sin.]
2548 1545 2804 1605 Custodit
2826 1549 3090 1606 Dominus
3119 1564 3309 1607 omnes
3343 1550 3639 1624 diligentes
3660 1566 3721 1609 se
3749 1549 3892 1625 [Μδ.

2279 1639 2464 1709 ειιωῖε
2491 1649 2547 1697 et
2576 1656 2768 1699 omnes
2800 1652 3116 1714 peccatores
3144 1644 3450 1718 disperdet.
3554 1630 3563 1635 ”

2352 1732 2565 1808 [ΤΙιαυ.]
2588 1734 2836 1815 Laudem
2862 1736 3078 1793 Domini
3097 1737 3356 1810 loquetur
3378 1753 3442 1796 os
3465 1754 3679 1796 meum:
3706 1748 3762 1796 et
3788 1739 3898 1796 be-

581 1829 847 1886 benedicat
877 1829 1044 1885 omnis
1073 1840 1095 1869 ο
1125 1846 1247 1884 caro
1275 1829 1474 1885 nomini
1491 1838 1671 1885 sancto
1696 1829 1812 1902 ejus
1832 1828 1887 1884 in
1906 1828 2177 1895 steculum,
2208 1843 2257 1904 Β
2287 1826 2502 1883 nedicat
2523 1828 2701 1885 omnis
2724 1843 2853 1886 caro
2875 1845 3075 1889 nomen
3101 1841 3350 1890 sanctum
3362 1832 3482 1905 ejus
3504 1834 3558 1890 in
3589 1842 3891 1902 aeternum,

579 1933 629 1981 et
654 1925 708 1981 in
737 1925 987 1982 siccutum
1012 1940 1073 1982 -ε-
1099 1924 1320 1993 stcculi:

2284 1930 2340 1978 et
2366 1920 2422 1977 in
2461 1922 2722 1980 saeculum
2743 1923 2951 1981 saeculi.

1877 2082 1881 2087 _
1942 2009 2260 2072 PSALMUS
2295 2010 2504 2070 CXLV.

795 2124 1087 2180 Αιιειυιιι,
1120 2104 1149 2148 δ
1182 2124 1238 2166 -ι-
1291 2123 1487 2178 nectet,
1530 2124 1598 2166 nr
1637 2107 1960 2176 ZACBABIE:

648 2202 858 2273 Lauda,
884 2204 1060 2259 anima
1088 2219 1226 2269 mea,
1275 2201 1582 2271 Dominum,
1627 2201 1857 2257 laudabo
1891 2198 2183 2256 Dominum

578 2295 635 2353 in
661 2297 769 2351 vita
791 2311 942 2351 mea:
974 2294 1196 2364 psallam
1219 2292 1330 2349 Deo
1360 2310 1472 2349 meo
1500 2293 1750 2365 quamdiu
1772 2296 1942 2366 fuero.

652 2390 833 2447 Nolite
856 2390 1118 2461 conﬁdere
1144 2390 1199 2445 in
1225 2389 1568 2461 principibus,
1597 2388 1650 2443 in
1679 2387 1806 2458 filiis
1832 2386 2122 2455 hominum,
2154 2395 2180 2425 θ

578 2484 634 2540 in
654 2483 840 2556 quibus
862 2500 967 2539 non
996 2491 1067 2538 est
1094 2481 1260 2537 salus.

651 2576 828 2632 Exibit
848 2575 1060 2647 spiritus
1103 2577 1242 2646 ejus,
1270 2583 1322 2629 et
1366 2582 1647 2630 revertetur
1674 2573 1728 2629 in
1766 2582 1956 2629 terram
1988 2586 2178 2628 suam:

580 2672 636 2728 in
662 2668 758 2725 illa
778 2670 863 2725 die
889 2670 1128 2742 peribunt
1155 2684 1216 2725 -ι-
1248 2666 1266 2707 ί
1295 2685 1474 2726 omnes
1498 2669 1521 2738 ζ
1550 2668 1888 2740 cogitationes
1915 2684 2118 2724 eorum.

647 2763 838 2820 Beatus
858 2768 1006 2839 cujus
1030 2763 1170 2820 Deus
1194 2763 1360 2820 Jacob
1394 2763 1609 2837 adjutor
1634 2764 1748 2834 ejus
1767 2779 1787 2819 :
1814 2779 1932 2834 spes
1976 2766 2089 2836 ejus
2124 2762 2180 2819 in

579 2857 809 2915 Domino
830 2855 941 2913 Deo
971 2858 1136 2930 ipsius
1163 2857 1251 2928 qui
1283 2857 1403 2929 fecit
1432 2856 1614 2911 coelum
1640 2866 1687 2911 et
1715 2864 1929 2924 terram,
1956 2870 2101 2909 mare
2130 2863 2178 2911 et

578 2952 752 3009 omnia
772 2967 890 3023 quae
910 2951 964 3006 in
994 2952 1068 3007 eis
1089 2958 1246 3007 sunt:

654 3046 760 3115 Qui
794 3046 1015 3101 custodit
1038 3045 1303 3100 veritatem
1327 3044 1383 3100 in
1427 3044 1697 3113 saeculum,
1744 3043 1874 3116 facit
1910 3042 2176 3116 judicium

580 3140 834 3212 injuriam
857 3137 1205 3211 patientibus:
1237 3136 1325 3192 dat
1350 3152 1521 3193 escam
1546 3136 1914 3192 esurientibus.

653 3229 912 3287 Dominus
936 3227 1090 3286 solvit
1113 3228 1428 3301 compeditos
1447 3244 1466 3283 :
1498 3225 1753 3283 Dominus
1777 3226 2043 3284 illuminat
2068 3242 2172 3284 ca:-

583 3341 911 3472 cosDominus
934 3413 1084 3487 erigit
1105 3386 1139 3463 8-
1156 3411 1344 3471 elisos:
1376 3410 1631 3470 Dominus
1652 3413 1823 3487 diligit
1834 3414 2029 3487 justas.

654 3593 906 3655 Dominus
922 3594 1148 3652 custodit
1176 3592 1425 3663 advenas,
1455 3592 1715 3668 pupillum
1737 3604 1786 3651 et
1816 3591 2029 3650 viduam
2064 3609 2181 3651 sus-

580 3693 733 3767 cipiet
755 3707 774 3746 :
798 3700 846 3747 et
865 3690 974 3746 vias
1004 3697 1328 3760 peccatorum
1349 3688 1630 3761 disperdet.

658 3783 913 3859 Regnabit
936 3782 1194 3838 Dominus
1223 3782 1277 3836 in
1296 3782 1521 3837 sarcula:
1545 3779 1687 3838 Deus
1715 3790 1833 3838 tuus
1859 3781 1990 3839 Sion
2011 3781 2063 3838 in
2087 3799 2180 3857 ge-

585 3876 909 3934 nerationem
930 3883 980 3932 et
1008 3873 1418 3947 generationem.

2908 2124 3199 2167 ALLELUIA.
3246 2109 3264 2149 ί

2357 2195 2564 2266 Lauda,
2594 2199 2775 2256 anima
2802 2216 2946 2268 mea,
2973 2201 3289 2270 Dominum,
3326 2201 3563 2261 laudabo
3589 2202 3891 2261 Dominum

2284 2289 2340 2348 in
2363 2291 2470 2347 vita
2489 2306 2639 2348 mea:
2671 2294 2897 2365 psallam
2931 2294 3045 2350 Deo
3071 2309 3195 2352 meo
3233 2295 3493 2367 quamdiu
3526 2295 3705 2354 fuero.

2355 2381 2536 2440 Nolite
2555 2384 2836 2443 conlidere
2861 2384 2915 2442 in
2939 2386 3300 2458 principibus,
3328 2401 3507 2459 neque
3536 2387 3589 2443 in
3627 2387 3756 2445 tiliis
3784 2388 3897 2445 lno-

2284 2475 2518 2543 minum,
2549 2477 2604 2533 in
2638 2477 2836 2549 quibus
2860 2493 2967 2535 non
2998 2488 3083 2536 est
3102 2480 3271 2536 salus.

2356 2567 2517 2626 Exiet
2543 2569 2773 2640 spiritus
2801 2569 2921 2642 ejus
2940 2579 2997 2627 et
3030 2580 3337 2628 revertetur
3365 2571 3420 2629 in
3452 2581 3653 2631 terram
3689 2588 3845 2631 suam
3881 2590 3899 2631 :

2281 2660 2337 2717 in
2364 2661 2454 2718 illa
2479 2661 2568 2720 die
2590 2663 2845 2735 peribunt
2863 2662 2994 2737 [Ms.
3024 2663 3260 2737 perient]
3299 2680 3493 2724 omnes
3522 2668 3897 2740 cogitationes

2279 2770 2491 2813 eorum.
3046 2798 3055 2807 .

2351 2848 2551 2907 Beatus
2578 2849 2732 2921 cujus
2753 2849 2897 2907 Deus
2932 2850 3101 2908 Jacob
3164 2851 3380 2923 adjutor
3416 2852 3538 2925 ejus
3564 2853 3693 2929 [Με.
3729 2853 3840 2927 est]
3875 2871 3893 2910 :

2280 2955 2406 3014 spes
2433 2941 2553 3014 ejus
2584 2943 2638 2999 in
2670 2943 2898 3000 Domino
2925 2943 3038 3000 Deo
3061 2944 3251 3016 ipsius.

2350 3035 2454 3106 Qui
2480 3035 2607 3094 fecit
2631 3036 2829 3094 ctelum
2857 3047 2912 3094 et
2936 3047 3162 3108 terram,
3184 3042 3357 3110 mare,
3380 3048 3437 3098 et
3456 3039 3639 3098 omnia
3671 3056 3792 3114 qua:
3828 3042 3897 3099 in

2279 3126 2360 3186 eis
2382 3126 2514 3202 [.lls.
2541 3127 2627 3202 ea]
2658 3140 2807 3186 sunt.

2349 3220 2452 3288 Qui
2480 3221 2717 3278 custodit
2744 3224 3027 3281 veritatem
3050 3225 3103 3280 in
3143 3225 3429 3298 saeculum,
3455 3224 3585 3284 facit
3618 3226 3894 3299 judicium

2278 3314 2529 3387 injuriam
2556 3316 2909 3389 patientibus:
2942 3318 3035 3376 dat
3053 3333 3238 3377 escam
3264 3321 3655 3378 esurientibus.

2356 3407 2620 3467 Dominus
2640 3410 2801 3484 erigit
2817 3410 3007 3482 elisos,
3024 3413 3291 3471 Dominus
3310 3416 3475 3471 solvit
3499 3415 3845 3486 compeditos
3871 3433 3891 3472 :

2288 3502 2559 3560 Dominus
2589 3502 2864 3561 illuminat
2889 3518 3089 3577 caseos,
3119 3505 3385 3563 Dominus
3401 3505 3587 3581 dirigit
3602 3509 3806 3580 justos.

2357 3594 2625 3651 Dominus
2653 3595 2896 3653 custodit
2924 3596 3214 3668 advenam,
3258 3598 3520 3670 pupillum
3567 3609 3622 3656 te
3664 3600 3889 3660 viduam

2288 3687 2579 3760 suscipiet,
2608 3698 2665 3745 et
2691 3689 2831 3744 viam
2855 3699 3201 3762 peccatorum
3224 3690 3629 3749 exterminabit.

2354 3779 2622 3853 Regnabit
2651 3781 2915 3841 Dominus
2942 3784 2995 3840 in
3026 3793 3325 3853 aeternum;
3356 3784 3499 3842 Deus
3518 3793 3644 3844 tuus
3665 3785 3796 3845 Sion
3827 3788 3889 3846 in

2282 3874 2543 3933 steculum
2571 3875 2779 3934 saeculi.

1930 3965 2253 4030 PSALMUS
2278 3968 2523 4028 CXLVI.

796 4059 827 4104 ³³
853 4080 1137 4123 Αιιεωιλ.
1173 4077 1234 4120 +
1262 4076 1452 4131 tecm,
1483 4079 1552 4121 ετ
1583 4076 1864 4120 attentum
1890 4062 1912 4133 ζ

660 4157 902 4216 Laudate
941 4156 1226 4233 Dominum
1253 4202 1269 4228 ,
1307 4158 1553 4229 quoniam
1579 4156 1744 4213 bonus
1790 4165 1867 4214 est
1897 4159 2128 4228 psalmus
2160 4176 2176 4218 :

583 4254 697 4312 Deo
723 4261 903 4311 nostro
922 4252 995 4310 sit
1016 4250 1274 4327 jucunda,
1308 4254 1375 4319 >ε<
1403 4251 1689 4323 decoraque
1720 4250 1742 4319 ζ
1767 4250 2024 4308 laudatio.

656 4403 685 4433 ι
710 4394 819 4450 Aut
840 4405 971 4449 veru
999 4388 1418 4461 praeoptandam
1449 4387 1554 4443 hoc
1581 4395 1891 4461 estnomen
1923 4386 2178 4461 Domine,

585 4474 683 4522 aut
712 4464 855 4536 quod
901 4457 1051 4533 juxta
1081 4461 1441 4536 Palatinims.
1485 4466 1573 4536 est
1622 4457 1814 4526 tidem,
1851 4474 1930 4536 _ae
1976 4460 2179 4536 rectius

583 4529 756 4594 multo
784 4529 1027 4600 videtur,
1053 4548 1276 4605 prorsus
1304 4530 1694 4605 inducendum,
1720 4530 1863 4600 quod
1890 4529 2087 4587 nedum
2119 4531 2175 4588 in

582 4609 814 4666 Hebraeo
840 4606 935 4662 sed
959 4602 1135 4675 neque
1164 4604 1216 4658 in
1244 4605 1434 4675 Graeco
1456 4602 1576 4674 ipso
1604 4609 1761 4675 textu
1788 4614 2028 4675 resonet.

652 4681 680 4720 ι)
708 4678 966 4735 Asterisci
996 4672 1176 4731 notam
1205 4672 1489 4731 Palatinus
1510 4689 1612 4727 ms.
1641 4682 1695 4727 et
1724 4672 1846 4728 Cari
1869 4673 2035 4729 editio
2064 4672 2175 4729 dis-

583 4752 862 4808 simulant.
910 4748 1196 4818 Sequentis
1226 4757 1403 4800 autem
1434 4746 1681 4818 proxime
1731 4745 1879 4802 verbi
1930 4746 2172 4801 exaudiet

584 4814 1020 4895 praepositionem
1051 4834 1151 4873 ms.
1182 4822 1249 4895 de
1279 4831 1432 4873 more
1458 4814 1687 4895 jugulat.
1836 4888 1848 4895 _
1871 4887 1907 4895 __
1974 4874 1977 4877 λ

656 4906 680 4933 ε
701 4885 1030 4964 Ἁιιιίιιιιιιτίἰ,
1062 4898 1122 4944 ιιι
1147 4889 1388 4955 videtur,
1417 4885 1703 4942 oscitantia
1734 4887 1935 4944 excidit
1955 4903 1985 4945 e
2016 4886 2172 4943 Pala—

584 4966 699 5021 tino
726 4979 829 5019 ms.
856 4979 960 5018 vox
991 4977 1132 5016 caro.

651 5034 678 5075 ἀ
733 5037 864 5104 Quae
927 5033 1088 5104 obelo
1133 5038 1534 5101 praenotantur,
1593 5028 1775 5104 Aggtei
1821 5040 1870 5085 et
1898 5029 2172 5086 Zacharia:

583 5103 800 5164 nomina
828 5146 845 5172 ,
893 5106 947 5161 in
996 5103 1241 5159 Palatino
1268 5117 1370 5158 ms.
1405 5104 1605 5158 rectius
1630 5103 1855 5156 cumino
1884 5118 1989 5157 non
2020 5113 2165 5157 sunt.

658 5191 682 5217 ε
707 5177 1051 5249 Atqnehane
1078 5176 1278 5249 rectius
1303 5173 1533 5249 pauloin
1563 5172 2001 5244 praepositionem
2028 5173 2171 5229 idem

585 5266 690 5307 ms.
720 5245 927 5320 respuit
954 5248 1110 5320 juxta
1131 5245 1421 5316 originales
1454 5245 1642 5320 libros.

652 5320 673 5360 τ
709 5313 857 5376 ιιςιιιίι
887 5313 1033 5374 recte
1065 5318 1151 5372 hic
1176 5313 1315 5372 idem
1344 5332 1447 5372 ms.
1480 5317 1598 5371 sine
1632 5315 1793 5371 obelo
1822 5313 1985 5387 legit,
2016 5330 2080 5373 ae
2102 5315 2173 5373 de

580 5408 682 5449 suo
702 5392 852 5447 addit
874 5391 927 5446 in
956 5391 1062 5446 line
1094 5389 1420 5460 Diapsatma.

655 5474 680 5512 Β
708 5463 975 5521 Secundis
1003 5461 1147 5517 curis
1187 5457 1483 5529 repositum
1514 5458 1604 5515 ltic
1639 5467 1723 5514 est
1751 5457 1932 5513 ottisos
1964 5501 1980 5528 ,
2006 5466 2170 5530 atque

579 5536 752 5592 altero
780 5535 849 5589 ab
876 5533 982 5589 hoc
1011 5546 1203 5597 versu,
1228 5532 1363 5585 viam
1402 5532 1596 5587 minori
1622 5546 1867 5586 numero.

653 5606 680 5645 ιι
702 5606 926 5662 Rectius
954 5603 1282 5675 inPalatino
1307 5616 1410 5658 ms.
1437 5612 1492 5657 et
1509 5599 1630 5675 Cari
1654 5601 1891 5675 editione
1911 5600 2090 5675 Aggtei
2113 5610 2160 5657 et

577 5678 852 5734 Zachariae
888 5674 1103 5731 nomina
1136 5688 1357 5745 prorsus
1383 5689 1486 5729 non
1518 5672 1813 5729 adduntur.
1851 5672 2160 5742 Sed'neque

575 5753 630 5806 in
663 5758 842 5806 textus
869 5746 1034 5819 priori
1066 5745 1337 5802 versiculo
1369 5747 1596 5802 verbum
1635 5745 2041 5801 substantivum
2084 5755 2160 5799 est

569 5821 858 5951 “imit:
884 5888 1178 5950 Veronens.
1207 5901 1312 5949 ms.
1336 5888 1515 5965 Aggtei
1543 5896 1591 5949 et
1615 5886 1885 5947 lacuaria:
1913 5886 2151 5945 nomina.

2905 4080 3196 4124 ALLRLUIA.
3230 4066 3247 4119 l

2347 4158 2590 4217 Laudate
2627 4158 2944 4227 Dominum,
2984 4161 3248 4234 quoniam
3275 4160 3454 4220 bonus
3481 4168 3569 4220 est
3598 4161 3837 4236 psalmus
3867 4179 3886 4220 :

2276 4253 2391 4310 Deo
2420 4260 2610 4310 nostro
2628 4252 2866 4326 jucunda
2891 4253 2965 4310 sit
2986 4253 3251 4312 laudatio.

2283 4387 2523 4475 Intenti
2551 4388 2747 4474 habet,
2777 4388 3029 4475 quamdiu
3054 4390 3164 4475 vivo
3187 4433 3203 4459 ,
3236 4403 3337 4475 pro
3363 4388 3510 4475 fuero
3531 4432 3547 4456 ,
3579 4397 3672 4475 et...
3696 4386 3883 4445 Nolite

2288 4461 2530 4534 ﬁderein
2560 4462 2817 4531 principes
2838 4503 2855 4529 ,
2886 4471 2935 4517 et
2960 4462 3017 4517 in
3057 4461 3529 4534 filioshominum,
3563 4462 3743 4534 quibus
3775 4478 3883 4517 non

2284 4542 2359 4588 est
2385 4531 2529 4587 salus
2551 4548 2572 4587 :
2622 4534 2841 4604 propius
2874 4535 2941 4587 ad
2994 4532 3446 4604 Augustinianum
3474 4531 3787 4599 exemplar,
3820 4542 3884 4588 ut

2282 4613 2483 4675 etquae
2529 4614 2829 4674 sequuntur
2855 4604 3029 4659 tribus
3074 4605 3143 4659 ab
3174 4604 3297 4660 hinc
3317 4605 3599 4671 versibus,
3627 4604 3731 4671 Qui
3776 4620 3880 4659 cu-

2281 4676 2437 4749 stodit
2462 4676 2721 4749 veritatem
2760 4677 2815 4749 in
2851 4685 3126 4749 internum,
3168 4677 3439 4749 facientem
3480 4677 3740 4749 judicium
3794 4676 3882 4729 in-

2270 4747 2471 4820 juriam
2508 4746 2875 4820 accipientibus
2916 4764 2936 4802 :
2990 4745 3146 4820 dante
3169 4745 3196 4820 “(
3231 4747 3315 4802 vel
3343 4745 3552 4820 dantem
3581 4747 3601 4819 )
3631 4757 3879 4820 arescant

2278 4815 2638 4873 esurientibus.
2694 4817 2945 4872 Dominus
2998 4817 3150 4871 solvit
3186 4815 3513 4887 'rompetlitos
3558 4815 3590 4873 τ’
3621 4815 3880 4873 Dominus

2281 4890 2430 4971 erigit
2458 4889 2633 4971 elisos.
2671 4887 3204 4971 ngiitttssapientes
3234 4889 3362 4960 facit
3393 4905 3553 4971 caecos
3578 4905 3596 4942 :
3621 4888 3881 4971 Dominus

2198 4949 2252 5011 D
2276 4949 2447 5033 diligit
2479 4960 2667 5031 iustos.
2706 4949 2955 5033 Dominus
2985 4949 3207 5033 custodit
3234 4949 3548 5033 proselytos,
3583 4959 3881 5030 orpltanuns

2275 5040 2323 5084 et
2344 5029 2685 5103 viduametc.
2717 5029 2980 5103 Denique,
3004 5029 3144 5086 Deus
3165 5029 3284 5086 tuus
3311 5029 3445 5087 Sion
3472 5032 3527 5086 in
3547 5029 3881 5103 generatione

2279 5112 2326 5155 et
2346 5101 2742 5172 generationem.

2352 5170 2367 5225 ἰ
2399 5174 2492 5247 llic
2513 5188 2649 5247 vero
2688 5170 2897 5247 eadem,
2925 5172 3106 5247 Αρρωί
3147 5182 3194 5228 et
3221 5171 3517 5247 Zachariae
3543 5174 3784 5247 nomina,
3807 5182 3875 5247 _ut

2277 5255 2330 5316 et
2349 5244 2417 5301 ad
2444 5244 2839 5316 snbscquentes
2858 5244 3097 5316 duorum
3119 5244 3452 5316 psalmorqu
3482 5245 3692 5308 titulos.
3718 5244 3874 5300 addit

2278 5314 2580 5389 Yeroneus.
2624 5314 2726 5371 ius.
2758 5316 2816 5370 In
2846 5314 3050 5372 Textus
3074 5314 3255 5389 altero
3280 5330 3443 5372 versu
3469 5360 3484 5384 ,
3521 5317 3873 5389 concoltigens

2280 5387 2463 5453 habet,
2489 5402 2589 5458 pro
2620 5402 2957 5458 congregans,
2983 5401 3046 5441 ac
3068 5386 3265 5444 deinde
3290 5402 3415 5443 cum
3443 5386 3875 5458 Augustino,”-

2275 5474 2396 5514 cans
2420 5500 2437 5523 ,
2481 5457 2578 5527 pro
2606 5457 2768 5512 vocat.
2799 5457 2962 5512 Solus
2990 5467 3173 5514 autem
3210 5473 3337 5514 mox
3359 5500 3375 5524 ,
3414 5461 3703 5529 prudentia:
3735 5461 3868 5527 eius,

2277 5545 2376 5601 pro
2398 5539 2445 5601 et
2464 5530 2894 5601 supientia:,_etc.
2909 5528 3069 5601 -Tumi
3087 5531 3279 5601 iterum
3301 5531 3459 5599 juxta
3483 5531 3868 5601 Augustinum,

2268 5597 2591 5665 Itumilians,
2620 5614 2723 5671 pro
2752 5597 3018 5661 Itumiliat.
3048 5600 3137 5668 Et,
3174 5600 3276 5669 Qui
3302 5597 3534 5670 c00perit
3562 5597 3743 5656 caelum
3764 5618 3875 5663 nu-

2268 5672 2436 5744 bibus,
2465 5682 2510 5725 et
2531 5670 2678 5744 parat
2709 5670 2834 5744 (ms.
2861 5678 3064 5744 pensat)
3084 5683 3236 5728 teme
3263 5672 3509 5738 pluviam.
3544 5672 3873 5739 Qui,ea:oriri

2236 5743 2394 5812 .facit
2422 5745 2475 5798 in
2501 5743 2776 5807 montibus,
2807 5750 2913 5799 etc.
2937 5743 3039 5810 Qui
3082 5743 3172 5798 dat
3202 5745 3467 5814 pecoribus
3489 5760 3679 5808 escam,
3719 5752 3827 5799 etc.
3852 5787 3870 5813 ,

2265 5824 2342 5880 et,
2372 5829 2661 5886 corvorum
2719 5815 2810 5886 qui
2856 5815 3095 5870 invocant
3138 5813 3273 5886 cum.
3325 5813 3447 5870 Non
3492 5816 3546 5871 in
3599 5825 3871 5886 potentatu

2263 5885 2411 5962 equi,
2449 5894 2584 5959 etc.,
2618 5903 2712 5947 nec
2732 5884 2860 5945 bene
2885 5887 2939 5945 in
2965 5885 3309 5947 tabernaculis
3336 5887 3436 5945 viri
3480 5884 3688 5947 sentiet.
3730 5884 3873 5948 Bene
