4182 6338
320 300 428 363 593

1645 288 1853 357 LIBER
1891 292 2340 356 PSALMORUM.

3518 300 3625 360 394

399 421 703 493 Ediﬁcans
730 414 1026 477 Jerusalem
1052 414 1354 477 Dominus:
1381 416 1724 492 dispersiones
1751 417 1927 476 Israe-
1950 434 2007 496 Α
2102 417 2406 475 zEdiﬂcans
2446 415 2751 476 Jerusalem
2800 414 3063 478 Dominus
3106 431 3122 483 :
3163 427 3220 478 et
3261 419 3633 494 disporsiones

332 520 400 575 lis
432 518 556 591 [ΜΞ.
584 514 812 588 Israhel]
834 516 1186 592 congregabit.

393 612 500 681 Qui
544 619 697 667 sanat
741 612 992 667 contritos
1044 609 1242 666 corde:
1287 618 1338 666 et
1375 608 1559 684 alligat
1594 609 1925 665 contritiones

318 722 520 762 eorum.

395 802 499 871 Qui
520 811 754 859 numerat
780 799 1166 857 multitudinem
1194 799 1463 857 stellarum
1490 809 1560 857 :t1
1593 814 1656 856 σξ-
1686 807 1735 856 et
1761 798 1783 867 ζ
1814 814 1925 855 om-

321 897 469 953 nibus
498 898 572 953 eis
593 897 805 953 nomina
834 906 1000 953 vocat.

397 991 622 1063 Magnus
656 990 913 1047 Dominus
942 1002 1136 1061 noster,
1175 1001 1224 1048 et
1263 1008 1452 1065 magna
1494 992 1659 1048 virtus
1690 995 1802 1062 eius
1830 1006 1847 1047 .'
1875 999 1925 1047 et

336 1084 606 1156 sapientiae
634 1087 747 1157 ejus
771 1100 873 1139 non
902 1096 977 1140 est
1008 1101 1274 1141 numerus.

396 1174 705 1248 Suscipiens
745 1186 1039 1231 mansuetos
1080 1175 1690 1251 Dominusghumilians
1736 1192 1796 1233 οξο
1829 1194 1924 1233 au-

321 1282 422 1327 tem
455 1270 477 1339 ζ
510 1278 806 1343 peccatores
836 1286 998 1342 usque
1028 1272 1095 1325 ad
1117 1273 1329 1327 terram.

410 1361 694 1417 Prtecinite
720 1360 947 1419 Domino
967 1362 1021 1418 in
1048 1364 1372 1435 confessione
1403 1379 1422 1419 :
1448 1362 1652 1436 psallite
1683 1361 1788 1419 Deo
1805 1377 1923 1418 nos-

321 1468 403 1512 tro
431 1456 488 1511 in
513 1456 739 1511 cithara.

396 1548 501 1617 Qui
547 1548 718 1620 operit
774 1548 959 1605 ctulum
1006 1547 1275 1605 nubibus:
1312 1556 1362 1605 et
1415 1556 1567 1621 parat
1616 1548 1923 1621 terrteplu-

327 1645 490 1699 riam.

394 1735 424 1777 ιι
449 1736 553 1804 Qui
575 1737 813 1809 producit
837 1737 893 1793 in
918 1737 1173 1794 montibus
1194 1738 1401 1810 fenum:
1421 1751 1483 1794 οε-
1508 1746 1555 1793 et
1586 1736 1793 1793 herbam
1814 1751 1923 1792 ser-

319 1828 471 1883 riluti
493 1829 764 1885 hominum
799 1827 839 1898 ζ

396 1924 499 1992 Qui
523 1924 611 1978 dat
624 1925 878 1997 jumentis
905 1924 1363 1997 escamipsorum:
1398 1939 1457 1979 σε·
1493 1933 1542 1980 et
1575 1924 1597 1992 ζ
1627 1922 1789 1995 pullis
1808 1938 1917 1979 cor-

315 2034 506 2072 vorum
527 2017 883 2073 invocantibus
911 2033 1049 2073 eum.

392 2109 519 2165 Non
543 2111 599 2165 in
628 2111 934 2182 fortitudine
957 2110 1095 2182 equi,
1127 2111 1448 2167 voluntatem
1476 2109 1676 2166 habebit
1700 2125 1719 2165 :
1748 2125 1840 2166 nec
1864 2109 1920 2164 in

316 2205 459 2259 tibiis
488 2202 986 2277 oiribeneplacitum
1014 2203 1112 2259 erit
1151 2204 1221 2259 ei.

396 2308 418 2336 ο
466 2312 528 2353 σξ-
560 2295 699 2352 Bene
736 2297 758 2365 ζ
812 2297 1060 2370 placitum
1106 2306 1179 2353 est
1217 2295 1444 2353 Domino
1483 2312 1637 2369 super
1686 2296 1921 2350 timentes

314 2409 469 2461 eum,
505 2407 568 2448 -t—
607 2399 655 2447 et
702 2391 725 2461 ζ
761 2391 817 2447 in
856 2393 931 2448 eis
973 2391 1061 2463 qui
1105 2399 1320 2462 sperant
1366 2406 1522 2462 super
1561 2388 1919 2446 misericordia

314 2504 457 2561 ejus.

627 2713 895 2756 summa
923 2695 952 2736 ἀ
982 2712 1176 2765 Αεωει,
1206 2713 1274 2754 u'r
1301 2695 1621 2765 mensam:

390 2791 580 2847 Lauda
601 2834 617 2863 ,
649 2790 981 2862 Jerusalem,
1012 2791 1294 2848 Dominum
1319 2807 1339 2848 :
1370 2792 1528 2847 lauda
1557 2790 1725 2847 Deum
1753 2800 1918 2857 tuum,

316 2884 476 2941 Sion.

396 2979 658 3046 Quoniam
687 2980 1003 3051 confortavit
1030 2996 1172 3036 seras
1200 2990 1469 3053 portarum
1492 2988 1698 3037 tuarum
1724 2995 1743 3035 :
1765 2979 1918 3035 bene-

317 3070 455 3125 dixit
480 3070 607 3142 ﬁliis
635 3074 735 3128 tuis
756 3074 810 3127 in
840 3082 909 3129 te.

394 3163 499 3232 Qui
525 3165 699 3238 posuit
724 3166 855 3237 ﬁnes
876 3176 989 3223 tuos
1012 3183 1192 3240 pacem
1219 3182 1239 3223 :
1272 3181 1333 3224 -t—
1358 3176 1406 3223 et
1440 3165 1458 3237 ζ
1494 3167 1649 3238 adipe
1671 3163 1923 3239 frumenti

318 3257 477 3312 satiat
500 3266 569 3311 te.

398 3347 502 3415 Qui
536 3349 726 3404 emittit
755 3350 1015 3423 eloquium
1055 3366 1210 3407 suum
1244 3358 1437 3408 terrte:
1474 3350 1715 3407 uelociter
1764 3348 1924 3404 currit

314 3458 491 3497 sermo
533 3446 670 3517 ejus.

397 3534 503 3601 Qui
532 3534 623 3591 dat
648 3536 816 3592 nivem
843 3536 975 3593 sicut
1015 3536 1189 3593 lanam
1221 3554 1241 3595 :
1270 3538 1507 3594 nebulam
1535 3539 1668 3593 sicut
1699 3536 1922 3593 cinerem

315 3627 543 3698 spargit.

395 3717 560 3775 Mittit
582 3719 891 3793 crystallum
924 3740 1073 3779 suam
1112 3724 1244 3779 sicut
1270 3722 1562 3779 buccellas:
1591 3732 1710 3779 ante
1736 3722 1923 3795 faciem

321 3812 535 3886 frigoris
562 3818 676 3889 ejus
702 3817 817 3886 quis
844 3818 1111 3873 sustinebit
1137 3818 1162 3873 ?

401 3919 459 3962 -ξ-
498 3907 547 3961 E
569 3908 594 3977 ζ
625 3910 787 3965 mittet
808 3910 1015 3967 verbum
1045 3926 1218 3980 suum,
1243 3919 1290 3968 et
1323 3912 1614 3986 liquefaciet
1640 3928 1699 3968 ett
1735 3929 1747 3969 :
1776 3908 1925 3983 flabit

318 4000 543 4072 spiritus
569 4005 706 4075 ejus,
736 4012 784 4058 et
804 4006 968 4075 fluent
997 4020 1167 4077 aquae.

404 4176 507 4246 Qui
533 4179 809 4234 annuntiat
832 4181 1039 4238 verbum
1068 4198 1220 4238 suum
1258 4182 1422 4239 Jacob
1457 4185 1722 4257 :justitias
1765 4197 1813 4242 et
1834 4189 1930 4261 jn-

326 4271 471 4327 dicia
499 4290 597 4329 sua
624 4273 818 4331 Israel.

330 4529 496 4603 sensit
518 4528 692 4601 (Aug.
717 4529 930 4603 sentiet)
958 4529 1213 4589 Dominus
1233 4531 1288 4586 in
1310 4530 1603 4588 timentibus
1625 4546 1739 4585 eum
1762 4546 1781 4597 ;
1803 4538 1851 4585 et
1880 4529 1933 4584 in

332 4601 420 4653 his
441 4604 527 4673 qui
550 4611 780 4673 sperant,
807 4601 915 4673 etc.

414 4680 440 4709 ι
470 4672 585 4728 Nos
614 4682 661 4727 et
702 4672 1077 4743 cunjunctioni
1104 4674 1319 4730 obelum
1359 4674 1693 4743 prasliximus
1740 4672 1807 4727 ad
1836 4672 1937 4727 llo-

341 4743 477 4799 brzoi
510 4752 691 4799 textus
725 4744 907 4812 ﬁdem,
937 4746 1264 4801 admonente
1293 4747 1542 4801 Palatino
1569 4763 1673 4799 ms.

417 4815 444 4853 δ
473 4815 799 4899 Econtrario
835 4818 1165 4899 superﬂuum
1205 4818 1423 4899 obelu‘ni
1451 4817 1577 4899 bino
1601 4831 1702 4899 nos
1729 4816 1937 4870 amovi-
1961 4839 2013 4899 Β

340 4901 495 4953 mus,
520 4901 680 4955 quem
712 4887 875 4956 plane
901 4897 1139 4952 constat,
1168 4897 1263 4944 aut
1286 4889 1441 4953 nulli,
1472 4897 1563 4942 aut
1593 4888 1758 4943 etiam
1788 4901 1931 4955 prm-

340 4958 563 5013 cedenti
589 4957 838 5027 proxime
858 5000 874 5024 ,
915 4969 973 5014 et
996 4960 1346 5027 subsequeuti
1377 4961 1465 5027 qui
1495 4959 1739 5015 relativis
1767 4958 1933 5012 fuisse

344 5030 796 5100 pra-ponendum.
813 5030 1018 5085 Monuit
1032 5046 1161 5085 vero
1182 5032 1381 5086 nedum
1397 5031 1675 5086 Palatinus
1689 5045 1787 5084 ms.
1804 5070 1817 5093 ,
1838 5028 1936 5084 sed

342 5098 406 5173 et
448 5098 577 5155 Cari
613 5100 804 5156 editio.
835 5102 1009 5157 Minus
1049 5111 1229 5173 autem
1262 5103 1400 5157 bene
1438 5103 1743 5173 insequenti
1774 5114 1937 5156 versu

347 5172 497 5228 idem
520 5185 626 5227 ms.
657 5172 859 5243 absque
880 5188 1013 5229 veru
1050 5172 1218 5228 habet
1238 5182 1283 5227 el
1308 5172 1581 5243 copulam.

427 5254 450 5282 ε
473 5242 651 5312 Atque
682 5242 770 5298 hic
794 5242 963 5301 ferme
993 5244 1195 5300 rectius
1216 5243 1612 5315 Beneplacitum
1638 5244 1823 5315 legunt
1840 5243 1941 5298 Pa-

348 5314 556 5370 latinus
584 5328 687 5369 ms.
710 5322 767 5370 et
794 5316 917 5371 Cari
941 5315 1108 5371 editio
1133 5316 1252 5371 sine
1275 5314 1458 5375 obolo.
1487 5317 1578 5386 qui
1600 5315 1647 5371 si
1676 5314 1821 5370 recte
1844 5315 1940 5369 lia-

349 5389 448 5442 bot
472 5428 489 5451 ,
534 5386 723 5443 debuit
751 5387 942 5443 eadem
978 5402 1204 5458 prorsus
1235 5386 1303 5441 de
1333 5402 1499 5443 causa
1528 5396 1584 5442 et
1611 5386 1939 5456 praecedenti

353 5459 604 5530 proxime
634 5458 809 5514 eidem
838 5459 1101 5515 vocabulo
1136 5458 1362 5528 prmligi.
1390 5459 1565 5514 Minus
1591 5465 1770 5530 autem
1803 5458 1943 5513 bene

355 5529 555 5585 Vocula
575 5545 788 5601 quoque
815 5531 871 5585 in
899 5530 971 5585 eis
990 5572 1007 5597 ,
1035 5531 1226 5586 eodem
1255 5545 1409 5601 ,_quo
1440 5539 1487 5585 et
1512 5529 1707 5601 copula
1726 5529 1943 5601 jugula-

355 5612 469 5668 tur,
492 5601 665 5657 Carus
686 5602 847 5658 obolo
872 5603 1299 5657 transverberat.

434 5671 461 5710 ά
492 5672 590 5727 llic
621 5673 846 5741 iterum,
880 5672 1357 5744 utadﬂsuperioris
1382 5672 1576 5744 psalmi
1600 5673 1815 5727 titulum
1847 5687 1950 5727 no-

360 5753 535 5816 tatum
566 5753 669 5810 est,
710 5744 889 5816 Λειςωί
917 5753 966 5799 et
1004 5743 1276 5800 Zachariae
1304 5743 1523 5801 numina
1547 5744 1821 5800 Palatinus
1847 5760 1951 5801 ms.

357 5825 421 5873 ct
446 5812 573 5887 cari
603 5812 773 5870 editio
791 5812 1009 5887 penitus
1038 5817 1289 5872 reticent.

440 5896 465 5927 ε
509 5886 745 5958 lterum,
777 5886 921 5959 quod
971 5895 1026 5943 et
1055 5888 1217 5944 modo
1266 5899 1511 5947 notatum
1540 5896 1649 5959 est,
1684 5886 1860 5961 Aggtei
1904 5897 1956 5944 et

813 5984 1089 6063 Ρᾼνιιιοι..
1135 5981 1388 6049 XXIX.

2024 510 2201 570 Israel
2233 529 2594 586 congregans.

2097 608 2200 677 Qui
2224 616 2382 667 sanat
2408 610 2677 669 contritos
2714 612 2881 670 corde
2914 630 2928 669 :
2958 621 3015 670 et
3052 611 3238 686 alligat
3268 613 3628 675 contritiones

2025 714 2238 759 eorum.

2097 796 2201 865 Qui
2230 806 2479 855 numerat
2506 797 2909 857 multitudinem
2931 799 3214 857 stellarum
3247 817 3260 857 :
3294 810 3350 858 et
3376 801 3628 858 omnibus

2025 894 2107 947 eis
2130 892 2349 948 nomina
2378 903 2560 950 vocat.

2096 986 2321 1058 Magnus
2352 988 2617 1045 Dominus
2647 1000 2857 1057 noster,
2884 998 2941 1046 et
2966 1004 3157 1063 magna
3178 990 3350 1048 virtus
3381 990 3500 1062 ejus
3529 1008 3544 1048 :
3574 999 3630 1049 et

2025 1084 2309 1156 sapientia:
2335 1084 2454 1156 ejus
2484 1099 2592 1141 non
2614 1093 2699 1143 est
2728 1100 3012 1142 numerus.

2095 1178 2410 1250 Suscipiens
2438 1186 2752 1235 mansuetos
2780 1179 3044 1237 Dominus
3091 1198 3103 1235 :
3148 1179 3401 1237 humiliat
3443 1189 3626 1238 autem

2028 1280 2345 1344 peccatores
2375 1286 2545 1343 usque
2571 1272 2639 1328 ad
2672 1280 2897 1329 terram.

2094 1365 2321 1436 Incipite
2351 1364 2584 1422 Domino
2613 1365 2668 1421 in
2700 1362 3086 1423 Confessione:
3139 1367 3354 1439 psallite
3383 1367 3495 1424 Deo
3527 1382 3626 1425 no-

2029 1467 2143 1516 stro
2166 1458 2221 1514 in
2250 1457 2480 1514 cithara.

2096 1551 2202 1620 Qui
2241 1552 2420 1623 operit
2469 1552 2667 1610 cmlum
2702 1552 2942 1611 nubibus
2979 1562 3077 1611 :et
3113 1563 3272 1625 parat
3308 1562 3471 1612 terrae
3507 1554 3628 1626 plu-

2024 1646 2192 1703 viam.

2095 1739 2198 1810 Qui
2226 1739 2479 1812 producit
2505 1740 2563 1798 in
2600 1739 2877 1798 mentibus
2907 1739 3090 1798 fenum
3119 1758 3133 1796 :
3166 1750 3221 1798 et
3246 1740 3473 1798 herbam
3511 1754 3627 1798 ser-

1948 1849 1998 1912 B
2022 1832 2178 1890 vituli
2218 1832 2520 1889 hominum.

2092 1924 2192 1993 Qui
2214 1923 2307 1980 dat
2325 1924 2587 1995 jumentis
2613 1940 2794 1983 escam
2825 1925 3066 1998 ipsorum
3101 1942 3116 1981 :
3144 1934 3196 1982 et
3232 1926 3396 1997 pullis
3424 1940 3623 1983 corvo-

2022 2033 2141 2076 rum
2168 2018 2552 2075 invocantibus
2579 2034 2723 2076 eum.

2092 2109 2212 2166 Non
2264 2108 2319 2165 in
2356 2109 2568 2168 viribus
2609 2112 2733 2183 equi
2771 2111 3111 2168 voluntatem
3153 2111 3409 2168 habebit:
3442 2127 3621 2185 neque

2024 2201 2082 2258 in
2114 2202 2484 2260 tabernaculis
2508 2203 2610 2260 viri
2640 2204 3042 2276 beneplacitum
3072 2212 3154 2261 est
3181 2205 3253 2261 ei.

2099 2295 2506 2367 Beneplacitum
2547 2305 2630 2353 est
2663 2295 2893 2352 Domino
2925 2315 2937 2351 :
2977 2312 3143 2368 super
3170 2297 3426 2355 timentes
3447 2312 3574 2356 eum
3600 2341 3618 2370 ,

2026 2396 2085 2446 et
2109 2388 2163 2446 in
2191 2403 2287 2447 eos
2308 2388 2404 2461 qui
2427 2399 2647 2461 sperant
2676 2389 2733 2445 in
2765 2389 3138 2447 misericordia
3160 2390 3302 2461 ejus.

1662 2597 1985 2658 PSALMUS
2032 2594 2285 2657 CXLVII.

2668 2709 2933 2752 ALLELUIA
2965 2705 3012 2750 θ.

2101 2787 2305 2856 Lauda,
2333 2785 2657 2859 Jerusalem,
2684 2787 2975 2845 Dominum
3005 2802 3020 2843 :
3047 2786 3205 2845 lauda
3233 2788 3404 2847 Deum
3442 2798 3616 2858 tuum,

2030 2880 2184 2939 Sion.

2100 2972 2366 3043 Quoniam
2397 2971 2724 3030 conlortavit
2767 2987 2918 3031 seras
2949 2982 3226 3045 portarum
3252 2983 3462 3031 tuarum
3486 3015 3502 3044 ,
3531 2974 3622 3032 be-

2032 3066 2242 3125 nedixit
2266 3065 2405 3122 ﬂlios
2429 3075 2549 3121 tuos
2572 3066 2624 3120 in
2655 3073 2730 3121 te.

2100 3160 2203 3229 Qui
2228 3159 2406 3233 posuit
2441 3159 2581 3217 ﬂues
2621 3166 2742 3216 tuos
2770 3173 2958 3232 pacem
2993 3177 3005 3216 :
3053 3167 3109 3217 et
3151 3160 3312 3233 adipe
3360 3161 3619 3218 frumenti

2028 3255 2231 3311 satiaus
2264 3262 2336 3311 te.

2099 3346 2203 3414 Qui
2225 3346 2426 3404 emittit
2450 3344 2473 3385 ί
2506 3334 2779 3418 eloquium
2808 3359 2963 3402 suum
2991 3353 3149 3402 terrae
3176 3362 3189 3401 :
3217 3347 3476 3405 velociter
3496 3361 3624 3406 cur-

2027 3440 2100 3499 rit
2129 3456 2310 3499 sermo
2333 3440 2473 3512 ejus.

2097 3534 2203 3603 Qui
2247 3533 2340 3590 dat
2363 3534 2546 3591 nivem
2587 3533 2729 3592 sicut
2769 3534 2948 3591 lanam
2983 3534 3280 3594 :nebulam
3313 3537 3461 3594 velut
3490 3538 3619 3610 [Με.

2027 3626 2191 3700 sicut]
2227 3627 2467 3684 cinerem
2498 3628 2729 3699 spargit.

2101 3722 2261 3777 Mittit
2303 3720 2624 3793 crystallum
2663 3735 2816 3777 suam
2848 3722 2989 3778 sicut
3034 3722 3207 3779 frusta
3237 3723 3442 3796 panis:
3498 3733 3626 3782 ante

2031 3815 2225 3873 faciem
2257 3815 2477 3887 frigoris
2498 3816 2616 3887 ejus
2639 3816 2761 3887 quis
2791 3814 3100 3873 subsistet?

2106 3908 2284 3965 blittet
2334 3907 2562 3963 verbum
2609 3922 2803 3975 suum,
2848 3915 2903 3963 et
2952 3906 3266 3978 liquefaciet
3311 3922 3423 3964 ea:
3476 3908 3631 3966 ﬂabit

2033 4001 2165 4077 [Ms.
2197 4002 2367 4074 ﬂavit]
2409 4001 2631 4073 spiritus
2666 4000 2784 4071 ejus
2807 4043 2823 4070 ,
2858 4009 2912 4057 et
2950 4000 3120 4058 ﬂuent
3156 3999 3284 4074 [Ms.
3330 4002 3628 4075 proﬂuent]

2037 4114 2214 4171 aquae.

2108 4188 2477 4245 Pronuntiaus
2500 4185 2725 4245 verbum
2760 4200 2918 4244 suum
2948 4185 3121 4246 Jacob
3154 4205 3167 4242 :
3194 4187 3438 4259 justitias
3464 4198 3519 4246 ct
3546 4190 3635 4262 ju-

2034 4282 2175 4339 dicia
2196 4297 2292 4339 sua
2325 4280 2512 4338 Israel.
3617 4278 3625 4287 '

2040 4527 2315 4585 Zachariae
2342 4529 2619 4586 adduntur
2650 4528 2743 4585 hic
2774 4531 2993 4587 nomina
3026 4532 3077 4586 in
3108 4531 3409 4589 Veronensi
3446 4550 3547 4591 ms.
3576 4536 3635 4593 In

2037 4610 2191 4657 textu
2211 4601 2781 4677 conﬁrmavithlegitur,
2802 4602 2945 4677 quod
2963 4603 3198 4677 plurium
3224 4619 3345 4659 esse
3359 4606 3631 4677 codicum,

2039 4689 2139 4745 pro
2170 4674 2504 4745 confortavit,
2528 4672 2588 4728 S.
2614 4674 3187 4745 quoqueAugustinus
3211 4683 3460 4730 testatur.

2114 4743 2135 4781 ί
2170 4743 2324 4814 Legit
2353 4759 2477 4799 cum
2507 4743 2812 4813 Augustino
2841 4744 3170 4800 Veronensis
3202 4760 3305 4800 ms.
3342 4767 3355 4800 ε
3393 4747 3493 4813 Qui
3515 4751 3634 4802 mit-

2041 4817 2102 4870 tit
2144 4818 2351 4869 verbum
2395 4832 2547 4868 suum
2580 4825 2776 4869 terrae:
2816 4822 2989 4880 usque
3015 4816 3068 4869 in
3114 4818 3432 4871 velocitatem
3472 4821 3637 4873 currit

2040 4887 2244 4958 igrbum
2264 4889 2396 4958 ejus.
2430 4885 2517 4953 Et,
2548 4885 2650 4953 Qui
2676 4887 2833 4958 mittil
2850 4888 3155 4956 crystallum
3170 4904 3340 4951 suum,
3366 4889 3635 4955 sicut,etc.

2045 4956 2257 5012 Emittet
2278 4956 2674 5029 uerbumsuum,
2695 4966 2741 5011 et
2762 4957 3056 5029 tabefaciet,
3078 4967 3184 5029 etc.
3213 4959 3291 5012 Ac
3307 4960 3471 5029 paulo
3487 4973 3632 5029 post,

2044 5029 2374 5084 Annuntians
2404 5028 2612 5083 verbum
2636 5046 2811 5095 suum,
2840 5027 2945 5083 etc.
2996 5029 3079 5096 Et,
3110 5027 3233 5082 Non
3262 5028 3381 5097 fecit
3415 5027 3637 5085 sic'unié-

2046 5115 2205 5155 uerste
2226 5101 2385 5171 genti,
2408 5108 2517 5157 etc.
2546 5100 2891 5156 Postremimt
2910 5100 3143 5171 denique
3166 5100 3393 5171 verbum
3409 5102 3638 5157 Alleluia

2048 5170 2443 5242 prmtermittit,
2490 5172 2633 5243 quod
2668 5172 2784 5244 pari
2817 5180 2973 5244 pacto
3004 5171 3057 5244 in
3100 5170 3210 5244 line
3235 5170 3637 5241 insequentium

2053 5241 2382 5312 psalmorum
2420 5241 2581 5299 tacet.
2614 5244 2712 5298 Rei
2745 5242 2903 5311 hujus
2933 5241 3151 5296 cauSam
3199 5241 3270 5295 ita
3305 5244 3638 5311 Augustinus

2055 5318 2109 5369 in
2154 5315 2518 5370 Euarratione
2558 5314 2754 5383 psalmi
2790 5328 2859 5369 cv
2888 5314 3112 5380 exponit
3143 5330 3156 5366 :
3205 5312 3432 5379 Quidam
3460 5315 3639 5369 dicunt

2045 5403 2209 5441 unum
2239 5386 2507 5440 Halleluia
2536 5386 2793 5455 pertinere
2828 5384 2897 5437 atl
2924 5384 3085 5456 ﬁnem,
3102 5384 3290 5455 psalmi
3314 5387 3595 5456 superioris
3620 5430 3637 5451 ,

2046 5456 2375 5539 alterumﬂatl
2402 5453 2558 5539 hujus
2590 5456 2921 5539 principium:
2961 5453 3163 5539 Euhoe
3201 5453 3458 5539 afferunt,
3500 5457 3640 5528 quod

2049 5546 2222 5584 omnes
2245 5527 2296 5582 ll
2303 5525 2603 5581 alleluiatici
2621 5527 2811 5597 psalmi
2830 5526 3017 5580 habent
3031 5527 3084 5579 in
3106 5527 3207 5596 ﬁne
3228 5525 3519 5594 "alleluia,
3538 5545 3644 5582 non

2053 5616 2227 5654 omnes
2268 5601 2321 5651 in
2353 5599 2521 5669 capite
2546 5615 2565 5652 :
2594 5597 2732 5652 unde
2770 5598 3077 5667 quicumque
3106 5597 3333 5669 psalmus
3364 5614 3467 5652 non
3496 5599 3646 5653 habet

2053 5616 2227 5654 omnes
2268 5616 2321 5651 tn
2353 5616 2521 5722 capite
2546 5616 2565 5652 :
2594 5616 2732 5652 unae
2770 5616 3077 5667 quicumque
3106 5616 3333 5669 psatmus
3364 5616 3467 5652 non
3496 5616 3646 5653 ttaoet

2052 5673 2107 5725 in
2126 5672 2228 5738 fine
2256 5670 2411 5723 Halle
2438 5669 2548 5733 uia,
2566 5686 2658 5723 nec
2679 5669 2733 5722 in
2750 5670 2917 5740 capite
2931 5671 3109 5721 volunt
3138 5686 3253 5722 eum
3271 5670 3457 5723 habere
3476 5671 3646 5740 :qnod

2055 5754 2225 5796 autem
2268 5741 2319 5795 in
2355 5744 2466 5813 ejus
2497 5742 2666 5813 capite
2699 5740 2902 5795 videtur
2922 5756 3052 5806 esse,
3080 5740 3159 5813 ad,
3172 5742 3327 5810 ﬁnem
3362 5742 3649 5813 superioris

2059 5815 2330 5880 pertinere,
2359 5812 2656 5877 etctotera,
2687 5828 2806 5878 qum
2835 5819 2950 5867 tute
2974 5812 3250 5879 consulas,
3272 5812 3406 5869 satis
3435 5812 3647 5882 prolixe

2060 5894 2175 5943 toto
2202 5900 2431 5943 numero
2454 5883 2638 5957 primo
2666 5882 2960 5958 diSputata.

3156 5976 3234 6037 13
