4182 6338
283 379 390 438 397

1608 375 1813 434 LIBER
1851 376 2297 436 PSALMORUM.

3477 387 3587 445 598

354 491 714 548 Exsultabunt
740 490 908 549 sancti
932 491 985 548 in
1014 489 1185 565 gloria
1221 503 1241 548 :
1271 489 1592 548 laetabuntur
1614 490 1671 545 in
1702 489 1884 546 cubili-
1921 494 1975 554 Α
2071 489 2431 546 Exsultabunt
2462 487 2636 563 sancti
2665 489 2717 546 in
2748 489 2920 563 gloria
2951 489 3094 564 [Με.
3125 493 3256 551 add.
3296 504 3353 553 et
3388 497 3407 569 ]
3437 499 3590 556 laeta-

284 588 379 645 bus
408 588 544 643 suis.

357 663 720 738 Exultationes
748 679 845 738 Dei
874 681 928 736 in
950 688 1160 754 gutture
1191 697 1373 738 eorum
1406 697 1425 737 :
1457 690 1504 739 et
1537 680 1702 754 gladii
1745 680 1893 735 anci-

284 779 418 848 pites
448 777 501 830 in
527 777 767 832 manibus
795 792 996 832 eorum.

359 872 442 926 Ad
467 872 766 943 faciendam
785 871 1066 926 vindictam
1088 872 1142 926 in
1168 870 1486 944 nationibus,
1508 871 1892 944 increpationes

283 968 339 1020 in
370 966 601 1037 pepulis.

355 1057 438 1118 Ad
466 1056 766 1132 alligandos
794 1073 942 1129 reges
970 1072 1150 1112 eorum
1175 1057 1232 1110 in
1258 1056 1592 1130 compedibus
1621 1072 1640 1111 :
1663 1064 1712 1113 et
1741 1055 1890 1112 nobi-

282 1152 358 1208 les
381 1168 558 1206 eorum
589 1152 642 1206 in
674 1151 888 1218 manicis
913 1150 1116 1222 ferreis.

363 1244 431 1300 Ut
463 1245 663 1316 faciant
685 1245 738 1302 in
767 1247 840 1302 eis
861 1243 1127 1315 judicium
1155 1245 1505 1317 conscriptum
1532 1261 1551 1300 :
1574 1245 1746 1316 gloria
1768 1252 1792 1282 τι
1821 1258 1882 1300 +

283 1337 398 1394 hec
433 1339 456 1410 ζ
490 1346 564 1393 est
587 1335 828 1393 omnibus
852 1337 1046 1392 sanctis
1083 1341 1221 1408 eius.
1253 1339 1556 1395 ALLELUts.

1994 584 2197 640 buntur
2225 583 2278 639 in
2301 582 2568 639 cubilibus
2591 585 2725 640 suis.

2073 677 2461 748 Exaltationes
2492 676 2586 733 Dei
2621 678 2672 733 iu
2705 676 2952 739 faucibus
2972 695 3160 738 eorum
3191 699 3204 738 :
3230 691 3285 739 ct
3310 683 3476 756 gladii
3497 700 3594 742 an-

1993 772 2188 844 cipites
2220 773 2275 827 ln
2309 773 2560 828 manibus
2588 787 2800 829 eorum.

2067 867 2148 922 Ad
2181 865 2486 921 faciendam
2526 867 2822 924 vindictam
2862 867 2915 924 in
2949 870 3291 943 nationibus,
3339 873 3589 948 increpa-

1994 960 2170 1016 tiones
2196 961 2245 1014 in
2282 959 2514 1031 populis.

2068 1054 2148 1110 Ad
2177 1054 2485 1124 alligandos
2507 1068 2670 1125 reges
2695 1069 2884 1112 eorum
2907 1056 2962 1113 in
2986 1059 3346 1131 compedibus
3370 1075 3386 1120 :
3415 1071 3472 1120 et
3489 1077 3590 1121 no-

1991 1145 2132 1204 biles
2161 1162 2350 1203 eorutn
2383 1147 2437 1203 in
2469 1146 2699 1204 vinculis
2732 1146 2942 1215 ferreis.

2066 1239 2137 1304 Ut
2184 1240 2392 1298 faciant
2435 1241 2490 1297 in
2530 1241 2616 1298 eis
2650 1241 2913 1310 judicium
2955 1245 3328 1319 conscriptum
3373 1248 3588 1322 :glorin

1991 1335 2112 1392 huic
2135 1343 2221 1393 est
2249 1334 2505 1393 omnibus
2532 1335 2738 1392 salictis
2765 1336 2904 1408 ejus.

1721 1450 2041 1510 PSALMUS
2077 1451 2183 1508 CL.

863 1553 930 1620 >ε<
956 1563 1244 1607 amatus.
1283 1551 1306 1620 ζ

361 1641 597 1697 Laudate
627 1640 910 1696 Dominum
945 1641 1001 1697 in
1029 1643 1225 1698 sanctis
1251 1643 1367 1714 ejus
1397 1655 1416 1696 :
1445 1640 1656 1696 laudate
1688 1653 1804 1695 eum
1831 1639 1887 1694 in
1953 1698 1958 1702 ,

281 1735 614 1806 ﬁrmamento
656 1735 860 1789 virtutis
887 1735 1024 1806 ejus.
1890 1789 1903 1801 ,

359 1827 598 1882 Laudate
625 1844 743 1884 eum
768 1829 823 1882 in
847 1826 1115 1883 virtutibus
1135 1828 1252 1893 eius
1282 1841 1302 1882 :
1329 1827 1539 1882 laudate
1567 1841 1685 1881 eum
1707 1841 1892 1881 secun-

281 1921 414 1974 dum
437 1919 824 1976 multitudinem
854 1920 1230 1992 magnitudinis
1255 1921 1389 1985 eius.

358 2012 598 2069 Laudate
619 2029 739 2070 eum
760 2013 816 2068 in
851 2028 979 2068 sono
1008 2011 1144 2068 tuba:
1173 2028 1190 2067 :
1223 2012 1433 2067 laudate
1454 2028 1574 2067 eum
1602 2011 1656 2066 in
1695 2011 1890 2083 psalte-

281 2104 367 2158 rio
393 2113 443 2160 et
468 2105 692 2160 cithara.

361 2196 601 2253 Laudate
620 2213 736 2253 eum
765 2198 819 2252 in
855 2206 1102 2270 tympano
1128 2205 1177 2253 et
1203 2195 1364 2252 citare
1391 2211 1411 2251 :
1449 2195 1664 2252 laudate
1691 2209 1807 2251 eum
1836 2194 1892 2250 in

285 2291 505 2347 chordis
539 2301 586 2348 et
609 2310 826 2367 organo.
1139 2303 1155 2318 ‘

365 2388 603 2442 Laudate
629 2406 744 2444 eum
767 2389 822 2443 in
849 2387 1099 2461 cymbalis
1131 2403 1190 2443 -:-
1224 2389 1349 2444 bene
1378 2389 1400 2458 ζ
1429 2387 1751 2454 sonantibus,
1781 2387 1898 2442 lau-

283 2483 410 2538 date
437 2499 554 2539 eum
580 2484 636 2538 in
664 2483 912 2554 cymbalis
933 2482 1263 2554 jubilationis
1295 2499 1316 2538 :
1341 2485 1510 2539 omnis
1536 2483 1752 2554 spiritus
1782 2483 1898 2538 lau—

284 2574 378 2629 det
405 2573 712 2630 Dominum.
739 2575 768 2616 δ
789 2574 1091 2633 ALanu.

2639 1563 2902 1606 ΑιιῑιυῐΑ
2913 1590 2927 1604 .

2068 1640 2311 1698 Laudate
2357 1640 2644 1696 Dominum
2678 1643 2731 1697 in
2763 1643 2966 1699 sanctis
3010 1641 3410 1714 ejuszlaudate
3459 1659 3587 1707 eum

1997 1734 2049 1790 in
2076 1734 2422 1790 ﬁrmamento
2451 1733 2593 1805 [Ms.
2625 1735 3065 1808 ﬁrmamentum]
3098 1738 3315 1808 virtutis
3342 1741 3478 1811 ejus.

2069 1824 2306 1880 Laudate
2335 1839 2458 1881 eum
2486 1824 2538 1879 in
2573 1834 2596 1864 ε
2631 1825 3004 1895 potentatibus
3025 1826 3141 1897 ejus
3174 1846 3187 1882 :
3219 1829 3434 1900 laudate
3465 1845 3589 1901 eum

1996 1917 2294 1974 secundum
2319 1915 2718 1972 multitudinem
2747 1917 3133 1988 magnitudinis
3164 1920 3300 1991 ejus.

2070 2011 2318 2068 Laudate
2344 2025 2466 2067 eum
2491 2011 2544 2067 in
2576 2024 2716 2067 sono
2742 2011 2888 2067 tuba:
2919 2027 2935 2067 ε
2964 2011 3185 2070 laudate
3212 2029 3335 2071 eum
3361 2015 3421 2074 in
3447 2013 3596 2091 psal-

1998 2107 2139 2164 terio
2167 2115 2223 2161 et
2249 2103 2480 2160 cithara.
2913 2118 2916 2120 ·

2070 2198 2315 2256 Laudate
2339 2212 2461 2253 eum
2491 2195 2544 2252 in
2571 2204 2833 2270 tympano
2852 2205 2908 2254 et
2926 2196 3124 2256 choro:
3149 2197 3365 2259 laudate
3385 2209 3510 2261 eum
3538 2204 3594 2261 in

1998 2290 2223 2350 chordis
2251 2297 2306 2346 et
2326 2303 2550 2361 organo.

2073 2385 2314 2442 Laudate
2341 2400 2463 2440 eum
2487 2385 2540 2440 in
2562 2383 2829 2458 cymbalis
2851 2384 2992 2442 bene
3013 2389 3356 2459 sonantibus,
3381 2391 3597 2451 laudate

2003 2495 2128 2537 eum
2158 2481 2211 2535 in
2245 2478 2513 2552 cymbalis
2536 2478 2676 2536 bene
2707 2479 3069 2538 tinnientibus
3105 2499 3117 2537 :
3165 2485 3346 2540 omnis
3377 2487 3600 2558 Spiritus

2001 2575 2182 2632 laudet
2211 2575 2523 2633 Dominum.

951 2695 1258 2768 Expliciunt
1291 2699 1494 2757 Psalmi
1521 2693 1710 2757 David.
1745 2699 1772 2740 δ
1801 2698 1993 2760 Versus
2023 2704 2207 2760 habent
2234 2689 2302 2762 V.
2338 2706 2454 2760 Deo
2483 2704 2701 2778 gratias.
2735 2702 2939 2759 Amen-

367 2845 393 2876 ⁸
435 2837 676 2893 Resonet
695 2853 826 2894 vero
847 2836 1286 2894 manifestissime
1310 2837 1362 2893 in
1383 2837 1611 2894 Hebrum
1634 2837 1736 2900 ten
1755 2850 1886 2905 -Πη,

289 2911 462 2964 honor
508 2912 811 2964 iste:tacct
859 2911 1167 2964 ccoutrario
1213 2909 1435 2964 verbum
1482 2911 1887 2969 substantivum

292 2989 392 3047 est,
420 2981 566 3049 quod
598 2982 734 3034 adeo
774 2982 860 3034 hic
889 2981 1062 3034 multo
1093 2982 1297 3036 rectius
1339 2997 1433 3048 pro
1463 2979 1889 3036 demonstrativo

1999 2841 2192 2906 lantur,
2224 2842 2695 2908 intermisceantur,
2729 2851 2776 2895 et
2804 2844 3018 2911 confuse
3048 2842 3235 2898 nostris
3266 2841 3494 2900 Psalmis
3516 2847 3597 2902 in-

1997 2923 2238 2986 serantur
2254 2930 2273 2968 :
2291 2925 2398 2968 uta
2419 2914 2594 2986 minus
2615 2913 2794 2986 peritis
2821 2913 2964 2986 haud
2987 2913 3143 2986 facile
3167 2916 3325 2981 possit
3347 2911 3593 2984 discerni,

1997 2985 2122 3061 quid
2148 2993 2358 3052 nostne,
2383 2986 2458 3061 rel
2482 2984 2731 3061 Romana:
2753 2984 3021 3061 conveniat
3043 2985 3277 3061 editioni.
3295 2987 3460 3061 Quod
3477 2991 3597 3061 pius

294 3054 626 3134 proriontine
650 3053 837 3106 debuit
866 3054 1026 3136 libelo
1049 3050 1368 3136 prtcnotari.
1393 3051 1472 3136 Ac
1499 3053 1888 3136 scidquidejn,
1924 3053 1969 3116 C
2004 3049 2162 3111 Pater
2191 3072 2253 3136 ac
2286 3049 2478 3136 peritus
2509 3057 2752 3136 magister
2794 3055 3019 3136 intuens,
3072 3067 3171 3110 tres
3222 3049 3495 3136 EdiliOiies
3541 3062 3598 3114 in

292 3125 478 3192 ipsum
520 3140 823 3193 pronmneu
869 3123 1163 3193 aliquando
1198 3139 1295 3192 pro
1337 3124 1508 3178 verbo
1555 3123 1896 3180 substantivo

291 3197 447 3265 poni,
479 3206 533 3250 ut
562 3208 638 3250 cst
666 3196 1051 3250 Deuterouom.
1079 3211 1248 3261 xxxu,
1275 3195 1366 3262 '59,
1391 3204 1491 3255 mn
1517 3205 1564 3255 ἰ
1578 3214 1626 3258 s.
1647 3212 1739 3267 ego
1760 3214 1894 3262 sum,

295 3283 398 3336 pro
418 3283 514 3334 ego
544 3267 589 3320 is
618 3284 636 3320 :
668 3268 952 3336 preposito
984 3280 1162 3320 autem
1206 3268 1325 3321 loco
1358 3269 1526 3320 satius
1567 3269 1691 3320 dicu
1716 3271 1898 3322 nativo

294 3341 417 3406 ejus
449 3339 601 3392 vocis
647 3341 975 3408 signiﬁcatu,
1020 3353 1181 3407 quam
1224 3339 1462 3393 ascititio
1490 3340 1588 3392 uti.
1625 3339 1703 3394 Rc
1733 3342 1894 3394 etiam

292 3425 428 3465 vera
461 3410 669 3474 nullum
705 3410 794 3464 hic
823 3410 1042 3464 obelum
1072 3408 1304 3464 Palatin.
1341 3423 1442 3463 ms.
1473 3410 1754 3478 praeponit.
1788 3410 1897 3466 Ve-

293 3497 417 3536 rum
468 3491 523 3536 et
568 3490 899 3552 postremum
928 3481 1151 3536 verbum
1195 3479 1423 3536 Alleluia
1451 3481 1645 3552 injuria
1671 3490 1897 3552 praeter-

291 3554 485 3607 mittit.

370 3622 398 3662 ι’
441 3622 774 3692 Paucissimi,
827 3621 1006 3690 inquit
1044 3624 1374 3694 Augustinus
1405 3624 1566 3678 Euar.
1603 3623 1655 3677 in
1688 3623 1893 3678 Psalm.

291 3712 384 3761 cv,
417 3695 620 3749 codices
649 3705 765 3749 sunt
799 3697 816 3765 (
834 3697 970 3762 quod
999 3695 1198 3765 quidem
1230 3697 1283 3749 in
1305 3696 1452 3749 nullo
1478 3694 1780 3749 Grarcorum
1816 3707 1895 3750 re-

291 3771 432 3839 peri,
479 3785 607 3837 quos
637 3768 889 3838 inspicere
917 3764 1098 3838 potui)
1139 3768 1227 3839 qui
1269 3766 1516 3839 habeant‘
1540 3766 1802 3822 “alleluia
1839 3767 1894 3820 in

291 3837 404 3907 ﬁne
429 3840 690 3893 centesimi
719 3837 1130 3908 quinquagesimi
1161 3837 1384 3896 Psalmi.
1421 3837 1634 3894 Videsis
1656 3855 1776 3907 qua:
1804 3853 1896 3894 su-

294 3911 488 3979 perius
513 3909 564 3964 in
596 3909 705 3964 ﬁne
734 3910 928 3978 psalmi
956 3925 1132 3964 cxuu
1157 3924 1220 3964 ex
1254 3911 1440 3965 eodem
1474 3921 1820 3964 annotamus.

370 3981 492 4035 Jam
514 3997 661 4038 vero.
682 3981 898 4050 quando
929 3993 981 4035 et
1010 3983 1138 4036 licet
1164 3996 1260 4050 per
1288 3983 1447 4036 inane
1469 3983 1701 4050 Spatium
1731 3980 1893 4036 char-

294 4061 394 4118 tm,
421 4053 598 4121 placet
629 4052 718 4106 hic
761 4053 1035 4107 coronidis
1068 4054 1187 4108 loco
1219 4053 1584 4110 testimonium
1629 4054 1894 4108 Bernonis

294 4125 516 4180 abbatis
563 4125 852 4194 Augicnsis
881 4141 948 4180 ex
979 4124 1209 4192 epiStola
1253 4142 1356 4181 ms.
1399 4125 1464 4179 ad
1515 4124 1893 4193 Meginlridum

297 4211 467 4262 penes
497 4195 819 4250 Martenium
863 4195 933 4250 de
959 4197 1213 4267 Antiquis
1253 4196 1517 4256 Ερειοείίυ
1551 4197 1762 4252 Ιζίιὶιηιε
1794 4197 1890 4252 lib.

293 4283 377 4333 Iv,
404 4283 523 4335 cap.
547 4271 600 4334 5,
625 4277 934 4322 annectere.
955 4266 1159 4322 Auctdr
1185 4268 1359 4322 medio
1381 4268 1582 4322 saeculo
1606 4267 1893 4322 undecimo

293 4340 487 4393 ﬂoruit
512 4354 526 4405 ;
572 4339 735 4411 inque
761 4353 825 4394 ea
851 4339 1072 4411 cpistola
1097 4340 1163 4394 de
1179 4339 1512 4411 Hieronymo
1540 4355 1726 4410 agens,
1759 4339 1894 4394 Ver-

293 4411 518 4464 sionum
551 4410 689 4479 ejus,
721 4421 778 4465 ut
807 4424 962 4465 vocat
986 4453 1000 4479 ,
1031 4410 1323 4466 Gallicanam
1353 4410 1408 4466 et
1439 4411 1696 4466 Honiante
1736 4426 1888 4465 usum

297 4497 400 4550 per
426 4497 490 4536 ea
515 4491 754 4550 tempora
779 4484 991 4537 caeteris
1020 4483 1342 4538 Iuculentius
1365 4483 1617 4538 omnibus
1640 4482 1886 4551 exponit.

294 4551 555 4608 Nondum
587 4567 715 4607 vero
757 4554 1068 4610 innotuerat
1108 4554 1287 4622 nobis,
1315 4569 1436 4607 ctum
1467 4554 1720 4609 Veterum
1762 4554 1894 4607 alio-

298 4641 428 4678 rum
454 4624 789 4697 Testimonia
813 4625 1053 4681 huicmet
1074 4625 1276 4691 duplici
1302 4625 1724 4697 Hiermiyuiianu
1744 4624 1895 4681 Psal-

300 4696 449 4766 terio
480 4695 832 4766 prmlisimus.
863 4697 986 4752 llaec
1007 4698 1126 4764 ejus
1148 4697 1262 4761 ipsa
1289 4706 1418 4751 sunt
1448 4695 1610 4752 verba
1643 4713 1656 4750 :

377 4765 524 4840 Inter
546 4778 729 4821 caetera
749 4783 820 4840 ea:
858 4770 1128 4822 emendata
1157 4768 1505 4840 Septuaginta
1541 4767 1895 4838 Interpretum

298 4837 700 4901 Translatione,
739 4837 1050 4894 Psalterium
1079 4856 1141 4894 ea:
1170 4837 1371 4894 Gt‘wco'
1392 4842 1443 4894 in
1474 4837 1717 4896 Latinum
1749 4845 1895 4894 vertit

297 4911 320 4981 (
345 4910 710 4981 Hieronymus
724 4910 766 4981 )7
786 4910 1023 4980 illudque
1055 4914 1372 4965 cantandum
1401 4913 1636 4966 omnibus
1670 4909 1857 4966 Gallia’
1878 4954 1894 4978 ,

295 4980 366 5051 uc
390 4980 698 5051 quibusdam
726 4980 1022 5036 Germanice
1060 4982 1303 5037 Ecclesiis
1338 4984 1577 5037 tradidit.
1615 4983 1679 5040 Et
1708 4985 1766 5037 ob
1794 4983 1894 5036 hoc

296 5050 640 5125 Gallicanum
673 5050 991 5125 Psalterium
1016 5055 1317 5125 appellavit,
1353 5055 1602 5110 Romanis
1632 5055 1804 5110 adhuc
1836 5071 1898 5109 ea:

294 5135 551 5196 corrupta
585 5122 817 5196 Vulgata
847 5122 1422 5180 editione'l’salterium
1466 5127 1779 5190 canentibus.
1815 5125 1900 5180 Ex

294 5141 551 5249 corrufta
592 5141 817 5196 vutgata
847 5141 1075 5179 eaiuone
1108 5141 1422 5180 l’sallt’t‘tttttt
1466 5141 1779 5190 canentibus.
1815 5141 1900 5180 Lit:

292 5212 418 5280 qua
471 5196 690 5280 (antarii!
721 5206 933 5280 captum
975 5205 1427 5280 composuerunt:
1459 5198 1703 5280 nobisque
1753 5213 1902 5253 usum

293 5268 554 5342 cantandi
567 5267 1020 5342 contradiderunt.
1047 5267 1196 5342 Unde
1215 5271 1404 5325 accidit
1423 5270 1565 5342 quod
1588 5267 1763 5336 verba,
1786 5283 1905 5342 qua:

293 5339 351 5395 in
381 5338 626 5409 Diurnis,
658 5337 739 5396 vel
762 5337 1051 5399 Nocturnis
1081 5340 1274 5413 ofﬁciis
1303 5337 1525 5400 canendi
1555 5359 1697 5400 more
1718 5337 1906 5399 uto'duv

1919 4450 1973 4512 D

2004 3143 2107 3181 uno
2140 3128 2398 3182 volumine
2432 3125 2747 3198 composuit;
2792 3137 2838 3179 et
2871 3125 3202 3182 Gallicanum
3249 3129 3552 3197 psalterium
3577 3175 3593 3198 ,

2039 3199 2142 3253 uod
2175 3216 2266 3254 nos
2294 3201 2544 3256 canimus.
2578 3199 2840 3252 ordinavit
2866 3199 2920 3254 in
2945 3213 3049 3254 una
3068 3200 3326 3266 columna,
3360 3205 3413 3255 in
3435 3203 3600 3258 altera

2031 3271 2320 3336 iamanum,
2353 3271 2404 3324 in
2437 3271 2591 3326 tertia
2625 3269 2921 3327 Hebraeum.

2073 3340 2275 3397 Confer
2315 3358 2459 3418 nunc
2504 3339 3230 3418 valal‘ridumStrabopem,
3262 3359 3420 3418 quem
3452 3344 3595 3418 i_utcr

2004 3411 2258 3468 Veterum
2303 3412 2612 3468 testimonia
2659 3411 3004 3468 adduximus.
3047 3410 3236 3480 Neque
3263 3410 3430 3484 porro
3460 3416 3596 3471 Ber-

2000 3499 2197 3539 nonem
2231 3485 2585 3539 nostrum'ita
2612 3498 2734 3538 eum
2765 3484 3029 3539 Martenio
3051 3485 3308 3554 accipias,
3333 3494 3393 3540 ut
3424 3487 3595 3542 tradi-

2000 3563 2112 3626 tum
2146 3555 2380 3626 voluerit
2409 3556 2727 3626 psalterium
2759 3555 2948 3611 Galliae
2975 3570 3038 3609 ac
3066 3554 3374 3622 Germania:
3405 3559 3597 3615 Eccle«

1999 3625 2102 3701 siis
2123 3625 2192 3680 ab
2226 3625 2344 3701 ipso
2378 3625 2801 3701 tttnc‘prtcsente
2833 3626 3169 3698 llierouymo
3197 3645 3210 3680 :
3235 3627 3329 3684 sed
3354 3637 3411 3701 ut
3433 3630 3598 3701 vulgo

1999 3697 2224 3762 dicitur,
2251 3696 2406 3764 cujus
2437 3697 2663 3766 quisque
2691 3696 2771 3751 rei
2801 3707 2990 3750 auctor
3024 3696 3126 3761 est,
3173 3713 3295 3752 eam
3341 3696 3596 3764 dedisse,

1998 3766 2216 3823 dedisse
2238 3771 2400 3823 etiam
2428 3769 2816 3837 Hieronymum
2841 3769 3064 3822 alteram
3092 3770 3596 3838 interpretationem

1998 3839 2281 3910 Romanas,
2335 3841 2558 3895 alterum
2599 3838 2894 3894 Gallicanae
2942 3837 3202 3895 Ecclesia:
3238 3837 3251 3893 ὲ
3287 3844 3430 3910 quod
3481 3845 3598 3898 liam

1997 3909 2114 3981 uni,
2149 3912 2235 3966 illa
2284 3912 2438 3967 alteri
2488 3911 2752 3980 placuerit
2783 3909 3250 3982 rm_agjs.gAuctor
3297 3909 3462 3982 porro
3513 3926 3598 3980 est.

1997 3980 2216 4038 sanetus
2239 3983 2471 4037 ISidorus
2491 3981 2823 4050 llispalensis
2842 3980 3146 4034 Leandrum
3170 3980 3394 4037 fratrem
3414 4001 3597 4051 suum,

1999 4069 2497 4123 praecessoremque
2534 4051 2589 4107 iu
2631 4052 2876 4118 ejusdem
2927 4052 3178 4107 Ecclesia:
3233 4052 3494 4110 cathedra
3541 4055 3597 4111 in

1997 4134 2102 4180 toto
2129 4126 2325 4196 duplici
2361 4123 2645 4189 Psalterio,
2675 4125 2920 4180 Romano
2950 4125 3158 4196 scilicet
3183 4134 3235 4180 et
3263 4125 3554 4191 Gallicana
3576 4169 3594 4196 ,

1998 4195 2261 4252 orationes
2301 4197 2540 4252 edidisse.
2575 4197 2826 4252 Testatur
2871 4206 2927 4250 et
2972 4195 3286 4264 Sigebertus
3337 4197 3595 4254 Gembla-

1997 4270 2175 4323 censis
2207 4269 2299 4322 lib.
2319 4269 2394 4323 de
2417 4266 2630 4340 Script.
2651 4267 2793 4322 Eccl.
2820 4282 2938 4335 cap.
2966 4265 3034 4340 84
3065 4267 3132 4340 de
3162 4267 3420 4338 Einardo,
3449 4273 3595 4340 quod

1995 4340 2302 4395 abbreviavit
2315 4350 2358 4394 et
2381 4348 2493 4408 ipse
2509 4337 2840 4393 Gallicanum
2871 4338 3191 4408 psalterimn,
3216 4355 3318 4410 quo
3344 4358 3436 4395 nos
3459 4337 3604 4396 Galli

1995 4417 2212 4481 utimur,
2244 4428 2522 4483 excerpens
2545 4411 2608 4465 de
2628 4410 2720 4466 illo
2745 4425 2918 4464 omnes
2939 4425 3136 4476 versus,
3165 4412 3316 4466 verba
3347 4417 3599 4468 orationis

1997 4485 2334 4541 continentes.

2076 4568 2096 4596 υ
2141 4555 2292 4622 Legit
2316 4554 2646 4626 Augustinus
2672 4553 2725 4606 in
2758 4552 3052 4626 virtutibus,
3080 4551 3387 4623 subditquc,
3411 4554 3512 4620 rel,
3537 4565 3594 4610 ut

2000 4627 2092 4681 alii
2137 4625 2460 4697 interpretati
2499 4637 2643 4697 sunt,
2681 4626 2734 4679 in
2777 4625 3142 4697 potentatibus
3181 4643 3192 4678 :
3227 4627 3367 4697 quod
3409 4643 3588 4693 neque

2001 4698 2177 4768 ipsum
2207 4696 2504 4753 Veroneusi
2539 4696 2848 4768 antiquaria
2882 4697 3166 4764 probatur,
3197 4696 3293 4768 sed
3326 4699 3592 4768 potestati-

2001 4767 2116 4837 bus,
2162 4778 2300 4824 utet
2340 4786 2462 4824 mox
2498 4767 2926 4841 magniﬁcentiae,
2963 4783 3058 4841 pro
3099 4767 3491 4841 magnitudinis.
3535 4770 3590 4824 In

2006 4836 2111 4896 line
2153 4855 2273 4896 cum
2323 4836 2656 4910 Augustino,
2700 4839 2752 4892 in
2793 4836 3436 4910 cymbalis_jubilationis,
3495 4855 3594 4908 pro

2005 4912 2128 4966 bene
2157 4908 2505 4965 tinnientilius.
2541 4910 2785 4978 Denique
2818 4908 3033 4964 rursum
3059 4908 3148 4963 ille
3173 4910 3241 4963 de
3273 4925 3395 4975 suo,
3424 4910 3597 4964 laudet

2005 5000 2142 5048 eum,
2178 5000 2276 5050 pro
2307 4981 2497 5048 Deum,
2525 4984 2667 5046 sive,
2700 4989 2758 5034 ut
2779 4981 2862 5033 hic
2896 4980 3136 5050 legitur,
3159 4978 3461 5035 Dominum.

2079 5056 2104 5092 ά
2147 5055 2251 5112 'l‘ot
2276 5068 2466 5110 versus
2494 5096 2507 5118 ,
2539 5068 2742 5122 nempe
2768 5049 2994 5121 quinque
3025 5049 3220 5122 millia,
3247 5064 3602 5110 numerarunt

2009 5126 2308 5198 antiquitus
2354 5127 2409 5183 in
2450 5127 2592 5198 libro
2621 5119 3009 5198 _Psaltnorum_.
3061 5119 3302 5178 Consule
3332 5123 3603 5198 _Pt‘_0leg(_)-

2011 5191 2184 5271 mena
2202 5209 2387 5271 nostra
2413 5243 2428 5271 ,
2470 5195 2674 5271 ubihde
2700 5191 3006 5264 liujusmodi
3030 5206 3287 5271 versuum
3313 5191 3597 5254 divisioni-

2010 5269 2115 5328 bus
2141 5270 2356 5328 abunde
2385 5263 2520 5329 satis
2542 5263 2875 5339 disputatum
2899 5273 3002 5321 est.
3029 5263 3212 5323 Mans.
