4182 6338
510 327 617 391 399
1522 322 1581 383 S.
1624 318 2005 381 HIERONYMI
2043 317 2276 378 DlVlNA
2314 314 2795 378 BIBLIO'I‘HECA.
3547 304 3588 353 '-
3710 304 3817 365 ‘00

520 426 3797 467 ___________————————-————-——————-————-————-———_—--

1406 586 2028 663 ADMONITIO
2090 584 2189 659 J.
2261 579 2930 658 MABTIAN/EI

1322 766 1388 822 IN
1425 766 1597 820 DUAS
1634 765 2005 829 SEQUENTES
2046 762 2509 819 PRAEFATIONES
2545 762 2597 816 S.
2634 760 3016 816 HIERONYMI.

584 1090 788 1153 Prater
809 1094 1079 1152 volumina
1102 1094 1227 1153 labi
1259 1112 1322 1151 ac
1350 1096 1571 1153 Davidis
1597 1114 1630 1153 a
1664 1096 1814 1153 nobis
1834 1082 1954 1172 jam
1982 1098 2122 1154 edita
2140 1138 2157 1167 ,
2189 1098 2389 1173 periere
2420 1097 2594 1154 cateri
2622 1096 2741 1154 libri
2770 1097 2939 1169 sacri,
2982 1114 3114 1172 quas
3152 1095 3511 1169 Hieronymus
3549 1093 3616 1150 de
3644 1092 3833 1150 Graca

522 1190 914 1263 diligentissime
938 1191 1265 1257 emendatas,
1296 1190 1492 1245 additis
1522 1191 1737 1262 insuper
1765 1191 1938 1247 obelis
1978 1201 2025 1247 et
2052 1190 2328 1247 asteriscis
2350 1233 2364 1258 ,
2396 1192 2594 1264 lingua
2620 1209 2733 1247 sua
2767 1192 3017 1247 studiosis
3046 1191 3341 1246 hominibus
3362 1230 3377 1257 ,
3404 1189 3460 1243 id
3488 1198 3561 1245 est
3579 1230 3597 1257 ,
3629 1186 3836 1244 Latinis

516 1283 784 1338 tribuerat.
813 1282 1111 1354 Supersunt
1141 1290 1342 1336 tantum
1360 1280 1479 1337 dua
1500 1280 1951 1352 Prafatiuncula,
1977 1297 2095 1353 qua
2139 1281 2284 1337 libris
2311 1280 2753 1353 Paralipomenon
2778 1299 2840 1337 ac
2872 1281 3178 1339 Salomonis
3204 1288 3351 1336 erant
3378 1279 3546 1351 afﬁxa
3568 1279 3639 1333 ad
3660 1276 3837 1333 decla—

514 1374 773 1429 rationem
800 1376 948 1446 ejus,
980 1372 1120 1443 quod
1155 1370 1510 1443 Hieronymus
1549 1372 1858 1442 prastiterat
1891 1372 1946 1425 in
1977 1372 2279 1448 huiusmodi
2307 1370 2736 1428 translationibus
2773 1389 2836 1428 ea:
2876 1372 3060 1429 Graco
3101 1373 3328 1428 Latinis.
3366 1370 3527 1427 Faavit
3562 1371 3737 1438 Deus,
3777 1378 3836 1425 ut

518 1467 769 1538 aqualem
797 1464 1022 1520 habeant
1053 1463 1134 1520 illi
1162 1463 1283 1520 libri
1316 1474 1507 1520 sortem
1536 1479 1650 1519 cum
1680 1463 1803 1520 labi
1839 1463 2129 1532 volumine,
2160 1463 2300 1535 quod
2327 1475 2540 1537 excepta
2566 1464 2803 1536 ejusdem
2826 1466 3136 1539 prafatiane
3162 1464 3416 1520 ineditum
3449 1464 3521 1518 ad
3550 1480 3645 1519 nos
3675 1479 3839 1533 usque

507 1558 718 1634 jacebat
743 1557 800 1612 in
828 1558 1078 1625 tenebris,
1101 1573 1240 1613 nunc
1276 1565 1450 1612 autem
1478 1557 1735 1630 integrum
1763 1573 1825 1613 ac
1854 1556 2245 1612 immaculatum
2275 1558 2328 1610 in
2359 1555 2528 1612 lucem
2564 1558 2820 1629 pradiisse
2844 1556 3150 1630 gaudemus.
3188 1554 3260 1612 Id
3295 1557 3470 1623 ipsum
3500 1555 3735 1625 equidem
3774 1554 3839 1611 de

522 1651 947 1725 Paralipomenis
988 1662 1039 1708 et
1074 1652 1317 1725 operibus
1345 1652 1648 1709 Salomonis
1674 1667 1883 1725 sperare
1911 1651 2060 1707 nobis
2092 1650 2297 1720 liceret,
2327 1652 2371 1707 si
2399 1651 2576 1723 plures
2597 1661 2766 1709 essent
2796 1668 2858 1708 ac
2881 1652 3156 1726 diligentes
3188 1649 3585 1723 Scripturarum
3607 1649 3838 1721 indaga-

527 1756 685 1812 tores,
716 1746 806 1818 qui
826 1745 1006 1801 labare
1040 1745 1276 1817 improba
1300 1752 1472 1800 cetera
1506 1760 1775 1800 sacrarum
1799 1742 2093 1800 Bibliarum
2125 1740 2414 1798 evalverent
2440 1754 2774 1798 monumenta
2800 1742 2854 1798 in
2891 1742 3119 1815 antiquis
3146 1738 3512 1797 Ecclesiarum
3532 1739 3756 1794 archivis
3776 1754 3839 1793 ac

524 1836 886 1893 Bibliothecis.
921 1836 1216 1917 Hortamur
1242 1838 1417 1910 itaque
1448 1838 1603 1893 etiam
1629 1847 1782 1908 atque
1805 1837 1962 1891 etiam
1988 1835 2252 1891 studiosos
2279 1852 2476 1905 omnes,
2506 1846 2564 1892 ut
2589 1838 2635 1892 si
2663 1837 2752 1909 qui
2779 1838 3066 1909 sintpenes
3096 1837 3239 1905 ipsas
3265 1834 3609 1907 manuscripti
3631 1832 3840 1888 codices

526 1926 685 1999 ‘acri,
719 1933 997 2005 diligenter
1033 1950 1152 1988 cum
1181 1933 1334 1990 editis
1364 1950 1450 1989 eos
1487 1933 1731 2004 conferre
1763 1948 1868 1987 non
1895 1939 2199 2003 graventur.
2231 1928 2314 1984 Ea:
2341 1929 2439 1984 hac
2477 1930 2613 1985 enim
2637 1929 2968 1986 contentione
2995 1930 3152 2003 facile
3181 1927 3625 2000 deprehenditur,
3654 1941 3841 2000 super-

519 2027 625 2082 sint
649 2028 956 2094 etiamnum,
989 2044 1147 2084 necne
1174 2028 1490 2102 Hieronymi
1519 2029 1779 2084 vet-siones
1805 2025 2014 2083 Latina
2027 2030 2191 2099 juata
2215 2025 2359 2083 LXX
2378 2069 2395 2095 ,
2428 2028 2653 2083 maxime
2681 2029 2727 2083 si
2757 2029 2901 2083 intra
2928 2045 3138 2085 sacrum
3166 2039 3467 2085 contextum
3480 2030 3636 2103 signa
3666 2027 3843 2083 abelo-

520 2135 640 2173 rum
661 2128 709 2174 et
727 2120 1091 2175 asteriscorum
1109 2122 1399 2194 legentibus
1417 2121 1763 2177 accurrerint.
1797 2118 1843 2174 Ο
1867 2119 2073 2191 felicem
2097 2130 2304 2176 atatem
2330 2130 2590 2192 nostram,
2614 2124 2661 2177 si
2689 2133 2806 2196 past
2829 2124 3030 2179 editum
3061 2123 3325 2179 Canancm
3354 2123 3634 2180 Hebraica
3654 2122 3845 2178 verita-

521 2215 617 2284 tis,
646 2212 1011 2272 translationes
1040 2232 1243 2288 quaque
1264 2216 1519 2271 universa
1542 2214 1607 2270 ab
1634 2212 1961 2286 Hieronymo
1991 2214 2316 2270 concinnata
2351 2215 2421 2268 ad
2456 2212 2668 2271 Gracas
2697 2216 2755 2271 in
2781 2218 3039 2288 integrum
3065 2217 3501 2273 restituerentur!
3529 2215 3842 2285 Quaramus

520 2308 685 2380 igitur
712 2309 1021 2381 quicumque
1056 2308 1301 2364 utilitatis
1331 2307 1555 2380 publica
1590 2307 1784 2363 curiosi
1827 2322 2043 2375 sumus,
2076 2307 2269 2378 aperiet
2301 2307 2484 2379 forsan
2520 2308 2792 2364 thesauros
2819 2307 2993 2364 adhuc
3030 2309 3337 2365 reconditas
3365 2308 3461 2365 ille
3485 2349 3503 2379 ,
3530 2308 3793 2382 qui.di:cit
3822 2321 3843 2361 :

522 2398 768 2469 Quaerite
786 2438 803 2468 ,
831 2408 888 2456 et
915 2400 1230 2460 invenietis.

594 2491 853 2548 Caterum
881 2494 935 2548 in
962 2494 1239 2564 superstite
1270 2493 1578 2565 prafatiane
1606 2492 1676 2547 ad
1704 2491 2142 2566 Paralipomena,
2178 2492 2233 2547 in
2261 2494 2445 2564 primis
2473 2495 2762 2551 notandum
2798 2497 2968 2565 venit,
3003 2496 3387 2570 Hieronymum
3412 2514 3519 2554 non
3552 2495 3843 2555 etc'Gracis

522 2586 936 2661 exemplaribus,
968 2586 1058 2643 sed
1087 2603 1150 2642 ea:
1188 2585 1415 2642 Hebrao
1455 2585 1756 2643 emendasse
1790 2586 1927 2641 hunc
1955 2584 2170 2641 librum.
2212 2588 2495 2660 Assumpta
2535 2603 2757 2659 namque
2788 2590 2918 2662 tegis
2956 2589 3170 2647 doctore
3195 2589 3341 2661 apud
3382 2589 3598 2647 Iudaeas
3618 2591 3841 2662 inclyta,

521 2689 687 2738 totum
715 2680 957 2735 volumen
987 2677 1433 2752 Paralipomenon
1458 2695 1579 2733 cum
1603 2695 1664 2733 ea
1690 2678 1913 2733 contulit
1935 2693 1968 2731 a
1994 2678 2182 2732 vertice
2208 2694 2369 2749 usque
2402 2679 2472 2733 ad
2496 2687 2783 2735 extremum
2812 2696 3067 2752 unguem,
3100 2682 3241 2755 quod
3269 2682 3401 2738 liber
3427 2681 3521 2739 tlle
3551 2681 3845 2738 Naminum

523 2776 589 2831 in
619 2771 812 2827 Gracis
842 2781 890 2827 et
917 2769 1120 2825 Latinis
1149 2769 1413 2826 codicibus
1442 2771 1517 2824 ita
1556 2768 1870 2841 scriptarum
1893 2768 2018 2822 vitia
2061 2766 2245 2839 fuisset
2269 2768 2601 2841 depravatus,
2634 2778 2691 2824 ut
2721 2786 2826 2825 non
2854 2780 2961 2825 tam
2994 2769 3217 2827 Hebraa
3243 2788 3402 2844 quam
3436 2771 3675 2827 Barbara
3696 2788 3846 2844 qua-

524 2867 649 2921 dam
675 2882 737 2919 ac
764 2863 1057 2921 Sarmatica
1080 2862 1290 2919 nomina
1317 2861 1529 2917 haberet
1547 2864 1804 2934 conjecta.
1834 2858 1978 2914 Hinc
2007 2875 2212 2914 necesse
2237 2869 2347 2914 erat
2374 2859 2658 2917 adhasisse
2680 2860 3019 2918 Hebraorum
3034 2862 3289 2933 fantibus,
3316 2863 3405 2919 ubi
3430 2866 3645 2919 nomina
3667 2863 3849 2920 isthac

521 2951 788 3015 distinctis
801 2956 1089 3012 intervallis
1110 2954 1282 3024 posita
1300 2993 1316 3019 ,
1342 2952 1554 3024 suisque
1574 2950 1792 3023 syllabis
1826 2950 2065 3023 apposite
2090 2951 2359 3021 descripta
2389 2951 2652 3023 leguntur.
2685 2948 2892 3008 Deinde
2920 2952 3078 3008 etiam
3106 2951 3245 3007 illud
3274 2954 3668 3024 attendendum,
3690 2953 3835 3028 quod

524 3067 642 3107 cum
672 3049 1031 3122 Hieronymus
1061 3048 1492 3119 undiqueversum
1520 3062 1584 3102 ea:
1610 3045 1720 3101 suis
1750 3044 2169 3116 prafatiunculis
2197 3046 2495 3103 testimonia
2531 3045 2797 3120 collegerit
2830 3049 2902 3104 ad
2932 3047 3322 3105 retundendam
3341 3048 3527 3122 Rufini
3554 3049 3841 3124 reprehen-

527 3149 749 3219 sionem,
777 3165 880 3218 qua
903 3145 968 3203 S.
995 3144 1273 3201 Doctorem
1294 3142 1505 3198 invidia
1528 3157 1652 3217 erga
1675 3141 2031 3214 Septuaginta
2054 3139 2376 3215 Interpretes
2411 3141 2762 3199 calumniator
2781 3142 3143 3213 insimulabat,
3180 3144 3316 3200 nihil
3344 3154 3514 3201 tamen
3542 3144 3697 3220 hujus
3718 3160 3849 3218 pro-

528 3237 640 3312 logi
665 3237 886 3311 replicat
910 3238 964 3292 in
989 3251 1098 3292 sua
1124 3234 1397 3307 Apologia
1420 3233 1700 3304 posteriori
1728 3232 1886 3298 libro,
1929 3232 1998 3287 ad
2028 3233 2176 3305 cujus
2204 3233 2358 3301 finem
2386 3234 2558 3289 citata
2584 3233 2921 3307 reperiuntur
2947 3249 3125 3291 omnes
3161 3235 3493 3308 prafationes
3532 3234 3717 3291 veteris
3743 3233 3845 3291 In-

518 3329 817 3399 strumenti.
842 3326 948 3382 Cur
968 3327 1065 3381 hoc
1085 3325 1356 3392 acciderit,
1384 3324 1606 3380 necdum
1632 3323 1759 3379 bene
1782 3322 2014 3379 novimus
2040 3338 2059 3378 :
2086 3323 2191 3379 nisi
2220 3327 2517 3398 conjectare
2535 3334 2809 3397 utcumque
2837 3324 2993 3381 liceat
3021 3342 3139 3382 cum
3166 3325 3391 3384 Erasmo
3408 3370 3425 3397 ,
3455 3325 3841 3401 Hieronymum

522 3440 632 3479 nan
658 3438 723 3479 ea:
749 3440 844 3478 sua
869 3422 1126 3480 sententia
1149 3422 1342 3478 dixisse
1362 3462 1378 3489 ,
1410 3418 1768 3492 Septuaginta
1801 3417 2135 3489 [interpretes
2162 3418 2357 3490 plenos
2387 3418 2562 3476 fuisse
2594 3418 2799 3491 Spiritu
2829 3429 3024 3477 sancto
3051 3462 3067 3487 ,
3112 3429 3163 3476 et
3201 3422 3257 3477 in
3286 3422 3436 3477 libris
3462 3423 3630 3479 sacris
3660 3420 3843 3481 multa

530 3516 800 3572 addidisse
826 3515 896 3573 ob
926 3516 1307 3573 auctoritatem
1335 3513 1575 3585 Spiritus
1601 3512 1829 3570 Sancti:
1857 3511 1947 3566 sed
1971 3511 2026 3565 id
2056 3512 2299 3567 tribuisse
2324 3511 2501 3565 animo
2522 3509 2833 3566 Domnionis
2853 3520 2898 3566 et
2920 3511 3207 3586 Rogatiani
3233 3512 3581 3584 familiarium
3607 3530 3848 3585 suarum,

525 3608 670 3679 apud
689 3623 821 3681 quos
841 3616 1045 3664 tantum
1063 3605 1269 3680 pondus
1290 3604 1547 3660 habebant
1576 3603 1712 3675 forte
1736 3601 2056 3674 exemplaria
2085 3600 2235 3657 LXX
2263 3600 2634 3672 lnterpretum.
2663 3601 2939 3675 Quidquid
2962 3603 3026 3657 sit
3054 3602 3120 3656 de
3155 3602 3251 3658 hac
3275 3601 3490 3659 Erasmi
3510 3608 3849 3680 conjectura,

528 3711 723 3755 certum
757 3708 927 3758 exstat
948 3742 963 3767 ,
989 3700 1051 3757 S.
1079 3700 1468 3771 Hieronymum
1498 3715 1685 3772 negare
1711 3697 1835 3754 aliis
1865 3697 2120 3753 sexcentis
2148 3696 2305 3759 locis.
2350 3696 2560 3767 Spiritu
2589 3696 2787 3753 Sancta
2817 3705 3048 3751 movente
3067 3736 3085 3761 ,
3110 3697 3302 3751 editam
3342 3698 3507 3769 fuisse
3540 3697 3849 3754 Versianem

531 3791 772 3849 Gracam
796 3792 1147 3865 Septuaginta
1167 3834 1182 3861 ,
1213 3792 1338 3863 quia
1366 3789 1515 3846 aliud
1540 3798 1663 3857 est,
1691 3789 1862 3861 inquit
1905 3787 2128 3859 prologo
2157 3787 2213 3842 in
2260 3784 2525 3852 Genesim,
2558 3793 2762 3854 vatem,
2786 3784 2936 3841 aliud
2961 3793 3193 3842 estesse
3222 3785 3601 3857 interpretem.
3632 3788 3708 3844 lbi
3732 3787 3852 3860 spi-

528 3890 669 3947 ritus
687 3898 917 3947 ventura
949 3887 1218 3960 praedicit,
1251 3886 1337 3942 hic
1360 3883 1602 3941 eruditio
1633 3891 1689 3940 et
1710 3884 2005 3940 verborum
2033 3882 2213 3953 copia,
2247 3897 2333 3947 ea,
2356 3897 2480 3952 qua
2503 3881 2782 3953 intelligit,
2813 3880 3096 3937 transfert.
3130 3879 3199 3935 Et
3219 3882 3404 3937 iterum
3429 3898 3449 3939 :
3468 3880 3851 3952 Autaliterﬁc

528 3984 741 4040 eisdem
762 3982 915 4037 libris
943 3995 1039 4052 per
1062 3978 1422 4049 Septuaginta
1459 3976 1824 4047 lnterpretes,
1864 3975 2027 4031 aliter
2057 3989 2155 4046 per
2188 3974 2467 4046 apostolos
2505 3964 2743 4043 Spiritus
2770 3983 2994 4031 sanctus
3025 3974 3341 4031 testimonia
3373 3976 3583 4043 texuit,
3611 3975 3848 4047 utquod

527 4075 609 4133 illi
636 4081 947 4141 tacuerunt,
980 4072 1035 4127 1ιὶ
1066 4071 1329 4141 scriptum
1362 4083 1487 4125 esse
1514 4067 1728 4124 mentiti
1758 4068 1890 4123 sint.
1917 4065 2053 4121 Hac
2087 4065 2338 4122 adversus
2369 4065 2622 4137 Ruﬁnum
2650 4066 2873 4135 alferens
2899 4069 2954 4123 in
2985 4085 3085 4124 suo
3111 4068 3385 4139 Apologia
3425 4069 3559 4124 libra
3588 4070 3849 4137 secunda,

523 4185 631 4223 non
656 4168 828 4239 patuit
856 4165 1050 4220 ibidem
1072 4163 1223 4219 verba
1250 4161 1612 4232 subsequentis
1653 4160 1986 4230 prafutionis
2016 4158 2072 4213 in
2104 4157 2516 4230 Paralipantena
2546 4157 2803 4228 replicare
2839 4158 2908 4211 ad
2931 4173 3083 4213 suam
3111 4159 3466 4231 defensionem
3496 4159 3663 4229 ;quin
3695 4160 3845 4214 illico

529 4260 773 4315 stultitia
800 4266 1106 4331 argueretur
1127 4257 1182 4311 in
1206 4270 1364 4309 causa
1400 4251 1544 4308 LXX
1586 4250 1962 4337 Interpretunt,
1999 4250 2065 4304 de
2094 4251 2284 4323 quibus
2316 4261 2422 4304 tam
2457 4250 2721 4304 contraria
2758 4259 2803 4304 et
2833 4250 3052 4306 invicem
3078 4252 3178 4307 sibi
3222 4254 3514 4327 pugnantia
3541 4252 3853 4325 scripsisset.

529 4353 829 4410 Prudenter
850 4352 1025 4421 itaque
1047 4348 1227 4404 reticet
1254 4345 1392 4417 quod
1421 4344 1546 4400 olim
1574 4343 1750 4398 animo
1786 4358 1846 4397 ac
1874 4342 2049 4397 saliva
2076 4339 2387 4397 Domnionis
2424 4340 2695 4411 tribuerat,
2732 4342 2875 4414 apud
2913 4359 3066 4413 quem
3093 4359 3302 4398 summa
3332 4344 3465 4415 forte
3494 4360 3554 4399 ea
3586 4344 3685 4415 fuit
3713 4360 3856 4397 auc-

533 4450 718 4503 toritas
745 4446 987 4502 editionis
1013 4442 1178 4509 LXX,
1206 4440 1298 4497 sed
1320 4439 1461 4495 salvo
1485 4454 1688 4509 semper
1716 4438 1911 4491 honore
1958 4435 2166 4490 Hebrai
2194 4434 2338 4506 styli,
2368 4443 2426 4488 ut
2453 4444 2502 4489 et
2541 4434 2685 4506 apud
2712 4451 2890 4489 omnes
2917 4436 3053 4490 alias
3082 4437 3241 4509 hujus
3264 4438 3508 4508 temporis
3536 4435 3856 4492 ecclesiasti-

532 4559 619 4596 cas
646 4542 805 4607 viras,
830 4538 920 4611 qui
942 4546 1213 4608 utramque
1234 4532 1622 4599 auctoritatem,
1651 4528 1990 4584 Hebraarum
2026 4526 2243 4597 scilicet,
2279 4525 2678 4597 Gracorumque
2702 4526 2989 4595 librorum,
3014 4530 3242 4584 divinant
3272 4546 3382 4586 esse
3410 4529 3778 4602 fatebanturj

606 4632 730 4689 1am
754 4632 894 4700 quod
921 4638 1118 4704 spectat
1147 4626 1426 4703 pralagum
1446 4627 1500 4680 in
1530 4624 1689 4680 libros
1720 4620 2045 4686 Salomonis,
2078 4618 2219 4674 illud
2249 4628 2370 4675 ante
2401 4636 2494 4675 nos
2519 4620 2718 4675 monuit
2756 4619 2998 4676 Leander
3022 4621 3086 4678 de
3116 4621 3179 4678 S.
3209 4622 3469 4693 Martina,
3505 4641 3619 4681 eam
3657 4626 3862 4697 prafa-

534 4728 726 4783 tionem
752 4728 1057 4798 impressam
1083 4723 1246 4793 fuisse
1274 4721 1328 4775 in
1358 4718 1597 4774 omnibus
1626 4717 1937 4772 editiauibus
1956 4713 2159 4770 Glossa
2186 4714 2466 4770 ordinaria
2488 4730 2507 4769 :
2530 4714 2593 4769 ab
2615 4712 2841 4770 Erasmo
2856 4725 3031 4770 autem
3057 4723 3104 4770 et
3133 4732 3167 4770 a
3193 4715 3419 4772 Reatino
3448 4717 3689 4790 episcopo
3716 4731 3860 4789 pra-

533 4820 826 4877 termissam
853 4819 910 4872 in
938 4814 1239 4871 collectione
1268 4827 1479 4884 operum
1509 4810 1573 4867 S.
1622 4808 1940 4880 Hieronymi
1964 4823 1983 4861 :
2031 4807 2264 4877 quamvis
2294 4806 2547 4880 genuinus
2576 4806 2642 4861 sit
2666 4807 2799 4879 fetus
2841 4808 3079 4881 ejusdem
3124 4808 3311 4864 Sancti
3347 4808 3589 4865 Doctaris
3611 4850 3629 4878 ,
3676 4810 3751 4865 uti
3792 4824 3863 4864 ex

530 4920 835 4986 argumenta
857 4907 1291 4982 prafatiuncula,
1320 4904 1606 4969 sententiis,
1639 4912 1685 4958 et
1714 4901 1871 4956 modo
1892 4898 2149 4955 scribendi
2179 4914 2394 4969 prorsus
2418 4896 2833 4969 Hieronymiana
2864 4899 2997 4953 scire
3017 4898 3167 4956 nobis
3192 4900 3333 4956 licet.
3372 4899 3559 4957 Verum
3587 4918 3709 4973 pars
3730 4900 3863 4955 ulti-

534 4986 799 5082 mahujus
828 5004 1037 5081 prologi
1066 5002 1486 5075 manifestissime
1510 4996 1847 5072 supposititia
1875 4994 1987 5050 viro
2029 4993 2232 5048 erudito
2263 4993 2479 5048 nimium
2510 4993 2785 5066 imposuit,
2825 5009 2942 5048 cum
2966 4995 3076 5049 suis
3097 4996 3529 5052 annotationibus
3557 5012 3672 5051 eam
3701 4995 3862 5051 illus-

532 5114 681 5159 trans
704 5099 769 5157 S.
799 5098 1124 5169 Hieronymo
1151 5093 1409 5150 ascribere
1435 5100 1678 5149 canatur.
1714 5088 1928 5144 Poterat
1952 5088 2132 5158 utique
2166 5087 2405 5158 frondent
2434 5102 2717 5159 agnoscere
2750 5103 2816 5142 ex
2836 5087 3125 5162 incongrua
3146 5106 3324 5158 sensu,
3348 5106 3497 5162 quem
3519 5090 3671 5145 verba
3695 5090 3858 5144 addi-

532 5196 662 5251 titia
687 5193 853 5266 partis
878 5191 1106 5262 efficiunt
1135 5189 1191 5242 in
1227 5187 1324 5243 hac
1348 5185 1565 5258 prologo
1590 5198 1609 5238 :
1640 5198 1805 5252 neque
1829 5181 1965 5236 enim
2000 5179 2319 5252 Hieronymo
2350 5179 2591 5235 scribenti
2616 5177 2883 5236 ullatenus
2911 5182 3253 5251 conveniunt,
3280 5192 3341 5240 ut
3370 5185 3513 5257 infra
3548 5185 3772 5258 planum
3794 5185 3860 5254 fit

533 5293 590 5347 in
615 5288 827 5347 schaliis
857 5286 1051 5342 nostris
1076 5282 1147 5339 ad
1172 5283 1310 5337 hunc
1334 5281 1505 5337 locum
1536 5276 1859 5349 prafationis
1880 5275 1997 5346 jam
2032 5273 2205 5330 dicta.
2231 5273 2404 5330 Porro
2429 5274 2686 5330 edendam
2709 5274 2767 5329 in
2787 5274 2892 5344 fine
2919 5276 3105 5346 prima
3130 5278 3297 5349 partis
3327 5277 3534 5335 Divina
3562 5278 3862 5335 Bibliothe-

534 5397 609 5436 ca
632 5377 1092 5455 prafatiuncutam
1116 5370 1498 5447 spapandimus
1520 5369 1576 5423 in
1603 5367 1741 5423 notis
1766 5409 1782 5435 ,
1812 5365 1905 5421 sed
1935 5372 2135 5422 mutata
2163 5365 2404 5439 deinceps
2436 5365 2688 5435 consilia,
2728 5366 2785 5422 in
2807 5365 2951 5423 calce
2981 5367 3145 5443 hujus
3167 5370 3414 5428 secunda
3432 5372 3600 5445 partis
3618 5371 3859 5448 ejusdem

534 5471 870 5533 Bibliotheca
894 5468 1101 5528 Divina
1123 5480 1238 5524 eam
1260 5461 1520 5522 collocare
1543 5457 1710 5516 satius
1737 5456 2004 5514 duximus.

1750 5718 2631 5765 ω
