4182 6338
394 389 495 449 401

1129 392 1504 452 PRIEFATIO
1544 394 1926 454 IIIERONYMI
1962 397 2031 457 IN
2067 396 2331 456 LIBRUM
2370 397 2980 459 PABALIPOMENON.

3591 406 3627 462 4
3634 408 3660 460 ὓ
3667 405 3703 461 9..

995 513 3685 543 mm

1361 637 1390 667 ⁸
1413 637 2022 727 ΡΒῘΕἘΑΤΙΟ
2096 642 2780 729 HIEBONYMI

412 801 523 876 IN
595 803 1017 879 LIBRUM
1093 799 2038 875 PARALIPOMENON
2110 799 2476 874 JUXTA
2547 801 2773 874 LXX
2845 799 3672 880 INTEBPBETES.

788 1005 1112 1069 Eusebius
1147 1002 1586 1084 Hieronymus
1620 1014 1650 1053 ιι
1685 1001 2037 1064 Domnioni
2075 1007 2136 1065 et
2168 1003 2533 1085 Rogatiano
2569 1006 2704 1069 suis
2735 1007 2802 1070 in
2831 1008 2985 1072 Jesu
3015 1008 3315 1074 salutem.

470 1144 491 1173 ε
515 1132 806 1201 Quomodo
834 1131 1154 1187 Graecorum
1175 1127 1438 1184 historias
1462 1127 1636 1198 magis
1664 1127 1988 1198 intelligunt,
2019 1128 2076 1190 Α
2099 1127 2244 1197 enim
2273 1129 2428 1186 vobis
2455 1130 2779 1202 loquor,'ita
2814 1140 2872 1189 et
2895 1132 2953 1190 in
2984 1133 3188 1192 Grazcis
3213 1146 3267 1194 et
3302 1136 3512 1195 Latinis
3552 1139 3703 1196 codi-

393 1226 483 1297 qui
514 1227 761 1284 Athenas
785 1224 1049 1292 viderint,
1080 1231 1136 1278 et
1167 1220 1384 1277 tertium
1414 1219 1626 1291 Virgilii
1659 1220 1878 1288 librum,
1908 1220 2001 1290 qui

392 1336 424 1373 a
449 1317 667 1376 Troade
686 1335 782 1391 per
802 1319 1102 1386 Leucaten,
1128 1323 1183 1372 et
1207 1313 1611 1372 Acroceraunia
1635 1313 1701 1368 ad
1731 1313 1996 1382 Siciliam,

392 1423 448 1469 et
494 1411 624 1469 inde
672 1411 742 1468 ad
789 1412 931 1467 ostia
978 1409 1193 1465 Tiberis
1241 1407 1588 1479 navigarint:
1634 1406 1709 1462 ita
1756 1417 1997 1464 sanctam

393 1507 732 1580 Scripturam
765 1504 1002 1562 lucidius
1047 1502 1369 1570 intuebitur,
1405 1501 1496 1574 qui
1541 1499 1788 1556 Iudaeam
1826 1499 2000 1556 oculis

392 1601 797 1672 contemplatus
824 1607 909 1656 est
931 1596 1039 1672 [Αι.
1059 1595 1174 1668 sit],
1201 1605 1255 1653 et
1282 1597 1626 1668 antiquarum
1653 1595 1862 1651 urbium
1887 1609 2002 1650 me-

396 1695 597 1751 morias
621 1735 638 1761 ,
685 1695 1041 1763 locorumque
1061 1691 1150 1748 vel
1186 1689 1377 1746 eadem
1407 1689 1670 1746 vocabula
1696 1728 1712 1756 ,
1745 1687 1830 1744 vel
1874 1703 1998 1742 mu-

396 1795 507 1842 tata
552 1787 876 1858 cognoverit
919 1785 1045 1859 [Αι.--
1072 1779 1493 1855 cognoverunt].
1543 1779 1700 1837 Unde
1743 1789 1799 1835 et
1839 1779 1999 1837 nobis

392 1896 541 1937 curae
567 1881 688 1946 fuit,
717 1894 842 1936 cum
873 1876 1258 1935 eruditissimis
1285 1875 1642 1931 Hebrteorum
1670 1873 1819 1929 hunc
1846 1873 2000 1929 labo-

397 1990 514 2030 rem
541 1973 746 2042 subire,
779 1981 836 2028 ut
861 1971 1273 2028 circumiremus
1292 1967 1650 2040 provinciam,
1683 1983 1842 2039 quam
1873 1966 1998 2023 uni—

396 2083 571 2124 versae
619 2067 820 2123 Christi
875 2065 1134 2122 Ecclesia:
1179 2071 1396 2120 sonant.
1445 2061 1645 2117 Fateor
1687 2061 1831 2116 enim
1859 2102 1875 2126 ,
1923 2059 1996 2115 mi

402 2162 693 2228 Domnion,
721 2169 776 2216 et
802 2158 1102 2229 Rogatiane
1129 2153 1434 2212 eharissimi
1458 2197 1473 2222 ,
1501 2169 1800 2225 numquam
1825 2168 1910 2209 me
1942 2153 1993 2208 in

391 2253 596 2311 divinis
626 2251 1017 2313 voluminibus,
1046 2249 1285 2322 propriis
1311 2247 1521 2303 viribus
1549 2244 1871 2310 credidisse,
1895 2260 1995 2301 nec

394 2348 650 2404 habuisse
679 2347 706 2386 ιι
738 2347 1056 2418 magistrum
1085 2343 1207 2418 ζ[Αι.
1249 2352 1354 2398 tac.
1400 2339 1739 2413 magistrum]
1779 2339 1994 2410 opinio-

393 2457 519 2498 nem
544 2455 721 2496 meam
748 2481 762 2507 ,
797 2437 895 2495 sed
922 2454 986 2495 ea
1013 2437 1177 2494 etiam
1218 2435 1288 2492 de
1317 2433 1512 2505 quibus
1541 2433 1685 2490 scire
1731 2447 1820 2489 me
1850 2433 1996 2489 arbi-

2101 1225 2257 1283 cibus
2297 1227 2386 1283 hic
2428 1229 2706 1286 nominum
2740 1230 2879 1286 liber
2904 1230 3138 1289 vitiosus
3183 1243 3305 1304 est,
3355 1245 3412 1291 ut
3452 1251 3559 1293 non
3591 1245 3702 1293 tam

2101 1322 2329 1380 llebrtea
2376 1340 2538 1396 quam
2565 1325 2807 1382 Barbara
2835 1328 3081 1398 quaedam
3109 1370 3125 1396 ,
3175 1339 3230 1385 et
3269 1329 3568 1389 Sarmatica
3605 1349 3706 1388 no-

2099 1414 2244 1470 mina
2274 1425 2532 1487 congesta
2568 1416 2681 1490 [AL
2714 1417 3011 1490 conjecta]:
3034 1419 3409 1478 arbitrandum
3448 1423 3540 1479 sit.
3591 1423 3706 1481 Nec

2101 1510 2206 1565 hoc
2251 1508 2604 1581 Septuaginta
2650 1509 3045 1582 lnterpretibus
3071 1555 3087 1582 ,
3130 1512 3223 1584 qui
3255 1513 3463 1583 Spiritu
3509 1526 3704 1572 sancto

2105 1599 2125 1639 ί
2157 1602 2350 1674 pleni,
2400 1618 2463 1658 ea
2495 1618 2616 1674 qua;
2645 1619 2771 1661 vera
2818 1602 3072 1673 fuerant,
3122 1607 3552 1676 transtulerunt,
3603 1609 3702 1666 sed

2098 1697 2432 1770 scriptorum
2455 1697 2628 1768 eulpae
2647 1697 3056 1765 ascribendum,
3087 1699 3216 1756 dum
3240 1699 3310 1756 de
3339 1701 3701 1758 inemendatis

2101 1789 2210 1862 [Αἰ.
2238 1787 2563 1860 emendatis]
2599 1791 2942 1848 inemendata
2970 1792 3289 1860 scriptitarit
3312 1811 3324 1846 :
3347 1803 3405 1849 et
3431 1809 3578 1865 saepe
3598 1796 3702 1850 tria

2099 1881 2342 1947 nomina,
2374 1880 2668 1936 subtractis
2695 1896 2727 1937 e
2755 1881 2934 1936 medio
2963 1881 3186 1952 syllabis
3209 1923 3224 1948 ,
3251 1882 3306 1937 in
3336 1899 3502 1939 ttnttm
3535 1900 3704 1940 voca-

2098 1974 2286 2031 bulum
2313 1984 2516 2046 cogunt
2540 2016 2556 2042 ,
2586 1975 2670 2032 vel
2699 1990 2730 2031 e
2760 1975 2984 2046 regione
3012 1990 3179 2030 unum
3207 1991 3409 2032 nomen
3433 2018 3448 2044 ,
3475 1989 3702 2048 propter

2099 2065 2447 2122 latitudinem
2477 2080 2654 2134 suam,
2677 2067 2731 2122 in
2761 2065 2993 2132 duo,vel
3023 2067 3125 2122 tria
3145 2066 3406 2123 vocabula
3430 2067 3699 2125 dividunt.

2097 2161 2204 2217 Sed
2231 2173 2285 2219 et
2312 2161 2448 2234 ipsae
2477 2163 2896 2233 appellationes,
2933 2177 3047 2217 non
3070 2161 3338 2232 homines,
3373 2170 3432 2217 ut
3456 2163 3702 2236 plerique

2098 2255 2372 2310 aestimant
2401 2253 2510 2326 [ΑΙ.
2541 2251 2902 2324 existimant],
2928 2252 3023 2309 sed
3045 2252 3234 2319 urbes,
3258 2261 3312 2310 et
3341 2254 3615 2325 regiones,
3645 2263 3704 2312 et

2097 2346 2288 2416 saltus,
2321 2356 2376 2403 et
2404 2346 2712 2420 provincias
2734 2355 2951 2413 sonant,
2977 2354 3032 2401 et
3061 2345 3280 2417 oblique
3303 2346 3404 2402 sub
3426 2346 3708 2419 interpre-

2095 2438 2297 2495 tatione
2323 2448 2348 2487 ε
2380 2447 2437 2496 et
2462 2439 2639 2509 ﬁgura
2666 2453 2854 2495 eorum
2884 2483 2898 2508 ,
2929 2437 3174 2508 quaedam
3208 2447 3497 2494 narrantur
3522 2438 3696 2495 histo-

390 2533 598 2602 trabar,
624 2532 968 2603 interrogare
988 2546 1076 2586 me
1097 2529 1318 2584 solitum
1344 2544 1360 2586 :
1384 2535 1588 2597 quanto
1618 2526 1791 2596 magis
1819 2525 1887 2582 de
1909 2526 1993 2582 his
2024 2543 2067 2603 Β
2095 2533 2192 2588 ria:
2240 2549 2256 2587 :
2304 2533 2372 2589 de
2397 2532 2597 2604 quibus
2640 2533 2693 2588 in
2723 2531 3038 2604 Regnorum
3070 2531 3211 2591 libro
3250 2531 3474 2600 dicitur,
3505 2533 3701 2590 Nonne

389 2642 556 2699 super
582 2625 778 2698 quibus
799 2637 1000 2696 anceps
1021 2621 1212 2680 eram?
1231 2620 1474 2690 Denique
1502 2631 1625 2673 cum
1651 2632 1681 2673 a
1711 2631 1798 2673 me
1819 2631 1990 2689 nuper

390 2719 589 2776 litteris
611 2717 954 2788 ﬂagitassetis
975 2756 991 2784 ,
1033 2722 1093 2771 ut
1114 2713 1269 2770 vobis
1301 2712 1497 2768 librum
1531 2709 1988 2779 Paralipomenon

389 2815 581 2871 Latino
620 2826 877 2870 sermone
925 2807 1276 2866 transferrem
1301 2847 1318 2874 ,
1349 2806 1419 2861 de
1457 2802 1747 2858 'l‘iberiade
1778 2811 1801 2840 ο
1830 2802 1990 2874 Legis

387 2908 660 2982 quondam
692 2907 973 2964 doctorem
999 2945 1015 2974 ,
1061 2902 1154 2975 qui
1179 2899 1320 2974 apud
1352 2897 1614 2955 Hebraeos
1644 2896 1986 2952 admirationi

389 3001 718 3070 habebatur,
766 2996 1039 3069 assumpsi
1071 3011 1086 3051 :
1118 3002 1174 3050 et
1202 2990 1411 3049 contuli
1450 3004 1573 3046 cum
1616 3003 1683 3045 eo
1709 3003 1738 3043 a
1760 2988 1986 3056 vertice,

387 3103 447 3150 ut
473 3093 643 3159 aiunt,
673 3105 844 3161 usque
870 3089 936 3146 ad
966 3097 1267 3146 extremum
1294 3097 1528 3154 unguem
1563 3099 1577 3136 :
1603 3091 1659 3138 et
1681 3080 1762 3137 sic
1789 3079 1989 3136 contir-

388 3197 610 3255 matus,
655 3199 822 3241 ausus
865 3198 984 3240 sum
1035 3180 1218 3237 facere
1264 3176 1407 3251 quod
1447 3175 1743 3248 jubebatis.
1793 3173 1988 3231 Libere

463 3381 492 3410 ει
530 3370 779 3426 Diximus
805 3368 861 3423 in
893 3365 1119 3439 prmﬁxa
1153 3362 1456 3439 huie‘tomo
1477 3357 1818 3439 praefatione,
1853 3357 1985 3412 nihil

389 3452 659 3515 praeterea
713 3431 942 3515 aliud'e
989 3437 1233 3515 reliquis
1267 3431 1583 3514 Hieronymi
1630 3431 1862 3515 interpr.
1919 3445 1986 3484 ex

387 3501 613 3580 Cra-eo,
648 3521 774 3584 post
797 3511 993 3584 Jobum
1018 3523 1087 3584 ac
1111 3501 1487 3568 Psalterium,
1515 3516 1636 3570 quae
1665 3501 1866 3555 dudum
1900 3516 1987 3582 re-

386 3573 729 3651 censuimus,
757 3599 788 3638 e
812 3582 987 3638 veteri
1017 3580 1374 3651 Testamento
1403 3586 1714 3651 superesse,
1746 3587 1906 3642 quam
1933 3573 1983 3625 in

386 3660 591 3715 librum
621 3643 1488 3726 Paralipomenon_f’rwfationem
1507 3643 1662 3726 hanc
1693 3645 1906 3726 ipsanr,
1933 3651 1990 3698 et

391 3714 543 3797 quod
581 3743 725 3799 pone
757 3714 1449 3799 Equitum-Fragmentum
1471 3715 1700 3798 alterius
1740 3715 1794 3768 in
1828 3714 1993 3799 libros

385 3785 735 3868 Salombnis,
790 3785 1316 3868 déperdritisjanidiu
1356 3786 1878 3868 olimnipsorurnmet
1933 3785 1997 3868 li:

388 3857 617 3929 brorum
631 3857 1040 3926 versioni'busin
1071 3857 1218 3918 tanta
1243 3861 1328 3916 illa
1352 3859 1468 3928 ejus
1486 3858 1676 3929 Operis
1702 3857 1912 3926 jactura
1943 3862 1998 3911 et

389 3927 794 4000 claide.Videsis
812 3955 976 4011 porro
1001 3951 1120 4008 quae
1145 3934 1215 3989 ibi
1234 3948 1333 3987 nos
1354 3927 1455 3985 hac
1469 3929 1537 3984 de
1553 3943 1612 4011 re
1636 3927 1996 4011 disputant-us.

462 4016 492 4056 ι)
516 4013 712 4071 Iisdem
747 4000 887 4067 ha'ud
927 4000 1098 4065 multo
1129 4013 1248 4077 post
1276 4017 1428 4059 suam
1469 4017 1535 4055 ex
1566 4000 1731 4081 llelir.
1761 4000 1980 4081 Vei'sio-

387 4070 698 4144 nemilizraa
728 4070 1605 4153 nuncupavit:nec.tant.ett,quod
1638 4071 1822 4153 mirari
1853 4072 1980 4153 sub-

387 4162 452 4223 it,
499 4157 659 4226 hujus
680 4156 848 4210 verbo
878 4144 1035 4210 tenus
1069 4145 1320 4226 meminit
1348 4145 1400 4226 in
1430 4160 1491 4196 ea
1524 4145 1683 4226 epist:
1733 4144 1866 4197 Sunt
1890 4157 1983 4195 au-

385 4214 498 4285 te'm
530 4214 588 4285 et
611 4242 744 4282 mss.
771 4227 978 4296 aliquot
1007 4223 1247 4296 codices,
1272 4216 1532 4296 qui_hunc
1559 4214 1844 4296 Prologum
1876 4229 1981 4296 non

386 4283 601 4357 Latinae
631 4315 700 4354 ex
730 4298 826 4354 Gr.
866 4283 1161 4366 Hexaplari
1195 4283 1348 4366 lentu
1376 4285 1815 4366 Interpretationi
1839 4325 1866 4366 ,.
1887 4283 1983 4338 sed

385 4371 549 4429 alteri
601 4380 702 4428 τῶν
755 4357 1208 4439 Paralipomenon
1259 4357 1713 4439 l_ibro_llebraica
1755 4357 1985 4439 veri-late

386 4427 662 4500 converso
693 4427 974 4509 praefigunt
1003 4457 1016 4493 :
1051 4436 1180 4506 quin
1211 4432 1374 4486 etiam
1408 4429 1462 4510 in
1490 4441 1618 4496 uno,
1648 4441 1810 4510 quem
1841 4427 1984 4510 Illar-

385 4499 522 4570 tian.
554 4499 739 4569 laudat
764 4553 778 4575 ,
804 4499 869 4566 ΒΪ
898 4515 970 4566 Μ.
1015 4499 1301 4580 Deaurata:
1345 4500 1689 4580 noLaturnab
1720 4499 1891 4554 sciolo
1923 4499 1987 4551 li-

387 4569 576 4642 brario
601 4595 684 4640 est
703 4604 715 4636 :
732 4569 841 4638 Iste
866 4574 1384 4654 Prologus,_sc_il_icet,
1410 4569 1691 4654 Eusebius,
1711 4580 1852 4654 etc”
1879 4585 1984 4653 non

384 4641 537 4712 debet
567 4674 676 4711 esse
699 4657 753 4709 in
783 4655 878 4708 hoc
903 4641 1054 4719 loco:
1078 4641 1168 4706 sed
1195 4646 1342 4725 debet
1361 4643 1462 4725 legi
1489 4649 1538 4697 ct
1563 4641 1722 4695 scribi
1749 4644 1802 4696 in
1835 4643 1986 4725 prin-

385 4731 528 4798 cipio
557 4728 770 4784 secundi
799 4726 937 4781 libri.
968 4714 1126 4792 Quod
1156 4717 1359 4790 oppido
1387 4714 1581 4770 falsum
1604 4725 1749 4782 esse,
1776 4729 1844 4769 ex
1873 4722 1987 4768 toto

384 4811 649 4857 contextu
686 4799 872 4870 liquet.
1101 4867 1113 4870 _
1231 4867 1245 4870 _
1435 4857 1483 4870 ,,
1555 4857 1567 4869 ,

465 4877 489 4904 °
529 4856 628 4928 Ms.
662 4856 961 4927 Bibliorum
1014 4867 1189 4923 codex
1231 4867 1404 4922 beatze
1435 4857 1622 4939 Mariae
1665 4856 1982 4939 periuram,

385 4927 545 5010 cujus
569 4943 824 4999 nonnulla
868 4943 919 4997 in
951 4930 1598 5012 superioribusprologis
1623 4928 1808 5011 attuli,
1839 4927 1986 5012 istud

388 5002 830 5071 lmbetscboliou
873 5002 1107 5084 positum
1137 5011 1206 5084 ab
1245 5002 1438 5084 eodem
1487 5002 1988 5084 lib-rariOLSidiene

387 5069 639 5152 memini,
695 5087 782 5156 qui
821 5069 1103 5153 ex'emplar
1145 5078 1482 5156 descripsit:
1542 5071 1653 5156 tate
1701 5069 1986 5156 ΙζιόιοςμιεΖ

383 5141 610 5221 scilicet,
627 5141 918 5223 'Eu'scbius,
945 5141 1078 5220 ete.,
1107 5171 1212 5208 non
1242 5141 1389 5207 debet
1415 5163 1522 5203 esse
1614 5149 1709 5223 [ioc
1731 5141 1988 5223 loquaci!

385 5231 535 5286 debet
567 5219 669 5301 tegi
697 5239 745 5284 et
789 5219 944 5284 scribi
977 5219 1333 5301 finjprincipio
1363 5221 1576 5301 secundi
1623 5219 1989 5301 li.bri_..Falsus

386 5312 477 5357 est
501 5291 681 5357 tamén
709 5301 947 5373 scriptor
974 5291 1134 5373 hujus
1163 5291 1551 5373 annotationis,
1582 5292 1706 5363 quia
1739 5291 1827 5345 hic
1857 5305 1987 5373 pro-

2094 2640 2209 2680 ecce
2236 2623 2348 2679 hate
2373 2625 2567 2693 scripta
2588 2632 2706 2680 sunt
2730 2624 2782 2678 in
2813 2623 2944 2679 libro
2966 2621 3255 2679 Verborum
3281 2623 3498 2680 Dierum
3519 2642 3698 2696 regum

2092 2715 2278 2772 Juda?
2300 2717 2433 2785 Qua:
2467 2717 2653 2788 utique
2699 2717 2753 2773 in
2785 2715 2989 2772 nostris
3028 2715 3308 2772 codicibus
3339 2733 3444 2774 non
3489 2718 3697 2773 haben-

2096 2819 2205 2867 tur.
2238 2809 2353 2867 Hoe
2383 2808 2616 2881 primum
2662 2803 2984 2874 sciendum,
3018 2807 3161 2877 quod
3204 2807 3348 2879 apud
3389 2809 3649 2866 Hebraeos
3677 2851 3694 2878 ,

2094 2901 2554 2973 Paralipomenon
2587 2899 2726 2957 liber
2754 2914 2892 2957 unus
2928 2899 3000 2956 sit
3032 2917 3046 2954 :
3076 2907 3134 2957 et
3163 2900 3310 2971 apud
3341 2901 3466 2957 illos
3493 2942 3508 2966 ,
3541 2899 3571 2938 ιι
3600 2916 3697 2956 vo-

2093 3003 2250 3051 cetur
2269 2993 2378 3068 [Αι.
2409 2991 2656 3066 vocatus]
2684 3010 2857 3050 DABRE
2892 3009 3049 3050 ωηιι
3072 3035 3087 3061 ,
3127 2993 3180 3049 id
3207 3002 3333 3062 est,
3369 2993 3538 3050 Verba
3569 2995 3692 3051 Die-

2093 3103 2211 3142 rum
2241 3102 2260 3142 :
2288 3087 2383 3157 qui
2412 3095 2636 3158 propter
2664 3085 3090 3156 magnitudinem
3115 3126 3132 3152 ,
3169 3085 3312 3157 apud
3340 3100 3440 3143 nos
3484 3086 3694 3145 divisus

2095 3188 2220 3247 est,
2253 3176 2397 3249 quod
2427 3176 2678 3234 nonnulli
2721 3176 2885 3233 etiam
2914 3175 2969 3232 in
3010 3176 3179 3232 Bruto
3202 3219 3218 3247 ,
3249 3175 3538 3235 Ciceronis
3580 3178 3698 3235 dia-

2095 3358 2179 3414 vel
2219 3367 2509 3415 auctorem.
2541 3358 3111 3416 San-Germanensem
3140 3373 3197 3413 n.
3222 3355 3257 3410 4
3283 3365 3338 3412 et
3363 3357 3696 3418 Tolosanum

2096 3433 2413 3487 mona5terii
2444 3432 2507 3489 Β.
2538 3431 2721 3486 Maria:
2772 3431 3057 3486 Deauratas
3101 3429 3274 3485 secuti
3302 3444 3512 3487 sumus.
3547 3431 3698 3488 Unus

2094 3517 2125 3574 e
2157 3503 2493 3571 monasterio
2521 3512 2711 3558 nostro
2751 3501 3096 3558 Narbonensi
3149 3499 3283 3574 legit
3339 3516 3464 3558 eum
3505 3503 3692 3571 editis,

2094 3573 2220 3644 legis
2249 3574 2523 3644 quemdam
2547 3577 2822 3628 doctorem.
2856 3574 3039 3630 MART.

2167 3674 2238 3684 —
2255 3643 2502 3700 Martiali.
2524 3646 2582 3699 τὸ
2607 3644 2792 3698 librum
2810 3645 3048 3716 reticuit,
3070 3643 3216 3713 quod
3239 3658 3458 3713 nomen,
3477 3653 3533 3701 et
3556 3661 3698 3716 prte-

2099 3716 2280 3788 ferunt
2307 3715 2560 3788 plerique
2590 3730 2782 3771 omnes
2809 3715 2972 3782 editi,
3012 3725 3066 3770 et
3097 3730 3292 3788 revera
3320 3723 3414 3770 aut
3451 3717 3523 3788 ab
3559 3715 3694 3788 ipso

2099 3785 2342 3842 additum
2373 3787 2708 3857 Hieronymo
2738 3793 2822 3840 est
2841 3827 2854 3851 ,
2879 3795 2972 3840 aut
3002 3795 3154 3842 certe
3188 3785 3451 3855 scripturn
3480 3785 3694 3843 Parali-

2104 3873 2343 3926 pomeria.
2381 3857 2487 3911 Pro
2523 3873 2589 3913 eo
2617 3858 2780 3912 etiam
2822 3857 2964 3927 quod
3006 3858 3270 3924 sequitur,
3297 3860 3559 3926 quondam
3602 3860 3730 3913 ἀοσ-

2105 3939 2330 3996 (torem,
2370 3928 2594 3984 retineri
2635 3928 2820 3983 malim
2855 3943 2977 3982 cum
3019 3935 3176 3982 antea
3207 3930 3368 3982 editis
3395 3930 3688 3998 quemdam.

2025 3971 2072 4034 Ο
2105 3971 2298 4055 viiii};
2315 3971 2979 4055 largitur"statim;
3007 3971 3690 4066 ῑῑίἐιὶΓριῖὶῖὺΞὶίῖἶκὶὲζὶῖἴεὶἓίξ

2085 4071 2278 4141 magis.
2313 4069 2534 4127 Scilicet
2564 4080 2687 4141 post
2717 4070 2981 4124 Morinum
3020 4069 3397 4134 existimavit,
3428 4070 3592 4128 Hebr.
3629 4073 3692 4128 il-

2088 4142 2198 4212 lum
2226 4183 2242 4209 ,
2279 4159 2386 4212 quo
2418 4149 2758 4212 praeceptore
2794 4141 3160 4212 Hieronymus
3196 4156 3326 4196 usus
3361 4151 3473 4208 est,
3507 4152 3563 4198 et
3588 4145 3688 4201 lib.

2086 4213 2128 4268 ll
2150 4211 2613 4268 Commentarior.
2650 4213 2704 4267 in
2740 4211 2974 4282 Epistol.
3005 4211 3072 4266 ad
3111 4211 3334 4267 Galatas
3360 4229 3477 4283 cap.
3510 4229 3547 4269 tt
3576 4215 3692 4270 lau-

2087 4285 2200 4350 dat,
2217 4285 2390 4340 fuisse
2406 4299 2476 4340 ex
2497 4285 2728 4340 llebrzeo
2756 4283 3150 4355 Christianum.
3177 4285 3348 4351 Quam
3371 4289 3689 4355 opinionem

2088 4371 2153 4412 ex
2179 4355 2369 4410 eodem
2404 4356 2499 4410 illo
2528 4355 2843 4410 testimonio
2866 4352 3185 4426 derivatam,
3219 4352 3430 4426 longius
3452 4357 3521 4412 ab
3542 4361 3689 4414 oumi

2089 4428 2339 4553 §eritatis
2369 4428 2556 4498 specie
2597 4427 2828 4495 abesse,
2865 4424 3210 4481 ostendimus
3250 4424 3392 4484 inS.
3435 4427 3687 4485 Doetoris
3749 4484 3753 4488 .

2140 4507 2233 4553 lla.

2140 4500 2233 4555 ita.

2163 4569 2184 4608 τ
2217 4569 2334 4626 Νοη
2366 4569 2580 4625 videtur
2607 4568 2976 4640 Hieronymus
3003 4584 3104 4625 suo
3131 4570 3248 4640 ipse
3277 4584 3463 4636 sensu,
3495 4571 3588 4626 sed
3619 4587 3686 4627 ex

2089 4649 2353 4712 concepta
2376 4656 2590 4707 eorum,
2613 4654 2752 4712 quos
2773 4641 3088 4711 compellat,
3117 4650 3174 4697 et
3201 4656 3321 4711 qum
3353 4642 3551 4709 passim
3583 4644 3682 4697 ob-

2090 4711 2318 4778 tinebat,
2337 4713 2592 4782 opinione
2606 4711 2781 4782 IOqui:
2795 4721 2946 4765 certe
2967 4715 3339 4775 θεοπνεύστους
3351 4712 3496 4766 LXX
3512 4711 3683 4769 Inter-

2090 4795 2273 4854 pretes
2301 4781 2600 4848 exstitisse,
2629 4781 2763 4835 alibi
2781 4782 3043 4856 toti_s_ferc
3068 4784 3276 4854 paginis
3303 4799 3524 4838 suorum
3551 4800 3683 4856 ope—

2091 4871 2210 4910 rum
2247 4863 2508 4925 pernegat
2545 4869 2561 4907 :
2605 4854 2823 4908 tametsi
2873 4854 2960 4909 hic
3008 4856 3204 4911 iterum
3247 4855 3300 4910 in
3343 4854 3684 4913 Pra'fatio’nis

2091 4928 2199 4982 line
2231 4925 2462 4998 Spiritus
2485 4925 2649 4980 sancti
2677 4926 3062 4996 auctoritatem,
3092 4927 3285 4983 iisdem
3317 4943 3422 4983 non
3450 4927 3687 4986 defuisse

2090 4999 2413 5054 subinterat.

2164 5083 2188 5120 ε
2219 5074 2398 5144 Atque
2429 5070 2519 5128 hic
2549 5070 2748 5126 frustra
2782 5069 3215 5130 Auetorvidetur
3234 5075 3301 5130 ad
3333 5073 3690 5143 allegoricum

2093 5162 2311 5206 sensum
2343 5157 2675 5214 consurgere
2701 5157 2869 5218 ,cum
2898 5160 3018 5218 quae
3049 5145 3501 5218 Paralipomenon
3534 5149 3690 5208 libris

2093 5239 2200 5278 non
2233 5218 2522 5283 habentur,
2553 5229 2617 5295 ac
2647 5216 2762 5271 vult
2791 5215 2971 5295 tamen
2999 5230 3066 5270 ex
3104 5215 3438 5295 i_is_lau_d_ari_,
3471 5221 3691 5295 oblique
3720 5265 3738 5287 .

2093 5295 2193 5350 sub
2225 5292 2680 5365 interpretatione
2709 5301 2772 5343 ac
2802 5291 2971 5360 ﬁgura
3011 5291 3230 5365 excipit.
3279 5291 3365 5357 ld,
3409 5291 3693 5365 inquit—cl.

389 5375 552 5444 lngus
577 5363 898 5444 pertineti'ad
933 5363 1347 5444 translationem
1375 5365 1988 5444 Latinam,‘quattt_l|ie-
2011 5375 2065 5435 1)
2095 5369 2324 5444 liuetius
2344 5363 2448 5431 ,isi
2493 5363 2819 5444 recipimus,
2861 5377 2992 5444 sane
3019 5363 3212 5444 ‘omuia
3252 5363 3595 5444 reperientur
3635 5373 3688 5425 in

384 5437 652 5516 roiiym'us
680 5443 857 5501 edidit
902 5445 1057 5514 juxta
1079 5441 1470 5516 Septuaginta,
1501 5439 1699 5516 additis
1727 5437 1898 5492 obelis
1928 5447 1982 5492 et

382 5510 695 5583 asteriscis;
726 5532 833 5572 non
865 5510 933 5571 ad
959 5514 1254 5570 secundum
1288 5513 1480 5566 librum
1503 5510 1978 5583 Paralipomenon,

383 5606 454 5645 ex
501 5589 650 5643 fonte
681 5581 949 5643 Hebraico
993 5585 1185 5640 Latine
1215 5598 1541 5639 conversum
1575 5601 1587 5635 :
1623 5583 1689 5636 ad
1719 5581 1871 5647 cujus
1905 5591 1985 5635 ta-

383 5676 513 5716 men
559 5660 792 5714 frontem
827 5659 1061 5714 habetur
1102 5657 1413 5724 descriptus
1455 5656 1508 5708 in
1558 5670 1654 5708 ms.
1690 5652 1982 5707 Bibliorum

381 5733 578 5787 codice
607 5731 1023 5786 eminentissimi
1055 5730 1206 5782 card.
1241 5730 1310 5782 de
1336 5728 1561 5781 Bonzio.
1588 5727 1770 5780 ΜΑιιτ.

458 5809 485 5847 ιι
518 5803 594 5857 ita
617 5818 750 5857 mss.
782 5816 995 5868 omnes,
1026 5810 1254 5872 excepto
1282 5797 1728 5872 Garcassonensi,
1779 5795 1870 5866 qui
1902 5795 1986 5851 le-

383 5876 463 5947 git
487 5876 816 5943 magistram,
845 5887 946 5944 pro
978 5871 1304 5947 magistrum.
1336 5871 1515 5947 bitur.

469 5947 491 5975 °
521 5942 890 6018 QUamplures
913 5959 1048 6002 mss.
1068 5942 1310 6012 Codices,
1327 5943 1452 6013 legis
1477 5942 1735 6012 quondam
1757 5949 1986 6009 auctore,

2091 5441 2366 5505 omnibus,
2398 5447 2456 5494 et
2486 5431 2681 5507 magna
2718 5431 2989 5502 ﬁgmentis
3017 5431 3567 5496 hominumvfenestra
3595 5457 3690 5513 pa-

2092 5515 2262 5568 teliet.

2164 5584 2191 5621 h
2225 5585 2281 5639 ln
2313 5583 2533 5638 Canone
2575 5579 2897 5634 Memmiano
2932 5580 3111 5651 prima
3151 5598 3314 5639 manu
3363 5583 3481 5640 hmc
3523 5587 3690 5641 verba

2091 5664 2349 5719 corrupte
2395 5653 2735 5727 legebantur,
2767 5652 3014 5727 Jaomim,
3065 5664 3121 5708 et
3177 5655 3442 5710 Jadomim
3489 5672 3508 5710 :
3545 5659 3686 5727 quod

2091 5727 2410 5783 emendator
2437 5724 2636 5798 aliquis
2655 5726 2885 5798 {nutavit
2907 5723 2962 5779 in
2991 5727 3239 5797 Ajomim.
3266 5727 3499 5782 Consule
3525 5723 3689 5798 supe-

2091 5802 2294 5855 riorcm
2331 5797 2619 5871 prologum
2643 5795 2924 5853 Calcatum
2953 5795 3229 5871 prmlixum
3247 5799 3399 5857 libris
3419 5795 3690 5864 Samuelis

2096 5881 2150 5930 et.
2174 5867 2482 5928 Malachim.
2517 5867 2694 5925 Manr.
