4182 6338
465 326 569 385 407

1479 317 1540 376 S.
1580 313 1968 374 HIERONYMI
2005 310 2241 373 DlVINA
2279 308 2761 370 BlBLIOTHECA.

3657 305 3768 368 ιοδ

532 439 802 497 Promittit
846 437 1113 497 scientiam
1159 434 1260 492 Dei
1304 433 1515 504 habere,
1561 441 1609 488 et
1657 432 1829 503 [ilium
1872 429 1974 487 Dei
2009 447 2063 486 se
2088 439 2148 503 Α
2211 427 2376 504 _lf'ilii
2400 412 2574 504 autem
2599 426 2958 481 adulterorum
2981 424 3036 480 in
3053 421 3500 504 consummatione
3525 431 3698 490 erunt,
3719 432 3771 479 et

774 593 848 640 est
890 581 1036 639 nobis
1074 583 1129 636 in
1159 580 1535 652 traductionem
1561 559 1935 649 cogitationum
1963 591 2062 631 no-

465 669 715 713 strarunt.

540 729 724 784 Gravis
750 737 823 782 est
845 726 990 782 nobis
1017 725 1172 780 etiam
1201 725 1270 779 ad
1297 724 1600 790 videndum,
1632 721 1877 793 quoniam
1902 719 2063 774 dissi-

469 802 608 857 milis
634 811 708 856 est
733 802 851 854 aliis
880 800 984 852 vita
1012 796 1180 863 illius,
1213 805 1258 851 et
1289 798 1576 849 immutata?
1594 803 1712 847 sunt
1742 795 1837 848 via:
1857 793 1990 863 ejus.

544 873 829 942 Tamquam
848 885 1071 941 nugaces
1097 861 1342 922 aestimati
1379 881 1558 942 sumus
1586 865 1648 919 ab
1674 864 1794 942 illo,
1823 861 2065 919 et'absti-

468 953 554 1001 net
577 962 632 998 se
660 936 696 999 ά
718 944 815 999 viis
837 936 1028 998 nostris
1056 949 1337 1012 tamquam
1357 938 1423 1012 ab
1448 936 1815 1003 immunditiis,
1844 943 1900 1012 et_
1931 948 2068 1012 pra:-

470 1021 574 1088 fert
606 1016 882 1072 novissima
899 1003 1187 1088 justorum,
1209 1020 1256 1067 et
1283 1009 1538 1083 gloriatur
1564 1016 1774 1080 patrem
1797 1021 1850 1061 se
1878 1003 2066 1060 habere

475 1088 670 1142 Deum.

466 1168 468 1170 ’
494 1175 510 1219 ί.
527 1198 536 1204 -
551 1160 835 1215 Videamus
851 1173 975 1228 ergo
997 1155 1042 1211 si
1058 1150 1474 1228 sermonesillius
1490 1151 1596 1205 veri
1618 1148 1744 1218 sint,
1760 1155 1806 1203 et
1820 1155 2068 1228 tentemus

465 1247 584 1299 qua:
609 1240 823 1286 ventura
861 1220 982 1285 sunt
1010 1229 1114 1296 illi,
1142 1236 1191 1282 et
1221 1225 1442 1280 sciemus
1467 1238 1582 1294 quae
1610 1230 1758 1276 erunt
1790 1220 2069 1274 novissima

461 1303 630 1358 illius.

547 1375 607 1431 Si
632 1376 768 1430 enim
794 1383 866 1429 est
893 1387 1046 1427 verus
1074 1370 1212 1440 ﬁlius
1238 1368 1356 1436 Dei,
1390 1365 1637 1438 suscipiet
1665 1363 1839 1431 illum,
1867 1370 1916 1417 et
1941 1361 2070 1418 libe-

467 1446 607 1502 rabit
634 1463 747 1502 eum
773 1445 839 1500 de
861 1441 1532 1498 manibus'contrariorum.

543 1515 868 1574 Contumelia
899 1525 946 1570 et
977 1524 1231 1568 tormento
1257 1514 1635 1582 interrogemus
1665 1522 1812 1582 eum,
1849 1506 2071 1582 ut_scia-

469 1605 590 1644 mus
620 1590 954 1644 reverentiam
980 1586 1114 1657 ejus,
1139 1596 1184 1639 et
1215 1577 1489 1656 probemus
1514 1579 1823 1657 patientiam
1843 1577 2010 1657 illius.

544 1659 714 1715 Morte
743 1648 1042 1728 turpissima
1073 1648 1470 1728 condemnemus
1516 1648 1678 1708 eum:
1709 1650 1805 1704 erit
1845 1649 1979 1704 enim
2025 1648 2072 1702 ei

475 1742 740 1800 respectus
761 1726 1162 1785 exﬁsermonibus
1186 1726 1350 1782 illius.
1747 1791 1778 1800 ’Δ
1871 1791 1882 1800 .
1957 1789 1969 1800 .

543 1787 675 1876 Hinc
695 1804 1067 1876 cegitaverunt,
1092 1808 1138 1854 et
1161 1804 1462 1855 erraverunt
1477 1811 1494 1851 :
1509 1791 1779 1852 exctecavit
1799 1791 1935 1847 enim
1951 1787 2072 1844 illos

470 1875 675 1929 malitia
703 1875 902 1929 eorum.

542 1944 614 1999 Et
637 1946 927 2000 nescierunt
955 1942 1296 2016 Sacramenta
1320 1940 1442 2007 Dei,
1466 1953 1628 2016 neque
1647 1933 1932 2016 mercedem
1955 1948 2074 2004 spe-

469 2026 716 2073 raverunt
734 2016 977 2089 justitiaz,
1001 2029 1093 2068 nec
1109 2015 1485 2087 judicaverunt
1506 2013 1753 2066 honorem
1776 2013 2073 2061 animarum

473 2101 795 2144 sanctarum.

551 2160 812 2227 Quoniam
844 2158 987 2213 Deus
1031 2157 1221 2212 creavit
1248 2156 1509 2211 hominem
1551 2147 2072 2227 inexterminabilem,

477 2241 526 2288 et
553 2224 623 2284 ad
646 2231 923 2302 imaginem
949 2228 1308 2302 similitudinis
1335 2243 1444 2302 sua:
1471 2227 1590 2302 fecit
1620 2224 1793 2302 illum.

539 2294 947 2357 Invidia'autem
971 2299 1168 2355 diaboli
1197 2315 1338 2354 mors
1366 2294 1599 2353 introivit
1624 2297 1677 2349 in
1703 2294 1878 2349 orbem
1906 2299 2074 2345 terra-

474 2389 836 2502 fulminantur
863 2453 1038 2501 autem
1065 2443 1214 2500 illum
1243 2443 1335 2515 qui
1361 2447 1482 2498 sunt
1501 2455 1565 2496 ex
1592 2445 1740 2511 parte
1759 2434 1926 2491 illius.

1091 2556 1322 2615 CAPUT
1361 2555 1450 2614 III.

545 2653 820 2710 Justorum
849 2661 1022 2709 autem
1065 2651 1253 2706 anima:
1297 2650 1353 2705 in
1382 2663 1544 2704 manu
1586 2646 1685 2703 Dei
1721 2651 1864 2714 sunt,
1901 2652 1948 2698 et
1974 2656 2076 2698 non

473 2733 645 2796 tanget
671 2727 790 2781 illos
820 2733 1131 2796 tormentum
1152 2722 1357 2796 mortis.

561 2787 665 2852 Visi
695 2805 816 2852 sunt
852 2796 1018 2851 oculis
1058 2794 1414 2865 insipientium
1442 2790 1577 2847 mori
1601 2805 1619 2846 :
1641 2796 1688 2844 et
1717 2787 1975 2844 xstimata
1999 2793 2077 2841 est

471 2869 694 2942 afﬂictio
719 2868 890 2942 exitus
911 2867 1144 2942 illorum.

549 2939 620 2994 Et
647 2939 784 3010 quod
824 2956 858 2992 a
900 2939 1048 2993 nobis
1079 2945 1155 2993 est
1183 2939 1302 3006 iter,
1346 2931 1714 2991 exterminium
1745 2946 1762 2986 :
1793 2929 1878 2984 illi
1903 2937 2077 2985 autem

475 3022 597 3070 sunt
624 3013 680 3066 in
707 3027 851 3082 pace.

551 3083 620 3138 Et
655 3074 718 3138 si'
743 3097 921 3137 coram
949 3079 1244 3135 hominibus
1290 3086 1546 3133 tormenta
1590 3074 1731 3147 passi
1769 3080 1913 3141 sunt,
1959 3089 2078 3145 spes

475 3154 690 3210 illorum
718 3152 1110 3207 immortalitate
1139 3151 1293 3220 plena
1328 3159 1420 3204 est.

545 3206 821 3297 manu
844 3206 1035 3297 vexati,
1075 3206 1150 3276 in'
1173 3221 1345 3297 multis
1389 3206 1883 3297 benedisp‘onentur
1907 3230 1926 3270 :
1947 3233 2076 3287 quo-
2103 3231 2150 3295 ρ

472 3298 618 3351 niam
642 3289 784 3350 Deus
812 3293 1020 3350 tentavit
1046 3308 1156 3359 eos,
1185 3301 1232 3346 et
1262 3292 1456 3346 invenit
1486 3290 1611 3345 illos
1630 3289 1826 3359 dignos
1853 3303 1928 3341 se.

553 3365 840 3438 Tamquam
868 3380 1056 3438 aurum
1095 3358 1150 3418 in
1177 3365 1389 3438 fornace
1415 3363 1645 3438 probavit
1675 3358 1828 3425 illos,
1855 3368 1903 3412 et
1931 3359 2082 3438 quasi

477 3431 772 3493 holocau'sti
811 3437 1036 3491 hostiam
1077 3431 1274 3505 accepit
1318 3431 1470 3502 illos,
1519 3442 1568 3488 et
1610 3433 1666 3486 in
1712 3441 1939 3501 tempore
1979 3431 2079 3486 erit

476 3519 741 3578 respectus
769 3507 1001 3564 illorum.

482 3653 516 3707 ά
550 3573 849 3653 Fulgebunt
879 3578 1030 3650 justi,
1065 3587 1114 3633 et
1135 3585 1397 3649 tamquam
1423 3575 1667 3642 scintilla:
1695 3574 1750 3629 in
1772 3573 2078 3628 arundineto

521 3655 794 3707 iscurrent.

521 3655 794 3708 iscurrent.

553 3721 873 3777 Judicabnnt
915 3721 1170 3791 nationes,
1219 3728 1268 3776 et
1311 3719 1715 3775 dominabuntur
1757 3714 1988 3791 populis,
2029 3722 2078 3769 et

480 3795 716 3866 regnabit
739 3793 995 3866 Dominus
1023 3791 1238 3866 illorum
1266 3793 1321 3866 in
1347 3802 1670 3866 perpetuum.

559 3866 663 3933 Qui
691 3864 957 3934 confidunt
979 3865 1035 3917 in
1055 3865 1172 3930 illo,
1195 3858 1483 3934 intelligent
1508 3862 1767 3934 veritatem
1791 3876 1810 3916 :
1832 3868 1879 3914 et
1901 3858 2080 3928 ﬁdeles

479 3937 535 3990 in
564 3933 839 3991 dilectione
877 3936 1201 4006 acquiescent
1230 3934 1313 3988 illi
1341 3933 1627 4004 {quoniam
1655 3933 1850 3986 donum
1885 3941 1934 3984 et
1975 3946 2080 4001 pax

479 4009 758 4081 est_elecitis
780 4010 913 4081 ejus.

557 4078 590 4133 Ι
595 4080 718 4149 mpii
745 4073 918 4132 autem
947 4078 1233 4134 secundum
1253 4093 1369 4145 qute
1391 4077 1762 4150 cogitaverunt,
1794 4073 2078 4150 conreptio-

481 4167 598 4205 nem
626 4144 923 4206 habebunt:
953 4151 1041 4221 qui
1072 4144 1404 4221 neglexerunt
1438 4144 1668 4220 justum,
1701 4154 1749 4200 et
1777 4162 1810 4199 a
1850 4144 2074 4198 Domino

478 4230 819 4277 recesserunt.

554 4292 880 4364 Sapientiam
913 4295 1070 4359 enim,
1102 4301 1151 4349 et
1180 4292 1528 4365 disciplinam
1545 4292 1634 4362 qui
1660 4289 1860 4365 abjicit,
1893 4287 2080 4365 infelix

481 4374 596 4437 est:
627 4362 860 4437 etvacua
899 4374 972 4420 est
998 4381 1113 4437 spes
1152 4362 1398 4433 illorum,
1439 4373 1486 4420 et
1513 4362 1850 4418 labores'sine
1878 4362 2076 4431 fructu,

481 4445 530 4489 et
554 4436 762 4508 inutilia
782 4452 938 4508 opera
965 4436 1164 4491 eorum.

550 4503 824 4563 Mulieres
848 4523 1028 4562 eorum
1066 4508 1344 4564 insensata:
1373 4516 1520 4576 sunt,
1561 4515 1609 4562 et
1636 4504 1936 4578 nequissimi
1981 4503 2080 4576 ﬁlii

477 4594 678 4634 eorum.

551 4649 834 4726 Maledicta
854 4660 1097 4707 creatura
1117 4667 1316 4720 eorum,
1338 4653 1582 4726 quoniam
1602 4652 1728 4726 felix
1747 4657 1824 4726 est
1843 4647 2035 4726 sterilis
2049 4664 2069 4703 :

475 4730 532 4795 ei
555 4723 964 4795 t'ttcoinquinata,
992 4739 1106 4795 quas
1133 4719 1575 4780 nescivit'thorum
1599 4719 1652 4779 in
1674 4724 1882 4788 delicto,
1912 4719 2070 4774 habe-

484 4792 556 4846 bit
550 4793 810 4917 Εζ’νιιειωη
839 4798 893 4850 in
918 4792 1236 4865 respectione
1264 4797 1557 4851 animarum
1580 4804 1904 4853 sanctarum.

602 4876 618 4917 t
645 4867 828 4917 spado-
861 4867 950 4917 aui
975 4883 1080 4917 non
1104 4876 1348 4917 oneratus
1381 4878 1455 4917 est
1480 4886 1570 4917 ner
1598 4883 1784 4917 manus
1815 4881 1904 4917 sua

602 4876 618 4917 t
645 4867 828 4937 spado,
861 4867 950 4938 qui
975 4864 1080 4940 non
1104 4876 1348 4940 operatus
1381 4878 1455 4922 est
1479 4886 1570 4940 per
1598 4883 1784 4922 manus
1815 4881 1938 4940 suas
1964 4864 2067 4918 ini-

478 4939 744 5008 quitatem,
789 4955 881 4993 nec
923 4939 1162 5008 cogitavit
1207 4939 1448 4994 adversus
1480 4937 1668 4995 'Deum
1711 4937 2070 5008 nequissima:

480 5007 689 5080 dabitur
717 5010 852 5063 enim
875 5008 955 5063 illi
981 5007 1104 5077 Iidei
1125 5011 1320 5064 donum
1341 5010 1573 5080 electum,
1597 5021 1646 5066 et
1667 5007 1857 5065 sorsin
1882 5007 2072 5078 templo

476 5078 580 5133 Dei
606 5082 990 5150 acceptissima.

550 5150 819 5230 Bonorum
847 5155 991 5230 enim
1013 5152 1248 5230 laborum
1261 5155 1528 5230 gloriosus
1549 5164 1625 5212 est
1645 5157 1867 5230 fructus,
1890 5158 1938 5209 et
1958 5165 2074 5224 qua:

480 5238 584 5278 non
613 5225 849 5279 concidat
874 5226 1029 5281 radix
1049 5225 1338 5297 sapientiie.

543 5451 574 5481 α
599 5440 932 5513 Augustinus
971 5441 1043 5499 de
1087 5442 1344 5498 Doctrina
1391 5441 1700 5498 Christiana
1733 5441 1768 5496 l.
1798 5455 1858 5511 ιι,
1887 5455 1938 5498 c.
1973 5443 2061 5513 12,

472 5531 530 5572 ιι.
568 5516 638 5570 18
669 5532 683 5568 :
711 5512 853 5568 Hinc
874 5515 1130 5587 estetiam
1180 5514 1611 5587 illud,squoniam
1654 5513 1863 5587 μόσχος
1892 5512 2062 5582 (Edit.

473 5601 762 5659 perperam
789 5586 993 5659 u6x0;)_
1025 5584 1200 5640 Graece
1229 5585 1432 5659 vitulus
1468 5584 1681 5659 dicitur,
1713 5584 2060 5659 μὸᾶχεύματα

474 5656 690 5727 quidam
717 5673 822 5711 non
851 5656 1212 5711 intellexerunt
1239 5673 1346 5711 esse
1372 5656 1755 5726 plantationes,
1793 5656 2059 5714 etvitula-

471 5731 621 5786 mina
648 5729 969 5796 interpretati
998 5736 1160 5782 sunt:
1204 5729 1290 5798 qui
1311 5745 1451 5782 error
1475 5739 1583 5782 tam
1622 5731 1809 5783 multos
1858 5730 2057 5786 codices

473 5802 870 5872 preeoccupavit,
900 5808 954 5852 ut
977 5800 1061 5853 vix
1086 5800 1380 5854 inveniatur
1408 5801 1564 5855 aliter
1600 5801 1870 5869 scriptum,
1891 5811 1940 5856 et
1971 5811 2055 5856 ta-

475 5889 592 5927 men
619 5875 868 5926 sententia
895 5872 1318 5938 manifestissima
1342 5881 1438 5940 est,
1467 5873 1591 5938 quia
1619 5873 1849 5929 clarescit
1879 5888 2056 5929 conse~

2102 1845 2152 1906 B

2169 501 2232 557 ab
2258 501 2439 572 iniquo
2471 498 2619 572 thoro
2645 515 2820 572 semen
2848 495 3297 572 exterminabitur.

2241 571 2312 625 Et
2341 565 2386 625 si
2415 569 2627 642 quidem
2653 568 2823 640 longte
2850 570 2968 624 vita:
2996 577 3184 642 erunt,
3201 569 3255 642 in
3295 565 3519 621 nihilum
3557 582 3772 642 compu-

2172 637 2444 711 tabuntur,
2486 651 2534 696 et
2572 643 2682 697 sine
2717 637 2915 697 honore
2945 641 3042 695 erit
3068 639 3346 695 novissima
3383 647 3616 693 senectus
3644 637 3770 693 illo-

2170 731 2288 770 rum
2298 755 2311 768 .

2243 787 2313 839 Et
2341 785 2386 840 si
2416 783 2897 855 celerius'defuncti
2923 783 3137 855 fuerint,
3162 797 3264 837 non
3306 780 3559 837 habebunt
3599 797 3766 853 spem,

2171 874 2264 914 nec
2286 857 2346 928 in
2370 854 2454 912 die
2475 854 2759 928 agnitionis
2779 854 3169 928 allocutionem.

2244 927 2492 986 Nationis
2509 925 2659 984 'enim
2686 927 2878 1000 iniqua!
2898 927 3031 982 dira:
3053 935 3177 982 sunt
3203 925 3698 982 consuntmationes.

2378 1051 2389 1095 ς
2791 1042 3024 1101 CAPUT
3060 1041 3156 1099 1v.
3207 1049 3212 1052 ·

2250 1160 2296 1214 0
2323 1175 2474 1232 quam
2503 1159 2721 1234 pulchra
2751 1166 2825 1214 est
2863 1165 3008 1234 casta
3043 1155 3304 1234 generatio
3341 1171 3459 1234 cum
3488 1154 3732 1212 claritate

2173 1227 2484 1287 immortalis
2503 1227 2587 1288 'est
2612 1232 2748 1288 enim
2774 1229 3022 1285 memoria
3046 1227 3247 1284 illius:
3272 1227 3520 1300 quoniam
3548 1237 3596 1283 et
3628 1229 3774 1300 apud

2175 1300 2348 1374 Deum
2375 1313 2498 1359 nota
2524 1312 2619 1370 est,
2649 1312 2696 1358 et
2729 1302 2871 1374 apud
2892 1299 3148 1374 homines.

2247 1373 2377 1430 Cum
2405 1390 2633 1445 praesens
2659 1370 2775 1440 est,'
2806 1375 3081 1428 imitantur
3132 1371 3282 1426 illam
3318 1385 3337 1424 :
3368 1380 3418 1424 et
3471 1370 3772 1426 desiderant

2175 1462 2290 1501 eam
2315 1463 2432 1501 cum
2455 1462 2510 1501 se
2542 1447 2802 1511 eduxerit,
2834 1455 2883 1499 et
2911 1445 2966 1498 in
2985 1453 3286 1516 perpetuum
3313 1449 3565 1516 coronata
3586 1445 3781 1516 trium-

2175 1516 2309 1590 phat
2326 1519 2836 1590 incoinquinatorum
2869 1514 3214 1590 certaminum
3244 1514 3516 1590 prmium
3545 1515 3774 1590 vincens.

2249 1585 2540 1661 Multigena
2565 1597 2741 1661 autem
2763 1586 3467 1661 impiorum_multitudonon
3485 1585 3582 1661 erit
3607 1586 3776 1653 utilis,

2177 1667 2227 1714 et
2252 1656 2433 1728 spuria
2489 1670 2516 1699 α
2562 1656 2876 1714 υἱιαιαηιξηά
2895 1674 3000 1713 non
3026 1656 3223 1712 dabunt
3251 1657 3452 1712 radices
3493 1656 3652 1728 altas,
3687 1673 3781 1712 nec

2177 1728 2364 1803 stabile
2390 1732 2772 1803 ﬁrmamentum
2816 1728 3166 1784 collocabant.
3212 1799 3223 1803 _
3390 1800 3400 1803 _
3586 1800 3598 1803 4
3690 1801 3698 1803 Α
3767 1728 3770 1730 ⁷

2249 1801 2320 1856 Et
2347 1799 2472 1858 siin
2514 1803 2676 1858 ramis
2725 1803 2782 1856 in
2810 1811 3038 1870 tempore
3061 1799 3478 1871 germinaverint,
3505 1800 3782 1871 inﬁrmiter

2177 1875 2348 1946 posita
2367 1892 2400 1930 a
2423 1884 2570 1931 vento
2600 1873 3072 1944 commovebuntur,
3097 1880 3144 1926 et
3169 1887 3202 1925 a
3227 1871 3490 1926 nimietate
3511 1882 3780 1928 ventorum

2179 1945 2604 2003 eradicabuntur.

2248 2015 2650 2090 Confringentur
2698 2018 2840 2090 enim
2887 2015 3024 2068 rami
3055 2011 3537 2090 hinconsummati,
3566 2021 3635 2090 _et
3664 2018 3779 2088 fru-

2176 2098 2288 2144 ctus
2331 2083 2542 2145 illorum
2571 2089 2806 2156 inutiles,
2851 2095 2900 2142 et
2927 2083 3099 2140 acerbi
3125 2085 3195 2138 ad
3247 2083 3686 2154 manducandum,
3731 2095 3783 2146 et

2175 2162 2245 2214 ad
2261 2161 2493 2234 nihilum
2513 2162 2642 2234 apti.

2248 2227 2702 2304 Exiniquis'enim
2733 2229 2927 2285 somnis
2965 2227 3082 2296 ﬁlii,
3140 2227 3241 2304 qui
3276 2234 3581 2304 nascuntur,
3627 2237 3782 2285 testes

2175 2311 2298 2375 sunt
2331 2299 2571 2375 nequitia
2589 2304 2841 2358 adversus
2871 2307 3108 2372 parentes
3137 2299 3190 2352 in
3219 2299 3631 2375 interrogatione
3663 2317 3778 2355 sua.

2177 2445 2209 2516 Τ
2237 2373 2284 2458 ..1
2290 2372 2435 2459 ustus
2469 2385 2641 2460 autem
2688 2376 2734 2430 si
2782 2381 2946 2428 morte
2981 2378 3373 2443 praeoccupatus
3401 2372 3580 2441 fuerit,
3613 2373 3668 2426 in
3695 2389 3781 2426 re-

2202 2462 2392 2516 rigerio
2419 2457 2537 2502 erit.
2890 2513 2898 2516 Α
3302 2514 3330 2516 ἡ

2202 2448 2392 2502 'riaerio
2419 2449 2537 2502 erit.

2287 2464 2392 2502 erro
2419 2464 2537 2502 erit.

2251 2464 2504 2574 genectus
2532 2518 2670 2573 enim
2694 2513 3000 2574 venerabilis
3021 2522 3099 2569 est
3141 2530 3245 2568 non
3275 2514 3528 2570 diuturna
3547 2556 3563 2581 ,
3620 2530 3784 2585 neque

2177 2605 2434 2712 gnum-um
2475 2605 2689 2646 numero
2719 2594 3015 2660 computata
3034 2600 3055 2641 .'
3083 2585 3204 2640 cani
3240 2595 3413 2640 autem
3443 2593 3562 2640 sunt
3587 2602 3774 2644 δεηδιιε

2218 2676 2428 2712 οηιιηπε.

2218 2676 2354 2716 οτηιη
2362 2678 2405 2715 18
2413 2699 2428 2718 ο

2250 2733 2322 2786 Et
2348 2741 2473 2787 tetas
2501 2732 2780 2788 senectutis
2800 2729 2909 2786 vita
2937 2727 3292 2784 immaculata.

2251 2802 2476 2860 Placens
2499 2803 2611 2858 Deo
2641 2804 2812 2873 factus
2837 2809 2910 2856 est
2934 2798 3174 2868 dilectus,
3205 2810 3256 2856 et
3282 2799 3456 2855 vivens
3491 2801 3627 2856 inter
3654 2817 3778 2873 pec-

2184 2884 2382 2930 catores
2411 2875 2697 2930 translatus
2721 2884 2815 2930 est.

2251 2947 2457 3019 Raptus
2481 2955 2577 3014 est,
2602 2963 2664 3001 ne
2693 2944 2895 3019 malitia
2918 2950 3143 3019 mutaret
3170 2942 3486 3006 intellectum
3517 2947 3653 3017 ejus,
3679 2954 3771 2998 aut

2180 3033 2246 3072 ne
2271 3015 2416 3084 ﬁctio
2437 3019 2692 3089 deciperet
2713 3015 3135 3089 animamillius.

2251 3085 2562 3144 Fascinatio
2588 3090 2726 3144 enim
2773 3087 3088 3160 nugacitatis
3134 3085 3376 3160 obscurat
3426 3086 3587 3153 bona,
3619 3095 3669 3141 et
3696 3089 3780 3142 in-

2178 3162 2470 3287 faustantia
2507 3158 3255 3233 concupiscentia:transvertit
3281 3174 3489 3213 sensum
3533 3160 3644 3214 sine
3670 3175 3782 3213 nta-

2206 3241 2322 3287 ttta.

2206 3233 2322 3287 ilia.

2255 3301 2654 3358 Consummatus
2675 3303 2728 3356 in
2749 3301 2887 3374 brevi
2913 3300 3392 3374 explevititempora
3418 3301 3602 3355 multa.

2177 3375 2214 3441 ἒ
2249 3375 2462 3429 Placita
2482 3376 2616 3429 enim
2629 3383 2739 3429 erat
2761 3371 2870 3427 Deo
2891 3371 3272 3446 animaillius.‘
3299 3373 3621 3446 propterhoc
3650 3389 3781 3446 pro-

2180 3448 2379 3519 peravit
2414 3448 2630 3501 educere
2677 3446 2830 3500 illum
2853 3446 2918 3500 de
2938 3517 2946 3519 _
2967 3443 3137 3519 medio
3182 3443 3508 3514 iniquitatum
3541 3460 3560 3498 :
3589 3443 3783 3519 populi

2179 3515 2352 3572 autem
2389 3519 2644 3584 videntes,
2697 3525 2746 3571 et
2780 3532 2884 3571 non
2929 3515 3294 3588 intelligentes,
3333 3531 3424 3569 nec
3451 3525 3696 3587 ponentes
3727 3517 3782 3570 in

2180 3589 2482 3660 praecordiis
2511 3589 2660 3644 talia.
2764 3658 2781 3660 _
2835 3659 2843 3660 ί
2879 3625 2881 3628 ‹

2257 3661 2517 3729 Quoniam
2543 3661 2719 3732 gratia
2746 3658 2866 3732 Dei,
2896 3667 2945 3714 et
2973 3655 3334 3732 misericordia
3372 3666 3449 3713 est
3478 3659 3534 3713 in
3575 3668 3784 3714 sanctos

2180 3735 2320 3804 ejus,
2346 3740 2392 3786 et
2426 3729 2689 3801 respectus
2709 3732 2763 3784 in
2787 3731 2976 3804 electos
2994 3729 3161 3784 illius.

2253 3799 2570 3874 Condemn'at
2601 3811 2775 3862 autem
2792 3803 2966 3874 justus
3020 3809 3253 3874 mortuus
3301 3799 3441 3874 vivos
3490 3801 3698 3874 impios,
3732 3810 3782 3856 et

2170 3877 2416 3946 juventus
2447 3873 2664 3946 celerius
2680 3882 3056 3946 consummata,
3086 3873 3293 3946 longam
3313 3873 3470 3926 vitam
3494 3873 3708 3946 injusti.

2262 3945 2524 4017 Videbunt
2572 3945 2709 4017 enim
2748 3944 3211 4017 [inem_sapientis,
3243 3952 3293 3995 et
3339 3945 3440 3997 nan
3485 3944 3782 4017 intelligent

2217 4016 2306 4100 uid
2326 4017 2636 4100 cogitaverit
2663 4016 2728 4070 de
2762 4013 2856 4070 illo
2894 4013 3054 4083 Deus,
3087 4024 3136 4070 et
3163 4029 3323 4085 quare
3349 4015 3594 4070 munierit
3628 4013 3782 4070 illum

2234 4104 2456 4144 ominus.

2186 4232 2198 4244 .
2260 4161 2541 4286 nidbebunt,
2561 4167 2612 4214 et
2637 4167 2966 4215 contemnent
2995 4174 3110 4214 eum
3137 4157 3297 4214 :illos
3323 4166 3498 4213 autem
3524 4156 3782 4216 Dominus

2186 4248 2274 4286 vrri
2315 4249 2342 4286 e
2376 4242 2436 4286 tt.

2179 4233 2436 4287 irridebit.

2251 4302 2324 4358 Et
2354 4311 2505 4358 erunt
2535 4310 2648 4374 post
2667 4301 2781 4358 haec
2807 4301 3096 4357 decidentes
3115 4302 3227 4358 sine
3249 4301 3468 4369 honore,
3498 4311 3548 4356 et
3572 4302 3627 4356 in
3649 4319 3774 4357 con-

2182 4375 2393 4430 tumelia
2439 4377 2574 4430 inter
2607 4384 2842 4429 mortuos
2889 4375 2944 4429 in
2986 4383 3290 4446 perpetuum
3327 4390 3346 4428 :
3389 4374 3780 4446 quonriam‘di's-

2180 4455 2385 4518 rumpet
2411 4447 2534 4501 illos
2571 4446 2783 4516 inﬂatos
2813 4447 2927 4502 sine
2953 4442 3093 4511 voce,
3141 4455 3189 4500 et
3224 4442 3556 4518 commovebit
3597 4442 3722 4501 illos
3745 4461 3779 4499 a

2183 4515 2556 4589 fundamentis,
2585 4515 2636 4572 et
2659 4535 2820 4588 usque
2857 4519 2927 4571 ad
2955 4533 3253 4589 supremum
3291 4515 3664 4589 desolabuntur
3686 4533 3705 4572 :
3732 4527 3781 4572 et

2101 4624 2158 4686 Β
2179 4587 2330 4686 erisnt
2348 4598 2626 4675 gementes,
2656 4599 2704 4674 et
2731 4591 2979 4672 memoria
3005 4587 3218 4643 illorum
3246 4587 3453 4660 peribit.

2257 4658 2476 4717 Veriient
2501 4664 2553 4733 in
2576 4661 2890 4733 cogitatione
2919 4658 3256 4733 peccatorum
3271 4674 3488 4733 suorum
3510 4658 3699 4728 timidi,
3729 4667 3780 4714 et

2175 4733 2447 4790 traducent
2466 4732 2585 4789 illos
2609 4731 2923 4788 ex'adverso
2952 4731 3244 4801 iniquitates
3272 4731 3527 4802 ipsorum.

2803 4846 3031 4905 CAPUT
3069 4846 3138 4905 ν.

2249 4942 2399 4998 Tunc
2441 4942 2649 4996 stabunt
2696 4941 2832 5013 justi
2862 4941 2916 4994 in
2955 4955 3164 5013 magna,
3192 4938 3484 5013 constantia
3524 4937 3778 5013 adversus

2177 5031 2268 5070 eos
2293 5015 2384 5084 qui
2411 5031 2465 5067 se
2489 5009 2942 5085 angustiaverunt,
2991 5009 3058 5066 et'
3077 5011 3167 5083 qui
3211 5010 3535 5066 abstulerunt
3570 5009 3779 5066 labores

2179 5102 2503 5212 mmini“
2535 5155 2882 5211 turbabuntur
2928 5155 3108 5210 timore
3145 5153 3404 5224 horribili,
3435 5163 3483 5210 et
3509 5141 3781 5210 mirabun-

2182 5237 2268 5284 tur
2295 5229 2349 5284 in
2378 5229 2689 5285 subitatione
2712 5231 2987 5301 insperatae
3016 5226 3220 5283 salutis.

2171 5443 2447 5513 quentibus
2492 5443 2658 5498 verbis
2687 5459 2707 5498 :
2738 5440 2980 5510 Namque
3029 5437 3354 5513 adulterina:
3407 5435 3779 5513 plantationes

2171 5511 2281 5571 non
2309 5517 2514 5572 dabunt
2541 5515 2758 5571 radices
2783 5513 2942 5581 alias,
2971 5511 3589 5581 convenientiusdicitur,
3620 5523 3778 5575 quam

2169 5587 2506 5649 vitulamina,
2535 5601 2650 5658 qua:
2693 5580 2932 5658 pedibus
2956 5583 3008 5638 in
3047 5593 3184 5638 terra
3225 5580 3560 5655 gradiuntur,
3593 5589 3775 5634 etnon

2171 5661 2368 5714 luerent
2391 5657 2675 5712 radicibus.

2240 5731 2266 5769 ι’
2293 5729 2432 5785 Editi
2460 5729 2553 5786 alii
2581 5729 2706 5787 libri
2729 5742 3018 5802 perperam
3045 5725 3390 5785 consummati
3415 5741 3435 5782 :
3456 5732 3644 5783 contra
3670 5722 3770 5780 Gr.

2160 5803 2508 5863 ἁτελέστατοι.
