4182 6338
365 353 471 413 409

1668 353 1875 412 LIBER
1910 353 2313 414 SAPIENTI/E.

3561 351 3670 412 410

441 467 870 553 ὓξσεηιςῌηιιά
897 484 970 529 se.
1003 465 1350 555 pmuiten't‘iam
1390 475 1619 539 agentes,
1651 478 1963 555 et.pra2_an-
1993 471 2046 530 A
2073 485 2166 555 nec
2188 468 2439 524 verebitur
2463 467 2884 555 magnitudinem
2905 469 3265 555 cujusquam}
3295 469 3537 540 quoniam
3570 486 3668 555 pq:

364 543 537 612 gustia
580 541 796 608 spiritus
851 550 1154 611 gementes:
1209 539 1283 593 Ili
1335 549 1456 612 sunt
1502 555 1654 612 quos,
1694 539 1968 594 habuimus

364 611 650 682 aliquando
679 614 731 667 in
763 613 991 666 derisum
1029 612 1158 667 etin
1203 611 1597 666 similitudinem
1641 611 1962 682 improperii.

476 631 650 666 uanao
679 631 731 667 ιη
763 631 991 666 aertsum
1029 631 1076 667 et
1103 631 1158 666 in
1203 631 1597 666 stmuuuamem
1641 631 1961 682 improperu.

435 631 554 739 zios
579 685 830 738 insensati
850 686 1007 738 vitam
1041 683 1255 737 illorum
1277 682 1660 737 testimabamus
1681 684 1961 749 insaniam,

360 763 411 810 et
439 755 598 824 finem
626 754 842 811 illorum
867 756 978 810 sine
1005 755 1220 809 honore.

431 824 570 882 Ecce
588 827 849 898 quomodo
905 827 1184 898 computati
1224 834 1344 880 sunt
1398 827 1530 881 inter
1583 825 1721 896 filios
1759 825 1879 894 Dei,
1913 834 1962 880 et

363 898 501 951 inter
523 897 730 953 sanctos
756 914 872 952 sors
890 897 1100 952 illorum
1131 907 1230 952 est.

433 968 575 1042 Ergo
599 971 883 1042 erravimus
903 986 938 1042 a
965 971 1048 1023 via
1066 969 1318 1034 veritatis,
1344 977 1393 1024 et
1415 969 1636 1039 iustitia:
1657 969 1832 1024 lumen
1857 985 1961 1025 non

361 1040 694 1112 lungitnobis,
721 1047 766 1096 et
791 1040 870 1095 sol
895 1041 1245 1112 intelligentia:
1275 1057 1378 1094 non
1418 1048 1489 1094 est
1511 1050 1652 1097 ortus
1678 1042 1850 1095 nobis.

428 1110 640 1168 Lassati
695 1129 872 1167 sumus
898 1113 955 1167 in
1006 1110 1411 1184 viariniquitatis
1457 1120 1503 1166 et
1551 1113 1876 1184 perditionis.
1911 1123 1960 1168 et

359 1184 742 1267 ambulavimus
771 1185 882 1238 vias
912 1183 1180 1256 difficiles,
1208 1184 1342 1238 viam
1369 1183 1784 1238 autem’Domini
1812 1185 1958 1256 igno-

356 1270 610 1310 ravtmus.

428 1325 577 1402 Quid
597 1326 745 1381 nobis
771 1327 970 1402 profuit
998 1325 1278 1402 superbia?
1305 1333 1396 1380 aut
1417 1325 1718 1380 divitiarum
1740 1329 1954 1402 jactan-

428 1345 569 1391 uuia
597 1345 745 1381 notus
808 1345 970 1398 rofuu
998 1345 1276 1398 superata:
1305 1345 1396 1380 aut
1417 1345 1434 1378 ι

353 1396 428 1451 tia
448 1398 577 1462 quid
603 1345 824 1453 contulit
851 1399 996 1454 nobis
1014 1400 1040 1453 ?
1432 1428 1434 1430 τ

420 1467 769 1525 Transierunt
799 1471 973 1525 omnia
1016 1470 1110 1525 illa
1152 1478 1414 1542 tamquam
1465 1468 1673 1537 umbra,
1719 1478 1769 1526 et
1820 1479 1954 1527 tant-

355 1557 513 1611 quam
541 1543 760 1596 nuntius
801 1558 1124 1611 percurrens.

421 1610 492 1665 Et
561 1610 826 1683 tamquam
879 1614 1044 1678 navis,
1108 1629 1223 1684 qua:
1285 1612 1562 1682 pertransit
1611 1617 1950 1686 fluctuantem

349 1699 541 1757 aquam
574 1700 592 1735 :
621 1686 771 1756 cujus
817 1701 930 1738 cum
984 1687 1312 1757 prwterierit,
1347 1703 1448 1741 non
1478 1694 1550 1740 est
1572 1687 1841 1756 vestigium
1869 1692 1944 1744 in-

350 1755 525 1827 venire
553 1755 716 1825 neque
745 1755 1199 1812 semitam'carina:
1221 1759 1363 1812 illius
1387 1758 1442 1812 in
1468 1755 1718 1827 fluctibus
1741 1775 1760 1813 :

417 1826 519 1900 Aut
540 1837 801 1896 tamquam
823 1831 949 1895 avis,
972 1843 1086 1894 qua:
1110 1830 1392 1883 transvolat
1413 1826 1626 1893 iuuere,
1657 1831 1804 1900 cujus
1827 1833 1946 1887 nul-

346 1898 455 1972 lum
478 1899 737 1972 invenitur
752 1908 1113 1972 argumentum
1141 1901 1366 1964 itineris,
1396 1900 1486 1954 sed
1516 1898 1724 1972 tantum
1745 1906 1946 1958 sonitus

348 1967 560 2044 alarum
586 1967 856 2025 verberans
887 1971 1283 2044 levemqventum
1315 1989 1332 2025 :
1370 1981 1419 2025 et
1460 1971 1697 2044 scindens
1727 1990 1818 2044 per
1844 1977 1944 2029 vim

345 2040 549 2116 itineris
571 2059 742 2116 aerem
766 2058 784 2095 :
826 2042 1092 2116 commotis
1108 2044 1216 2116 alis
1246 2043 1605 2116 transvolavit,
1638 2055 1685 2098 et
1705 2040 1821 2116 post
1845 2044 1943 2101 hoc

347 2111 555 2166 nullum
584 2115 788 2181 signum
820 2113 1074 2167 invenitur
1101 2114 1301 2169 itineris
1335 2112 1479 2169 illius
1513 2124 1548 2167 :‘

414 2182 521 2236 Aut
544 2195 802 2254 tamquam
829 2187 1021 2255 sagitta
1062 2185 1246 2239 emissa
1274 2187 1329 2240 in
1376 2188 1548 2239 locum
1600 2185 1934 2256 destinatum,

341 2254 538 2329 divisus
587 2273 682 2329 aer
719 2254 962 2310 continuo
1006 2257 1061 2310 in
1106 2272 1160 2311 se
1197 2258 1428 2312 reclusus
1445 2265 1542 2327 est,
1594 2266 1650 2311 ut
1675 2254 1940 2329 ignoretur

346 2327 599 2381 transitus
619 2326 785 2382 illius.

411 2397 507 2452 Sic
530 2407 582 2452 et
605 2415 699 2452 nos
729 2399 838 2454 nati
864 2400 1105 2455 continuo
1155 2399 1434 2456 desivimus
1461 2415 1570 2454 esse
1593 2415 1612 2453 :
1642 2409 1689 2454 et
1729 2403 1936 2457 virtutis

338 2468 550 2550 quidem
579 2469 784 2524 nullum
827 2471 1031 2543 signum
1056 2471 1312 2550 valuimus
1356 2471 1621 2526 ostendere
1649 2488 1668 2528 :
1699 2473 1752 2527 in
1783 2475 1938 2528 mali-

339 2544 540 2614 gni_tate
567 2550 739 2614 autem
764 2553 942 2597 nostra
983 2544 1277 2614 consumpti
1305 2560 1503 2598 sumus.

412 2610 830 2686 Ialiadixerunt
850 2615 904 2686 in
925 2613 1130 2683 inferno
1150 2610 1224 2679 hi,
1248 2615 1338 2685 qui
1355 2622 1711 2686 peccaverunt.

410 2681 670 2757 Quoniam
713 2700 827 2756 spes
872 2681 1020 2754 impii
1071 2681 1331 2755 tamquam
1355 2681 1561 2756 lanugo
1610 2696 1706 2757 est,
1758 2704 1873 2756 qua:
1901 2707 1935 2745 α

332 2764 484 2831 uento
510 2755 746 2831 tollitur,
768 2765 814 2810 et
841 2767 1098 2828 tamquam
1133 2774 1315 2829 spuma
1338 2755 1572 2831 gracilis,
1598 2755 1716 2830 quae
1745 2776 1777 2813 a
1805 2777 1931 2831 pro-

333 2825 463 2903 cella
490 2825 810 2898 dispergitur
838 2844 858 2884 :
883 2837 932 2882 et
957 2825 1238 2899 tamquam
1269 2825 1462 2903 fumus,
1487 2830 1576 2903 qui
1597 2825 1629 2882 ὰ
1651 2825 1932 2903 υωιιόάίί-

331 2899 484 2964 fusus
529 2908 606 2954 est
633 2913 662 2973 :A
683 2909 730 2952 et
786 2908 1048 2973 tamquam
1094 2901 1342 2954 memoria
1369 2899 1588 2972 hospitis
1636 2905 1794 2956 unius
1828 2899 1933 2958 diei

330 2971 715 3035 praetereuntis.

398 3037 434 3092 J
441 3041 545 3094 usti
573 3051 747 3095 autem
773 3042 828 3096 in
855 3053 1159 3114 perpetuum
1185 3043 1370 3108 vivent,
1401 3051 1449 3097 et
1469 3042 1612 3115 apud
1647 3043 1928 3100 Dominum

327 3121 620 3186 est_merces
644 3128 846 3186 eorum,
870 3123 917 3168 et
935 3116 1180 3186 cogitatio
1192 3115 1400 3170 illorum
1419 3114 1562 3184 apud
1577 3114 1926 3173 Altissimum.

400 3180 530 3236 Ideo
561 3180 1066 3261 accipient’regnum‘
1113 3186 1335 3261 decoris,
1358 3193 1407 3239 et
1449 3180 1690 3240 diadema
1741 3192 1930 3261 speciei

2072 541 2248 614 silium
2275 551 2323 596 et
2345 541 2590 614 magnum
2634 541 2746 612 ipse
2785 541 2926 613 fecit,
2960 541 3006 595 et
3041 543 3309 613 wqualiter
3335 558 3461 597 cura
3485 551 3557 598 est
3587 542 3668 598 illi

2071 612 2134 666 de
2157 614 2417 668 omnibus.

2140 683 2472 739 Fortioribus
2498 693 2667 738 autem
2696 684 2884 755 fortior
2913 685 3075 739 instat
3105 686 3374 740 cruciatio.

2138 755 2220 808 Ad
2244 773 2331 810 vos
2357 773 2501 830 ergo,
2532 772 2698 828 reges,
2731 765 2854 830 sunt
2880 756 2933 830 hi
2959 773 3220 830 sermones
3260 757 3379 826 mei,
3409 763 3464 810 ut
3489 756 3660 813 discao

2067 825 2132 880 tis
2160 825 2489 897 sapientiam,
2524 836 2572 883 et
2590 825 2713 881 'non
2746 828 3017 882 excidatis.

2139 898 2242 972 Qui
2270 901 2405 972 enim
2434 899 2770 972 custodierint
2785 903 2935 970 jusla
2960 902 3126 971 juste,
3175 901 3612 972 justi/icabuntur
3636 918 3656 957 :

2061 975 2110 1023 et
2139 971 2227 1042 qui
2255 970 2528 1024 didicerint
2558 971 2679 1035 ista,
2711 970 2972 1024 invenient
2993 972 3122 1042 quid
3146 970 3510 1042 respondeant.

2178 1043 2494 1115 onerupiscite
2517 1057 2640 1115 ergo
2687 1057 2946 1097 sermones
2973 1059 3136 1111 meos,
3180 1043 3378 1115 diligite
3420 1045 3561 1114 illos,
3607 1053 3656 1099 et

2059 1109 2322 1183 habebitis
2335 1109 2690 1183 disciplinam.
2886 1121 2888 1124 '

2129 1182 2284 1257 Clara
2309 1195 2405 1252 est,
2432 1193 2480 1240 et
2508 1199 2623 1257 qua:
2650 1199 2931 1257 numquam
2974 1186 3243 1242 marcescit
3284 1187 3560 1257 sapientia,
3603 1196 3656 1242 et

2059 1253 2213 1328 facile
2240 1257 2440 1310 videtur
2468 1253 2630 1328 abhis
2659 1256 2744 1326 qui
2775 1254 3000 1328 diligunt
3037 1273 3176 1327 eam,
3205 1266 3254 1313 et
3289 1253 3556 1314 invenitur
3586 1259 3651 1313 ab

2059 1326 2255 1400 his_qui
2283 1337 2523 1400 quierunt
2552 1326 2716 1400 illam.

2127 1397 2469 1523 Prstoccupat
2513 1399 2600 1470 qui
2625 1415 2681 1454 se
2705 1399 3096 1472 concupiscunt,
3151 1409 3210 1454 ut
3254 1399 3361 1456 illis
3404 1417 3458 1457 se
3501 1400 3646 1474 prior

2127 1479 2194 1523 'eu
2240 1480 2312 1523 at.

2055 1479 2236 1524 osteud
2240 1480 2312 1526 at.

2128 1541 2229 1607 Qui
2256 1543 2320 1598 de
2347 1544 2465 1598 luce
2494 1542 2778 1612 vigilaverit
2805 1543 2877 1596 ad
2893 1543 3062 1611 illaut,
3093 1559 3195 1598 non
3225 1543 3482 1598 laborabit
3513 1559 3531 1600 :
3557 1559 3645 1598 as-

2056 1612 2304 1668 sidentem
2326 1616 2459 1670 enim
2482 1615 2628 1668 illam
2657 1614 2850 1678 foribus
2887 1616 2997 1668 suis
3028 1616 3267 1670 inveniet.

2123 1683 2363 1757 Cogitare
2389 1702 2511 1756 ergo
2541 1685 2603 1738 de
2630 1684 2747 1750 illa,
2781 1702 2960 1740 sensus
3006 1695 3081 1740 est
3130 1695 3513 1741 consummatus
3545 1703 3565 1748 ς
3592 1696 3641 1742 et

2050 1757 2459 1830 quiAvigilaverit
2484 1767 2692 1825 propter
2715 1757 2886 1830 illam.
2903 1757 3015 1830 cito
3045 1774 3251 1811 securus
3275 1759 3392 1812 erit.

2129 1827 2386 1895 Quoniam
2408 1829 2603 1900 dignos
2629 1843 2681 1900 se
2707 1828 2822 1900 ipsa
2866 1828 3050 1900 circuit
3087 1845 3345 1900 qtttvreus,
3377 1839 3429 1884 et
3471 1829 3523 1882 in
3547 1829 3642 1883 viis

2050 1901 2273 2024 Ozsttq'lzlqit
2301 1917 2354 1955 se
2377 1898 2489 1954 illis
2508 1898 2759 1965 hilariter,
2790 1907 2839 1953 et
2861 1899 2916 1953 in
2941 1900 3080 1954 omni
3101 1899 3426 1974 providentia
3457 1916 3641 1954 occur-

2050 1985 2092 2022 rt
2145 1987 2159 2022 t
2210 1989 2272 2024 is.

2047 1972 2115 2024 rit
2145 1972 2272 2026 illis.

2089 2039 2340 2123 .Initium
2364 2043 2500 2096 enim
2526 2039 2672 2096 illius
2710 2041 2977 2098 verissima
3007 2051 3083 2100 est
3124 2043 3414 2116 disciplina:
3448 2059 3646 2098 concu-

2045 2115 2317 2182 piscentia.

2116 2183 2256 2240 Cura
2283 2200 2404 2254 ergo
2434 2183 2747 2255 disciplima,
2799 2185 3005 2241 dilectio
3038 2195 3114 2241 est
3145 2203 3166 2240 :
3195 2193 3242 2241 et
3290 2186 3520 2250 dilectio,
3552 2203 3643 2239 cu-

2043 2257 2214 2310 stodia
2244 2258 2415 2328 legum
2444 2256 2588 2310 illius
2616 2267 2727 2322 est;
2759 2259 3037 2313 custoditio
3091 2268 3263 2312 autem
3292 2257 3486 2328 legum,
3517 2273 3641 2312 con-

2039 2329 2322 2382 summatio
2345 2329 2753 2394 incorruptionis
2781 2338 2875 2383 est.

2114 2398 2452 2472 I__ncorruptio
2480 2409 2650 2472 autem
2676 2400 2803 2469 facit
2831 2415 2942 2455 esse
2962 2401 3254 2472 proximum
3274 2399 3383 2454 Deo
3406 2415 3424 2452 :

2112 2469 2538 2538 Concupiscentia
2561 2471 2733 2542 itaque
2777 2469 3044 2544 sapientia:
3083 2473 3290 2527 deducit
3331 2472 3400 2525 ad
3426 2487 3639 2543 regnum

1976 2596 1986 2605 ,
2037 2553 2360 2614 perpetuum.

2139 2616 2172 2667 ii
2191 2631 2310 2686 ergo
2333 2613 2660 2686 delectamini
2686 2613 2915 2680 sedibus,
2940 2622 2985 2668 et
3027 2615 3260 2686 sceptris,
3302 2631 3331 2669 o
3376 2630 3517 2686 reges
3543 2627 3638 2684 po-

2038 2685 2177 2758 puli,
2194 2683 2410 2758 diligite
2435 2683 2764 2758 sapientiam,
2793 2695 2848 2738 ut
2875 2687 2928 2740 in
2951 2683 3252 2757 perpetuum
3283 2683 3525 2758 regnetis.

2108 2753 2326 2830 Diligite
2349 2757 2517 2810 lumen
2538 2756 2832 2830 sapientice,
2847 2753 3021 2811 omnes
3041 2753 3131 2828 qui
3151 2753 3378 2830 praestis
3406 2756 3628 2827 populis.

2111 2825 2248 2892 Quid
2277 2836 2348 2882 est
2396 2835 2568 2881 autem
2609 2828 2886 2898 sapientia,
2918 2838 2964 2881 et
3011 2825 3441 2898 quemadmodum
3477 2825 3629 2898 facta

2034 2899 2100 2951 sit
2115 2902 2343 2970 referam
2373 2915 2394 2953 :
2418 2906 2465 2954 et
2485 2913 2586 2970 non
2609 2896 2923 2970 abscondam
2949 2915 2980 2952 a
2997 2896 3135 2954 vobis
3158 2896 3493 2953 sacramenta
3511 2896 3628 2962 Dei,

2032 2969 2123 3024 sed
2149 2969 2212 3023 ab
2235 2971 2379 3025 initio
2410 2969 2692 3023 nativitatis
2720 2970 3054 3041 investigabo,
3087 2980 3135 3026 et
3177 2987 3369 3042 ponam
3389 2970 3442 3023 in
3464 2971 3629 3024 lucem

2032 3042 2300 3096 scientiam
2325 3042 2492 3106 illius,
2539 3049 2586 3092 et
2617 3057 2718 3093 non
2751 3043 3020 3108 prwteribo
3048 3043 3337 3096 veritatem.

2107 3111 2290 3184 Neque
2315 3130 2431 3166 cum
2455 3110 2652 3184 invidia
2675 3109 2956 3184 tabescente
2981 3115 3080 3166 iter
3102 3113 3294 3167 habebo
3319 3128 3337 3167 :
3374 3111 3624 3184 quoniam

2034 3182 2161 3255 talis
2186 3182 2336 3238 homo
2367 3200 2470 3238 non
2501 3183 2598 3238 erit
2626 3183 2884 3255 particeps
2915 3184 3198 3255 sapientiae.

324 3251 391 3330 de
418 3269 580 3330 manu
611 3251 868 3311 Domini:
906 3251 1152 3330 quoniam
1182 3258 1393 3312 dextera
1431 3273 1528 3311 sua
1560 3266 1690 3330 teget
1721 3251 1828 3326 eos,
1878 3270 1926 3314 et
1953 3260 1998 3324 C
2106 3254 2392 3310 Multitudo
2418 3263 2589 3330 autem
2611 3253 2925 3330 sapientium
2952 3251 3150 3310 sanitas
3186 3265 3275 3330 es_t_
3293 3253 3431 3309 orbis
3461 3261 3626 3308 terra-

325 3321 541 3399 brachio
567 3336 750 3382 sancto
777 3345 872 3383 suo
899 3321 1139 3399 defendet
1165 3330 1303 3384 illos.

398 3397 638 3466 Accipiet
669 3397 992 3454 armaturam
1030 3401 1174 3455 zelus
1194 3399 1358 3470 illius,
1387 3408 1434 3456 et
1463 3398 1684 3455 armabit
1713 3410 1918 3457 creatu-

319 3481 436 3521 ram
484 3471 556 3524 ad
576 3471 825 3526 ultionem
851 3473 1202 3527 inimicorum.

392 3537 588 3617 induet
613 3559 710 3614 pro
754 3542 963 3600 thorace
983 3544 1272 3616 justitiam,
1323 3553 1370 3600 et
1396 3544 1610 3614 accipiet
1641 3560 1735 3615 pro
1770 3545 1922 3617 galea

316 3612 585 3682 judicium
607 3612 825 3670 certum.

395 3682 579 3771 §umet
605 3687 1232 3771 sc_utum_inea:pugnabile
1260 3688 1575 3771 (equitatem.

391 3757 553 3833 Acuet
575 3766 747 3833 autem
787 3757 974 3813 duram
1017 3757 1150 3814 iram
1197 3760 1261 3833 in_
1298 3757 1553 3824 lanceam,
1584 3767 1632 3815 et
1671 3760 1919 3833 pugnabit

317 3840 438 3880 cum
460 3827 552 3881 illo
582 3827 718 3883 orbis
747 3838 1007 3884 tetrarum
1035 3840 1214 3885 contra
1243 3831 1552 3885 insensatos.

392 3895 554 3953 Ibunt
584 3899 795 3955 directa:
823 3902 1121 3957 emissiones
1173 3901 1460 3974 fulgurum,
1514 3912 1560 3956 et
1594 3909 1855 3973 tamquam
1883 3921 1917 3957 a

314 3966 445 4023 bene
467 3980 678 4044 curvato
706 3988 835 4044 arcu
864 3974 1076 4027 nubium
1105 3966 1604 4044 exterminabuutur,
1631 3983 1675 4028 et
1703 3966 1772 4028 ad
1798 3991 1913 4029 cer-

317 4049 426 4094 tum
458 4042 632 4096 locum
665 4043 914 4097 insilient.

384 4111 453 4166 Et
476 4126 742 4188 a_pe_trosa
764 4115 842 4168 ira
871 4114 1040 4185 plena:
1064 4120 1330 4188 mittentur
1370 4116 1670 4188 grandines,
1720 4133 1914 4172 excan-

306 4182 476 4264 descet
502 4182 558 4238 in
578 4183 698 4240 illos
721 4182 1062 4257 aqudmaris,
1108 4199 1155 4242 et
1183 4182 1406 4259 flumina
1462 4197 1769 4244 concurrent
1812 4190 1912 4244 du-

305 4265 459 4310 nter.

379 4325 578 4404 Contra
606 4327 749 4404 illos
775 4328 959 4404 _stab_it
1014 4329 1230 4404 spiritus
1281 4330 1506 4400 virtutis,
1551 4338 1601 4404 et
1645 4340 1911 4404 tamquam

301 4397 457 4451 turbo
483 4399 618 4473 venti
642 4399 834 4473 dividet
856 4401 976 4456 illos
998 4417 1016 4457 :
1039 4397 1086 4458 et
1103 4401 1173 4454 ad
1193 4418 1418 4457 eremum
1438 4397 1684 4473 perducet
1708 4397 1908 4459 omnem

301 4477 497 4553 terram
522 4470 771 4542 iniquitas
807 4473 1052 4543 illorum,
1104 4482 1152 4528 et
1191 4470 1490 4547 malignitas
1534 4483 1718 4530 evertet
1761 4480 1906 4531 sedes

301 4551 608 4609 potentium.

918 4635 1148 4696 CAPUT
1197 4636 1283 4693 Vl.

373 4749 683 4828 Melior_est
727 4753 980 4828 sapientia
1025 4771 1182 4826 quant
1235 4753 1419 4811 vires:
1460 4761 1508 4810 et
1551 4753 1630 4809 vir
1673 4753 1901 4826 prudens

293 4838 455 4893 quam
475 4825 648 4894 fortis.

340 4896 559 4976 .Audite
575 4913 720 4971 ergo,
746 4913 912 4969 reges,
943 4907 990 4954 et
1017 4897 1320 4972 intelligite,
1361 4897 1568 4966 discite,
1605 4898 1814 4972 judices
1836 4898 1901 4967 fi-

292 4982 445 5019 mum
466 4978 638 5024 terrae.
1442 5007 1455 5015 -

368 5037 604 5114 Prtebete
629 5058 801 5111 aures,
830 5059 941 5107 vos,
983 5043 1070 5114 qui
1123 5041 1402 5098 continetis
1430 5040 1806 5108 multitudines,
1847 5049 1897 5095 et

290 5109 512 5181 placetis
543 5115 680 5168 vobis
700 5114 756 5168 in
785 5109 948 5170 turbis
969 5109 1263 5170 nationum.

368 5181 631 5247 Quoniam
657 5186 782 5241 data
811 5198 935 5241 esta
957 5185 1186 5240 Domino
1217 5195 1439 5256 potestas
1468 5185 1633 5256 vobis,
1667 5192 1714 5239 et
1731 5184 1894 5239 virtus

287 5252 356 5334 ab
385 5256 676 5334 Altissimo,
700 5258 795 5334 qui
838 5259 1176 5330 interrogabit
1197 5252 1358 5330 opera
1397 5269 1586 5324 vestra,
1615 5252 1664 5313 et
1693 5256 1892 5329 cogita-

287 5329 458 5380 tiones
481 5329 818 5383 scrutabitur.

366 5396 628 5475 Quoniam
655 5417 772 5455 cum
802 5402 973 5475 essetis
1002 5402 1228 5475 ministri
1252 5400 1401 5475 regni
1425 5399 1604 5475 illius,
1627 5415 1728 5454 non
1754 5409 1892 5475 recte

273 5469 591 5539 judicastis,
643 5488 734 5548 nec
761 5474 1058 5548 custodistis
1102 5474 1263 5548 legem
1451 5470 1606 5548 leges]
1638 5472 1887 5544 justitiat,

280 5556 451 5610 neque
467 5544 751 5598 secundum
778 5544 1091 5600 voluntatem
1116 5544 1214 5600 Hei
1237 5544 1565 5599 arubulastis.

359 5613 638 5689 Horrende
665 5626 711 5689 et
732 5617 833 5670 cito
855 5618 1122 5688 apparebit
1143 5618 1282 5672 vobis
1305 5633 1324 5672 :
1353 5617 1598 5688 quoniam
1618 5614 1881 5689 judicium

276 5684 628 5759 dutjssimunt
655 5687 759 5754 Itis,
798 5684 897 5759 qui
916 5684 1164 5759 prtesunt,
1194 5691 1301 5757 ﬁet.

351 5756 566 5831 Exiguo
596 5759 732 5813 enim
755 5756 1054 5815 conceditur
1083 5756 1440 5817 misericordia
1468 5776 1487 5816 :
1514 5770 1747 5832 potentes
1787 5777 1883 5814 au-

273 5832 643 5904 tenipotenter
681 5841 936 5904 tormenta
982 5833 1264 5904 patientur.

421 5919 490 5958 on
525 5905 665 5959 enim
706 5902 991 5960 subtrahet
1025 5921 1302 5976 personam
1355 5905 1664 5977 cuiusquam
1710 5902 1873 5969 Deus,

2029 3341 2146 3399 rum
2169 3343 2186 3380 .·
2218 3337 2268 3381 et
2293 3344 2384 3381 rex
2411 3327 2618 3399 sapiens
2659 3325 3062 3399 stulti/intentum
3093 3327 3275 3399 papuli
3302 3336 3396 3380 est.

2099 3397 2244 3469 Ergo
2283 3397 2502 3467 accipite
2549 3397 2886 3469 disciplinam
2925 3413 3018 3468 per
3060 3397 3318 3453 sermones
3366 3412 3534 3465 meos,
3574 3404 3622 3452 et

2025 3470 2258 3539 proderit
2281 3470 2443 3525 vobis.

2636 3558 2866 3618 CAPUT
2906 3560 3021 3618 VII.

2095 3675 2227 3733 Sum
2253 3676 2460 3746 quidem
2484 3685 2532 3730 et
2563 3674 3116 3748 cgofmortalishomo,
3147 3674 3335 3731 similis
3356 3674 3612 3748 omnibus,

2019 3755 2067 3802 et
2096 3764 2160 3802 es:
2189 3763 2378 3822 genere
2412 3746 2605 3822 terreni
2640 3747 2784 3801 illius
2806 3787 2820 3810 ,
2848 3747 2940 3818 qui
2963 3746 3107 3818 prior
3141 3750 3311 3818 factus
3346 3756 3420 3802 est
3439 3791 3455 3818 ,
3487 3758 3534 3802 et
3559 3747 3616 3802 in

2021 3819 2204 3874 ventre
2226 3819 2406 3874 matris
2438 3819 2694 3889 figuratus
2724 3834 2839 3871 sum
2860 3834 3004 3872 caro.

2089 3891 2283 3946 Decem
2324 3890 2575 3944 mensium
2601 3898 2828 3957 tempore
2867 3890 3173 3961 coagulatus
3212 3906 3329 3945 sum
3379 3891 3432 3944 in
3477 3907 3605 3945 san-

2018 3963 2177 4034 guine
2210 3962 2461 4027 hominis,
2494 3970 2538 4015 et
2563 3961 2936 4014 delectamento
2961 3961 3132 4015 somni
3158 3963 3509 4034 conveniente.

2090 4034 2156 4089 Et
2185 4050 2277 4106 ego
2304 4042 2457 4106 natus
2485 4033 2661 4106 accepi
2693 4047 3017 4106 communem
3045 4048 3212 4085 aerem
3240 4072 3256 4098 ,
3289 4040 3336 4084 et
3370 4033 3428 4106 in
3463 4032 3610 4106 sitni-

2017 4105 2134 4159 liter
2175 4104 2368 4174 factam
2397 4104 2566 4159 decidi
2591 4111 2780 4157 terram
2800 4144 2815 4170 ,
2843 4113 2890 4157 et
2925 4104 3147 4173 primam
3179 4119 3357 4157 vocem
3383 4104 3608 4158 similem

2015 4178 2251 4232 omnibus
2273 4176 2420 4231 emisi
2443 4174 2677 4245 plorans.

2085 4246 2154 4302 In
2185 4247 2551 4303 involumentis
2580 4246 2807 4300 nutritus
2837 4261 2953 4300 sum
2975 4285 2990 4310 ,
3028 4255 3077 4300 et
3106 4246 3243 4300 curis
3273 4246 3497 4316 magnis.

2085 4319 2259 4375 Nemo
2309 4318 2449 4373 enim
2504 4332 2568 4372 ea:
2627 4317 2831 4388 regibus
2884 4318 3031 4371 aliud
3087 4317 3265 4372 habuit
3318 4317 3604 4377 nativitatis

2009 4391 2233 4445 initium.

2086 4462 2232 4519 Unus
2261 4477 2382 4534 ergo
2409 4459 2656 4514 introitus
2687 4467 2761 4515 est
2804 4459 3040 4516 omnibus
3085 4461 3154 4515 ad
3194 4461 3392 4529 vitam,
3435 4469 3484 4518 et
3530 4461 3604 4516 si-

2011 4535 2152 4589 milis
2179 4535 2371 4590 exitus.

2083 4605 2308 4676 Pr0pter
2336 4603 2434 4659 hoc
2473 4602 2645 4676 optavi
2668 4646 2685 4671 ,
2730 4610 2795 4676 et,
2821 4603 2975 4659 datus
3018 4612 3092 4658 est
3127 4603 3259 4658 mihi
3299 4617 3475 4660 sensus
3505 4617 3526 4659 :
3551 4612 3600 4659 et

1927 4658 1980 4720 Ῐ)
2006 4658 2271 4745 invocavi,
2286 4658 2344 4731 et
2365 4658 2585 4748 venit'in
2609 4658 2688 4730 me
2717 4675 2928 4745 spiritus
2953 4658 3242 4748 sapientiae.

2077 4748 2146 4804 Et
2178 4749 2439 4819 prazposui
2462 4747 2607 4801 illam
2629 4744 2801 4819 regnis
2814 4757 2871 4819 et
2901 4744 3130 4817 sedibus,
3159 4756 3208 4802 et
3232 4746 3440 4802 divitias
3465 4744 3598 4801 nihil

2001 4837 2111 4876 esse
2137 4817 2269 4875 duxi
2289 4817 2346 4872 in
2370 4821 2753 4891 comparatione
2784 4817 2948 4891 illius.

1993 4909 2000 4914 ‘
2075 4892 2189 4948 Nec
2231 4887 2526 4960 camparavi
2571 4890 2653 4944 illi
2694 4889 2918 4961 lapidem
2961 4890 3245 4960 pretiosum
3287 4904 3306 4944 :
3346 4887 3596 4961 quoniam

2001 4980 2151 5020 onme
2177 4978 2366 5019 aurum
2392 4963 2447 5016 in
2475 4963 2863 5034 comparatione
2891 4962 3055 5027 illius,
3085 4978 3248 5034 arena,
3269 4971 3345 5015 est
3374 4962 3586 5030 exigua,

1998 5046 2058 5163 elt!
2067 5046 2336 5120 tamquam
2366 5036 2533 5091 lutum
2560 5033 2896 5091 a‘stimabitur
2925 5041 3194 5106 argentum
3232 5033 3286 5086 in
3317 5039 3592 5102 conspectu

1998 5123 2013 5161 ι
2061 5125 2163 5163 ius.

1995 5108 2163 5164 illius.

2071 5181 2243 5253 Super
2269 5180 2489 5238 salutem
2531 5191 2578 5253 et
2606 5179 2828 5252 speciem
2855 5177 3014 5253 dilexi
3043 5175 3191 5253 illam
3214 5218 3235 5253 ,_
3259 5184 3306 5228 et
3332 5175 3580 5253 proposui

1995 5268 2092 5322 pro
2125 5244 2238 5308 luce
2277 5253 2467 5311 habere
2511 5244 2658 5308 illam
2708 5265 2727 5306 :
2761 5250 3003 5319 quoniam
3050 5244 3466 5317 inexstinguibile
3507 5255 3583 5300 est

1995 5325 2169 5380 lumen
2204 5325 2370 5381 illius.

2074 5343 2169 5380 nen
2204 5343 2370 5381 unus.

2074 5396 2331 5453 Venerunt
2362 5407 2534 5454 autem
2562 5395 2688 5450 mihi
2718 5393 2891 5449 omnia
2919 5392 3052 5447 bona
3082 5389 3271 5458 pariter
3300 5404 3417 5444 cum
3445 5387 3539 5444 illa
3566 5431 3581 5457 ,

1992 5477 2039 5524 et
2064 5469 2452 5525 innumerabilis
2483 5470 2722 5523 honestas
2750 5481 2841 5536 per
2868 5481 3048 5518 manus
3077 5461 3244 5536 illius.

2062 5539 2131 5594 Et
2165 5540 2374 5596 [tutatus
2410 5557 2526 5594 sum
2566 5541 2620 5591 in
2652 5531 2888 5590 omnibus
2917 5551 2935 5589 :
2962 5535 3208 5608 quoniam
3250 5531 3580 5608 antecedebat

1985 5627 2067 5665 me
2093 5615 2193 5668 ista
2232 5615 2490 5683 sapientia
2523 5626 2540 5664 :
2569 5619 2616 5664 et
2656 5607 3229 5680 ignorabamquoniam
3260 5607 3443 5659 horum
3468 5620 3580 5661 om-

1985 5683 2128 5739 nium
2155 5694 2318 5738 mater
2342 5692 2436 5739 est.

2058 5757 2230 5825 Quam
2261 5758 2373 5811 siue
2417 5755 2627 5824 fictione
2655 5751 2850 5820 didici,
2895 5759 2943 5825 et
2969 5751 3080 5806 sine
3105 5749 3305 5825 invidia
3343 5763 3573 5802 commu-

1984 5821 2130 5895 nico,
2158 5839 2205 5884 et
2235 5821 2557 5883 honestatem
2587 5825 2729 5880 illius
2752 5839 2854 5878 non
2891 5821 3170 5895 abscondo.

2055 5890 2305 5972 Inﬁnitus
2335 5900 2471 5955 enim
2489 5896 2767 5954 thesaurus
2789 5904 2858 5952 est
2885 5893 3173 5952 hominibus
3191 5933 3206 5962 ,
3240 5907 3340 5962 quo
3366 5891 3455 5961 qui
3484 5890 3563 5945 usi
