4182 6338
331 342 443 399 415

1633 333 1836 391 LIBER
1876 332 2286 392 SAPIENTUE.

3521 336 3627 391 414

394 454 536 509 Nam
556 470 658 527 per
686 453 993 526 sapientiam
1020 453 1190 527 sanati
1230 460 1351 508 sunt
1380 452 1689 523 quicumque
1717 451 1919 523 placue-
1948 449 2000 510 A
2102 452 2388 510 Ostendens
2418 470 2509 523 per
2537 453 2698 518 sitim,
2738 469 2855 525 qua:
2893 461 3011 527 tunc
3038 456 3158 525 fuit,
3191 453 3406 527 qttemad
3419 455 3629 509 modum

317 537 444 582 runt
473 524 581 594 tibi,
614 524 856 594 Domine,
886 543 918 580 a
945 525 1221 597 principio.

950 642 1180 699 CAPUT
1228 641 1298 697 X.

398 738 526 793 Herc
553 738 726 802 illum,
759 738 847 808 qui
880 739 1071 803 primus
1102 735 1355 806 formatus
1376 742 1453 789 est
1481 751 1511 787 a
1541 733 1648 788 Deo
1672 742 1820 805 pater
1842 748 1926 787 or-

324 812 401 866 bis
426 821 703 876 terrarum,
734 826 849 862 cum
875 809 1014 862 solus
1045 818 1170 861 esset
1195 818 1416 870 creatus,
1451 808 1741 860 custodiuit.

397 882 467 936 Et
494 883 671 935 eduxit
714 881 861 934 illum
900 898 931 933 a
957 880 1142 933 delicto
1170 894 1287 946 suo,
1321 888 1367 934 et
1396 879 1534 931 dedit
1576 877 1656 932 illi
1685 881 1924 933 virtutem

321 954 620 1008 continendi
651 953 844 1007 omnia.

393 1026 470 1079 Ab
498 1027 591 1079 hac
632 1034 687 1077 ut
726 1023 932 1077 recessit
956 1023 1180 1091 injustas
1210 1022 1263 1076 in
1290 1022 1371 1076 ira
1401 1038 1517 1088 sua,
1549 1037 1638 1095 per
1665 1022 1797 1076 iram
1827 1020 1922 1076 Ito-

319 1097 522 1169 micidii
550 1096 768 1169 fraterni
791 1095 1026 1167 deperiit.

398 1166 622 1242 PrOpter
661 1166 1003 1242 iquem,’cum
1032 1183 1167 1235 aqua
1210 1166 1398 1242 deleret
1452 1174 1667 1242 terram,
1724 1166 1924 1242 sanavit

317 1236 519 1294 iterum'
556 1240 839 1312 sapientia,
888 1252 978 1310 per
1036 1236 1422 1309 contemptibile
1476 1236 1674 1310 lignum
1718 1240 1924 1309 justum

315 1316 627 1385 gubernans.

392 1383 523 1438 Haec
553 1393 600 1438 et
626 1385 678 1438 in
710 1398 957 1437 consensu
991 1381 1229 1448 nequitia:
1254 1382 1368 1434 dum
1397 1394 1451 1435 se
1479 1380 1713 1433 nationes
1743 1391 1924 1434 contu-

319 1456 517 1514 lissent.
549 1456 692 1528 scivit
717 1459 955 1528 justum,
985 1464 1031 1528 et
1060 1454 1515 1528 consert~avitsine
1546 1452 1755 1523 querela
1786 1450 1917 1519 Deo,

318 1536 365 1581 et
394 1529 451 1580 in
482 1527 581 1595 ﬁlii
608 1524 961 1580 misericordia
994 1525 1173 1595 fortem
1215 1524 1506 1578 custodiuit.

392 1597 521 1653 Hcce
546 1601 740 1667 iustum
763 1616 791 1649 a
816 1594 1141 1669 pereuntibus
1163 1596 1334 1665 impiis
1357 1595 1587 1649 liberavit
1614 1594 1916 1665 fugientem,

318 1670 658 1723 descendente
686 1667 881 1741 igne't'n
918 1667 1266 1736 Pentapolim.

390 1740 589 1804 Quibus
628 1742 681 1793 in
708 1736 1065 1794 les!imonium
1096 1741 1336 1808 nequitia
1382 1736 1757 1809 fumigabunda
1797 1753 1920 1791 con—

315 1822 416 1867 strt
458 1814 659 1867 deserta
686 1822 842 1873 terra,
876 1822 923 1864 et
962 1813 1158 1863 incerto
1187 1818 1414 1878 tempore
1444 1815 1644 1881 fructus
1674 1809 1914 1863 habentes

316 1884 545 1949 arbores,
574 1894 625 1937 et
646 1883 959 1938 incredibilis
978 1882 1165 1936 anima:
1188 1880 1449 1937 memoria
1464 1892 1603 1937 stans
1615 1880 1914 1951 figmentum

317 1956 463 2010 salis.

394 2027 720 2098 Sapientiam
755 2028 889 2082 enim
936 2032 1305 2099 praetereuntes
1337 2040 1441 2099 non
1482 2030 1686 2099 tantum
1720 2022 1773 2099 in
1827 2024 1922 2077 hoc

320 2099 452 2162 lapsi
474 2094 620 2163 sunt,
662 2110 717 2153 ut
746 2094 1044 2167 ignorarent
1085 2097 1245 2165 bona,
1273 2097 1364 2151 sed
1395 2104 1445 2150 et
1476 2094 1786 2164 insipientite
1817 2111 1924 2149 sua:

320 2171 631 2236 reliquerunt
660 2170 950 2224 hominibus
977 2170 1297 2235 memoriam,
1330 2178 1386 2222 ut
1428 2168 1481 2220 in
1523 2167 1624 2234 Itis,
1662 2181 1779 2238 qua:
1804 2183 1920 2238 pec-

320 2252 585 2301 caverunt.
620 2259 712 2296 nec
735 2242 898 2296 latere
923 2240 1225 2301 potuissent.

322 2314 668 2439 “Sapientia
697 2322 871 2368 autem
917 2308 1031 2379 hos,
1064 2313 1153 2383 qui
1179 2329 1234 2366 se
1260 2310 1550 2376 observant,
1582 2326 1611 2362 a
1654 2308 1920 2363 doloribus

343 2403 354 2436 t
396 2395 578 2439 erant.

343 2387 578 2442 iberarit.

396 2455 528 2511 Iltec
568 2461 846 2531 profugum
891 2457 984 2531 irre
1016 2455 1194 2527 fratris
1215 2458 1420 2531 justum
1453 2453 1682 2531 deduxit
1694 2470 1785 2531 per
1813 2452 1920 2531 eius

323 2538 511 2595 rectas,
546 2525 590 2583 et
633 2525 853 2583 ostendit
882 2528 961 2581 illi
996 2525 1225 2599 regnnm‘
1242 2526 1360 2591 Dei,
1404 2534 1448 2599 et
1477 2525 1616 2599 dedit
1642 2525 1722 2599 illi
1756 2525 1921 2577 scien-

327 2602 449 2652 tiam
496 2614 840 2654 sanctorum:
896 2596 1186 2653 Itones'tavit
1226 2600 1377 2652 illum
1424 2598 1476 2650 in
1530 2596 1815 2663 laboribus,
1870 2606 1919 2650 et

328 2674 595 2738 complevit
632 2672 832 2727 labores
870 2671 1033 2724 illius.

396 2737 461 2796 In
492 2744 679 2807 fraude
702 2742 1200 2797 circunwenientium
1242 2740 1393 2795 illum
1430 2739 1584 2807 affuit
1616 2737 1719 2807 illi,
1751 2746 1797 2793 et
1823 2738 1916 2792 ho-

328 2824 523 2867 nestum
565 2816 681 2883 fecit
716 2816 886 2869 illum.

396 2880 685 2940 Custoairit
708 2888 855 2941 illum
886 2886 949 2941 ab
970 2886 1211 2945 inimicis,
1247 2894 1292 2939 et
1320 2881 1717 2939 asrductoribus’
1736 2880 1916 2935 tutavit

328 2958 495 3023 illum,
526 2966 573 3010 et
604 2968 855 3012 certamen
888 2963 1020 3026 forte
1042 2958 1181 3011 dedit
1204 2954 1305 3023 illi,
1335 2964 1388 3009 ut
1421 2956 1662 3019 vinceret,
1690 2964 1736 3007 et
1767 2954 1917 3008 sciret

327 3030 564 3097 quoniam
596 3031 823 3083 omnium
851 3031 1108 3095 potentior
1143 3039 1216 3081 est
1247 3027 1521 3098 sapientia.

400 3098 523 3173 Htec
550 3102 809 3173 venditum
824 3105 1024 3173 justum
1056 3096 1476 3173 nondereliquit,
1499 3096 1591 3173 sed
1618 3111 1663 3173 _a
1685 3104 1913 3173 peccator

239 3224 243 3228 .
325 3172 464 3225 ribus
500 3171 728 3226 liberavit
766 3168 883 3228 eum
909 3189 926 3226 :
955 3170 1312 3241 descenditque
1352 3168 1468 3221 cum
1492 3168 1583 3241 illo
1612 3168 1663 3220 in
1694 3171 1910 3241 foueam.

402 3243 467 3297 Et
496 3245 549 3298 in
577 3245 797 3298 vinculis
839 3262 939 3297 non
987 3229 1260 3312 dereliquit
1298 3241 1470 3305 illum,
1519 3229 1913 3304 donec'a/ferret
1944 3229 1989 3292 C

330 3315 407 3367 illi
432 3325 690 3385 scepfrum
716 3316 882 3387 regni,
912 3325 959 3370 et
976 3316 1256 3386 potentiam
1286 3314 1531 3387 adversus
1558 3327 1663 3374 eos,
1688 3313 1779 3387 qui
1801 3328 1916 3363 eum

324 3383 675 3452 deprimebant
700 3403 719 3441 :
760 3383 804 3440 et
836 3383 1103 3441 mendaces
1128 3386 1365 3447 ostendit,
1397 3385 1485 3452 qui
1527 3383 1916 3436 macularerunt

321 3457 489 3517 illum.
522 3468 569 3511 et
600 3458 743 3512 dedit
774 3458 854 3512 illi
884 3458 1165 3512 claritatem
1192 3464 1456 3510 aiternam.

394 3528 521 3583 Hcce
549 3528 799 3598 populum
818 3534 1041 3602 justum,
1069 3538 1115 3583 et
1142 3544 1313 3602 semen
1335 3528 1444 3602 sine
1462 3524 1689 3598 querela,
1727 3524 1915 3581 libera-

306 3601 384 3654 ‘cit
412 3618 443 3653 a
473 3602 789 3660 nationibus.
814 3598 926 3670 quae
952 3600 1009 3655 ill
1019 3617 1104 3653 um
1130 3598 1499 3670 deprimebant.

386 3670 619 3726 lntrarit
643 3674 694 3726 in
724 3668 951 3727 animam
990 3673 1121 3725 servi
1167 3668 1284 3738 Dei,
1311 3680 1358 3723 et
1400 3668 1533 3723 stetit
1558 3676 1737 3722 contra
1768 3683 1912 3740 reges

317 3740 605 3815 horrendos
634 3744 683 3796 in
708 3746 954 3815 portentis
982 3754 1027 3797 et
1049 3743 1232 3814 signis.

390 3813 454 3889 Et
483 3810 717 3869 reddidit
743 3818 904 3889 justi:
958 3810 1247 3889 mercedem
1295 3810 1529 3889 laborum
1554 3828 1787 3889 Asuor‘um
1815 3828 1834 3867 :
1861 3821 1910 3867 et

315 3885 531 3939 deduxit
562 3888 681 3940 illos
710 3883 761 3941 in
792 3892 876 3940 via
910 3887 1135 3940 mirabili
1169 3900 1187 3938 :
1213 3896 1259 3938 et
1288 3884 1388 3954 fuit
1418 3883 1523 3937 illis
1549 3884 1599 3937 in
1624 3885 1909 3939 velamento

315 3957 433 4030 diei,
468 3971 514 4013 et
543 3961 594 4011 in
623 3958 738 4030 luce
769 3959 1035 4013 stellarum
1065 3974 1155 4030 per
1171 3964 1401 4030 noctem.

383 4028 672 4083 Transtulit
703 4029 822 4083 illos
859 4048 949 4101 per
979 4026 1117 4084 mare
1160 4028 1410 4097 Rubrum,
1445 4034 1493 4080 et
1527 4028 1807 4081 transvexit
1844 4026 1908 4082 il-

314 4099 389 4151 los
415 4118 506 4170 per
537 4117 726 4166 aquam
770 4099 1002 4155 nimiam.

385 4170 633 4226 Inimicos
662 4180 834 4225 autem
866 4174 1077 4232 illorum
1103 4170 1343 4224 demersit
1370 4170 1424 4223 in
1454 4185 1618 4235 mare,
1651 4178 1699 4223 et
1728 4170 1791 4224 ab
1823 4170 1905 4226 al-

314 4242 529 4313 titudine
554 4245 836 4313 inferorum
868 4244 1040 4298 eduxit
1072 4243 1210 4297 illos.

382 4312 512 4387 l_deo
534 4312 669 4387 justi
692 4316 917 4369 tulerunt
938 4315 1115 4387 spolia
1140 4313 1435 4386 impiorum.

382 4383 448 4438 Et
476 4383 894 4450 decantaverunt,
926 4383 1171 4451 Domine,
1213 4383 1406 4439 nomen
1452 4394 1688 4438 sanctum
1739 4390 1904 4453 tuum,

309 4460 357 4509 'et
378 4457 633 4511 victricem
664 4474 871 4512 manum
898 4468 1038 4511 tuam
1070 4458 1409 4512 laudauerunt
1438 4457 1650 4524 pariter.

384 4528 637 4593 Quoniam
667 4532 921 4598 sapientia
953 4532 1155 4600 aperuit
1180 4544 1235 4583 os
1275 4538 1553 4596 mutorum,
1607 4538 1655 4583 et
1700 4527 1907 4600 linguas

312 4599 588 4672 infantium
620 4603 741 4673 fecit
779 4599 1020 4656 disertus.

925 4691 1153 4750 CAPUT
1197 4692 1286 4749 Χῐ.

383 4806 589 4881 Direxit
623 4826 779 4881 Opera
800 4825 973 4864 eorum
998 4811 1051 4865 in
1080 4810 1315 4865 manibus
1343 4809 1605 4881 propheta:
1628 4812 1814 4865 sancti.

376 4877 485 4955 iter
515 4877 746 4955 fecerunt
775 4899 863 4955 per
892 4883 1113 4949 deserta,
1143 4901 1260 4955 qua:
1292 4877 1394 4938 non
1420 4877 1819 4938 habitabantur:
1859 4894 1907 4939 et

311 4951 360 5002 in
383 4950 521 5005 locis
547 4954 758 5007 desertis
785 4953 1009 5023 ﬁxerunt
1037 4950 1201 5009 casas.

378 5023 641 5081 Steterunt
673 5036 851 5079 contra
881 5027 1069 5094 hostes,
1096 5037 1142 5081 et
1175 5027 1236 5081 de
1274 5026 1504 5081 inimicis
1531 5042 1583 5082 se
1604 5026 1902 5083 vindicave-

306 5102 446 5149 runt.
798 5136 803 5139 -

375 5164 655 5243 Sitierunt,
686 5178 734 5243 et
777 5170 1137 5243 invocaverunt
1188 5180 1255 5243 te,
1286 5181 1343 5243 et
1364 5170 1486 5225 data
1521 5177 1595 5243 est
1637 5171 1741 5225 illis
1769 5188 1904 5243 aqua

304 5237 366 5290 de
384 5249 539 5314 petra
564 5242 838 5314 altissima,
868 5249 914 5294 et
945 5242 1147 5314 requies
1170 5242 1283 5297 sitis
1311 5242 1375 5296 de
1401 5241 1575 5314 lapide
1601 5243 1753 5296 duro.

371 5307 617 5383 Perqua:
636 5313 771 5365 enim
823 5307 1169 5383 ptenas'passi
1200 5322 1319 5368 sunt
1368 5307 1564 5367 inimici
1602 5315 1834 5375 illorum,
1868 5332 1899 5370 a

302 5376 766 5459 defectionepotus
789 5376 892 5451 sui,
925 5394 971 5438 et
998 5376 1052 5438 in
1083 5388 1175 5453 eis,
1205 5400 1320 5438 cum
1343 5384 1667 5441 abundarent
1697 5385 1796 5459 ﬁlii
1814 5387 1900 5443 Is-

299 5452 425 5511 rael.
452 5455 613 5507 ta’tati
634 5463 753 5509 sunt
773 5471 789 5506 :

350 5521 475 5644 {Per
500 5523 631 5591 ha’c,
668 5543 781 5579 cum
812 5525 916 5581 illis
947 5528 1194 5594 deessent,
1249 5527 1371 5583 bene
1414 5545 1530 5583 cum
1572 5530 1677 5584 illis
1722 5543 1892 5588 actum

297 5609 387 5646 881.

366 5664 508 5721 Nam
546 5685 641 5745 pro
688 5670 827 5745 fonte
854 5671 1055 5733 quidem
1103 5672 1395 5745 sempiterni
1436 5672 1667 5743 ﬂuminis
1712 5677 1893 5730 Imma-

296 5752 415 5826 nam
442 5742 743 5825 sanguinem
772 5743 961 5795 dedisti
1003 5742 1229 5826 iniustis.

332 5809 467 5888 .Qni
499 5809 614 5889 cum
654 5815 1002 5889 minuerentur
1038 5809 1093 5868 in
1121 5817 1446 5873 traductione
1490 5819 1771 5889 infantium
1803 5835 1889 5874 oc-

296 5885 549 5955 cisorum;
576 5885 765 5941 dedisti
794 5885 901 5941 illis
929 5888 1273 5944 abundantem
1316 5908 1503 5961 aquam
1535 5885 1808 5960 insperate.

2031 536 2145 581 tuos
2166 526 2441 591 exaltares,
2471 535 2517 578 et
2548 527 2869 579 adversarios
2898 525 3109 580 illorum
3146 525 3369 578 necares.

2102 599 2230 653 Cum
2256 600 2388 651 enim
2419 599 2601 651 lentati
2636 606 2775 664 sunt,
2811 608 2857 651 et
2883 598 3088 664 quidem
3125 612 3240 650 cum
3271 596 3627 651 misericordia

2029 671 2357 741 disciplinam
2400 670 2729 737 accipientes,
2768 669 2991 722 scierunt
3036 668 3464 739 quemadmodum
3513 685 3629 723 cum

2030 744 2107 796 ira
2126 742 2354 812 judicati
2384 741 2529 809 impii
2566 750 2814 794 tormenta
2844 750 3159 812 paterentur.

2127 809 2215 869 los
2242 812 2450 885 quidem
2483 824 2737 879 tamyuant
2780 809 2923 885 pater
2953 826 3166 866 monens
3198 810 3423 885 probasti
3458 827 3476 866 :
3507 809 3627 865 illos

2027 898 2197 941 autem
2223 884 2480 955 tamquam
2512 885 2672 937 durus
2704 889 2794 937 rea:
2825 884 3148 952 interrogans
3180 884 3553 937 condemnasti.

2100 960 2341 1013 Absentss
2373 957 2506 1009 enim
2535 964 2580 1026 et
2609 963 2882 1023 prmsentes
2905 956 3144 1008 similiter
3173 957 3559 1026 torquebantur.

2106 1031 2310 1102 Duplex
2356 1029 2489 1102 enim
2535 1024 2654 1102 illos
2704 1035 2970 1098 acceperat
3027 1024 3271 1093 aedium,
3310 1035 3358 1080 et
3406 1026 3626 1097 gemitus

2027 1119 2142 1156 cum
2173 1098 2415 1156 memoria
2444 1098 2840 1169 praeteritorum.

2100 1174 2227 1229 Cum
2256 1174 2391 1226 enim
2418 1170 2655 1223 audirent
2714 1182 2803 1235 per
2854 1185 2948 1221 sua
2995 1175 3249 1222 tormenta
3298 1168 3421 1222 bene
3449 1185 3624 1222 secum

2026 1248 2113 1317 agi
2124 1289 2135 1308 .
2158 1242 2534 1300 commemorati
2562 1250 2683 1295 sunt
2711 1238 3009 1308 Dominum,
3037 1240 3359 1293 admirantes
3384 1240 3435 1293 in
3468 1240 3626 1310 finem

2026 1320 2211 1371 critus.

2103 1390 2265 1456 Quem
2296 1386 2431 1440 enim
2462 1384 2515 1437 in
2550 1382 2870 1450 expositione
2898 1397 3055 1453 prava
3098 1386 3385 1456 projectum
3428 1382 3623 1456 derise-

2027 1452 2169 1528 runt,
2197 1461 2249 1513 in
2285 1460 2439 1530 ﬁnem
2470 1466 2676 1510 eventus
2697 1456 2872 1509 mirati
2900 1452 3041 1519 sunt,
3072 1452 3437 1507 non’simititer
3457 1454 3625 1526 justis

2024 1536 2270 1588 sitientes.

2100 1604 2205 1658 Pro
2230 1597 2626 1672 cogitationibus
2664 1604 2837 1652 autem
2870 1596 3145 1672 insensatis
3177 1594 3464 1666 iniquitatis
3502 1596 3622 1649 illo-

2024 1692 2167 1737 rum,
2204 1668 2342 1757 und
2382 1671 2597 1745 quidam
2622 1679 2849 1752 errantes
2873 1668 3109 1757 colebant
3146 1678 3620 1757 ruptosjserpeutcs,

2028 1759 2072 1803 et
2100 1737 2287 1802 bestias
2313 1737 2675 1814 supervacuas,
2706 1740 2963 1814 immisisti
2985 1738 3087 1792 illis
3107 1737 3482 1792 multitudinem
3506 1754 3623 1791 mi:-

1948 1836 1990 1895 B
2021 1836 2188 1895 torum
2216 1812 2518 1895 animalium
2540 1814 2592 1865 in
2627 1812 2939 1869 vindictam:

2105 1890 2172 1945 Ut
2194 1890 2377 1943 scirent
2408 1886 2530 1958 quia
2562 1900 2650 1954 per
2676 1898 2790 1954 qua:
2819 1890 2994 1954 peccat
3025 1881 3160 1952 quis,
3191 1896 3280 1947 per
3306 1877 3415 1936 hate
3437 1889 3482 1934 et
3513 1889 3621 1933 tor-

2064 1976 2232 2022 uetur.

2188 1986 2232 2017 T.

2028 1986 2220 2092 qu’lbn
2250 2033 2385 2085 enim
2415 2026 2746 2097 impossibilis
2774 2037 2883 2081 erat
2932 2024 3249 2097 omnipotens
3291 2037 3472 2097 manus
3506 2030 3618 2097 tua,

2024 2128 2139 2182 qum
2167 2105 2353 2158 creavit
2384 2093 2831 2182 orbem-terrarum
2861 2113 2923 2149 ea:
2954 2093 3166 2149 materia
3203 2093 3387 2182 inpisa,
3423 2094 3624 2182 'immit-

2025 2164 2126 2239 t'ere
2157 2178 2261 2233 illis
2301 2170 2685 2227 multitudinem
2731 2185 2988 2227 ursorum,
3022 2173 3113 2218 aut
3164 2165 3388 2239 audaces
3418 2164 3621 2224 leones:

2097 2254 2197 2307 Aut.
2238 2248 2353 2300 novi
2390 2242 2589 2313 generis
2633 2241 2711 2293 ira
2740 2240 2917 2313 plenas
2944 2240 3146 2313 ignotas
3169 2234 3497 2313 bestiaspttut
3530 2253 3619 2288 ra-

2024 2341 2199 2397 porem
2234 2310 2427 2397 ignium
2453 2316 2729 2397 spirantes,
2759 2321 2847 2394 aut
2888 2311 3016 2397 fanti
3048 2310 3253 2389 odorem
3278 2311 3618 2378 proferentes,

2023 2381 2113 2450 aut
2147 2381 2430 2448 horrendas
2469 2381 2531 2438 ab
2561 2383 2725 2437 oculis
2754 2382 3009 2435 scintillas
3029 2381 3331 2432 emittentes.

2100 2468 2333 2534 Quarum
2378 2475 2480 2514 non
2522 2455 2685 2510 solum
2733 2454 2921 2534 la‘sura
2967 2451 3322 2534 potet-aridos
3381 2450 3621 2504 exterrui-

2023 2522 2171 2604 ηανξ),
2213 2534 2301 2591 sed
2332 2540 2377 2585 et
2399 2536 2632 2650 aspectus
2660 2542 2746 2597 per
2774 2522 3003 2579 timorem
3038 2522 3289 2575 occidere.

2098 2609 2203 2650 Rm!
2232 2614 2277 2650 ρι
2309 2605 2419 2650 sine
2466 2602 2527 2650 iis
2570 2615 2671 2650 uno
2712 2596 2897 2650 spiritu
2922 2605 3152 2650 poterant
3196 2609 3289 2646 occ

2466 2619 2479 2651 l

2097 2592 2203 2664 Sed
2232 2614 2277 2660 et
2309 2605 2419 2657 sine
2451 2592 2527 2653 liis
2570 2592 2671 2651 uno
2712 2596 2897 2668 spiritu
2922 2605 3152 2668 poterant
3196 2592 3361 2668 occidi
3382 2608 3620 2668 persecu-

2022 2683 2209 2736 tionem
2232 2677 2369 2750 passi
2388 2674 2450 2727 ab
2470 2672 2593 2750 ipsis
2624 2664 2775 2750 factis
2804 2670 2928 2732 suis,
2947 2675 2992 2719 et
3010 2665 3228 2736 dispersi
3257 2680 3348 2731 per
3378 2664 3619 2731 spiritum

2020 2741 2383 2808 virtutis'tuaz:
2412 2744 2500 2798 sed
2524 2742 2697 2796 omnia
2718 2741 2770 2794 in
2792 2753 3054 2805 mensura,
3079 2746 3125 2788 et
3149 2751 3380 2801 numero,
3410 2745 3455 2788 et
3488 2752 3619 2806 pon-

2021 2825 2141 2880 dere
2170 2817 2487 2891 disposuisti.

2095 2879 2319 2950 Multum
2359 2888 2494 2941 enini
2538 2883 2709 2939 valere
2738 2883 2830 2936 tibi
2867 2879 2967 2935 soli
3000 2886 3270 2949 supererat
3310 2892 3543 2948 semper:
3568 2886 3616 2933 et

2020 2967 2197 3023 virtuti
2223 2961 2418 3017 brachii
2453 2958 2525 3011 tui
2556 2957 2669 3026 quis
2700 2952 2939 3008 resistet?

2095 3019 2348 3104 Quoniam
2396 3019 2655 3096 tamquam
2686 3034 2997 3078 momentum
3022 3029 3250 3104 statera?!
3279 3019 3352 3075 sic
3373 3029 3453 3104 est
3491 3028 3613 3103 ante

2022 3119 2068 3164 te
2098 3093 2238 3164 brbis
2276 3093 2553 3162 terrarum,
2591 3108 2637 3153 et
2668 3109 2929 3168 tamquam
2959 3105 3103 3166 gutta
3135 3094 3267 3147 roris
3294 3093 3611 3159 antelucani,

2021 3199 2133 3252 qtae
2150 3176 2411 3252 descendit
2442 3174 2496 3252 in
2526 3180 2733 3252 terram.
2874 3238 2885 3250 _
3077 3237 3087 3248 .
3237 3245 3272 3252 _7
3385 3242 3416 3252 Α
3465 3233 3513 3252 Δ,

2095 3233 2199 3309 Sed
2237 3246 2492 3303 misereris
2520 3242 2769 3304 omnium,
2796 3238 2920 3311 quia
2951 3237 3123 3311 omnia
3164 3245 3330 3311 potes,
3371 3242 3417 3287 et
3458 3233 3614 3288 dissi-

2021 3307 2190 3378 mulas
2224 3328 2431 3387 peccata
2462 3315 2728 3387 hominum
2757 3307 2965 3381 promer
2992 3307 3359 3387 poznitentiam:

2091 3376 2281 3465 Diligis
2310 3391 2445 3445 enim
2480 3386 2656 3465 omnia
2694 3376 2808 3465 qua?
2837 3376 3223 3465 smul-eandm
3264 3376 3415 3460 odisti
3433 3392 3615 3465 eorum

2016 3484 2132 3539 qua:
2162 3448 2332 3539 fecisti
2363 3479 2381 3516 :
2411 3476 2501 3515 nec
2530 3458 2669 3513 enim
2706 3448 2889 3509 'odiens
2918 3451 3118 3523 aliquid
3159 3448 3488 3515 constituisti,
3527 3458 3616 3503 aut

2014 3540 2358 3675 {etgbltimodo
2403 3612 2570 3658 autem
2604 3607 2773 3672 posset
2805 3593 3003 3666 aliquid
3045 3608 3359 3666 permanere,
3408 3593 3507 3647 nisi
3559 3601 3614 3645 tu

2015 3673 2296 3735 voluisses?
2321 3675 2570 3745 autquod
2602 3689 2634 3724 lt
2661 3681 2706 3723 te
2729 3675 2965 3722 vocatum
3012 3682 3113 3720 non
3147 3673 3297 3731 esset,
3344 3681 3618 3719 conserva-

2029 3763 2150 3801 ‘l’lttr
2163 3754 2187 3801 ἶ)

2029 3772 2038 3781 ‘
2095 3771 2120 3801 ll
2165 3763 2187 3789 ⁷

2012 3763 2269 3878 ’θιΡῖίνεὶδ
2299 3830 2468 3873 autem
2500 3814 2775 3871 omnibus:
2800 3808 3045 3881 quoniam
3071 3816 3160 3861 tua
3191 3817 3330 3877 sunt,
3369 3805 3613 3874 Domine,

2012 3897 2099 3969 qui
2124 3912 2270 3950 amas
2297 3893 2518 3947 animas.

2617 3974 2845 4035 CAPUT
2883 3973 2999 4030 XII.

2087 4104 2129 4159 0
2161 4118 2310 4175 quam
2343 4100 2527 4163 bonus,
2559 4105 2605 4150 et
2632 4093 2805 4149 suavis
2837 4100 2930 4157 est,
2966 4088 3206 4152 Domine,
3247 4086 3461 4155 spiritus
3497 4095 3614 4141 tuus

2015 4177 2061 4227 in
2094 4173 2327 4227 omnibus
2348 4173 2366 4227 !

2238 4191 2298 4227 vu
2348 4191 2363 4227 :

2008 4195 2061 4232 Μ
2083 4191 2441 4317 fxgbueseos,
2486 4240 2573 4317 qui
2623 4245 2905 4317 exerrant.”
2929 4230 3444 4317 partibus‘corripis,
3474 4237 3521 4284 et
3551 4230 3613 4317 de

2008 4322 2190 4394 quibus
2210 4301 2444 4394 peccant,
2470 4301 2735 4394 a'dmgnes,
2764 4316 2811 4363 et
2833 4304 3108 4378 alloqueris
3136 4310 3211 4374 ut,
3244 4301 3424 4356 relicta
3455 4301 3613 4354 mali-

2011 4382 2106 4458 lt'a,
2147 4382 2361 4445 credant
2392 4382 2442 4441 in
2475 4396 2542 4453 te,
2578 4382 2821 4458 Domine.

2082 4451 2216 4518 Illos
2245 4463 2383 4516 enim
2404 4451 2637 4527 antiquos
2662 4451 3034 4507 inhabitatores
3061 4453 3210 4501 terra:
3237 4453 3431 4501 sanctte
3477 4452 3600 4512 tuae,

2013 4552 2140 4607 quos
2170 4530 2504 4607 exhorruisti,

1928 4615 1981 4676 1)
2015 4586 2792 4676 Vli‘éttoniantiodib'iliaopera
2830 4593 2919 4651 tibi
2962 4588 3220 4664 faciebant
3245 4604 3339 4662 per
3373 4586 3609 4642 medica-

2015 4673 2157 4734 mina
2189 4689 2235 4732 et
2262 4673 2520 4745 sacriﬁcia
2542 4673 2758 4743 injusta,
3034 4735 3046 4746 .
3199 4732 3211 4746 .
3303 4730 3316 4744 _
3429 4730 3460 4746 μ

2086 4730 2153 4803 Et
2183 4730 2413 4820 filiorum
2438 4730 2651 4820 suorum
2678 4730 2965 4820 negatores,
3001 4735 3112 4820 sine
3141 4730 3517 4820 misericordia,
3562 4740 3608 4813 et

2012 4802 2315 4876 comesiores
2346 4819 2592 4872 viscerum
2630 4811 2919 4875 hominum,
2962 4813 3011 4865 et
3042 4808 3368 4866 devoratores
3396 4802 3609 4873 sangui-

2012 4894 2091 4947 nis
2120 4912 2151 4949 a
2173 4892 2337 4946 medio
2360 4893 2682 4943 sacramento
2704 4893 2814 4962 tuo.
3016 4951 3029 4962 .

2085 4962 2153 5018 Et
2180 4974 2410 5017 auctores
2434 4965 2669 5031 parentes
2698 4956 2987 5009 animarum
3011 4950 3459 5031 inauxiliatarum,
3493 4959 3609 5013 per-

2011 5037 2131 5091 dere
2158 5035 2367 5089 votuisti
2395 5030 2485 5105 per
2512 5046 2691 5105 manus
2721 5034 2995 5098 parentum
3011 5030 3334 5105 nostrorum.

2086 5106 2154 5164 Ut
2194 5093 2407 5177 dignata
2455 5093 2780 5177 perciperent
2818 5093 3289 5177 peregrinationem
3328 5104 3607 5161 puerorum

2006 5174 2127 5245 Dei,
2161 5170 2277 5248 qud?
2307 5178 2397 5230 tibi
2427 5170 2653 5229 omnium
2684 5170 2893 5248 citarier
2924 5175 2995 5220 est
3022 5173 3199 5246 terra.“
3238 5235 3267 5248 Δ.
3370 5240 3379 5248 Α
3477 5231 3487 5241 ι
3523 5230 3535 5241 .
3568 5231 3603 5248 Δ,

2081 5236 2183 5307 δἐά
2214 5261 2259 5303 et
2291 5250 2647 5315 Itistantquam
2676 5240 2967 5315 hominibus
2997 5236 3288 5315 pepercisti,
3335 5240 3380 5315 et
3416 5236 3603 5315 misisti

2004 5306 2346 5376 antecessores
2381 5306 2636 5374 exercitus
2665 5314 2739 5368 tui
2768 5328 2965 5383 vespas,
2997 5306 3051 5362 ut
3084 5306 3202 5361 illos
3228 5306 3480 5378 paulatim
3514 5320 3603 5356 ex-

2003 5395 2355 5449 terminarent.

2076 5466 2199 5520 Non
2221 5465 2339 5538 quia
2361 5464 2609 5538 impotens
2631 5474 2747 5513 eras
2777 5456 2827 5509 in
2869 5453 2998 5538 bello
3025 5450 3275 5538 subjicere
3297 5449 3481 5538 impios
3504 5450 3601 5529 ju-

2001 5537 2113 5601 stis,
2149 5521 2245 5591 aut,
2270 5521 2442 5589 bestiis
2479 5533 2646 5597 strvis,
2691 5540 2779 5583 aut
2828 5525 2976 5581 verbo
3006 5521 3135 5578 duro
3168 5521 3321 5576 simul
3361 5521 3602 5574 extermi-

2003 5625 2127 5661 nare
2160 5624 2178 5663 ἔ

2070 5680 2177 5732 Sed
2203 5675 2719 5747 partibusjudicans,
2750 5670 2911 5725 dabas
2940 5669 3106 5747 locum
3131 5664 3463 5747 ptenitentite,
3494 5678 3597 5716 non

1996 5742 2260 5817 ignorans,
2294 5742 2535 5817 quoniam
2559 5760 2773 5815 nequam
2799 5751 2873 5798 est
2903 5744 3046 5795 natio
3072 5755 3273 5802 eorum,
3300 5742 3345 5791 et
3374 5743 3594 5817 natura-

1995 5815 2058 5875 lis
2090 5823 2289 5875 malitia
2307 5815 2561 5889 ipsorum,
2601 5829 2647 5873 et
2676 5817 2923 5881 quoniam
2952 5830 3051 5869 non
3076 5818 3273 5885 poterat
3300 5815 3486 5865 mutari
3509 5820 3594 5859 co-

1991 5896 2172 5964 gitatio
2202 5894 2411 5951 illorum
2434 5891 2485 5949 in
2519 5899 2837 5962 perpetuum.
