4182 6338
289 267 401 332 417

293 473 640 532 tyrannorum
669 457 890 532 imperio
919 457 1222 532 colebantur
1243 458 1510 532 ﬁgmenta.

366 528 438 584 Et
457 529 576 597 hos,
606 528 817 601 quosin
847 531 1025 601 palam
1058 528 1594 585 Itomines'honorare
1619 545 1724 586 non
1749 537 1895 601 pote-

291 612 435 668 rant,
469 611 680 674 propter
698 599 798 674 hoc
815 599 960 674 quod
984 601 1138 674 longe
1159 607 1348 674 essent,
1373 617 1399 655 e
1420 602 1699 674 longinquo
1721 599 1895 671 ﬁgura

295 690 474 727 eorum
493 672 680 736 allata,
710 672 992 744 evidentem
1021 672 1300 744 imaginem
1347 672 1688 744 regis,‘quem
1727 678 1896 727 hono-

294 761 414 799 rare
467 745 723 808 volebant,
772 743 1053 814 fecerunt:
1093 743 1152 798 ut
1179 744 1350 815 illum,
1391 743 1480 812 qui
1525 745 1729 815 aberat,
1765 753 1896 798 tam-

295 832 451 888 quam
475 824 774 888 praesentem
796 816 1018 888 colerent
1042 831 1140 872 sua
1161 814 1535 873 sollicitudine.

370 887 622 943 Provexit
641 897 812 960 autem
833 887 902 960 ad
924 887 1110 960 horum
1140 888 1399 942 culturam
1417 896 1464 942 et
1486 887 1602 958 hos,
1627 888 1716 958 qui
1742 889 1897 960 igno-

297 960 517 1032 rabant,
548 957 768 1032 artiﬁcis
796 959 987 1032 eximia
1013 959 1307 1032 diligentia.

368 1029 476 1105 Ille
500 1031 640 1084 enim
665 1030 838 1085 volens
866 1030 1072 1105 placere
1103 1029 1205 1105 illi,
1231 1033 1421 1105 quise
1449 1033 1747 1105 assumpsit,
1780 1032 1894 1086 ela-

300 1103 498 1158 beravit
527 1111 640 1174 arte
666 1116 784 1164 sua,
809 1111 866 1155 ut
894 1102 1299 1174 similitudinem
1328 1103 1380 1157 in
1407 1104 1598 1158 melius
1624 1102 1893 1174 figuraret.

370 1173 663 1229 Multitudo
688 1182 860 1228 autem
881 1173 1147 1229 hominum
1172 1173 1399 1230 abducta
1420 1191 1510 1244 per
1529 1173 1747 1244 speciem
1768 1191 1893 1244 ope-

300 1248 399 1313 ris,
429 1262 568 1311 eum,
598 1244 688 1314 qui
716 1254 838 1318 urite
875 1253 1076 1317 tempus
1113 1255 1378 1318 tamquam
1408 1244 1562 1302 homo
1611 1247 1896 1301 honoratus

301 1319 499 1390 fuerat,
546 1332 693 1390 nunc
717 1317 882 1390 Deum
909 1317 1312 1390 testimaverunt.

373 1388 444 1463 Et
474 1389 585 1463 haec
613 1388 718 1459 fuit
765 1389 883 1463 vitte
931 1389 1174 1463 humana:
1211 1389 1483 1463 deceptio:
1509 1391 1755 1463 quoniam
1807 1400 1897 1446 aut

303 1459 537 1527 aﬁ'ectui,
585 1470 678 1514 aut
706 1461 913 1530 regibus
939 1461 1279 1516 deservientes
1309 1459 1565 1530 homines,
1610 1463 1898 1518 incommu-

305 1531 522 1604 nicabile
545 1547 737 1604 nomen
758 1532 1015 1603 lapidibus
1041 1543 1088 1586 et
1117 1533 1273 1604 lignis
1300 1534 1674 1603 imposuerunt.

378 1603 445 1658 Et
485 1620 589 1657 non
625 1602 898 1670 suffecerat
926 1620 1126 1658 errasse
1154 1602 1238 1658 eos
1279 1602 1418 1658 circa
1457 1604 1557 1675 Dei
1587 1607 1893 1675 scientiam,

303 1676 394 1732 sed
417 1684 467 1731 el
493 1677 548 1728 in
588 1691 777 1747 magno
807 1676 1028 1731 viventes
1050 1676 1342 1747 inscientia:
1382 1674 1518 1731 bello
1546 1717 1562 1744 ,
1605 1686 1678 1733 tot
1706 1689 1750 1731 et
1793 1674 1896 1733 tam

306 1764 499 1818 magna
527 1745 874 1818 mala’pacem
904 1745 1190 1818 appellant.

377 1767 388 1799 Ι
431 1767 499 1800 na
527 1767 672 1801 mata
697 1767 874 1818 pacem
904 1767 1190 1818 appellant.

377 1767 480 1873 ,Καὶ
504 1819 643 1872 enim
667 1819 804 1888 ﬁlios
832 1835 954 1873 suos
992 1821 1346 1887 sacriﬁcantes
1369 1861 1384 1886 ,
1427 1827 1517 1873 aut
1557 1819 1776 1874 obscura
1811 1838 1894 1875 sa-

307 1891 503 1962 criﬁcia
526 1889 792 1960 facientes,
827 1899 914 1944 aut
939 1891 1157 1945 insaniat
1183 1891 1362 1960 plenas
1390 1891 1595 1962 vigilias
1624 1890 1890 1959 habentes,

380 1960 565 2030 Neque
586 1962 767 2027 vitam,
790 1978 954 2033 neque
973 1966 1181 2031 nuptias
1200 1962 1422 2034 mundus
1434 1960 1552 2034 jam
1573 1964 1896 2019 custodiunt:

310 2034 396 2089 sed
442 2034 578 2115 alius
601 2034 766 2088 alium
793 2031 886 2104 per
911 2034 1157 2088 invidiam
1183 2031 1372 2089 occidit
1397 2077 1412 2101 ,
1435 2031 1551 2088 'aut
1593 2034 1897 2090 adulterans

307 2114 603 2160 contristat.

380 2175 451 2230 Et
479 2176 657 2232 omnia
696 2177 973 2250 commixta
1014 2187 1173 2246 sunt,
1221 2178 1461 2250 sanguis,
1513 2175 1894 2248 homicidium,

311 2249 508 2321 furtum
537 2288 554 2313 ,
597 2256 644 2302 et
672 2249 814 2316 ﬁctio
838 2289 854 2310 ,
887 2250 1153 2319 corruptio
1178 2259 1225 2305 et
1251 2249 1530 2319 inﬁdelitas
1557 2294 1572 2321 ,
1603 2251 1827 2305 turbatio
1853 2261 1901 2305 et

312 2320 627 2446 periurium,
662 2321 913 2403 tumultus
941 2321 1232 2404 bonorum:
1277 2393 1288 2404 ο

433 2409 478 2446 et
511 2404 916 2446 immemoratto.
946 2409 1241 2446 animarum
1269 2393 1585 2446 tnauinatio.
1619 2394 1728 2446 nati

433 2394 480 2446 ei
511 2394 916 2464 immemoratio,
946 2394 1241 2446 animarum
1269 2394 1585 2464 inquinatio,
1619 2394 1901 2448 nativitatis

313 2464 605 2518 immutatio
629 2503 645 2527 ,
693 2462 986 2534 nuptiarum
1012 2462 1357 2520 inconstantia
1381 2506 1395 2532 ,
1427 2465 1749 2520 inordinatio
1777 2482 1903 2520 maeo

314 2534 444 2606 chite
465 2544 514 2589 et
545 2534 908 2606 impudicitiae.

384 2605 740 2677 Infandorum
786 2607 923 2660 enim
971 2606 1229 2662 idolorum
1273 2607 1521 2677 cultura,
1569 2609 1737 2664 omnis
1780 2609 1908 2664 ntali

316 2696 473 2733 causa
497 2687 616 2745 est,
647 2689 693 2731 et
717 2677 927 2733 initium
954 2688 998 2733 et
1030 2680 1170 2749 ﬁnis.

385 2751 486 2804 Aut
515 2751 652 2804 enim
681 2749 806 2803 dum
835 2751 1080 2806 (celantur
1102 2793 1116 2817 ,
1159 2751 1426 2806 insaniunt
1451 2767 1474 2806 :
1501 2758 1592 2806 aut
1623 2760 1756 2806 certe
1782 2753 1911 2808 vati-

317 2823 553 2896 cinantur
580 2821 737 2896 falsa,
768 2831 858 2896 aut
877 2823 1053 2896 vivunt
1077 2825 1286 2896 injuste,
1319 2834 1406 2878 aut
1433 2823 1664 2896 pejerant
1692 2825 1817 2878 cito.

385 2893 522 2946 Dum
551 2895 686 2947 enim
713 2893 982 2963 conﬁdunt
1007 2895 1062 2947 in
1091 2893 1266 2961 idolis,
1293 2911 1406 2962 qua:
1429 2893 1542 2949 sine
1566 2895 1740 2950 anima
1762 2905 1908 2966 sunt,

321 2966 451 3037 male
465 2968 711 3037 jurantes
741 2966 916 3019 noceri
942 2982 996 3019 se
1024 2982 1125 3019 non
1149 2977 1383 3035 sperant.

391 3034 624 3106 Utraque
649 3051 770 3110 _erg_o
825 3037 931 3090 illis
974 3034 1439 3110 evenientrdigne,
1484 3039 1729 3110 quoniam
1777 3040 1914 3096 male

322 3119 593 3184 senserunt
623 3107 686 3184 de
715 3106 843 3172 Deo,
876 3107 1194 3184 attendentes
1218 3106 1395 3184 idolis,
1427 3117 1474 3163 et
1494 3106 1804 3184 juraverunt
1832 3113 1914 3166 in-

314 3182 452 3252 juste
472 3220 488 3241 ,
518 3180 573 3233 in
598 3181 719 3233 dolo
743 3188 1123 3234 contemnentes
1145 3182 1432 3252 justitiam.

391 3249 515 3327 Non
545 3252 683 3327 enim
698 3253 999 3327 juratorum
1025 3249 1187 3306 virtus
1213 3295 1228 3320 ,
1278 3253 1368 3307 sed
1407 3255 1729 3327 peccantium
1761 3271 1910 3327 poena

324 3322 640 3392 perambulat
671 3322 870 3394 semper
887 3323 1204 3396 injustorum
1234 3322 1729 3395 prtevaricationem.

922 3435 1148 3494 CAPUT
1185 3436 1303 3494 XV.

395 3531 474 3588 Tu
499 3541 693 3600 autem,
723 3531 861 3606 Deus
883 3542 1076 3598 noster,
1109 3532 1282 3588 suavis
1306 3541 1353 3606 et
1381 3548 1530 3588 verus
1555 3547 1608 3587 es
1625 3577 1639 3603 ,
1672 3534 1871 3606 patiens
1895 3572 1911 3600 ,

325 3615 373 3660 et
401 3607 454 3677 in
484 3605 843 3660 misericordia
870 3606 1146 3677 disponens
1184 3605 1376 3660 omnia.

397 3675 608 3731 Etenim
637 3677 683 3730 si
715 3675 1112 3748 peccaverimus,
1142 3677 1217 3731 tui
1239 3693 1438 3742 sumus,
1466 3676 1689 3731 scientes
1715 3677 1916 3747 magni-

328 3748 556 3821 tudinem
577 3757 718 3802 tuam
742 3763 762 3802 :
783 3757 829 3802 et
847 3750 893 3802 si
913 3765 1014 3803 non
1036 3749 1434 3821 peccaverimus,
1458 3749 1650 3804 scimus
1670 3752 1916 3819 quoniam

327 3820 465 3892 apud
494 3829 543 3874 te
567 3837 745 3874 sumus
777 3820 1078 3891 eompulati.

399 3889 571 3946 Nosse
594 3892 727 3964 enim
754 3901 823 3956 te,
849 3889 1204 3947 consummata
1222 3892 1432 3964 justitia
1457 3898 1573 3945 est:
1597 3900 1647 3946 et
1673 3891 1804 3946 scire
1831 3893 1917 3960 iu-

329 3962 520 4018 stitiam
547 3973 595 4018 et
621 3963 859 4016 virtutem
885 3971 1048 4030 tuam,
1080 3962 1235 4018 radici
1260 3972 1333 4018 est
1362 3964 1790 4018 immortalitatis.

402 4035 524 4089 Non
556 4035 689 4090 enim
727 4035 782 4088 in
821 4051 1042 4090 errorem
1083 4036 1287 4090 induxit
1333 4051 1441 4089 nos
1473 4035 1740 4089 hominum
1771 4035 1922 4090 malle

331 4107 457 4160 artis
487 4106 820 4179 exagitatio,
853 4123 944 4160 nec
968 4107 1150 4161 umbra
1176 4108 1395 4179 pictura:
1417 4105 1562 4162 labor
1585 4107 1694 4162 sine
1723 4109 1918 4179 fructu,

333 4179 527 4250 efﬁgies
555 4178 758 4250 sculpta
785 4194 876 4249 per
904 4179 1075 4234 varios
1101 4178 1300 4233 colores
1323 4193 1343 4230 :

403 4197 442 4231 ι(
459 4197 527 4231 tes
555 4197 758 4250 sculpta
785 4197 876 4249 per
904 4197 1075 4234 varios
1101 4197 1300 4233 catores
1323 4197 1343 4230 .'

403 4197 569 4323 C’ujus
603 4259 842 4323 aspectus
885 4251 1145 4323 insensan
1179 4250 1276 4323 dat
1321 4250 1786 4323 concupiscentiam
1811 4289 1828 4319 ,
1875 4257 1923 4306 et

338 4320 518 4393 diligit
539 4329 756 4375 morture
782 4321 1021 4393 imaginis
1047 4320 1270 4393 efﬁgiem
1300 4321 1410 4378 sine
1435 4320 1631 4377 anima.

404 4391 668 4466 Malorum
711 4391 970 4466 amatores
1013 4391 1158 4466 digni
1185 4403 1347 4458 sunt,
1391 4394 1479 4466 qui
1522 4410 1664 4466 spem
1693 4393 1925 4450 habeant

335 4467 385 4520 in
412 4464 622 4534 talibus,
655 4472 701 4518 et
728 4465 817 4535 qui
848 4465 1047 4536 faciunt
1075 4464 1193 4519 illos
1213 4505 1230 4532 ,
1275 4476 1321 4520 et
1358 4465 1448 4536 qui
1475 4464 1732 4537 diligunt,
1762 4477 1810 4521 et
1836 4467 1926 4536 qui

336 4539 530 4593 colunt.

407 4581 582 4664 Sed-et
602 4608 797 4679 ﬁgulus
815 4607 1026 4665 mollem
1047 4617 1235 4665 terrant
1253 4625 1482 4682 premens
1501 4608 1760 4664 laboriose
1778 4610 1926 4682 ﬁngit
1950 4581 2005 4644 Β

339 4686 404 4736 ad
448 4697 574 4734 usus
600 4690 802 4735 nostros
829 4683 1232 4751 ununufuodque
1267 4698 1356 4736 vas
1381 4721 1396 4745 ,
1444 4691 1492 4736 et
1521 4682 1585 4734 de
1613 4682 1790 4735 eodem
1818 4684 1928 4738 luto

341 4752 485 4825 ﬁngit
509 4767 628 4822 qua:
657 4752 851 4806 munda
880 4762 1001 4806 sunt
1027 4754 1082 4806 in
1106 4769 1256 4807 usum
1283 4768 1402 4806 vasa
1426 4794 1441 4817 ,
1479 4762 1528 4807 et
1551 4753 1791 4806 similiter
1813 4769 1930 4822 qute

341 4825 417 4877 his
437 4831 557 4878 sunt
579 4825 843 4895 contraria
857 4839 877 4879 :
898 4825 1083 4879 horum
1103 4833 1276 4880 autem
1297 4839 1538 4879 vasorum
1558 4825 1672 4895 quis
1691 4825 1755 4879 sit
1782 4841 1926 4893 usus,

334 4895 499 4969 judea:
529 4903 603 4948 est
633 4893 848 4969 ﬁgulus,

411 4966 481 5041 Et
507 4982 628 5041 cum
653 4965 827 5041 labore
848 4983 980 5023 vano
1007 4967 1175 5024 Deum
1199 4968 1347 5041 ﬁngit
1371 4969 1435 5024 de
1463 4968 1639 5024 eodem
1669 4967 1777 5023 luto
1804 4985 1822 5024 :
1846 4969 1933 5024 ille

344 5039 436 5112 qui
455 5037 616 5112 paulo
646 5046 766 5112 ante
793 5039 856 5094 de
884 5052 1020 5096 terra
1048 5037 1215 5112 factus
1242 5037 1434 5111 fuerat,
1467 5051 1516 5095 et
1547 5049 1658 5106 post
1683 5042 1928 5112 pusillum

344 5109 545 5185 reducit
575 5110 794 5185 seurtde
817 5109 1057 5185 acceptus
1080 5120 1156 5185 est
1180 5154 1197 5182 ,
1235 5109 1480 5183 repetitus
1507 5113 1627 5185 [AL
1658 5109 1931 5184 repertus]

344 5183 531 5253 animle
559 5180 786 5235 debitum
811 5180 968 5253 quam
997 5180 1235 5240 habebat.

414 5252 534 5327 Sed
550 5268 676 5327 cura
698 5255 902 5327 estilli,
927 5271 1032 5310 non
1056 5258 1178 5327 quia
1205 5254 1534 5311 laboraturus
1562 5263 1659 5322 est,
1687 5271 1780 5327 nec
1805 5270 1933 5324 quo-

345 5325 488 5378 niam
517 5323 680 5396 brevis
709 5323 797 5396 illi
817 5327 922 5380 vita
947 5336 1024 5381 est
1046 5323 1179 5392 {sed
1203 5335 1528 5382 concertatur
1549 5323 1855 5396 auriﬁcibus
1887 5336 1935 5380 et

347 5394 689 5472 argentariis:
707 5394 798 5450 sed
818 5405 867 5450 et
886 5399 1101 5453 aerarios
1115 5399 1377 5472 imitatur,
1390 5408 1442 5453 et
1460 5394 1680 5472 gloriam
1701 5401 1934 5470 prtefert,

345 5470 588 5550 quoidam
617 5481 699 5550 res
727 5482 1073 5550 supervacuas
1092 5470 1264 5545 ﬁngit.

417 5538 563 5617 _Cinis
592 5545 670 5617 est
695 5538 1139 5617 ettim_eor_ejus,
1170 5538 1232 5597 'et
1277 5551 1413 5598 terra
1458 5557 1778 5617 supervacua
1821 5557 1937 5615 spes

346 5609 510 5686 illius,
542 5619 603 5686 et_
622 5609 738 5686 luto_
753 5611 902 5666 vilior
930 5609 1032 5686 vita
1060 5617 1195 5686 ejus.

425 5679 692 5761 Quoniam
719 5679 972 5752 ignoravit
996 5679 1160 5754 quise
1178 5685 1350 5761 ﬁngit,
1380 5695 1429 5742 et
1448 5687 1537 5761 qui
1565 5687 1836 5761 inspiravit
1860 5683 1942 5742 illi

1487 5704 1536 5742 ια
1565 5704 1836 5761 inspiravit
1860 5704 1942 5742 un

1444 5704 1598 5834 ﬁlavit
1630 5760 1677 5818 ei
1707 5760 1944 5837 spiritum

349 5755 581 5885 anlinltam
607 5795 624 5823 ,
669 5767 785 5817 qua:
815 5764 1085 5832 operatur,
1119 5755 1284 5833 etqui
1326 5759 1442 5816 insu

352 5843 396 5885 ttt
424 5845 454 5885 α
478 5844 582 5885 em.
753 5876 812 5885 μμ

352 5843 582 5890 vitalem.

753 5876 813 5893 θεν.

1621 263 1826 326 LIBER
1862 264 2272 328 SAPIEN’I‘IJE.

290 384 688 448 consuetudine,
715 384 800 440 hic
823 400 970 440 error
996 393 1262 456 tamquam
1289 385 1371 441 lex
1396 384 1691 442 custoditus
1720 396 1818 456 est,
1845 395 1894 442 et
1920 387 1971 448 Α

1999 1963 2314 2034 conspicere.

2000 2039 2218 2092 ctionent
2249 2035 2381 2104 ejus.

3488 271 3597 332 “8

2072 384 2179 442 Sed
2219 395 2267 441 et
2297 383 2679 459 wstimaverunt
2709 384 2881 440 lusum
2909 398 3020 442 esse
3042 385 3207 459 vitam
3234 396 3462 445 nostram
3486 433 3503 459 ,
3550 401 3598 448 et

1999 461 2440 534 conversationem
2468 458 2586 534 vita;
2614 459 2948 534 compositam
2981 457 3050 512 ad
3079 459 3319 534 lucrum,
3363 472 3413 514 et
3440 457 3597 534 opor-

1999 537 2103 583 tere
2125 529 2480 598 undecumque
2504 529 2657 583 etiam
2689 545 2752 584 ea:
2782 530 2920 584 malo
2951 531 3230 596 acquirere.

1999 607 2032 663 ίι
2079 601 2186 656 Hic
2205 602 2338 655 enim
2360 602 2456 673 scit
2477 615 2532 654 se
2552 617 2706 670 super
2727 617 2900 673 omnes
2918 599 3238 673 delinquere,
3261 603 3350 673 qui
3368 619 3432 658 ea:
3452 613 3600 662 teme

1998 673 2220 733 materia
2249 671 2612 744 fragiliaivasa
2643 679 2687 726 el
2711 671 2979 742 sculptilia
3008 671 3205 744 ﬁngit.~

2074 747 2262 802 Omnes
2292 743 2427 815 enim
2457 743 2753 814 insipientes
2778 786 2794 810 ,
2847 753 2894 797 et
2933 743 3166 815 infelices
3194 761 3358 815 supra
3387 747 3598 802 modum

1998 822 2186 875 animat
2215 813 2442 886 superbi,
2474 813 2594 870 sunt
2621 815 2820 870 inimici
2845 813 3027 889 papuli
3057 815 3156 884 tui,
3205 813 3597 889 et'imperantes

1997 891 2102 948 illi.

2073 959 2332 1031 Quoniam
2359 957 2534 1013 omnia
2559 959 2704 1012 idola
2729 958 2997 1012 nationum
3026 959 3146 1014 deos
3167 961 3550 1018 (estimaverunt
3574 1008 3593 1031 ,

1999 1037 2183 1106 quibus
2205 1031 2374 1106 neque
2402 1031 2671 1106 oculorum
2715 1045 2844 1106 usus
2875 1041 2948 1084 est
2978 1032 3046 1084 ad
3072 1032 3347 1087 videndum
3371 1073 3388 1100 ,
3441 1052 3602 1106 neque

1999 1101 2151 1162 nares
2181 1103 2249 1156 ad
2284 1102 2670 1171 percipiendum
2713 1101 2957 1170 spiritum
2983 1144 2996 1162 .
3042 1120 3205 1174 neque
3232 1120 3386 1160 aures
3409 1107 3478 1160 ad
3504 1101 3597 1160 au-

2000 1180 2264 1238 diendum,
2294 1189 2454 1242 neque
2477 1174 2624 1245 digiti
2649 1188 2896 1245 manuum
2925 1174 2994 1227 ad
3019 1178 3345 1230 tractandum
3369 1218 3384 1245 ,
3425 1179 3518 1234 sed
3546 1188 3590 1233 et

1999 1249 2152 1323 pedes
2180 1259 2356 1323 eorum
2380 1243 3022 1323 pigriadambulandum.

2073 1316 2408 1390 Homoenim
2434 1315 2554 1390 fecit
2583 1315 2701 1369 illos
2724 1331 2742 1390 ς
2765 1324 2810 1367 et
2837 1317 2932 1390 qui
2949 1317 3187 1390 spiritum
3219 1327 3481 1390 mutuatus
3503 1331 3594 1387 est,

1999 1393 2044 1463 is
2073 1392 2226 1463 ﬁnxit
2255 1384 2397 1441 illos.
2446 1385 2616 1440 Nemo
2659 1387 2794 1441 enim
2839 1384 2936 1441 sibi
2975 1384 3202 1444 similem
3231 1389 3383 1448 homo
3414 1384 3602 1463 poterit

2001 1462 2166 1518 Deum
2195 1462 2409 1530 ﬁngere.

2075 1529 2368 1607 Camenim
2386 1529 2452 1583 sit
2472 1529 2731 1607 mortalis,
2763 1542 3023 1589 mortuum
3053 1534 3205 1607 ﬁngit
3231 1535 3469 1590 manibus
3500 1537 3603 1590 ini-

2002 1609 2135 1677 quis.
2182 1601 2372 1678 Melior
2401 1601 2536 1654 enim
2559 1611 2630 1654 est
2661 1603 2773 1672 ipse
2798 1647 2814 1672 ,
2856 1607 2933 1661 his
2960 1646 2974 1669 ,
3013 1601 3282 1678 quos'colit
3302 1647 3318 1674 ,
3345 1614 3468 1676 quia
3493 1609 3602 1678 ipse

2003 1673 2210 1750 quidem
2234 1673 2379 1750 vixit,
2409 1688 2527 1750 cum
2551 1682 2678 1750 esset
2702 1679 2966 1750 mortalis,
2987 1673 3067 1729 illi
3091 1692 3260 1732 autem
3292 1673 3592 1749 numquam.

2078 1749 2182 1804 Sed
2213 1753 2260 1801 et
2287 1742 2539 1796 animalia
2567 1746 2852 1801 miserrima
2882 1749 3064 1802 colunt
3095 1765 3114 1804 :
3155 1742 3437 1804 insensata'
3456 1752 3596 1808 enim

2002 1826 2298 1892 comparata
2329 1814 2429 1880 his,
2463 1812 2721 1892 illis_sun_t
2747 1819 3024 1892 deteriora.

2071 1884 2180 1948 Sed
2201 1904 2291 1943 nec
2312 1895 2524 1960 aspectu
2544 1884 2734 1957 aliquis
2757 1907 2820 1944 ere
2842 1891 2921 1944 his
2943 1890 3254 1946 animalibus
3276 1891 3408 1946 bona
3432 1901 3597 1960 potest

2383 1955 2677 2028 E/fugerunt
2705 1971 2879 2016 autem
2909 1961 3008 2017 Dei
3047 1963 3256 2018 laudent
3300 1973 3346 2017 et
3397 1955 3603 2019 benedi—

2600 2124 2827 2184 CAPUT
2864 2127 3010 2184 XVI.

2082 2244 2299 2317 Propter
2349 2247 2456 2301 lucc
2483 2288 2498 2314 ,
2545 2242 2860 2320 et_per__his
2904 2242 3098 2320 similia
3131 2243 3273 2316 passi
3299 2255 3420 2299 sunt
3446 2247 3601 2320 digne

2006 2315 2287 2387 tormenta,
2317 2327 2364 2372 et
2393 2334 2485 2390 per
2510 2315 2902 2372 multitudinem
2944 2315 3228 2371 bestiarum
3273 2315 3616 2374 exterminatis

2005 2401 2149 2444 sunt.
3049 2436 3052 2442 .

2082 2460 2189 2515 Pro
2214 2460 2395 2526 quibus
2417 2458 2682 2516 tormentis
2702 2458 2824 2513 bene
2845 2457 3146 2530 dispositiin
3158 2456 3406 2530 populum
3429 2469 3596 2528 tuum,

2007 2532 2192 2599 quibus
2221 2531 2416 2587 dedisti
2441 2531 2907 2603 concupiscentiam
2932 2528 3288 2584 delectamenti
3308 2532 3390 2585 sui
3413 2549 3603 2587 novum

2006 2620 2264 2676 saporem,
2297 2620 2465 2676 escam
2496 2602 2684 2671 parans
2712 2602 2788 2676 eis
2823 2608 3243 2671 ortygometram.

2087 2675 2154 2730 Ut
2183 2675 2263 2728 illi
2283 2675 2495 2744 quidem
2517 2674 2932 2745 concupiscentes
2954 2688 3122 2726 escam
3148 2680 3355 2743 prapter
3375 2689 3459 2741 ea,
3490 2691 3605 2745 qua:

2009 2745 2116 2802 illis
2138 2743 2340 2800 ostensa
2369 2756 2417 2800 et
2447 2750 2604 2800 missa
2629 2752 2748 2798 sunt
2776 2784 2791 2808 ,
2829 2743 2984 2796 etiam
3025 2760 3056 2795 a
3085 2745 3379 2797 necessaria
3409 2743 3601 2800 concu-

2013 2818 2262 2889 piscentia
2291 2824 2660 2872 averterentur.
2696 2813 2770 2868 Hi
2798 2822 2968 2868 autent
2998 2816 3051 2868 in
3081 2813 3216 2869 brevi
3239 2815 3418 2887 inopes
3448 2817 3598 2888 facti,

2013 2905 2195 2944 novam
2219 2898 2548 2959 gustaverunl
2578 2903 2768 2942 escam.

2089 2955 2372 3030 Oportebat
2397 2961 2532 3014 enim
2561 2960 2666 3014 illis
2693 2959 2803 3030 sine
2830 2955 3160 3030 excusatione
3189 2957 3392 3027 quidem
3416 2976 3605 3029 super-

2015 3028 2188 3088 venire
2221 3032 2491 3086 interitum
2529 3029 2880 3086 exercentibus
2910 3028 3239 3100 tyrannidem
3270 3046 3290 3084 :
3328 3031 3409 3086 his
3437 3028 3606 3087 autem

2018 3112 2217 3159 tantum
2249 3103 2513 3158 ostendere
2543 3100 2978 3174 quemadmodum
3003 3100 3201 3154 inimici
3230 3117 3404 3156 eorum
3431 3114 3599 3159 exter-

1936 3182 1983 3246 (ζ
2016 3175 2367 3232 minabantur.

2090 3247 2294 3302 Etenim
2335 3263 2449 3301 cum
2495 3245 2601 3301 illis
2638 3243 2932 3318 supervenit
2983 3258 3117 3298 steva
3149 3243 3432 3318 bestiarum
3475 3245 3554 3300 ira
3581 3288 3598 3318 ,

2020 3318 2276 3391 morsibus
2302 3335 2656 3391 perversorum
2682 3315 3010 3391 colubrerum
3033 3315 3533 3391 exterminabantur.

2092 3389 2199 3446 Sed
2239 3389 2344 3445 non
2387 3391 2440 3445 in
2481 3399 2782 3460 perpetuum
2813 3390 2894 3441 ira
2922 3397 3012 3440 tua
3053 3390 3374 3460 permansit,
3418 3391 3508 3444 sed
3539 3391 3608 3444 ad

2019 3463 2392 3533 correptionem
2429 3459 2489 3516 in
2526 3461 2662 3516 brevi
2690 3459 2880 3514 turbati
2912 3467 3070 3533 sunt,
3106 3459 3326 3533 signum
3369 3461 3609 3516 habentes

2019 3529 2203 3590 salutis
2229 3535 2297 3588 ad
2327 3533 2861 3587 commemorationem
2887 3530 3118 3584 mandati
3143 3529 3272 3601 legis
3305 3545 3427 3586 tute.

2095 3605 2198 3673 Qui
2227 3605 2363 3659 enim
2392 3619 2663 3659 conversus
2685 3613 2780 3666 est,
2816 3618 2919 3656 non
2950 3617 3039 3674 per
3067 3601 3182 3668 hoc,
3217 3603 3357 3672 quod
3385 3604 3608 3674 videbat,

2019 3671 2320 3740 satiabatur,
2352 3677 2440 3730 sed
2467 3683 2622 3744 perte
2643 3674 2873 3728 ontnium
2897 3671 3228 3726 salvatorem.

2094 3748 2159 3801 ln
2187 3749 2282 3802 hoc
2302 3743 2473 3800 autem
2504 3746 2770 3800 ostendisti
2795 3743 3020 3799 inimicis
3049 3745 3239 3798 nostris
3268 3745 3394 3816 quia
3423 3757 3480 3801 tu
3514 3763 3565 3801 es
3592 3789 3607 3815 ,

2021 3819 2324 3893 quilibet'as
2353 3819 2415 3893 ab
2447 3819 2585 3893 omni
2611 3817 2769 3870 malo.

2094 3889 2230 3945 Illos
2276 3892 2415 3945 enim
2462 3889 2821 3955 locustarum,
2881 3893 2928 3942 et
2974 3902 3270 3940 muscarum
3318 3889 3616 3944 occiderunt

2024 3978 2248 4027 morsus,
2273 3972 2319 4017 et
2347 3979 2448 4016 non
2469 3970 2542 4016 est
2562 3962 2767 4014 inventa
2787 3960 2982 4014 sanitas
2994 3959 3193 4033 aninuv
3215 3959 3425 4014 illorum
3449 3977 3469 4016 :
3491 3963 3612 4033 quia

2025 4035 2170 4106 digni
2197 4043 2341 4089 erant
2374 4033 2435 4086 ab
2466 4033 2760 4105 hujusmodi
2790 4030 3145 4106 exterminari.

2097 4103 2263 4161 Filios
2294 4115 2464 4160 autem
2495 4103 2603 4159 tuos
2629 4144 2643 4168 ,
2694 4119 2788 4157 nec
2827 4103 3110 4155 draconum
3141 4111 3509 4158 venenatorum
3538 4104 3614 4159 vi-

2026 4189 2206 4233 cerunt
2227 4178 2435 4234 dentes:
2460 4174 2813 4232 misericordia
2835 4174 2967 4229 enim
2992 4182 3079 4227 tua
3104 4173 3380 4230 adveniens
3400 4177 3617 4231 sanabat
3705 4226 3715 4236 .

2026 4250 2166 4305 illos.

2102 4321 2169 4376 In
2191 4320 2436 4378 memoria
2455 4321 2590 4376 enim
2611 4334 2901 4374 sermonum
2929 4326 3136 4372 tuorum
3166 4320 3615 4387 examinabnntur,

2027 4402 2073 4448 et
2098 4394 2339 4450 velociter
2366 4393 2700 4448 salvabantur
2724 4433 2739 4456 ,
2791 4408 2852 4444 ne
2893 4391 2945 4444 in
2987 4389 3146 4444 altam
3175 4391 3458 4447 incidentes
3488 4393 3619 4449 obli-

2027 4467 2249 4533 vionem,
2280 4483 2382 4520 non
2415 4473 2619 4534 possent
2649 4474 2739 4518 tuo
2767 4463 2840 4517 uti
2866 4462 3150 4534 adjutorio.

2103 4532 2310 4593 Etenim
2347 4532 2508 4606 neque
2532 4535 2691 4589 herba
2718 4576 2732 4600 ,
2777 4532 2936 4607 neque
2975 4532 3233 4607 malagma
3263 4536 3465 4589 sanavit
3493 4552 3579 4591 eos
3601 4576 3619 4604 ,

2029 4609 2121 4664 sed
2150 4620 2285 4675 tuus,
2319 4609 2556 4672 Domine,
2584 4623 2772 4669 sermo,
2804 4606 2892 4672 qui
2921 4613 3076 4657 sanat
3104 4606 3296 4660 omnia.

2100 4680 2180 4735 Tu
2208 4698 2261 4736 es
2283 4681 2440 4745 enim,
2478 4678 2717 4743 Domine,
2745 4678 2832 4746 qui
2859 4675 2976 4729 vita:
3003 4685 3049 4729 et
3079 4679 3256 4730 mortis
3289 4677 3454 4732 habes
3476 4686 3622 4747 pote-

2031 4762 2236 4819 statem,
2268 4761 2316 4807 et
2341 4751 2553 4806 deducis
2578 4748 2647 4801 ad
2674 4758 2852 4819 portas
2881 4747 3084 4811 mortis,
3115 4757 3160 4801 et
3183 4747 3403 4802 reducis.

2037 4835 2040 4839 '
2105 4823 2280 4878 Homo
2323 4833 2491 4877 autem
2518 4821 2704 4875 occidit
2746 4819 2952 4889 quidem
2994 4836 3085 4888 per
3110 4819 3358 4872 malitiam
3385 4861 3398 4884 ,
3431 4829 3478 4875 et
3506 4838 3622 4876 cum

2032 4897 2210 4951 exierit
2235 4895 2480 4968 spiritus,
2514 4909 2616 4947 non
2640 4899 2942 4959 revertetur,
2975 4906 3066 4945 nec
3096 4891 3348 4945 revocabit
3371 4893 3621 4963 animam,

2033 4985 2150 5041 qua:
2174 4977 2378 5041 recepta
2399 4975 2492 5021 est.
2693 5033 2726 5041 __
2908 5022 2942 5041 __

2109 5039 2215 5095 Sed
2238 5033 2382 5093 tu'am
2406 5052 2621 5092 manum
2650 5033 2874 5107 effugere
2901 5033 3214 5105 impossibile
3239 5041 3335 5107 est.

2111 5110 2373 5184 Negantes
2398 5109 2532 5184 enim
2559 5119 2605 5162 te
2635 5105 2788 5162 nosse
2814 5107 2980 5184 impii,
3012 5121 3103 5184 per
3131 5105 3486 5184 fortitudinem
3510 5107 3628 5163 bra-

2036 5182 2141 5258 chii
2167 5178 2241 5258 tui
2268 5181 2522 5258 flagellati
2551 5187 2671 5234 sunt
2702 5194 2720 5234 :
2750 5181 2893 5258 novis
2918 5180 3090 5258 aquis,_
3111 5188 3155 5230 et
3186 5178 3628 5258 grandinibus,_et

2037 5255 2226 5327 pluviis
2253 5251 2664 5327 persecutionem
2684 5251 2845 5319 passi,
2879 5259 2932 5327 et_
2957 5263 3047 5318 per
3074 5251 3243 5318 ignem
3274 5254 3592 5327 consumpti.

2111 5321 2265 5392 Quod
2294 5325 2432 5380 enim
2463 5323 2693 5378 mirabile
2722 5329 2832 5392 erat
2857 5362 2872 5386 ,
2917 5321 2967 5374 in
2994 5334 3127 5392 aqua
3148 5360 3163 5386 ,
3195 5335 3311 5390 qua:
3336 5321 3515 5378 omnia
3544 5340 3632 5378 ea-

2041 5390 2256 5467 stin'guit
2283 5438 2297 5465 ,
2343 5394 2459 5468 plus
2504 5395 2639 5466 ignis
2673 5390 2918 5447 valebat:
2966 5390 3152 5445 vindex
3187 5400 3264 5448 est
3307 5395 3444 5447 enim
3493 5395 3632 5450 orbis

2032 5472 2318 5543 justorum.

2117 5541 2355 5606 Quodam
2401 5538 2536 5593 enim
2593 5545 2820 5605 tempore
2865 5533 3290 5590 mansuetabatur
3337 5536 3515 5607 ignis,
3572 5554 3638 5592 ne

2044 5612 2464 5666 comburerentur
2501 5623 2615 5679 quae
2641 5609 2708 5662 ad
2753 5607 2938 5680 impios
2968 5609 3122 5662 ntissa
3151 5616 3298 5680 erant
3328 5608 3589 5662 animalia
3617 5624 3637 5663 :

2045 5685 2135 5741 sed
2158 5692 2214 5737 ut
2238 5683 2340 5754 ipsi
2368 5681 2594 5754 videntes
2617 5680 2808 5735 scirent
2833 5723 2848 5751 ,
2893 5680 3138 5749 quoniam
3171 5679 3273 5735 Dei
3290 5680 3502 5752 judicio
3547 5697 3643 5753 pa-

2049 5751 2267 5811 tiuntur'
2286 5751 2709 5824 persecutionem.

2124 5826 2193 5885 Et
2234 5823 2460 5902 quodam
2495 5833 2736 5902 tempore
2776 5823 2830 5880 in
2871 5839 3006 5898 aqua
3046 5839 3205 5896 supra
3234 5825 3472 5881 virtutem
3503 5823 3643 5896 ignis
