4182 6338
311 349 419 410 421

1145 349 1212 408 IN
1251 347 1840 410 ECCLESIASTICUM
1879 346 2044 407 JESU
2085 337 2242 406 FiLll
2281 345 2536 407 SIRACH
2576 347 2964 409 PROLOGUS.
3001 348 3019 400 ἲ

3521 347 3628 408 429.

391 468 540 544 Tunc
569 469 814 544 continuo
862 467 1002 524 visus
1033 471 1352 525 somniorum
1397 469 1656 544 malorum
1685 470 1922 524 turbave-
1951 472 1998 531 Α
2028 469 2330 544 gurabatur,
2361 471 2646 544 deserviens
2674 473 2776 528 tuis
2805 471 3098 544 pi'ieceptis,
3139 475 3195 525 ut
3230 470 3378 544 pueri
3405 471 3480 526 tui
3533 489 3625 527 cu-

313 551 446 614 rant
475 541 616 614 illos,
646 551 694 595 et
724 543 937 596 timores
964 554 1366 606 supervenerunt
1392 543 1664 614 insperati.
1708 591 1712 601 .

392 611 460 687 Et
491 612 650 687 alius
675 623 700 650 *ι
741 614 866 667 alibi
897 617 1156 687 projectus
1186 611 1484 687 semivivus,
1512 623 1722 687 propter
1769 628 1926 684 quam

312 684 657 750 moriebatur,
683 701 892 738 causam
921 684 1306 740 demonstrabat
1336 684 1538 740 mortis.

408 754 644 828 Visiones
689 758 824 810 enim
873 772 990 827 qua:
1009 757 1128 812 illos
1173 757 1536 825 turbaverunt,
1566 756 1678 814 luec
1708 771 1928 828 praemo-

329 827 549 901 aiebant,
577 843 640 880 ne
664 828 835 896 inscii,
870 844 1029 898 quare
1050 829 1187 886 mala
1218 830 1566 901 patiebantur,
1601 827 1846 898 perirent.

414 898 600 972 Tetigit
627 909 798 972 autem
825 911 946 952 time
973 911 1021 952 et
1040 898 1450 972 justos'tentatio
1481 902 1684 964 mortis,
1711 910 1757 954 et
1783 915 1923 952 coni-

313 971 480 1024 motio
506 971 560 1023 in
578 986 746 1024 eremo
770 971 910 1040 facta
929 981 1002 1026 est
1032 971 1382 1028 multitudinis
1408 989 1426 1027 :
1449 973 1539 1028 sed
1566 990 1671 1027 non
1692 972 1782 1026 diu
1811 986 1929 1041 per-

316 1042 514 1096 mansit
540 1043 618 1094 ira
649 1051 762 1097 tua.

394 1111 711 1186 Properans
730 1114 864 1167 enim
915 1113 1067 1168 homo
1097 1114 1208 1170 sine
1255 1114 1466 1186 querela
1514 1114 1784 1186 deprecari
1831 1129 1926 1184 pro

315 1185 556 1254 populis,
588 1185 856 1255 proferens
884 1186 1144 1240 servitutis
1195 1185 1303 1240 sua:
1352 1185 1586 1254 scutum,
1617 1189 1923 1247 orationem.

313 1265 367 1308 et
402 1273 494 1327 per
526 1258 797 1310 incensum
836 1257 1249 1326 deprecationem
1298 1257 1556 1327 allegans,
1595 1260 1782 1314 restitit
1809 1256 1922 1320 irte,

313 1338 367 1380 et
402 1319 585 1402 'fineni
605 1329 854 1399 imposuit
884 1319 1206 1400 necessitati,
1237 1319 1510 1386 ostendens
1531 1319 1777 1402 quoniam
1809 1319 1926 1383 tuus

313 1408 398 1451 est
422 1398 669 1467 famulus.

409 1470 543 1524 Vicit
565 1483 737 1525 autem
757 1472 966 1546 turbas,
1000 1489 1102 1527 non
1133 1473 1184 1527 in
1219 1473 1407 1528 virtute
1437 1475 1690 1546 corporis,
1719 1491 1812 1529 nec
1835 1493 1924 1531 ar-

315 1552 546 1618 matura:
574 1543 824 1612 potentia,
865 1545 954 1598 sed
982 1547 1131 1599 verbo
1159 1547 1330 1612 illum,
1360 1545 1450 1618 qui
1474 1543 1782 1613 se'vexabat,
1808 1548 1929 1602 sub-

305 1615 471 1684 jecit,
486 1618 788 1684 juramenta
816 1625 1104 1684 parentum,
1141 1626 1188 1672 et
1219 1615 1582 1672 testamentum
1611 1635 1924 1674 commemo-

315 1701 469 1740 raris.

403 1757 536 1811 Cum
563 1758 722 1833 enim
741 1761 861 1831 jam
901 1760 1180 1814 acervatim
1221 1757 1518 1815 cecidissent
1564 1776 1720 1833 super
1766 1763 1925 1818 alter-

316 1832 745 1925 utruiii'mortui,
776 1833 1134 1925 intfrstitituet
1160 1834 1450 1925 amputavit
1477 1832 1744 1903 impetum,
1770 1844 1816 1888 et
1846 1835 1926 1889 di-
1959 1865 2005 1925 Β

317 1902 447 1973 visit
472 1903 637 1968 illam,
661 1919 778 1973 qua?
805 1905 873 1958 ad
900 1905 1035 1956 vivos
1060 1903 1298 1972 ducebat,
1328 1904 1482 1956 viain.

404 1971 470 2025 In
489 1982 620 2026 veste
641 1971 778 2027 enim
807 1975 1030 2043 poderis.
1049 1991 1202 2042 quam
1234 1971 1470 2040 habebat,
1500 1983 1636 2028 totus
1663 1987 1768 2030 erat
1792 1977 1928 2031 orbis

320 2053 586 2119 terrarum
619 2061 637 2098 :
667 2055 715 2100 et
739 2057 1008 2115 parentum
1039 2048 1303 2119 magnalia
1325 2047 1379 2099 in
1407 2056 1631 2114 quatuor
1659 2047 1929 2103 ordinibus

319 2115 565 2186 lapidum
588 2120 990 2190 erantrsculpta,
1020 2127 1063 2170 et
1093 2115 1474 2187 magnificentia
1506 2130 1598 2173 tua
1651 2119 1705 2172 in
1743 2120 1928 2174 diade-

322 2196 469 2258 mate
495 2189 678 2256 capitis
700 2188 845 2246 illius
876 2188 1084 2258 Seiilpta
1108 2200 1244 2244 erat.

403 2257 505 2312 llis
528 2270 702 2332 autem
723 2263 872 2317 cessit
902 2257 1415 2326 quiexterminabat,
1446 2270 1494 2319 et
1521 2261 1630 2318 hac
1649 2263 1886 2319 extimuit
1909 2281 1929 2332 ,°

318 2339 439 2383 erat
469 2329 604 2385 enim
625 2331 738 2387 sola
770 2336 983 2389 tentatio
1011 2333 1105 2388 ira:
1141 2334 1427 2404 sufﬁciens.

918 2508 1150 2567 CAPUT
1193 2508 1335 2566 XIX.

2029 541 2348 596 stodirentur
2383 540 2556 596 itlwsi.

2103 611 2245 665 Nam
2267 613 2429 668 nubes
2455 624 2625 668 castra
2651 628 2832 670 eorum
2877 614 3234 677 obumbrabat,
3263 623 3311 668 et
3349 630 3413 668 ex
3465 631 3617 685 aqua,

2029 699 2144 759 quae
2169 693 2290 759 ante
2317 694 2444 759 erat,
2471 692 2608 759 terra
2649 687 2802 740 arida
2831 689 3098 759 apparuit,
3131 697 3176 741 et
3207 688 3258 740 in
3289 685 3420 738 mari
3440 685 3624 759 Rubro

2029 755 2110 830 via
2153 755 2272 830 sine
2319 756 2708 830 impedimento,
2762 767 2810 814 et
2835 755 3050 829 campus
3095 759 3388 830 germinans
3413 757 3477 812 de
3502 773 3626 829 pro-

2027 825 2195 896 fundo
2219 825 2397 883 nimio.

2102 889 2206 951 Per
2227 915 2374 972 quem
2420 900 2586 955 omnis
2617 901 2759 972 natio
2791 900 3052 972 transivit,
3081 898 3197 972 qua:
3236 899 3494 971 tegebatur
3539 906 3626 953 tua

2027 985 2209 1036 manu,
2237 970 2466 1026 videntes
2493 981 2581 1025 tua
2599 971 2861 1025 mirabilia
2889 983 2936 1025 et
2962 970 3211 1026 monstra.

2099 1039 2388 1114 Tamquam
2418 1044 2552 1096 enim
2582 1043 2698 1113 equi
2731 1043 3046 1114 depaverunt
3077 1060 3268 1114 escam,
3290 1051 3338 1098 et
3369 1052 3626 1111 tamquam

2027 1111 2159 1194 agni
2177 1114 2585 1235 eisultaverunt,
2612 1111 3003 1185 magnificentes
3032 1126 3098 1184 te,
3127 1113 3369 1183 Domine,
3392 1117 3480 1186 qui
3503 1115 3629 1168 libe-

2028 1195 2193 1235 rastii
2243 1200 2318 1235 os.

2028 1195 2159 1236 rasti
2181 1195 2318 1237 ittos.

2101 1251 2354 1309 Memores
2385 1256 2518 1310 enim
2547 1264 2698 1312 erant
2723 1255 2896 1310 adhuc
2925 1271 3104 1311 eorum
3128 1299 3142 1326 ,
3175 1273 3288 1327 qua:
3311 1259 3363 1311 in
3397 1255 3627 1310 incolatu

2028 1323 2238 1400 illorum
2269 1327 2641 1400 {actarfuerant
2659 1371 2674 1396 ,
2695 1323 3138 1400 quemadmodum
3163 1323 3256 1397 pro
3277 1329 3492 1400 natione
3516 1329 3628 1383 ani—

2027 1396 2244 1474 maliuni
2272 1395 2452 1474 edueeit
2479 1409 2615 1474 terra
2653 1395 2852 1454 muscas
2879 1442 2892 1466 ,
2925 1410 2972 1454 et
3008 1415 3104 1474 pro
3133 1395 3359 1472 piscibus
3380 1400 3629 1454 eructavit

2027 1468 2221 1539 ﬂuuius
2249 1469 2638 1524 multitudinem
2660 1487 2927 1526 ranarum.

2102 1538 2397 1594 Novissime
2423 1549 2597 1597 autem
2625 1541 2860 1596 viderunt
2881 1557 3063 1597 novam
3090 1550 3380 1600 creaturam
3409 1541 3580 1595 arium
3607 1585 3623 1610 ,

2026 1611 2388 1696 cuniadducti
2415 1614 2829 1685 concupiscentia
2856 1611 3242 1688 postulaverunt
3276 1630 3417 1668 escas
3447 1613 3630 1685 epula-

2028 1691 2206 1737 tionis.

2100 1752 2170 1808 In
2199 1753 2519 1810 allocutione
2538 1757 2673 1810 enim
2703 1757 2974 1822 desiderii,
3007 1757 3239 1811 ascendit
3262 1755 3368 1811 illis
3396 1755 3461 1809 de
3493 1755 3628 1811 mari

2031 1837 2379 1900 ortygoinetra
2404 1842 2422 1879 :
2441 1838 2488 1881 et
2511 1829 2803 1883 vexationes
2825 1828 3178 1900 peccatoribus
3203 1835 3630 1900 supervenerunt,

2031 1897 2282 1970 non_sii_ie
2308 1898 2455 1970 illis,
2501 1915 2615 1967 qua:
2657 1910 2774 1953 ante
2809 1897 2948 1970 facta
2985 1910 3158 1970 erant,
3203 1897 3516 1968 argutiientis
3545 1915 3634 1969 per

2031 1966 2440 2039 vimlfulminum
2475 1985 2495 2024 :
2516 1966 2657 2041 juste
2682 1966 2818 2024 enim
2846 1967 3172 2042 patiebantur
3197 1966 3478 2024 secundum
3512 1966 3632 2024 suas

2033 2051 2318 2105 nequitias.

2104 2109 2310 2164 Etenim
2333 2111 2762 2169 detestabiliorein
2776 2112 3235 2183 inliospitalitatem
3256 2111 3594 2166 instituerunt
3614 2127 3634 2166 :

2033 2180 2126 2235 alii
2153 2184 2356 2255 quidem
2389 2186 2588 2255 ignotos
2619 2202 2720 2239 non
2751 2180 3066 2255 recipiebant
3093 2184 3322 2255 advenas
3346 2224 3361 2251 ,
3405 2184 3498 2237 alii
3539 2198 3636 2237 au-

2033 2263 2153 2327 teni_
2162 2253 2322 2309 bonos
2343 2253 2572 2327 hospites
2594 2257 2649 2311 in
2673 2253 2966 2311 servitutem
2992 2254 3312 2327 redigebant.

2108 2325 2175 2378 Et
2202 2343 2305 2381 non
2352 2325 2522 2382 solum
2552 2329 2678 2394 litae,
2725 2328 2815 2384 sed
2865 2338 2914 2382 et
2956 2328 3090 2381 alius
3135 2326 3346 2397 quidam
3373 2336 3633 2395 respectus

2034 2396 2245 2471 illorum
2275 2409 2383 2452 erat
2411 2415 2430 2454 :
2470 2402 2713 2471 quoniam
2750 2400 2899 2454 inviti
2935 2396 3245 2471 recipiebant
3274 2407 3562 2471 extraneos.

2111 2468 2215 2535 Qui
2242 2479 2413 2524 autem
2455 2467 2568 2524 cum
2601 2470 2786 2525 ltetitia
2828 2467 3132 2538 receperunt
3177 2467 3299 2535 lios,
3328 2470 3416 2540 qui
3445 2468 3635 2522 eisdem

2034 2539 2282 2614 usi_erant
2299 2543 2547 2614 justitiis,
2582 2543 2874 2596 sieuissimis
2905 2544 3209 2614 afﬂixerunt
3231 2539 3525 2614 doloribus.

2109 2610 2356 2666 Percussi
2392 2622 2513 2666 sunt
2550 2624 2724 2668 autem
2755 2610 2982 2668 cmcitate
3006 2628 3025 2667 :
3053 2612 3182 2666 sicut
3225 2611 3303 2664 illi
3342 2611 3395 2664 in
3440 2611 3638 2682 [oribus

405 2667 592 2756 Ipipiis
619 2681 791 2756 autem
820 2689 980 2756 usque
1003 2673 1410 2756 iii‘novissimuni
1435 2677 1546 2729 sine
1575 2675 1932 2756 misericordia
2027 2681 2181 2754 justi,
2214 2699 2330 2736 cum
2355 2685 2633 2738 subitaneis
2654 2667 2888 2756 cooperti
2909 2667 3073 2739 essent
3095 2682 3339 2753 tenebris,
3365 2667 3641 2754 unusquis-

283 2807 292 2814 η
319 2744 411 2797 ira
424 2741 464 2817 Ab
481 2744 790 2817 supervenit.
819 2741 1128 2799 Pra'sciebat
1151 2748 1285 2800 enim
1307 2757 1352 2801 et
1382 2747 1562 2817 futura
1587 2746 1820 2803 illarum.

405 2813 663 2881 Quoniam
693 2832 808 2890 cuni
848 2817 953 2890 ipsi
983 2818 1347 2890 .perniisissent
1382 2813 1436 2872 ut
1476 2835 1529 2872 se
1554 2820 1852 2885 educerent,
1883 2829 1930 2875 el

323 2902 446 2964 cum
479 2903 663 2964 magna
690 2887 1042 2964 sollicitudine
1081 2891 1432 2964 permisissent
1461 2889 1602 2956 illos,
1646 2908 1929 2964 conseque-

322 2958 518 3011 bantur
548 2959 662 3012 i'tlos
694 2961 992 3026 paenitentia
1019 2958 1142 3016 acti.

401 3027 746 3105 Adhucenini
783 3032 918 3085 inter
940 3048 1124 3086 manus
1154 3029 1396 3088 habentes
1435 3032 1651 3105 luctum,
1683 3045 1727 3089 et
1750 3033 1934 3105 deplo-

322 3109 509 3154 rantes
545 3099 614 3154 ad
658 3113 985 3157 monumenta
1023 3113 1366 3172 mortuorum,
1391 3103 1552 3159 aliam
1581 3105 1680 3160 sibi
1730 3099 1932 3171 assum-

324 3182 543 3251 pserunt
573 3175 932 3251 cogitationem
953 3175 1237 3251 inscientia:
1259 3191 1278 3230 :
1305 3185 1352 3229 et
1386 3193 1512 3248 quos
1543 3188 1783 3251 rogantes
1805 3197 1927 3251 pro-

313 3246 578 3318 jecerant,
607 3243 696 3299 tias
736 3255 995 3315 tamquam
1023 3248 1266 3318 fugitivos
1292 3243 1736 3318 persequebantur.

405 3313 635 3389 Ducebat
662 3318 798 3370 enim
831 3313 949 3389 illos
978 3313 1045 3371 ad
1085 3313 1224 3372 lianc
1253 3313 1412 3386 ﬁnem
1437 3313 1594 3389 digna
1625 3323 1919 3388 necessitas,

326 3391 380 3457 et
415 3387 601 3440 horum
629 3403 747 3457 quin
792 3387 1096 3444 acciderant
1148 3387 1679 3448 commemorationem
1730 3387 1933 3451 amitte-

333 3456 482 3535 ἔναιρε,
517 3469 568 3510 ut
599 3456 714 3535 quae
742 3461 952 3535 deerant
977 3463 1267 3535 tormentis,
1294 3460 1511 3535 repleret
1535 3466 1756 3535 punitio.

404 3525 474 3580 Et
496 3525 720 3598 populus
745 3531 951 3608 quidem
974 3541 1092 3608 tuus
1114 3525 1424 3588 mirabiliter
1449 3525 1714 3608 transiret,
1739 3535 1818 3592 illi
1835 3556 1927 3593 au-

325 3607 429 3654 tem
461 3616 644 3654 novam
675 3611 886 3656 mortem
909 3605 1212 3660 invenirent.

408 3669 590 3729 Omnis
610 3673 746 3729 enim
789 3684 1024 3733 creatura
1063 3677 1132 3731 ad
1172 3693 1322 3734 suum
1349 3693 1512 3751 genus
1541 3678 1604 3736 ab
1631 3678 1784 3736 initio
1811 3681 1929 3752 reﬁ-

2035 2770 2138 2827 que_
2167 2757 2441 2808 transitum
2464 2757 2592 2827 ostii
2615 2757 2694 2811 sui
2721 2757 3002 2827 quaerebat.

2107 2823 2174 2880 In
2203 2841 2258 2878 se
2287 2828 2421 2879 enim
2451 2826 2703 2882 elementa
2725 2823 2848 2881 dum
2879 2834 3250 2882 convertuntur
3270 2869 3282 2890 ,
3316 2825 3448 2880 sicut
3477 2826 3526 2878 in
3551 2839 3639 2878 or-

2034 2913 2169 2968 gano
2190 2895 2460 2967 qualitatis
2485 2915 2645 2952 sonus
2667 2901 2994 2962 inimutatur,
3025 2910 3070 2953 et
3094 2897 3267 2953 omnia
3285 2914 3433 2952 suum
3458 2913 3642 2951 sonum

2035 2969 2336 3044 custodiunt
2359 2984 2376 3022 :
2407 2969 2826 3044 undeltestiniari,
2856 2988 2919 3026 ex
2947 2972 3058 3042 ipso
3087 2971 3200 3044 risu
3220 2978 3357 3023 certo
3382 2979 3566 3040 potest.

2112 3040 2350 3113 Agrestia
2391 3043 2525 3094 enim
2551 3040 2610 3094 in
2637 3042 2877 3114 aquatica
2922 3040 3342 3114 cenvertebantur
3363 3055 3383 3094 :
3424 3049 3470 3095 et
3498 3059 3643 3114 quat—

2036 3111 2254 3182 cumque
2278 3121 2421 3166 erant
2448 3111 2713 3178 natantia,
2741 3115 2790 3167 in
2825 3125 3014 3169 terram
3047 3111 3358 3168 transibant.

2108 3180 2256 3254 Ignis
2286 3185 2338 3236 in
2363 3201 2503 3258 aqua
2530 3185 2728 3258 valebat
2753 3203 2912 3258 supra
2952 3202 3100 3239 suam
3131 3185 3399 3253 virtutem,
3430 3194 3480 3240 et
3506 3201 3645 3257 aqua

1949 3260 1995 3323 C
2025 3257 2397 3325 exstinguentis
2425 3265 2623 3324 natura:
2653 3257 3064 3312 oblit'iscebatur.

2104 3325 2360 3380 Flammae
2398 3331 2691 3383 econtrario
2735 3329 3146 3398 corruptibilium
3189 3328 3490 3383 animalium
3535 3345 3637 3384 non

2034 3408 2344 3452 vexai'erunt
2390 3415 2574 3454 carnes
2620 3400 3102 3466 coambulantium,
3152 3415 3244 3453 nec
3301 3400 3647 3456 dissolvebant

2034 3469 2204 3538 illam,
2253 3485 2366 3542 quae
2409 3470 2566 3538 facile
2613 3473 2986 3527 dissolvebatur
3015 3473 3146 3525 sicut
3187 3472 3406 3542 glacies,
3459 3471 3643 3527 bonum

2035 3557 2224 3615 escam.
2253 3542 2320 3595 In
2355 3542 2591 3615 omnibus
2628 3544 2766 3597 enim
2804 3543 3148 3615 magniﬁcasli
3176 3543 3423 3615 pepulum
3453 3555 3596 3597 tuum
3629 3585 3643 3610 ,

2035 3611 2278 3685 Domine,
2302 3623 2350 3667 et
2375 3612 2666 3681 honorasti,
2699 3625 2747 3669 et
2777 3611 3224 3685 nonidespexisti,
3245 3611 3309 3668 'in
3348 3615 3487 3669 omni
3517 3625 3640 3671 teni-

2035 3700 2180 3756 pore,
2205 3684 2258 3739 in
2287 3685 2430 3739 omni
2456 3685 2571 3741 loco
2597 3687 2852 3744 assistens
2875 3686 2969 3742 eis.

1619 3815 1852 3892 Explicit
1883 3818 2020 3878 liber
2047 3821 2361 3895 Sapientiae.

406 3985 431 4013 α
454 3973 538 4052 ita
565 3971 728 4052 habet
755 3980 811 4032 et
829 3973 1054 4038 Crinnus
1095 3972 1304 4052 ἄλλαχῆ
1334 3990 1350 4030 :
1377 3973 1556 4036 Latini
1579 3985 1764 4035 autem
1796 3975 1920 4034 libri

331 4047 600 4120 plerique,
628 4047 720 4104 ibi.
1229 4047 1266 4052 ⁷⁷
1665 4086 1680 4106 ο

2104 3974 2132 4015 h
2164 3975 2536 4033 Adduntediti
2562 3976 2784 4050 quidam
2811 3976 2933 4035 libri
2960 3993 3078 4050 sua,
3127 3975 3270 4050 quod
3309 3985 3364 4034 et
3407 3975 3630 4042 Gemens

2041 4056 2220 4106 tenus
2245 4064 2548 4121 pronomen
2581 4059 2743 4106 tacet.

1163 4261 1168 4266 .
1313 4261 1320 4278 ,
1359 4259 1364 4264 .
1399 4261 1406 4277 ,
1443 4259 1450 4276 ,
1537 4261 1544 4277 ,
1581 4261 1596 4276 ,,
1643 4261 1700 4276 ,,,,
1735 4261 1792 4278 ,,,
1823 4259 2078 4276 -,..,,,,,,,,
2695 4257 3627 4282 ,,,,,,..,.......,..............................,⁴
3383 4257 3386 4258 ν
3522 4257 3525 4258 ν

387 4451 511 4538 IN
584 4446 1606 4553 ECCLESIASTICUM
1681 4448 1972 4536 JESU
2047 4445 2316 4534 FILII
2391 4444 2821 4535 SIRACH
2857 4395 2864 4401 ”
2899 4443 3569 4535 PROLOGUS.

413 4832 704 4896 Multorum
731 4831 898 4900 nobis,
930 4838 979 4888 et
1005 4846 1334 4904 magnorum
1353 4845 1444 4900 per
1473 4827 1684 4904 Legem,
1727 4836 1774 4904 et
1804 4825 1945 4883 Pro-
1972 4833 2026 4897 1)
2051 4824 2495 4904 positione._Nam
2524 4825 2770 4904 deﬁciunt
2804 4825 2956 4904 verba
2985 4822 3274 4904 Hebraica,
3305 4826 3514 4900 quando
3537 4823 3649 4904 fue-

338 4910 545 4980 phetas,
573 4907 804 4980 aliosque
825 4899 912 4980 qui
947 4899 1108 4960 secuti
1132 4911 1251 4980 sunt
1275 4899 1417 4980 illos,
1436 4899 1702 4980 sapientia
1731 4899 1942 4980 demun-

337 4970 509 5034 Strata
529 4970 642 5032 est:
672 4970 729 5031 iri
749 4970 934 5048 quibus
960 4984 1158 5048 Oportet
1189 4970 1592 5048 laudarelsrael
1619 4971 1869 5026 doctrina:
1899 4980 1943 5025 et

342 5051 612 5118 sapientia:
637 5044 800 5104 causa
828 5063 847 5102 :
889 5044 1010 5118 quia
1039 5063 1141 5109 non
1176 5044 1351 5118 solum
1392 5045 1534 5114 ipsos
1564 5044 1827 5113 loquentes
1856 5059 1946 5118 ne-

341 5113 482 5176 cesse
509 5129 582 5175 est
609 5136 717 5176 esse
748 5113 934 5187 peritos
955 5159 970 5183 .
998 5118 1088 5186 sed
1118 5116 1273 5171 etiam
1301 5113 1572 5187 extraneas
1593 5131 1742 5187 posse
1771 5124 1834 5187 et,
1858 5113 1942 5167 di-

339 5203 510 5248 centes
539 5191 647 5264 [AL
678 5185 976 5264 discentes],
1009 5200 1054 5242 et
1100 5189 1377 5258 scribentes
1406 5185 1774 5264 “doctissimos
1800 5185 1940 5264 ﬁeri.

345 5266 481 5317 Arus
512 5257 651 5316 meus
678 5259 854 5327 Iesus,
881 5257 1227 5330 postquam_se
1274 5257 1503 5327 amplius
1529 5258 1676 5330 dedit
1705 5257 1774 5311 ad
1819 5257 1941 5330 dili-

339 5337 572 5408 gentiam
602 5326 1034 5408 lectionisLegis',
1063 5341 1108 5386 et
1132 5326 1533 5408 Prop/telarum,
1558 5337 1603 5382 et
1625 5329 1847 5408 aliorum
1878 5326 1942 5382 lio

342 5398 576 5472 brorum,
603 5405 694 5476 qui
735 5405 880 5476 nobis
923 5398 953 5456 ἁ
981 5398 1279 5476 parentibus
1325 5403 1514 5456 nostris
1561 5398 1741 5476 traditi
1781 5409 1942 5476 sunt:

339 5479 502 5532 voluit
524 5470 573 5531 et
594 5470 704 5549 ipse
724 5474 940 5549 scribere
965 5470 1170 5549 aliquid
1189 5472 1396 5549 horum,
1421 5472 1626 5549 quieuit
1650 5470 1939 5549 doctrinam

341 5558 387 5604 et
410 5543 722 5618 sapientiam
753 5543 1104 5618 pertinentgut
1137 5543 1482 5598 desiderantes
1513 5544 1744 5618 discere,
1760 5552 1806 5598 et
1833 5543 1952 5597 illo-

343 5615 644 5691 rum—periti
666 5615 1318 5691 factiA,_magisniagisque
1362 5616 1628 5691 attendant
1657 5615 1830 5668 animo
1852 5625 1949 5691 ,_et

343 5685 718 5758 conﬁrmentur
747 5688 816 5744 ad
836 5685 1119 5760 legitimam
1143 5685 1555 5760 vitani.7Hort_or
1571 5686 1746 5760 itaque
1775 5687 1950 5760 venire

341 5756 574 5818 eoscum
599 5756 968 5826 benevolentia,
998 5767 1043 5813 et
1081 5759 1344 5812 attentiori
1370 5757 1545 5812 studio
1570 5756 1840 5812 lectionem
1869 5758 1950 5828 [a-

347 5850 480 5898 cere,
511 5844 558 5890 et
588 5834 790 5889 reniam
841 5831 1026 5886 habere
1051 5833 1104 5885 in
1133 5828 1262 5895 illis,
1304 5830 1360 5883 in
1389 5829 1570 5898 quibus
1610 5829 1844 5884 videmur
1862 5845 1945 5884 se-

346 5915 556 5980 quentes
577 5906 851 5978 imaginem
887 5901 1164 5974 sapientite
1185 5901 1402 5974 deﬁcere
1433 5901 1484 5956 in
1510 5899 1776 5957 verborum
1805 5917 1946 5958 coni-

2047 4897 2152 4956 rint
2183 4899 2439 4954 translata
2479 4899 2549 4952 ad
2576 4898 2794 4952 alteram
2831 4898 3085 4967 linguam.
3133 4897 3255 4953 Non
3287 4897 3454 4953 autem
3481 4897 3646 4952 solum

2049 4974 2181 5039 Iuec,
2213 4970 2304 5026 sed
2335 4980 2381 5026 et
2412 4971 2525 5042 ipsa
2553 4967 2685 5033 Lex,
2715 4979 2762 5043 et
2794 4969 3088 5043 Pi-oplietie,
3118 4980 3402 5042 ereteraque
3423 4969 3645 5043 aliorum

2048 5043 2324 5109 librorum,
2358 5041 2459 5097 non
2483 5057 2696 5112 parvam
2721 5041 2914 5097 habent
2939 5042 3305 5110 di/ferentiam,
3330 5041 3535 5113 quando
3563 5043 3646 5100 iii-

2048 5124 2124 5170 ter
2152 5133 2206 5170 se
2235 5115 2498 5186 dicuntur.
2531 5113 2670 5186 A’am
2701 5114 2753 5166 in
2778 5123 2960 5167 octavo
2987 5123 3036 5167 et
3067 5114 3326 5186 trigesimo
3355 5129 3494 5167 anno
3517 5123 3647 5168 tem-

2047 5189 2254 5258 poribus
2288 5184 2554 5241 Ptolemari
2578 5185 2842 5259 Euergetis
2869 5186 3028 5259 regis,
3061 5184 3332 5259 postquam
3359 5187 3646 5259 perveniin

2050 5256 2382 5332 Egyptuni:
2422 5266 2616 5332 etcum
2662 5257 2881 5310 multum
2907 5256 3150 5326 temporis
3190 5256 3262 5309 ibi
3289 5256 3532 5328 fuissem,
3566 5257 3648 5332 iri-

2051 5327 2177 5384 veiii'
2195 5327 2264 5384 ibi
2285 5329 2442 5384 libros
2473 5329 2699 5392 relictos,
2727 5343 2829 5382 non
2855 5343 3046 5396 parvae,
3077 5343 3236 5396 neque
3262 5327 3650 5390 contemnenda:

2050 5401 2320 5457 doctrinis.
2358 5399 2543 5471 Itaque
2577 5399 2780 5471 bonum
2809 5408 2855 5453 et
2887 5398 3232 5471 necessarium
3263 5400 3436 5470 putavi
3463 5410 3510 5454 et
3542 5403 3650 5471 ipse

2049 5474 2280 5556 aliquam
2297 5555 2300 5556 ν
2315 5469 2518 5556 addere
2545 5470 2870 5556 diligentiam
2908 5478 2966 5556 et‘
2978 5549 2988 5556 ι
3002 5469 3226 5556 laborem
3243 5469 3652 5556 "interpretandi

2054 5539 2244 5599 librum
2263 5544 2454 5616 istum;
2473 5551 2518 5596 et
2533 5539 2893 5616 multapigilia
2913 5540 3067 5616 attuli
3088 5541 3374 5616 doctrinam
3402 5539 3454 5598 in
3481 5547 3649 5616 spatio

2053 5623 2188 5680 temp
2197 5614 2302 5669 oris
2314 5615 2382 5667 ad
2393 5613 2504 5684 illa,
2522 5627 2636 5684 quat
2646 5611 2718 5664 ad
2727 5612 3111 5682 ﬁnemdueunt,
3129 5613 3318 5668 librum
3333 5615 3487 5669 istum
3502 5611 3647 5681 dare,

2051 5695 2098 5741 et
2128 5685 2234 5741 illis
2258 5687 2348 5757 qui
2377 5682 2556 5738 volunt
2585 5685 2814 5758 animum
2843 5685 3137 5751 intendere,
3168 5694 3214 5740 et
3252 5687 3446 5758 discere
3475 5703 3652 5758 quem-

2054 5755 2332 5832 admodum
2385 5765 2615 5832 oporteat
2663 5755 3187 5832 instituerejiiores,
3228 5755 3316 5832 qui
3367 5755 3648 5832 secundum

2057 5827 2220 5900 legem
2250 5826 2463 5884 Domini
2501 5828 2862 5901 prapossieririt
2899 5827 3009 5902 [AL
3048 5826 3450 5902 proposuerunt]
3494 5827 3650 5885 vitam

2049 5915 2224 5974 agere.
3127 5942 3133 5947 .
