4182 6338
363 335 476 400 493

1655 338 1859 400 LIBER
1899 336 2431 404 ECCLESIASTICI.

3569 350 3677 411 4-26

443 456 582 537 Deus
624 454 759 537 enim
801 455 1307 537 honeravitpatrem
1333 453 1386 510 in
1425 453 1551 526 ﬁliis
1579 467 1600 510 :
1630 463 1678 510 et
1704 457 1964 528 judicium
1992 461 2042 522 Α
2145 457 2246 537 Cor
2266 459 2438 537 inapis
2463 475 2526 516 ue
2554 458 2832 532 afflixeris,
2860 463 3028 516 etnon
3067 462 3344 532 protrahas
3373 464 3548 520 datum
3571 486 3666 523 au-

363 529 553 583 rnatris
573 529 863 595 exquirens,
895 527 1121 598 ﬁrmavit
1147 532 1200 581 in
1227 527 1386 596 ﬁlios.

444 600 545 666 Qui
573 601 742 670 diligit
777 600 963 664 Deum,
991 599 1221 654 exorabit
1243 615 1339 670 pro
1379 599 1628 671 peccatis,
1662 608 1708 652 et
1731 599 1964 655 contine-

365 672 440 726 bit
469 688 526 724 se
550 672 613 724 ab
642 673 770 737 illis,
802 681 848 725 et
883 674 936 725 iu
961 677 1196 726 oratione
1223 672 1428 723 dierum
1449 672 1778 727 exaudietur.

442 743 510 797 [ιι
551 743 683 797 sicut
722 744 811 814 qui
846 743 1184 810 thesaurizat,
1211 743 1286 796 ita
1312 751 1358 796 et
1389 743 1476 812 qui
1505 743 1817 812 honoriﬁcat
1845 760 1961 796 ma-

363 826 501 869 trem
528 831 698 870 suam.

441 887 545 954 Qui
569 887 787 941 honorat
816 897 1015 958 patrem
1044 902 1217 951 suum,
1237 885 1614 956 jucundabitur
1639 886 1694 940 in
1720 884 1848 956 ﬁliis
1871 903 1891 941 .°
1915 895 1962 941 et

359 957 420 1012 in
451 959 537 1012 die
565 957 824 1013 orationis
843 974 954 1014 sua:
982 960 1308 1012 exaudietur.

439 1030 543 1102 Qui
580 1031 800 1084 honorat
857 1041 1053 1102 patrem
1097 1047 1271 1093 suum,
1304 1029 1409 1082 vita
1440 1029 1569 1084 vivet
1611 1029 1844 1102 longiore
1871 1045 1891 1084 :
1913 1039 1960 1084 et

355 1103 454 1171 qui
488 1101 655 1156 obedil
685 1101 1197 1173 patri,’refrigerabit
1229 1111 1466 1154 matrem.

435 1174 538 1239 Qui
565 1175 704 1228 timet
733 1173 1034 1239 Dominum,
1069 1174 1284 1226 honorat
1318 1181 1579 1241 parentes,
1611 1183 1656 1228 et
1684 1175 1836 1243 quasi
1861 1173 1960 1227 do-

354 1245 517 1317 minis
550 1246 731 1300 serviet
760 1244 841 1299 his
870 1247 954 1315 qui
981 1261 1033 1299 se
1057 1255 1369 1317 genuerunt.

435 1313 504 1370 In
540 1328 691 1386 opere
728 1327 776 1370 et
809 1313 1074 1385 sermone;
1096 1327 1143 1372 et
1171 1317 1310 1372 omni
1339 1316 1592 1388 patientia
1634 1317 1834 1373 honora
1864 1333 1959 1388 pa-
1984 1323 1986 1325 ’

355 1397 492 1442 trem
523 1395 691 1456 tuum,
1805 1429 1808 1432 -

438 1458 508 1514 Ut
553 1461 879 1530 superveniat
907 1459 998 1514 tibi
1040 1458 1325 1515 benedictio
1365 1460 1429 1514 ab
1460 1476 1541 1527 eo,
1575 1469 1621 1515 et
1667 1461 1956 1517 benedictio

353 1531 506 1586 illius
526 1532 580 1587 in
605 1532 883 1587 novissimo
909 1542 1132 1586 maneat.

433 1603 730 1659 Benedictio
754 1604 916 1676 patris
948 1605 1120 1674 ﬁrmat
1145 1603 1326 1658 domos
1350 1603 1580 1673 ﬁliorum
1612 1621 1632 1660 :
1661 1604 1954 1660 maledictio

351 1685 532 1730 autem
555 1678 740 1730 matris
769 1677 996 1732 eradicat
1027 1677 1387 1746 fundamenta.

434 1748 520 1821 Ne
541 1750 784 1821 glorieris
815 1751 867 1803 in
895 1747 1212 1821 contumelia
1243 1749 1406 1818 patris
1430 1748 1506 1802 tui
1535 1765 1555 1802 :
1586 1765 1689 1804 non
1713 1749 1848 1803 enim
1878 1756 1952 1803 est

352 1819 456 1893 tibi
466 1819 669 1893 gloria,
704 1824 818 1893 ejus
849 1820 1108 1889 confusio.

431 1890 614 1964 Gloria
643 1890 778 1945 enim
807 1893 1028 1964 hominis
1064 1907 1127 1945 ea:
1164 1891 1360 1946 honoi'e
1383 1891 1549 1964 patris
1587 1891 1689 1961 sui,
1718 1902 1767 1947 et
1798 1893 1952 1948 dede-

351 1977 449 2017 cus
476 1962 574 2031 filii
616 1973 761 2032 pater
787 1965 897 2020 sine
924 1963 1140 2016 honore.

431 2036 558 2102 Fili,
586 2039 790 2106 suscipe
830 2046 1085 2090 senectam
1132 2036 1294 2103 patris
1326 2036 1426 2101 tui,
1457 2044 1504 2090 et
1544 2053 1648 2091 non
1681 2038 1951 2092 contristes

351 2123 472 2162 eum
503 2108 557 2161 in
589 2108 690 2161 vita
713 2110 876 2164 illius.

429 2177 499 2231 Et
524 2181 566 2234 si
596 2179 837 2249 defecerit
869 2197 1042 2246 sensu,
1073 2180 1272 2234 veniam
1301 2178 1392 2245 da,
1425 2189 1472 2234 et
1503 2196 1567 2233 ne
1591 2196 1810 2247 spernas
1836 2196 1951 2234 eum

353 2249 411 2324 in
440 2252 626 2307 virtute
647 2261 736 2306 tua
755 2269 773 2308 :
792 2253 1114 2324 eleemosgna
1140 2253 1276 2307 enim
1297 2251 1463 2321 patris
1492 2268 1592 2305 non
1613 2253 1709 2306 erit
1734 2255 1788 2306 in
1820 2251 1953 2305 obli-

347 2337 520 2378 vione.

428 2394 569 2468 ._’\_'am
596 2412 692 2468 pro
721 2407 929 2467 peccato
957 2396 1138 2451 matris
1168 2393 1462 2468 restituetur
1484 2394 1574 2468 tibi
1602 2394 1813 2468 bonum.

425 2466 494 2519 Et
515 2468 566 2521 in
581 2465 792 2541 justitia
811 2469 1157 2541 cediﬁcabitur
1180 2467 1292 2541 tibi,
1319 2476 1365 2520 et
1393 2468 1447 2519 in
1481 2467 1568 2541 die
1597 2465 1948 2541 tribulationis

347 2537 836 2594 commemorabitur
859 2537 935 2594 tui
957 2556 975 2596 :
996 2548 1044 2597 et
1075 2540 1207 2594 sicut
1228 2540 1282 2594 in
1311 2554 1488 2593 sereno
1511 2537 1724 2609 glacies,
1754 2540 1950 2593 solven-

345 2618 432 2663 tur
455 2622 662 2681 peccata
687 2622 796 2666 tua.

424 2679 594 2755 Quam
637 2683 789 2755 malle
822 2684 976 2755 famte
1014 2690 1107 2744 est,
1142 2682 1230 2754 qui
1251 2679 1584 2755 _derelinquit
1626 2695 1823 2751 patrem
1853 2699 1872 2738 :
1898 2690 1947 2736 et

344 2751 465 2825 [AL
499 2763 604 2811 tac.
637 2754 706 2828 et]
732 2751 1204 2812 est'muledictus'a
1239 2751 1368 2822 Deo,
1399 2751 1495 2824 qui
1509 2763 1779 2823 exasperat
1828 2770 1942 2807 ma-

343 2835 497 2880 tum.

418 2895 555 2966 Fili,
584 2900 639 2953 in
671 2899 1064 2956 mansuetudine
1100 2913 1259 2968 opera
1309 2905 1399 2950 tua
1451 2896 1661 2967 perfice,
1691 2905 1738 2951 et
1785 2913 1942 2967 super

341 2967 616 3024 hominum
646 2974 865 3042 gloriam
890 2967 1147 3038 diligeris.

419 3042 626 3116 Quanto
647 3039 872 3116 magnus
897 3061 970 3110 es,
1001 3042 1222 3097 humilia
1253 3049 1298 3094 te
1330 3039 1381 3093 in
1409 3039 1666 3108 oumibus,
1699 3050 1745 3095 et
1767 3057 1942 3096 coram

340 3109 456 3188 Deo
486 3115 710 3170 invenies
733 3109 964 3188 gratiam
989 3131 1007 3170 :

417 3185 682 3260 Quoniam
713 3183 900 3260 magna
941 3186 1174 3260 potentia
1215 3183 1308 3238 Dei
1338 3184 1520 3251 solius,
1556 3193 1600 3238 et
1631 3184 1694 3238 ab
1721 3184 1938 3241 humili-

340 3254 437 3310 bus
465 3257 768 3314 honoratur.

412 3328 615 3386 Altiora
653 3340 702 3386 te
744 3348 806 3387 ne
847 3330 1142 3404 quaesieris,
1169 3339 1240 3404 et_
1261 3328 1480 3404 fortiora
1505 3338 1552 3382 te
1573 3345 1636 3404 ne
1674 3337 1934 3386 scrutatus

336 3399 498 3478 fueris
523 3404 799 3478 :isedrqute
822 3399 1062 3478 prtercpit
1086 3402 1176 3478 tibi
1199 3399 1362 3478 Deus,
1393 3403 1488 3478 illa
1510 3402 1679 3478 cogita
1707 3417 1931 3471 semper,

333 3481 386 3524 et
425 3473 479 3550 in
509 3472 746 3546 pluribus
782 3472 1020 3550 operibus
1047 3477 1162 3546 ejus
1183 3488 1246 3550 ne
1275 3472 1436 3544 fueris
1465 3477 1720 3550 curiosus.

413 3543 538 3600 Non
573 3557 651 3600 est
695 3543 829 3603 enim
860 3547 952 3604 tibi
991 3543 1337 3602 necessarium
1373 3560 1453 3610 ea,
1481 3560 1598 3615 qua:
1627 3545 1932 3599 abscondita

332 3627 477 3682 sunt,
506 3619 682 3673 videre
704 3619 866 3675 oculis
896 3619 1018 3673 tuis.

408 3688 475 3742 lu
517 3693 846 3757 supervacuis
881 3691 1029 3744 rebus
1069 3689 1179 3744 noli
1221 3687 1448 3742 scrutari
1476 3685 1851 3757 multipliciter,
1883 3697 1930 3742 et

331 3758 389 3812 iu
416 3760 656 3835 pluribus
685 3764 921 3835 operibus
948 3765 1058 3834 ejus
1086 3778 1187 3815 non
1217 3762 1320 3835 eris
1347 3759 1606 3835 curiosus.

378 3830 649 3956 bl’lurirna
689 3830 827 3888 enim
863 3830 1017 3908 super
1047 3849 1255 3888 sensum
1279 3830 1548 3884 hominum
1580 3839 1783 3885 ostensa
1811 3840 1930 3885 sunt

410 3921 446 3956 t.

333 3904 446 3958 tibi.

406 3975 606 4050 Multos
649 3993 848 4047 quoque
889 3975 1234 4050 supplantavit
1275 3973 1502 4046 suspicio
1539 3973 1773 4041 illorum,
1799 3973 1926 4029 etin

331 4049 560 4102 vanitate
585 4049 808 4102 detinuit
836 4049 1014 4103 sensus
1043 4049 1275 4102 illorum.

403 4119 505 4173 Cor
535 4121 724 4175 durum
756 4121 956 4176 habebit
986 4121 1118 4174 male
1152 4120 1204 4173 in
1242 4117 1514 4172 novissimo
1545 4132 1562 4170 :
1591 4127 1640 4172 et
1671 4118 1761 4187 qui
1787 4127 1926 4173 amat

328 4191 641 4262 periculum,
665 4194 720 4246 in
759 4195 850 4246 illo
890 4193 1092 4262 peribit.

404 4261 504 4316 Cor
535 4263 837 4334 ingrediens
876 4259 1005 4318 duas
1046 4264 1300 4334 viasfaon
1340 4259 1538 4314 habebit
1561 4275 1848 4328 successus,
1878 4271 1925 4316 et

327 4350 522 4402 pravus
552 4333 707 4389 corde
748 4337 800 4389 in
830 4335 934 4390 illis
962 4333 1418 4389 scaudalizabitur.

401 4405 504 4458 Cor
529 4423 750 4475 nequam
769 4407 1068 4476 gravabitur
1094 4407 1148 4460 in
1173 4404 1458 4469 doloribus,
1486 4415 1531 4459 et
1559 4412 1798 4476 peccator
1827 4405 1924 4459 ad-

314 4477 470 4548 jiciet
492 4479 560 4530 ad
588 4480 925 4549 peccandum.

401 4548 698 4622 Synagogu:
723 4551 1059 4622 superborum
1080 4564 1182 4603 non
1208 4549 1303 4602 erit
1331 4548 1523 4622 sanitas
1549 4563 1565 4601 :
1591 4551 1764 4616 frutex
1785 4551 1921 4602 enim

267 4648 278 4654 η
324 4618 524 4692 peccati
551 4618 875 4676 indicabitur
900 4623 953 4675 in
984 4621 1113 4689 illis,
1147 4630 1194 4674 et
1225 4618 1700 4692 nonintelligetur.

399 4689 502 4745 Cor
534 4695 784 4760 sapientis
814 4693 1124 4764 intelligitur
1151 4693 1214 4764 in
1233 4691 1507 4761 sapientia,
1531 4689 1576 4744 et
1612 4691 1752 4744 auris
1783 4691 1914 4744 bona

321 4764 503 4816 audiet
534 4780 651 4818 cum
679 4765 817 4818 omni
839 4763 1252 4827 concupiscentia
1277 4764 1609 4832 sapientiam.

399 4833 623 4907 Sapiens
652 4852 738 4890 cor
798 4845 844 4890 et
878 4835 1200 4906 intelligibile
1227 4833 1497 4907 abstinebit
1522 4849 1573 4887 se
1600 4850 1631 4885 a
1663 4834 1908 4903 peccatis,

320 4914 370 4959 et
397 4907 452 4977 in
480 4905 720 4974 operibus
733 4907 954 4977 justitiw
985 4915 1010 4943 η
1044 4905 1299 4961 successus
1325 4905 1551 4977 habebit.

395 4976 580 5047 Ignem
605 4976 870 5033 ardentem
903 4979 1183 5051 exstinguit
1223 4993 1379 5048 aqua,
1411 4986 1456 5030 et
1480 4976 1800 5048 eleemosgna
1827 4993 1912 5032 re-

316 5047 455 5120 sistit
479 5053 720 5120 peccatis.

393 5119 487 5172 Et,
521 5121 658 5176 Deus
709 5131 1006 5193 prospector
1037 5129 1110 5177 est
1159 5121 1270 5192 ejus
1323 5120 1415 5192 qui
1441 5119 1613 5174 reddit
1644 5123 1910 5192 gratiam:

319 5193 552 5246 meminit
585 5195 702 5264 ejus
731 5195 784 5248 in
817 5203 1098 5262 posterum,
1122 5193 1245 5249 etin
1273 5199 1503 5264 tempore
1533 5209 1683 5248 casus
1715 5194 1794 5248 sui
1826 5194 1913 5247 in-

316 5263 479 5318 veniet
503 5263 908 5333 ﬁrmamentum.

940 5356 1171 5415 CAPUT
1208 5356 1295 5413 IV.

385 5496 530 5566 Fili,
559 5499 932 5572 eleemosynam
961 5498 1202 5570 pauperis
1229 5514 1292 5554 ne
1329 5497 1633 5569 defraudes,
1664 5506 1710 5553 et
1737 5496 1914 5553 oculos

311 5578 430 5626 tuos
456 5587 519 5626 ne
545 5581 860 5628 trausvertas
885 5590 917 5627 a
940 5587 1190 5644 paupere.

384 5644 630 5696 Animam
659 5646 965 5700 esurientem
987 5659 1048 5697 ne
1069 5643 1363 5714 despexeris
1387 5657 1406 5698 :
1433 5651 1481 5699 et
1511 5659 1616 5700 non
1641 5658 1910 5716 exasperes

309 5731 596 5789 pauperem
615 5717 669 5770 in
703 5716 880 5788 inopia
899 5732 1015 5771 sua.

386 5911 413 5944 ⁸
445 5901 750 5961 Prmlerunt
777 5901 867 5960 alii
891 5903 1014 5960 libri
1045 5867 1305 5960 accessus.

606 5999 888 6065 ΡΑτιιοι.
937 5996 1190 6061 XXIX.

1983 1855 2028 1914 Β
2061 1889 2129 1943 bu

1963 3249 2010 3317 C

2072 541 2346 598 gustianti.

2143 601 2843 679 [togatiouenicoutribulati
2870 622 2934 659 ne
2963 607 3178 679 abjicias
3210 623 3228 662 :
3257 614 3303 660 et
3336 623 3436 664 non
3465 621 3664 666 avertas

2065 670 2251 746 faciem
2281 670 2423 728 tuam
2449 676 2512 728 ab
2540 693 2714 746 egeno.

2136 744 2214 798 Ab
2242 746 2392 824 inope
2419 762 2481 800 ne
2509 744 2710 801 avertas
2733 748 2955 824 __oculos
2986 758 3100 804 tuos
3150 762 3358 824 prapter
3409 753 3573 820 iram;
3609 763 3656 807 et

2062 819 2461 889 rtouireliuquas
2491 820 2841 886 quiereutibus
2867 820 2956 874 tibi
2983 833 3118 875 retro
3141 819 3468 879 maledicere.

2134 887 2490 943 Maledicentis
2536 891 2670 944 enim
2698 891 2789 944 tibi
2833 893 2885 943 iu.
2912 893 3252 946 amaritudinr
3278 898 3466 950 anima:
3490 912 3650 951 exau-

2061 958 2232 1085 dlietur
2259 962 2554 1027 deprecatio
2578 961 2722 1016 illius
2745 978 2763 1016 :
2791 965 3033 1018 exaudiet
3055 975 3223 1019 autem
3245 983 3379 1034 eum,
3409 970 3498 1038 qui
3520 970 3639 1040 fecit

2061 1047 2076 1084 r
2125 1047 2234 1085 um.

2058 1047 2234 1087 suum.

2133 1102 2870 1181 congregationipauperum
2926 1106 3190 1173 affabilem
3245 1118 3291 1164 te
3349 1111 3549 1181 facito.
3607 1121 3654 1166 et

2060 1175 2354 1247 presbytero
2382 1175 2604 1230 humilia
2633 1175 2857 1231 animam
2895 1187 3056 1246 tuam,
3083 1191 3129 1232 et
3162 1175 3406 1253 magna'to
3431 1181 3651 1237 humilia

2060 1259 2213 1316 caput
2240 1257 2406 1302 tuum.

2129 1315 2348 1392 Declina
2374 1321 2590 1392 pauperi
2621 1321 2730 1374 sine
2755 1321 2963 1376 tristitia
2998 1339 3177 1377 aurem
3209 1333 3373 1392 tuam,
3416 1337 3463 1380 et
3493 1327 3650 1382 redde

2060 1386 2289 1465 debitum
2316 1386 2492 1460 tuum,
2526 1405 2572 1446 et
2617 1394 2870 1463 responde
2917 1395 2996 1448 illi
3045 1396 3265 1465 paciﬁca
3312 1386 3370 1451 iu,
3413 1416 3656 1454 mansue-

2059 1461 2256 1516 tudine.

2129 1532 2316 1588 Libera
2341 1551 2468 1616 eum‘
2491 1537 2580 1607 qui
2606 1536 2854 1616 injuriam
2880 1538 3076 1610 patitur
3105 1538 3169 1592 de
3199 1556 3354 1594 manu
3392 1545 3601 1616 superbi
3625 1561 3646 1600 :

2057 1611 2106 1657 et
2137 1621 2240 1679 non
2270 1607 2419 1660 acide
2444 1611 2580 1679 feras
2606 1609 2661 1662 in
2683 1610 2860 1662 anima
2880 1607 3002 1664 tua.

2093 1746 2105 1757 .
2129 1675 2195 1729 In
2207 1675 2500 1760 judicaudo
2526 1689 2635 1734 esto
2665 1682 2877 1750 pupillis
2899 1682 3190 1738 misericors
3212 1695 3267 1738 ut
3288 1695 3456 1755 pater,
3479 1697 3528 1743 et
3548 1706 3641 1760 pro

2055 1751 2165 1800 viro
2189 1751 2341 1802 matri
2371 1752 2580 1805 illorum
2608 1768 2626 1804 :

2131 1817 2198 1872 Et
2224 1822 2324 1898 eris
2355 1831 2409 1874 tu
2437 1822 2570 1898 velut
2597 1824 2737 1890 ﬁlius
2767 1824 3022 1880 Altissimi
3051 1826 3311 1898 obediens,
3353 1839 3398 1884 et
3438 1836 3647 1887 misere-

2136 1907 2197 1966 ar
2228 1895 2302 1966 tui
2329 1894 2490 1964 magis
2518 1911 2674 1966 quam
2713 1907 2893 1949 mater.

2131 1961 2688 2046 Sapieittia'ﬁliis‘suis
2710 1969 2867 2046 vitam
2888 1970 3108 2046 inspirat
3126 2011 3140 2036 ,
3171 1980 3219 2026 et
3239 1974 3451 2044 suscipit
3472 1975 3647 2046 inqui-

2055 2045 2224 2110 rentes
2253 2053 2326 2110 se,
2346 2047 2408 2110 et
2436 2039 2634 2110 prteibit
2665 2040 2717 2092 in
2737 2040 2816 2092 via
2837 2041 3076 2110 justitirv.

2128 2105 2308 2188 [atqui
2337 2105 2479 2162 illam
2505 2108 2698 2188 diligit,
2729 2105 2897 2188 diligit
2920 2113 3108 2166 vitam:
3137 2124 3183 2167 et
3205 2116 3291 2184 qui
3318 2116 3646 2188 vigilaveriut

2053 2178 2122 2231 ad
2138 2175 2314 2256 illam,
2344 2175 2745 2256 complectentur
2773 2175 3030 2253 placarem
3058 2189 3192 2256 ejus.

2128 2248 2528 2334 Qui-tenuerint
2577 2254 2743 2334 illam,
2773 2248 2954 2308 'ritam
2997 2248 3375 2312 hmieditabuut
3401 2278 3418 2316 :
3447 2272 3494 2316 ct
3541 2280 3642 2334 quo

2051 2318 2301 2390 introibit,
2335 2323 2592 2377 benedicet
2621 2318 2777 2378 Deus.

2127 2391 2241 2465 Qui
2264 2396 2493 2449 serviunt
2535 2397 2601 2461 ei,
2645 2396 2971 2465 obsequentes
3012 2410 3162 2454 erunt
3204 2414 3422 2458 sancto:
3453 2415 3498 2459 et
3541 2424 3628 2462 eos

2049 2463 2392 2537 qui‘diliguut
2422 2466 2588 2531 illam,
2620 2463 2789 2536 diligit
2824 2469 2984 2524 Deus.

2125 2534 2226 2600 Qui
2257 2534 2403 2592 audit
2448 2538 2613 2616 illam,
2655 2534 2918 2616 judicabit
2944 2551 3236 2611 geutes:et
3281 2547 3372 2616 qui
3420 2545 3646 2603 intuetur

2046 2605 2214 2673 illam,
2251 2612 2566 2676 permanebit
2598 2605 2885 2677 conﬁdens.

2122 2677 2184 2732 Si
2212 2680 2487 2735 crediderit
2519 2683 2592 2744 ei,
2622 2682 2942 2737 harreditabit
2977 2684 3147 2753 illam,
3179 2697 3228 2740 et
3249 2700 3400 2744 erunt
3431 2691 3484 2744 in
3517 2707 3644 2746 cou-

2046 2748 2340 2818 ﬁrmatioue
2361 2761 2610 2806 creatura:
2635 2754 2777 2807 illius
2804 2769 2823 2808 :

2122 2821 2377 2903 Quoniam
2397 2824 2452 2877 in
2475 2825 2750 2879 tentatione
2779 2825 3009 2881 ambulat
3033 2844 3151 2884 cum
3181 2847 3259 2898 eo,
3293 2841 3339 2886 ct
3363 2834 3421 2888 in
3454 2836 3635 2903 primis

2043 2891 2188 2962 eligit
2217 2912 2358 2952 eum.

2121 2964 2380 3020 Timorem
2409 2977 2714 3047 etinctum,
2760 2979 2808 3047 et
2839 2973 3190 3047 probationem
3231 2975 3434 3030 inducet
3477 2995 3635 3047 super

2043 3035 2190 3117 illum
2218 3053 2235 3091 :
2265 3050 2310 3093 et
2335 3041 2578 3117 cruciabit
2611 3041 2759 3117 illum
2788 3035 2848 3117 in
2872 3045 3202 3117 tribulatione
3229 3048 3478 3102 doctrina:
3498 3035 3625 3117 sum,

2044 3109 2204 3234 deinec
2221 3121 2378 3166 tentet
2400 3127 2514 3164 eum
2533 3112 2587 3167 in
2608 3114 2998 3186 e0gitationibus
3022 3116 3148 3184 suis,
3172 3129 3219 3172 et
3245 3120 3421 3173 credat
3443 3109 3634 3178 anima:

2044 3196 2056 3232 t
2105 3197 2208 3234 ius.

2041 3196 2208 3235 ιιιηις.

2111 3252 2178 3333 [ﬁt
2210 3255 2637 3333 [irasabituilluim
2663 3265 2709 3311 et
2731 3257 2830 3312 iter
2851 3259 3074 3315 adducet
3099 3261 3345 3317 directum
3366 3265 3436 3318 ad
3457 3265 3626 3333 illum,

2039 3335 2085 3380 el
2114 3327 2396 3392 lmtiﬁcabit
2423 3327 2592 3383 illum.

2111 3396 2178 3450 Et
2208 3401 2489 3480 denudabit
2511 3403 2760 3480 abscousa
2779 3420 2874 3457 sua
2892 3403 2992 3480 illi,
3019 3414 3065 3480 et
3089 3404 3457 3480 thesauriz'ibit
3479 3426 3632 3480 super

2036 3469 2183 3546 illum
2211 3473 2477 3525 scientiam
2513 3483 2560 3527 et
2591 3473 2908 3529 intellectum
2931 3476 3174 3546 justitiw.

2107 3541 2385 3626 Si.autcm
2434 3548 2771 3628 oberraverit,
2821 3541 3142 3618 derélinquel
3189 3565 3328 3618 eum,
3371 3562 3418 3607 et
3461 3553 3625 3608 tradet

2033 3628 2150 3665 eum
2179 3620 2232 3667 in
2259 3632 2441 3669 manus
2464 3620 2659 3670 inimici
2686 3620 2786 3672 sui.

2105 3682 2232 3756 If‘ili,
2261 3703 2500 3741 conserva
2532 3698 2753 3756 tempus,
2787 3698 2832 3742 et
2865 3689 3036 3743 devita
3064 3699 3094 3742 τι
3125 3692 3282 3745 malo.

2107 3755 2216 3831 [fro
2243 3758 2415 3831 anima
2437 3769 2532 3831 tua
2560 3777 2619 3812 ne
2639 3755 2990 3831 confuudaris
3020 3763 3190 3815 dieere
3219 3781 3412 3819 verum.

2108 3826 2200 3880 Est
2231 3831 2364 3882 enim
2398 3829 2729 3908 [Al._etimn]
2751 3826 2994 3908 confusio
3033 3831 3295 3908 adducens
3331 3849 3618 3908 peccatum,

2031 3908 2079 3954 et
2106 3910 2179 3974 es}
2205 3905 2438 3970 confusio
2469 3903 2728 3956 adducens
2761 3905 2978 3973 gloriam
3002 3913 3049 3957 et
3069 3907 3311 3974 gratiam.

2104 3968 2189 4024 Ne
2217 3968 2443 4045 accipias
2478 3974 2664 4043 faciem
2691 3968 2934 4029 adversus
2975 3968 3160 4042 faciem
3189 3987 3365 4045 tuam,
3394 3995 3489 4033 nec
3515 3982 3618 4034 ad-

2029 4059 2206 4097 versus
2239 4044 2465 4097 animam
2496 4055 2638 4098 tuam
2665 4047 3010 4100 mendacium.

2102 4113 2188 4186 Ne
2211 4117 2486 4170 reverearis
2515 4118 2806 4186 proximum
2832 4127 2979 4172 tuum
3006 4120 3060 4172 in
3087 4135 3209 4174 casu
3239 4139 3331 4176 suo
3360 4138 3375 4174 :

2106 4185 2216 4242 Nec
2236 4189 2459 4262 retineas
2480 4185 2684 4242 verbum
2706 4191 2756 4242 in
2782 4199 3006 4262 tempore
3027 4190 3225 4248 salutis.
3257 4193 3307 4246 Ν
3314 4211 3378 4247 οη
3400 4193 3587 4251 abscon
3602 4227 3617 4237 ο

2027 4257 2128 4330 das
2151 4260 2460 4330 sapientiam
2493 4270 2637 4315 tuam
2663 4262 2716 4314 in
2746 4257 2928 4314 decore
2953 4279 3092 4330 suo,

2100 4327 2166 4382 In
2193 4327 2397 4406 lingua
2417 4333 2549 4386 enim
2585 4333 2840 4406 sapientia
2868 4327 3187 4403 dignoscitur
3211 4351 3229 4390 :
3257 4347 3302 4390 et
3328 4353 3508 4390 sensus
3532 4383 3545 4406 ,
3579 4351 3632 4395 et

2025 4403 2269 4477 scientia,
2290 4403 2340 4456 et
2367 4405 2603 4458 doctrina
2647 4408 2697 4458 in
2726 4404 2878 4458 verbo
2904 4409 3118 4474 sensati,
3151 4418 3198 4462 et
3228 4403 3612 4477 ﬁrmamentum

2025 4475 2079 4528 in
2106 4475 2346 4538 op:ribns
2369 4477 2599 4539 justi'iiu.

2101 4543 2223 4620 Non
2253 4549 2590 4620 contradicas
2632 4547 2782 4601 verbo
2824 4547 3047 4620 veritatis
3073 4549 3195 4620 ullo
3235 4553 3415 4620 modo,
3463 4564 3510 4608 et
3559 4556 3623 4610 de

1947 4649 2000 4709 D
2026 4616 2294 4709 iiieu'dacio
2329 4619 2691 4709 ineruditiouis
2719 4631 2820 4709 tetu:
2851 4619 3184 4700 confundere.

2099 4687 2218 4742 Non
2260 4691 2599 4767 confundaris
2627 4691 2861 4757 conﬁteri
2902 4701 3110 4758 peccata
3138 4701 3256 4761 tua,
3290 4705 3336 4749 et
3365 4714 3428 4751 ne
3453 4698 3617 4767 subji-

2023 4761 2144 4832 ciasi
2165 4769 2210 4813 te
2232 4765 2370 4814 omni
2397 4762 2591 4815 homini
2612 4775 2707 4832 pro
2737 4771 2970 4830 peccato.

2095 4831 2498 4906 Nolibresistere
2524 4831 2715 4906 contra
2763 4833 2946 4902 faciem
2989 4836 3232 4906 potenEis,
3279 4853 3372 4891 nec
3412 4843 3613 4894 coneris

2021 4913 2200 4974 contra
2227 4903 2381 4956 ictum
2408 4905 2572 4974 fluvii.

2095 4973 2202 5029 Pro
2224 4973 2431 5046 justitia
2461 4977 2739 5053 agonizare
2770 4991 2862 5044 pro
2892 4977 3065 5053 anima
3102 4987 3222 5043 tua,
3263 4990 3308 5032 et
3342 4999 3508 5053 usque
3544 4989 3612 5036 ad

2022 5054 2237 5122 mortem
2268 5058 2406 5102 certa
2447 5047 2540 5121 pro
2561 5049 2794 5120 justitia,
2828 5056 2876 5102 et
2920 5047 3060 5103 Deus
3088 5052 3400 5120 expugnabit
3423 5047 3528 5122 'pro
3562 5067 3608 5108 te

2020 5119 2258 5174 inimicos
2290 5129 2421 5175 tuos.

2090 5189 2220 5266 Noli
2247 5191 2432 5266 citatus
2463 5209 2572 5247 esse
2601 5193 2655 5247 in
2689 5192 2870 5266 lingua
2898 5199 3009 5260 tria,
3034 5201 3081 5246 et
3110 5191 3331 5262 inutilis,
3358 5203 3404 5248 et
3431 5199 3606 5252 remis-

2021 5279 2110 5319 sus
2139 5263 2192 5317 in
2219 5265 2453 5332 operibus
2485 5266 2608 5318 tuis.

2097 5335 2226 5390 Noli
2254 5352 2362 5391 esse
2390 5337 2522 5390 sicut
2556 5335 2634 5390 leo
2655 5335 2706 5389 in
2733 5336 2884 5391 domo
2916 5345 3024 5401 tua,
3051 5344 3276 5392 evertens
3302 5339 3605 5398 domesticos

2020 5413 2160 5479 tuos,
2194 5417 2239 5462 et
2270 5407 2564 5479 opprimeus
2592 5407 2848 5473 subiectos
2878 5409 2988 5461 tibi.

2059 5506 2064 5510 ·
2094 5478 2218 5556 Non
2243 5478 2308 5533 sit
2335 5478 2571 5556 porrecta
2608 5495 2790 5533 manus
2833 5489 2920 5534 tua
2946 5478 3014 5534 ad
3058 5481 3439 5556 accipiendum,
3468 5495 3518 5543 et
3544 5487 3614 5541 ad

2021 5550 2253 5606 dandum
2277 5550 2512 5605 collecta.

2646 5621 2875 5680 CAPUT
2917 5623 2964 5680 ν

2053 5697 2062 5724 ί
2091 5714 2218 5772 Noli
2242 5715 2499 5772 attendere
2520 5715 2588 5770 ad
2612 5717 2956 5788 possessiones
2979 5717 3203 5790 iniquas,
3224 5727 3272 5775 et
3296 5734 3358 5775 ne
3382 5719 3606 5777 dixeris:

2911 5979 2986 6045 1’s
