4182 6338
506 382 611 443 451

1523 370 1585 429 S.
1626 366 2010 429 HIERONYMI
2045 365 2276 425 DIVINA
2320 360 2801 422 BIBLIOTHECA.

3697 353 3805 413 4'52

567 496 638 551 In
658 508 815 550 manu
840 489 1109 563 artiﬁcum
1136 502 1301 563 opera
1341 483 1720 563 laudabuntur,
1763 491 1812 537 et
1856 481 2093 563 princeps
2118 485 2176 544 Α
2243 477 2481 563 ‘Pauper
2502 475 2756 563 gloriatur
2782 488 2887 563 per
3273 469 3756 563 et_ti_utoremnsuttm
3781 484 3804 525 :

501 566 682 642 populi
704 568 760 642 in
786 553 1045 636 sapientia
1076 553 1330 617 sermonis
1354 558 1436 613 sui
1469 574 1487 612 :
1515 557 1570 610 in
1594 572 1749 612 censu
1776 553 1895 611 vero
1924 553 2096 610 senio-

501 638 620 698 rum
644 638 872 693 verbum.

579 709 845 767 Terribilis
873 715 948 763 est
972 705 1031 761 in
1070 704 1277 760 civitate
1306 718 1403 756 sua
1440 699 1594 757 homo
1618 700 1888 772 linguosus
1911 712 1931 755 :
1951 704 2002 753 et
2029 704 2106 752 te-

506 783 763 843 merarius
792 782 849 838 in
876 778 1025 836 verbo
1052 791 1146 834 suo
1186 775 1391 831 adibitis
1410 773 1528 830 erit.

1143 933 1376 994 CAPUT
1412 932 1484 989 Χ.

580 1083 759 1140 Judex
782 1072 1275 1153 sapiensjudicabit
1317 1069 1571 1145 populum
1622 1084 1795 1136 suum,
1836 1074 1883 1123 et
1915 1067 2106 1139 princi-

509 1166 664 1230 patus
691 1145 881 1230 sensaii
909 1145 1111 1230 stabilis
1133 1146 1251 1200 erit.

583 1226 881 1285 Secundum
898 1220 1131 1295 judicent
1158 1212 1363 1295 populi,
1404 1213 1479 1295 sic
1508 1219 1577 1295 _et_
1603 1212 1832 1295 ministri
1871 1215 1980 1295 ejus
2010 1225 2030 1265 :
2057 1219 2108 1266 et

511 1282 683 1372 qualis
710 1304 884 1372 rector
898 1282 978 1347 est
1008 1282 1252 1372 civitatis,
1284 1284 1413 1372 tales
1432 1292 1481 1339 et
1501 1282 1850 1372 inhabitantes
1873 1282 1928 1367 in
1951 1299 2033 1366 ea.

588 1372 701 1427 Rem
726 1366 975 1435 insipiens
1013 1359 1189 1431 perdet
1236 1357 1489 1429 papulum
1519 1371 1687 1435 suum
1716 1370 1738 1410 :
1785 1364 1833 1410 et
1876 1355 2109 1411 civitates

510 1427 936 1505 inhabitabantur
963 1427 1055 1505 per
1101 1427 1309 1485 sensum
1336 1427 1640 1501 potentium.

583 1513 651 1567 In
682 1525 839 1565 manu
879 1497 976 1559 Dei
1020 1510 1244 1576 potestas
1284 1497 1437 1576 terrae
1462 1514 1482 1553 :
1532 1507 1582 1554 et
1631 1497 1812 1553 utilem
1859 1506 2111 1554 rectorem

510 1582 777 1641 suscitabit
798 1581 855 1635 in
884 1570 1084 1646 tempus
1112 1589 1265 1646 super
1292 1570 1465 1646 illam.

583 1657 655 1711 1η
679 1668 842 1709 manu
868 1649 965 1703 Dei
990 1640 1308 1719 prosperitas
1358 1640 1582 1696 hominis
1614 1656 1632 1694 :
1666 1649 1715 1696 et
1746 1656 1901 1713 super
1926 1642 2113 1714 faciem

511 1729 695 1786 scriba:
728 1727 959 1793 imponet
987 1724 1236 1793 honorem
1260 1730 1433 1793 suum.

586 1797 771 1855 Omnis
798 1783 1034 1865 injurite
1054 1788 1277 1859 proximi
1306 1802 1368 1841 ne
1395 1784 1710 1853 memineris,
1745 1792 1795 1840 et
1826 1783 1961 1839 nihil
1986 1800 2113 1857 agas

509 1875 567 1929 in
599 1860 1104 1942 aperibus'injurice;

589 1927 813 1998 O'dibilis
834 1927 1011 1991 coram
1061 1932 1171 1987 Deo
1207 1938 1282 1985 est
1322 1938 1368 1984 et
1397 1927 1692 1983 hominibus
1737 1927 1981 1999 superbia
2012 1942 2030 1981 :
2060 1935 2111 1983 et

510 2010 838 2073 exsecrabilis
866 2006 1027 2063 omnis
1050 2002 1300 2074 iniquitas
1322 2001 1570 2072 gentium.

587 2069 823 2151 Regnum
849 2096 882 2133 a
902 2087 1048 2151 gente
1077 2069 1378 2151 in'_geutent_
1406 2072 1720 2151 transfertur
1744 2069 1857 2144 [AL
1888 2070 2114 2151 transfe-

587 2103 663 2143 ue
701 2103 823 2139 num
849 2103 882 2133 α
902 2103 1048 2151 genus
1078 2103 1131 2130 tu
1170 2103 1369 2146 guuwm
1406 2103 1439 2124 ιι
1454 2103 1621 2143 ιιιωμπ
1635 2103 1709 2125 sul
1745 2103 1857 2144 Lm.
1888 2103 2098 2140 ιιωωισ-

508 2103 930 2229 returflpropten
950 2145 1257 2222 injustitias,
1288 2152 1335 2198 et
1362 2144 1613 2215 injurias,
1667 2151 1717 2197 et
1743 2143 2098 2215 contumelias,

512 2239 561 2284 et
590 2220 819 2285 diversos
840 2220 1012 2277 dolos.

584 2301 754 2355 Avaro
780 2304 951 2351 autem
978 2288 1110 2346 nihil
1128 2295 1205 2344 est
1232 2285 1521 2343 scelestius.
1554 2284 1695 2353 Quid
1719 2284 1946 2356 superbit
1976 2294 2112 2342 terra

512 2380 561 2429 et
594 2370 769 2426 cinis?

587 2432 742 2498 Nihil
762 2446 835 2495 est
864 2435 1093 2506 iniquius
1119 2446 1271 2506 quam
1299 2445 1476 2506 amare
1506 2426 1793 2506 pecuniam
1817 2443 1836 2482 :
1865 2429 1951 2506 hic
1971 2430 2112 2484 enim

512 2525 560 2572 et
585 2515 812 2570 animam
853 2500 1001 2563 suam
1041 2500 1223 2559 venale
1249 2502 1399 2556 habet
1428 2517 1448 2556 :
1473 2501 1725 2572 quoniam
1775 2500 1830 2554 in
1884 2502 1989 2555 vita
2014 2518 2110 2557 sua

511 2586 744 2660 projecit_
758 2580 944 2637 intima
966 2593 1081 2660 sua.

587 2607 607 2641 ο
634 2607 731 2641 ecu
758 2607 944 2637 ltusqu
966 2607 1081 2633 sua.

587 2607 771 2713 dmnis
824 2658 1118 2721 potentatus
1171 2645 1335 2701 brevis
1386 2644 1512 2700 vita.
1561 2641 1807 2715 Languor
1853 2643 2111 2716 prolixior

508 2736 691 2804 grauat
719 2724 993 2804 medicum.

582 2800 797 2856 Brevem
838 2795 1140 2866 languorem
1169 2787 1412 2866 prcecidit
1465 2786 1747 2844 medicus:
1789 2786 1866 2841 sic
1915 2793 1965 2840 et
2016 2802 2110 2843 rea:

510 2872 666 2927 hodie
692 2879 791 2934 est,
824 2875 871 2921 et
903 2860 1018 2919 cras
1048 2860 1321 2934 morietur.

579 2943 711 3000 Cum
740 2928 879 2995 enim
903 2937 1157 2990 morietur
1181 2932 1355 2998 homo,
1386 2928 1710 2985 htereditabit
1744 2937 2028 3001 serpentes,
2059 2938 2110 2985 et

516 3015 719 3082 bestias,
743 3019 795 3067 et
819 3022 1032 3082 vermes.

582 3071 805 3142 Initium
822 3077 1073 3153 superbia:
1110 3073 1683 3153 heministupostatare
1707 3088 1739 3125 a
1758 3071 1905 3153 _Deo.

582 3143 935 3225 Quoniamgab
965 3164 1047 3213 eo,
1075 3146 1180 3225 qui_
1213 3146 1331 3217 fecit
1357 3143 1549 3225 illum,
1582 3144 1800 3225 recessit
1824 3159 1913 3197 cor
1938 3145 2056 3225 ejus
2088 3160 2110 3200 :

508 3215 991 3303 qudniaminitiuru
1041 3215 1430 3303 omuis‘peccati
1456 3223 1559 3303 nest.
1590 3215 1875 3303 superbia:
1902 3219 1991 3284 qui
2027 3225 2106 3272 te-

2205 559 2255 606 et
2284 559 2358 605 est
2378 542 2532 603 homb
2556 548 2647 619 qui
2659 542 3263 619 hono'ri/icaturpropter
3277 542 3615 597 substantiam
3630 558 3800 619 suam.

2282 622 2385 699 Qui
2410 614 2581 699 autem
2609 619 2870 699 gloriatur
2892 618 2945 699 in
2976 624 3301 699 paupertate,
3330 624 3531 699 quanto
3559 614 3723 699 magis
3747 614 3805 667 in

2205 685 2529 750 substantia!
2555 685 2710 762 et'qui
2735 685 2997 762 gloriatur
3021 685 3091 742 in‘
3107 685 3416 756 substantia,
3449 694 3807 758 paupertatent

2208 774 2463 823 vereatur.

2826 853 3060 912 CAPUT
3099 852 3196 910 XI.

2283 995 2561 1069 Sapientia
2608 990 2872 1069 humiliati
2916 990 3173 1046 exaltabit
3196 986 3613 1069 [Al._ea:altavit]
3643 994 3811 1069 _caput

2207 1061 2374 1134 illius;
2405 1076 2453 1123 et
2482 1068 2536 1120 in
2566 1065 2735 1120 medio
2762 1073 3120 1135 magnatorum
3144 1061 3417 1117 consedere
3452 1062 3602 1117 illum
3632 1061 3810 1135 faciet.

2283 1132 2407 1195 Non
2430 1136 2613 1223 laudes
2643 1137 2809 1191 virum
2830 1132 2885 1190 in
2922 1134 3096 1207 specie
3122 1144 3241 1203 sua,
3267 1149 3432 1205 neque
3456 1132 3672 1204 spernas
3708 1132 3809 1188 ho-

2212 1223 2404 1267 minem
2424 1228 2479 1265 tn
2509 1226 2623 1264 visu
2647 1223 2766 1264 8H0.

2283 1282 2462 1337 Brevis
2500 1281 2555 1335 in
2591 1279 2889 1335 volatilibus
2919 1287 2995 1334 est
3039 1279 3189 1351 apis,
3234 1285 3284 1333 et
3330 1276 3540 1333 initium
3579 1276 3813 1332 dulcoris

2211 1356 2363 1411 habet
2387 1355 2588 1425 fructus
2608 1352 2776 1425 illius.

2299 1424 2369 1481 ln
2388 1419 2581 1481 vestitu
2607 1440 2672 1478 ne
2698 1422 2941 1497 glorieris
2966 1438 3236 1497 umquam,
3269 1436 3363 1476 nec
3406 1421 3467 1497 in
3489 1421 3575 1497 _d_ie
3604 1419 3815 1497 honoris

2214 1498 2288 1554 tui
2334 1497 2642 1554 extollaris:
2677 1493 2922 1564 quoniam
2952 1494 3214 1549 mirabilia
3242 1509 3404 1562 opera
3434 1493 3688 1550 Altissimi
3730 1508 3817 1547 so-

2214 1572 2314 1627 lius
2345 1586 2364 1625 :
2388 1579 2438 1625 et
2467 1569 2719 1641 gloriosa,
2748 1567 3096 1641 etabscon‘sa,
3116 1574 3181 1641 _et
3206 1565 3375 1619 invisa
3395 1580 3553 1641 Opera
3575 1564 3739 1641 illius.

2290 1641 2448 1697 Multi
2468 1635 2676 1713 tyranni
2725 1636 2969 1693 sederunt
2998 1637 3055 1691 in
3083 1636 3290 1704 throno,
3342 1646 3393 1693 et
3428 1635 3817 1708 insuspicabilis

2219 1714 2449 1786 portavit
2479 1711 2739 1767 diadema.

2293 1785 2452 1845 Multi
2482 1790 2714 1854 potentes
2745 1780 2984 1851 oppressi
3021 1788 3145 1836 sunt
3168 1779 3364 1848 valide,
3393 1789 3444 1835 et
3469 1778 3684 1853 gloriosi
3703 1786 3817 1834 tra-

2142 1888 2192 1950 Β
2221 1853 3096 1950 άίιὲ.ξξξξι,ἐτξ,1πξιέι.ιξξ..ιξίίςῖον1ιῐητ

2288 1927 2604 1999 Priusquam
2631 1926 2946 1999 interroges.
2980 1940 3069 1999 ne,
3090 1924 3347 1997 vituperes
3378 1939 3687 1997 quemquam
3715 1938 3734 1979 :
3769 1929 3818 1978 et

2216 2018 2335 2056 cum
2355 1996 2774 2070 interrogaveris,
2808 1996 3012 2067 corripe
3040 1996 3207 2070 juste.

2287 2067 2604 2143 Priusquam
2628 2068 2849 2143 audias,
2867 2084 2931 2143 ne
2950 2067 3263 2143 respondeas
3291 2068 3520 2137 verbum,
3560 2076 3610 2123 et
3633 2067 3690 2124 in
3712 2081 3820 2121 me-

2214 2145 2303 2200 dio
2326 2138 2619 2199 sermonum
2645 2156 2709 2195 ne
2735 2138 2961 2210 adjicias
3004 2138 3166 2210 loqui.

2285 2214 2366 2269 De
2389 2232 2450 2271 ea
2472 2231 2548 2282 re,
2572 2227 2687 2281 quae
2706 2218 2755 2265 te
2778 2209 2880 2265 non
2908 2209 3169 2277 molestat,
3200 2226 3264 2266 ne
3284 2212 3495 2269 certeris
3521 2225 3543 2268 :
3566 2221 3614 2267 et
3650 2210 3704 2265 in
3725 2211 3821 2282 ju-

2214 2287 2350 2358 dicio
2380 2284 2704 2358 peccantium
2733 2298 2797 2358 ne
2821 2283 3099 2358 consistas.

2289 2354 2419 2426 Fili,
2450 2374 2517 2413 ne
2560 2357 2615 2411 in
2640 2354 2818 2409 multis
2862 2354 2964 2408 sint
3016 2365 3163 2412 actus
3189 2357 3264 2413 tui
3290 2363 3384 2411 :et
3421 2356 3469 2411 si
3512 2354 3652 2410 dives
3699 2355 3817 2425 fue-

2212 2433 2307 2497 ris,
2360 2446 2464 2485 non
2520 2430 2622 2483 eris
2676 2426 2921 2481 immunis
2975 2442 3007 2478 a
3035 2428 3225 2483 delicto
3257 2443 3277 2484 :
3317 2430 3363 2481 si
3425 2428 3561 2481 enim
3610 2438 3819 2481 secutus

2214 2504 2397 2587 fueris,
2427 2517 2529 2556 non
2553 2497 2904 2572 apprcltendes
2934 2511 2955 2551 :
2981 2506 3032 2552 et
3061 2515 3164 2555 non
3187 2499 3423 2570 effugies,
3452 2499 3497 2553 si
3522 2513 3819 2569 praecucur-

2213 2591 2298 2629 rer
2301 2592 2363 2629 18.

2288 2645 2380 2701 Est
2404 2645 2554 2699 homo
2578 2642 2843 2707 laborans,
2866 2649 2915 2696 et
2939 2641 3215 2711 festinans,
3246 2652 3297 2699 et
3323 2641 3503 2700 dolens
3524 2641 3740 2713 impius,
3770 2646 3822 2695 et

2212 2726 2359 2773 tanto
2390 2717 2555 2787 magis
2580 2731 2682 2770 non
2711 2712 3013 2769 abundabit.
3356 2786 3361 2787 γ
3422 2774 3427 2777 _

2286 2787 2382 2844 Est
2406 2782 2560 2843 hoino
2587 2787 2863 2859 marcidus
2896 2802 3047 2856 egens
3074 2786 3485 2859 recuperatione,
3517 2785 3634 2858 plus
3685 2782 3818 2853 defi-

2212 2862 2354 2916 ciens
2377 2860 2584 2923 virtute,
2609 2867 2657 2913 et
2686 2856 2961 2912 abundans
3007 2856 3335 2926 paupertate.

2284 2931 2356 2987 Et
2377 2932 2561 2987 oculus
2600 2928 2700 2983 Dei
2723 2931 2949 2999 respexit
2975 2928 3124 2984 illam
3151 2930 3205 2985 in
3236 2930 3392 2996 bono,
3432 2940 3481 2987 et
3507 2928 3670 2985 erexit
3699 2941 3817 2999 eum

2211 3004 2276 3059 ab
2301 3003 2597 3059 humilitate
2615 2997 2875 3075 ipsius,'e_t
2903 3002 3151 3056 exaltavit
3181 3011 3339 3075 caput
3366 3006 3481 3075 ejus
3505 3018 3523 3057 :
3566 3010 3614 3056 et
3638 2997 3817 3053 mirati

2210 3084 2335 3131 sunt
2361 3077 2416 3130 in
2439 3075 2532 3130 illo
2559 3070 2734 3137 multi,
2769 3082 2818 3126 et
2845 3070 3230 3128 honoraverunt
3262 3070 3449 3129 Deum.

2213 3215 2266 3271 Β
2284 3146 2433 3202 Bona
2454 3156 2508 3270 ft
2532 3143 2697 3214 mala,
2725 3144 2831 3199 vita
2852 3152 2899 3199 et
2927 3160 3089 3214 mors,
3138 3153 3421 3218 paupertas
3440 3153 3490 3201 et
3513 3143 3755 3201 honestas
3782 3161 3815 3200 a

2270 3234 2328 3271 eo
2350 3235 2449 3271 sun
2479 3256 2495 3271 .

2270 3234 2328 3272 ρο
2350 3225 2495 3273 sunt.

508 3284 679 3386 {tuerit
707 3297 877 3363 illam,
903 3284 1270 3361 adimplebitu’r
1299 3287 1607 3355 maledictis,
1636 3284 1685 3341 et
1711 3287 1967 3343 subvertet
1992 3303 2110 3343 eum
2135 3284 2185 3354 (Ξ
2227 3289 2560 3386 n§apientits
2576 3299 2626 3372 et
2650 3285 2949 3386 disciplina,
2986 3297 3034 3342 et
3064 3290 3279 3386 scientia
3306 3290 3431 3363 legis
3459 3288 3602 3362 apud
3623 3286 3812 3343 Deum.

513 3372 871 3513 ἠέίιιξιζῗὲτᾳα
894 3430 1231 3513 exhonoravit
1251 3428 1508 3513 Dominus
1527 3436 1807 3485 conventus
1833 3430 2109 3502 malorum,

511 3522 565 3571 et
596 3502 854 3569 destruxit
877 3523 963 3564 eos
993 3520 1154 3576 usque
1170 3503 1229 3576 in
1258 3502 1435 3576 finem.

588 3585 749 3642 Sedes
772 3584 965 3637 ducum
1004 3570 1344 3647 superborum
1363 3572 1620 3629 destruxit
1646 3570 1812 3641 Deus,
1859 3581 1909 3629 et
1937 3573 2112 3630 sedere

514 3657 635 3729 fecit
654 3657 803 3729 mites
840 3666 938 3724 pro
965 3649 1061 3729 eis.

585 3727 807 3782 Radices
837 3714 1067 3795 gentium
1093 3714 1434 3795 superburum
1454 3715 1671 3787 arefecit
1694 3714 1856 3785 Deus,
1885 3726 1936 3771 et
1954 3718 2111 3790 plan-

513 3801 641 3856 tavit
671 3787 893 3852 humilEs
921 3809 984 3849 ea;
1008 3790 1136 3863 ipsis
1159 3787 1416 3863 gentibus.

588 3868 777 3926 Terras
818 3857 1051 3939 gentium
1101 3857 1284 3914 evertit
1333 3857 1613 3930 Dominus,
1655 3867 1704 3914 et
1748 3860 1978 3931 perdidit
2023 3875 2115 3915 eas

511 3958 675 4015 usque
700 3939 784 4015 ad_
793 3935 1209 4015 fundamentum.

584 4001 808 4085 hrefecit
828 4023 893 4063 es:
916 4007 1064 4080 ipsis,
1113 4012 1162 4085 et
1188 4001 1504 4071 disperdidit
1530 4018 1641 4073 eos,
1676 4011 1725 4058 et
1769 4019 1968 4059 cessare
1990 4003 2115 4074 fecit

514 4083 819 4143 memoriam
855 4094 1033 4135 eorum
1062 4093 1096 4129 a
1134 4083 1296 4128 terra.

587 4153 898 4212 Memoriam
940 4146 1279 4219 superborum
1333 4144 1561 4217 perdidit
1610 4144 1785 4214 Deus;
1828 4155 1878 4201 et
1905 4145 2113 4220 reliquit

515 4232 823 4284 memoriam
851 4221 1123 4277 humilium
1151 4232 1324 4271 sensu.

589 4298 716 4354 Non
739 4304 813 4352 est
842 4302 1012 4349 creata
1033 4288 1325 4345 hominibus
1353 4287 1591 4359 superbia
1613 4304 1635 4344 :
1654 4306 1820 4363 neque
1838 4292 2113 4347 iracundia

513 4371 715 4427 nationi
738 4366 1033 4421 mulierum.

586 4442 778 4498 Semen
799 4437 1066 4512 hominum
1087 4430 1431 4512 honorabitur
1450 4430 1569 4499 hoc,
1589 4433 1734 4512 quod
1756 4434 1895 4512 timet
1914 4434 2077 4512 Deum
2091 4452 2111 4490 :

511 4530 685 4569 semen
708 4518 879 4566 autem
901 4509 998 4563 hoc
1013 4503 1436 4573 exhonorabitur,
1458 4503 1842 4577 quod’prwterit
1861 4508 2113 4563 mandata

516 4585 751 4641 Domini.

583 4657 654 4712 In
676 4655 845 4711 medio
879 4652 1101 4725 fratrum
1146 4660 1313 4725 rector
1347 4647 1577 4725 illorum
1596 4648 1654 4703 in
1680 4647 1874 4707 honore
1900 4667 1920 4707 :
1949 4662 1996 4707 et
2022 4653 2114 4723 qui

510 4729 687 4783 timent
714 4718 1020 4791 Dominum,
1046 4728 1197 4776 erunt
1222 4720 1277 4774 in
1304 4720 1471 4775 oculis
1496 4718 1665 4775 illius.

515 4799 765 4926 DGloria
793 4795 1032 4865 divitum,
1086 4793 1482 4857 honoratorum,
1529 4800 1577 4847 et
1614 4808 1924 4865 pauperum,
1956 4794 2113 4851 timor

569 4888 613 4925 ei
650 4878 747 4925 est.

569 4873 613 4925 ei
650 4878 747 4925 est.

589 4941 719 4998 Noli
742 4938 1003 5011 despicere
1051 4933 1309 4989 hominem
1331 4936 1532 5011 justum
1580 4951 1883 5007 pauperem,
1929 4946 1976 4993 et
2004 4939 2115 4994 noli

513 5014 691 5083 magni
696 5005 853 5083 [icore
872 5010 1053 5083 virum
1069 5005 1387 5077 peccatorem
1415 5005 1645 5083 divitem.

589 5073 915 5157 Magnus,_et
949 5073 1140 5157 judexc,
1180 5087 1436 5157 et‘potens
1470 5087 1547 5134 est
1575 5079 1630 5133 in
1656 5076 1891 5134 honore:
1917 5088 1965 5135 et
2005 5098 2109 5139 non

515 5167 591 5214 est
612 5146 792 5228 major
816 5152 906 5207 illo
929 5146 1022 5228 qui
1033 5151 1185 5228 timet
1214 5146 1401 5228 Deum.

589 5217 751 5284 Servo
775 5217 978 5281 sensat'o
1005 5222 1155 5277 liberi
1184 5221 1402 5293 servient
1424 5236 1443 5277 :
1465 5227 1513 5276 et
1531 5217 1609 5275 vir
1631 5221 1859 5293 prudens
1879 5231 1929 5278 et
1950 5224 2110 5280 disci-

511 5300 747 5374 plinatus
775 5313 879 5352 non
903 5292 1245 5350 muimurabit
1268 5301 1556 5362 correptus,
1590 5292 1639 5347 et
1667 5294 1861 5350 inscius
1883 5312 1990 5351 non
2015 5298 2111 5354 ho-

512 5371 804 5427 norabitur.

586 5442 718 5498 Noli
746 5438 991 5496 extollere
1023 5445 1071 5491 te
1098 5438 1153 5490 in
1182 5434 1423 5506 faciendo
1439 5450 1593 5508 opere
1621 5444 1710 5492 tuo
1734 5453 1754 5492 :
1784 5446 1835 5493 et
1858 5438 2110 5497 nolicun-

515 5515 649 5570 ctari
674 5514 729 5569 in
760 5523 985 5585 tempore
1007 5508 1282 5579 angustiw.

584 5586 772 5641 Melior
797 5576 976 5652 estqui
995 5576 1258 5652 operatur,
1277 5584 1327 5633 et
1344 5576 1578 5635 abundat
1601 5580 1657 5635 in
1675 5581 1931 5653 omnibus,
1951 5600 2109 5655 quam

509 5659 599 5731 qui
596 5657 899 5731 gloriatur,
932 5661 981 5706 et
1009 5660 1118 5722 eget
1146 5665 1296 5731 pane.

637 5723 715 5794 ili,
764 5729 818 5782 in
862 5723 1255 5797 mansuetudine
1288 5738 1436 5797 serva
1479 5725 1710 5781 animam
1748 5735 1911 5797 tuam,
1962 5736 2009 5784 et
2038 5726 2109 5781 da

503 5803 587 5858 illi
613 5802 860 5856 honorem
888 5796 1168 5850 secundum
1199 5794 1439 5849 meritum
1468 5811 1642 5851 suum.

579 5872 891 5941 Peccantem
936 5867 991 5941 in
1018 5866 1244 5941 animam
1296 5881 1447 5919 suam
1490 5868 1607 5941 quis
1637 5869 2002 5941 justiﬁcabit?
2057 5881 2109 5929 et

481 5944 614 6023 iquis
642 5936 1007 6010 honoriﬁcabit
1035 5937 1439 5994 exhonorantem
1459 5936 1689 5995 animum
1715 5936 1865 5997 suam
1881 5944 1909 5998 Ρ

2138 4691 2195 4754 D

2216 3357 2466 3428 Dilectio,
2490 3370 2538 3415 et
2564 3362 2659 3415 vite
2682 3357 2933 3415 bonorum
2957 3366 3102 3430 apud
3131 3363 3323 3430 ipsum.

2288 3430 2457 3488 Error
2475 3441 2525 3487 et
2566 3433 2787 3487 tenebrat
2835 3433 3189 3501 peccatoribus
3219 3442 3491 3489 concreata
3527 3440 3647 3487 sunt
3679 3447 3699 3487 :
3727 3432 3817 3503 qui

2215 3513 2389 3559 autem
2417 3506 2673 3559 exsultant
2697 3504 2753 3558 in
2779 3504 2953 3567 malis,
2978 3516 3347 3560 consenescunt
3375 3505 3430 3558 in
3455 3504 3611 3559 malo.

2287 3576 2447 3649 Datio
2469 3573 2581 3649 Dei,
2597 3583 2863 3645 permanet
2874 3575 3058 3645 justis,
3080 3589 3130 3632 et
3147 3582 3413 3649 profectus
3432 3575 3578 3631 illius
3606 3590 3814 3631 succes-

2215 3664 2306 3703 sus
2331 3647 2536 3702 habebit
2565 3648 2621 3701 in
2643 3656 2913 3701 internum.

2288 3716 2383 3773 Est
2404 3719 2491 3792 qui
2515 3716 2862 3792 locupletatur
2903 3735 3057 3791 parce
3098 3723 3322 3792 agendo,
3378 3728 3427 3776 et
3457 3720 3568 3776 hate
3587 3727 3660 3775 est
3692 3734 3816 3789 pars

2215 3791 2461 3846 mercedis
2496 3790 2662 3859 illius,

2288 3861 2444 3936 lngeo
2487 3864 2627 3936 quod
2670 3862 2796 3936 dicit
2824 3878 2844 3917 :
2890 3861 3083 3936 Inveni
3122 3864 3350 3936 requiem
3398 3863 3549 3932 mihi,
3597 3870 3645 3918 et
3680 3877 3818 3918 nunc

2215 3934 2541 3990 manducabo
2571 3936 2635 3989 de
2676 3934 2824 3990 bonis
2852 3934 2979 3989 meis
3005 3935 3151 3989 solus
3182 3934 3201 3989 ἐ

2290 4004 2358 4060 Et
2384 4008 2541 4079 nescit
2561 4006 2704 4079 quod
2726 4016 2925 4079 tempus
2954 4006 3235 4079 prseterict,
3276 4015 3324 4063 et
3351 4024 3489 4063 mors
3533 4004 3817 4079 apprOpin-

2215 4087 2359 4149 quet,
2383 4087 2431 4133 et
2458 4077 2720 4145 relinquat
2750 4077 2924 4132 omnia
2956 4077 3104 4142 aliis,
3137 4086 3185 4133 et
3218 4081 3488 4149 morietur.

2290 4148 2386 4205 Sta
2425 4150 2479 4204 in
2506 4159 2809 4206 testamento
2839 4158 2945 4212 tuo.
2999 4160 3047 4203 et
3091 4149 3146 4204 in
3191 4148 3284 4205 illa
3326 4151 3641 4223 colloquere,
3686 4156 3736 4205 et
3764 4148 3818 4202 in

2216 4237 2369 4293 opere
2397 4223 2761 4277 mandatorum
2785 4228 2989 4276 tuorum
3009 4231 3284 4277 veterasce.

2289 4293 2375 4349 Ne
2403 4296 2656 4349 manseris
2681 4295 2736 4348 in
2768 4293 3005 4364 operibus
3036 4303 3381 4360 peccatorum.

2288 4363 2505 4437 Qonﬁde
2523 4376 2696 4421 autem
2717 4367 2772 4420 in
2799 4362 3009 4437 Deo,get
3047 4381 3199 4437 mane
3228 4368 3283 4420 in
3311 4364 3424 4420 loco
3451 4374 3559 4420 tuo.

2290 4435 2470 4493 Facile
2490 4447 2564 4493 est
2593 4438 2727 4493 enim
2757 4437 2812 4491 in
2840 4435 3005 4492 oculis
3034 4436 3133 4492 Dei
3163 4437 3333 4493 subito
3375 4438 3647 4493 honestare
3685 4452 3818 4508 pau-

2253 4525 2307 4565 er
2309 4526 2409 4564 em.

2215 4525 2590 4653 peggnedictio
2610 4580 2708 4637 Dei
2732 4582 2787 4653 in
2814 4581 3102 4635 mercedem
3117 4581 3253 4653 justi
3274 4580 3508 4652 festinat,
3536 4587 3587 4637 et
3612 4580 3666 4635 in
3684 4578 3818 4634 hora

2216 4650 2377 4724 veloci
2405 4670 2674 4724 processus
2694 4651 2836 4707 illius
2866 4650 3171 4723 fructi/iecit.

2216 4722 2547 4852 hoﬁvleozicus
2574 4741 2594 4781 :
2619 4725 2759 4794 Quid
2789 4722 2874 4779 est
2886 4723 3013 4778 mihi
3028 4722 3194 4796 opus,
3223 4735 3272 4781 et
3288 4739 3407 4797 qua:
3427 4730 3578 4779 erunt
3599 4722 3731 4778 mihi
3753 4738 3820 4778 ea:

2439 4814 2472 4852 a

2256 4811 2316 4850 οε
2338 4811 2472 4852 oona

2250 4865 2540 4993 imiiélicas
2560 4885 2581 4925 :
2609 4868 2883 4940 Sufﬁciens
2911 4867 3038 4923 mihi
3060 4884 3177 4923 sum
3202 4883 3223 4924 :
3255 4877 3306 4925 et
3328 4868 3456 4939 quid
3483 4883 3549 4923 ea:
3577 4867 3673 4921 hoc
3692 4881 3818 4938 pes-

2416 4958 2465 4993 r.

2215 4955 2465 4995 simaoor.

2287 5008 2357 5066 In
2385 5012 2469 5068 die
2494 5012 2746 5068 bonorum
2770 5027 2834 5067 ne
2860 5013 3130 5067 immemor
3148 5012 3220 5067 sis
3243 5010 3500 5067 malorum
3528 5024 3549 5065 :
3575 5016 3622 5064 et
3647 5008 3701 5063 in
3734 5009 3823 5063 die

2215 5084 2476 5139 malorum
2497 5101 2561 5139 ne
2579 5085 2847 5139 imntemor
2871 5086 2940 5140 sis
2961 5085 3214 5139 bonorum
3237 5099 3256 5138 :

2238 5194 2241 5228 ς
2296 5155 2570 5228 Quoniam,
2607 5154 2763 5228 facile
2801 5165 2876 5210 est
2901 5171 3076 5211 coram
3102 5153 3215 5210 Deo
3241 5154 3296 5209 in
3317 5152 3402 5208 die
3454 5151 3620 5207 obitus
3664 5150 3820 5205 retri-

2220 5224 2377 5299 buere
2395 5224 2676 5299 unicuique
2700 5228 2980 5283 secundum
3004 5228 3115 5282 vias
3143 5242 3289 5299 suas.

2293 5296 2507 5355 Malitia
2549 5296 2692 5355 hora:
2729 5299 3035 5355 oblivionem
3084 5299 3206 5369 facit
3234 5296 3475 5369 luxuriat
3498 5308 3727 5367 magna,
3768 5302 3824 5349 et

2217 5368 2275 5423 in
2295 5369 2402 5439 fine
2425 5370 2649 5427 hominis
2675 5371 2959 5442 denudatio
2985 5368 3198 5442 operum
3223 5368 3387 5423 illius.

2292 5442 2424 5496 Ante
2451 5453 2664 5498 mortem
2692 5459 2755 5497 ne
2793 5440 2972 5497 laudes
3019 5440 3279 5496 hominem
3322 5453 3648 5511 quemquam,
3686 5453 3823 5508 quo-

2218 5511 2362 5585 niam
2391 5513 2445 5567 in
2471 5513 2597 5583 ﬁliis
2625 5515 2735 5569 suis
2765 5516 3063 5585 agnoscitur
3085 5514 3185 5567 vir.

2290 5582 2422 5639 Non
2470 5582 2672 5641 amnem
2716 5582 2973 5640 hominem
3023 5585 3242 5640 inducas
3288 5583 3344 5639 in
3389 5582 3603 5637 domum
3625 5589 3763 5635 tuam
3803 5596 3823 5637 .'

2218 5656 2400 5709 multa:
2424 5656 2558 5711 enim
2579 5666 2701 5711 sunt
2727 5657 2933 5711 insidia:
2953 5657 3143 5712 dolosi.

2292 5726 2457 5801 Sicut
2489 5729 2633 5801 enim’
2650 5738 2885 5784 eructant
2926 5729 3216 5801 prtecordia
3256 5728 3561 5801 fetentium,_
3592 5736 3641 5779 et
3681 5724 3823 5778 sicut

2214 5797 2402 5870 perdia:
2441 5799 2705 5854 inducitur
2749 5801 2805 5854 in
2850 5797 3078 5867 caveam,
3099 5808 3147 5856 et
3174 5810 3232 5856 ut
3255 5797 3446 5870 caprea
3460 5799 3520 5851 in
3542 5797 3779 5865 laqueum
3799 5812 3823 5851 :

2213 5870 2290 5924 sic
2325 5877 2372 5924 et
2395 5886 2484 5924 cor
2501 5871 2842 5952 superborum
2873 5887 2891 5928 :
2924 5880 2974 5928 et
3014 5873 3143 5928 sicut
3172 5881 3477 5947 prospector
3505 5870 3683 5926 videns
3730 5883 3824 5924 ca-

2212 5957 2326 6000 sum
2357 5944 2580 6015 proximi
2606 5945 2706 6003 sui.
