4182 6338
419 313 536 381 455

1707 315 1910 375 LIBER
1952 315 2482 378 ECCLESIASTICI.

497 437 645 494 Bona
668 437 800 494 enim
826 437 879 493 in
911 435 1048 493 mala
1069 447 1388 506 convertens,
1422 435 1723 504 insidiatur,
1757 443 1802 490 et
1831 435 1883 488 in
1916 435 2020 490 ele-
2046 444 2102 506 Α
2196 437 2327 492 Νοιί
2356 453 2464 492 esse
2489 433 2704 491 humilis
2725 438 2780 492 in
2811 436 3069 508 sapientia
3103 443 3217 509 tua,
3248 453 3312 494 ne
3338 437 3643 497 humiliatus
3664 443 3720 497 in

421 511 520 565 ctis
551 513 775 580 imponet
801 510 1086 565 maculam.

499 583 541 636 A
567 579 796 638 scintilla
820 601 923 656 una
951 593 1168 656 augetur
1197 583 1354 655 ignis,
1401 589 1446 636 et
1477 579 1541 634 ab
1575 580 1900 656 unoidolos‘o
1926 597 2023 636 au-

420 663 574 725 getur
603 655 851 727 sanguis?
876 653 1038 708 homo
1055 671 1173 710 vero
1199 653 1433 726 peccator
1460 653 2018 727 sanguiniinsidiatur.

499 724 716 781 Attende
745 726 885 780 tibia
907 727 1173 796 pestifero,
1199 724 1418 798 fabricat
1446 725 1582 780 enim
1605 724 1742 776 mala
1766 740 1864 779 :ne
1889 727 2022 796 forte

421 798 638 852 inducat
669 815 824 868 super
851 809 899 853 te
923 799 1380 854 subsannationem
1411 798 1466 850 in
1499 806 1820 866 perpetuum.

497 867 824 942 Admittead
846 882 893 925 te
920 871 1282 942 alienigenam,
1306 881 1351 924 et
1375 872 1622 924 subvertet
1647 875 1694 920 te
1717 871 1772 923 in
1795 867 2018 939 turbine,

421 950 472 995 ct
504 941 819 998 abalienabit
854 951 902 996 te
931 960 962 997 a
994 941 1095 998 tuis
1125 943 1377 1016 prapriis.

1022 1057 1254 1116 CAPUT
1299 1057 1420 1114 XII.

500 1155 559 1211 Si
583 1154 914 1225 benefeceris,
943 1153 1074 1210 scito
1099 1154 1182 1210 cui
1203 1153 1382 1226 feceris
1405 1168 1425 1219 ,'
1455 1160 1504 1206 et
1533 1151 1628 1207 erit
1651 1150 1820 1223 gratia
1853 1150 1906 1204 in
1935 1149 2025 1205 bo-

426 1244 455 1278 *ι
465 1227 512 1280 is
551 1227 653 1280 tuis
682 1227 867 1280 multa.

499 1298 726 1370 Benefac
754 1299 922 1369 justo,
952 1307 999 1352 et
1029 1297 1257 1352 invenies
1297 1295 1689 1370 retributionem
1737 1309 2025 1366 magnam:

419 1381 472 1424 et
499 1374 548 1440 si
572 1369 674 1425 non
702 1370 766 1424 ab
793 1371 928 1440 ipso,
955 1379 1090 1424 certe
1117 1386 1146 1422 a
1178 1369 1422 1423 Domino.

503 1439 627 1495 Non
667 1452 742 1496 est
772 1437 919 1496 enim
946 1442 992 1495 ei
1023 1441 1170 1506 bene,
1194 1442 1281 1511 qui
1311 1439 1556 1494 assiduus
1578 1437 1745 1511 estin
1773 1437 2027 1511 malis,_et

421 1514 778 1584 clccmosynas
817 1529 921 1567 non
961 1513 1112 1566 danti
1144 1528 1161 1565 :
1189 1508 1434 1584 quoniam
1477 1521 1540 1584 et,
1565 1508 1864 1584 Altissimus
1906 1509 2026 1563 odio

420 1585 576 1638 habet
605 1581 921 1652 peccatores,
951 1593 999 1640 et
1029 1581 1269 1639 misertus
1306 1592 1379 1637 est
1408 1581 1788 1653 pwnitentibus.

499 1655 584 1709 Da
620 1657 964 1722 misericordi,
995 1667 1041 1710 et
1068 1672 1132 1710 ne
1161 1655 1416 1725 suspicias
1444 1662 1771 1727 peccatorem
1797 1667 1816 1706 :
1845 1659 1891 1706 et
1925 1653 2025 1727 ini-

420 1729 526 1800 piis
556 1736 601 1782 et
624 1729 977 1800 peccatoribus
997 1727 1177 1784 reddet
1201 1724 1502 1792 vindictam,
1537 1724 1834 1779 custodiens
1861 1740 1949 1780 eos
1972 1725 2027 1779 in

421 1799 559 1855 diem
583 1799 845 1858 vindicta.
1201 1859 1206 1864 ,

499 1872 580 1943 Da
608 1871 766 1941 bono,
794 1881 843 1925 et
871 1887 977 1926 non
1005 1869 1255 1943 receperis
1286 1877 1628 1943 peccatorem.

498 1942 719 2012 Benefac
749 1939 965 2011 humili,
989 1955 1038 1998 et
1069 1939 1172 1998 non
1200 1939 1403 1995 dederis
1446 1941 1604 2012 impio
1631 1955 1651 1994 :
1671 1939 1887 2012 prohibe
1928 1957 2024 2012 pa-

423 2031 513 2070 nes
545 2014 623 2068 illi
654 2016 792 2078 dari,
822 2032 887 2070 ne
927 2017 980 2069 in
1009 2015 1137 2083 ipsis
1165 2015 1422 2082 potentior
1452 2021 1500 2065 te
1538 2012 1624 2066 sit.

500 2085 643 2139 Nam
672 2086 906 2156 duplicia
931 2087 1069 2141 mala
1099 2085 1322 2140 invenies
1349 2085 1407 2156 in
1424 2083 1656 2156 omnibus
1683 2084 1855 2156 bonis,
1881 2099 2024 2156 quie-

423 2175 641 2228 cumque
683 2153 862 2227 feceris
888 2159 968 2214 illi
1001 2159 1284 2228 :quoniam
1310 2166 1354 2208 et
1379 2155 1676 2208 Altissimus
1711 2155 1830 2209 odio
1871 2153 2024 2210 habet

425 2239 740 2304 peccatores,
767 2239 814 2284 et
840 2230 1014 2304 impiis
1036 2227 1212 2304 reddet
1244 2228 1554 2304 vindictam.

501 2300 623 2355 Non
653 2297 958 2372 agnoscetur
986 2302 1040 2356 in
1067 2300 1212 2356 bonis
1238 2299 1454 2366 amicus,
1480 2306 1527 2352 et
1555 2313 1658 2352 non
1679 2297 2024 2352 abscondetur

426 2375 482 2427 in
508 2374 659 2427 malis
683 2374 942 2429 inimicus.

501 2443 567 2498 In
602 2443 748 2499 bonis
769 2445 890 2511 viri,
911 2443 1106 2500 inimici
1135 2443 1278 2497 illius
1300 2442 1356 2497 in
1381 2439 1593 2496 tristitia
1621 2449 1709 2496 :et
1736 2442 1793 2498 in
1819 2440 2023 2496 malitia

425 2518 573 2592 iliius
591 2557 606 2583 ,
634 2516 834 2592 amicus
859 2519 1069 2592 agnitus
1097 2524 1194 2569 est.

503 2586 626 2642 Non
649 2587 831 2642 credas
861 2583 1068 2643 inimico
1095 2596 1180 2642 tuo
1217 2587 1270 2640 in
1299 2593 1548 2640 aeternum
1576 2601 1594 2640 :
1623 2586 1758 2640 sicut
1787 2583 1923 2640 enim
1951 2600 2022 2639 at-

423 2667 723 2733 ranientum
750 2663 988 2733 cruginat
1013 2659 1239 2728 nequitia
1280 2657 1442 2711 illius.

504 2731 568 2785 Et
590 2731 635 2784 si
667 2727 969 2787 humiliatus
998 2727 1151 2786 vadat
1177 2745 1383 2796 currus,
1405 2727 1575 2802 adjice
1597 2729 1828 2783 animum
1853 2737 2018 2798 tuum,

425 2814 476 2858 ct
497 2803 700 2856 custodi
731 2812 778 2856 te
802 2804 866 2858 ab
901 2805 1016 2858 illo.

501 2874 626 2928 Non
657 2883 856 2928 statuas
885 2875 1033 2930 illum
1065 2888 1217 2943 penes
1248 2879 1314 2933 te,
1345 2887 1437 2925 nec
1465 2871 1642 2928 sedeat
1664 2871 1734 2926 ad
1757 2871 2023 2926 dexteram

423 2962 593 3010 tuam,
627 2962 690 3000 ne
718 2949 852 3016 forte
881 2961 1150 3001 conversus
1191 2945 1245 3016 in
1270 2943 1638 3016 locum'tnum,
1680 2943 1907 3016 inquirat
1937 2959 2023 2996 ca-

423 3017 667 3072 thedram
698 3014 840 3072 tuam
871 3033 888 3072 :
917 3028 964 3072 et
998 3019 1050 3071 in
1088 3014 1365 3086 novissimo
1400 3031 1652 3086 agnoscas
1697 3015 1849 3068 verba
1888 3031 2017 3082 mea,

423 3101 473 3144 et
496 3091 548 3142 in
577 3090 894 3144 sermonibus
924 3090 1049 3144 meis
1073 3084 1374 3142 stimuleris.

501 3161 630 3228 Quis
658 3161 980 3216 miserebitur
1025 3159 1330 3213 incantatori
1365 3175 1395 3211 a
1424 3167 1656 3228 serpente
1683 3173 1946 3228 percusso,
1975 3164 2021 3211 et

2125 511 2403 566 stultitiam
2432 509 2721 564 seducaris.

2199 582 2486 656 Advocatus
2518 597 2551 634 a
2573 581 2861 652 potentiore
2897 580 3144 637 discede:
3167 597 3231 637 ex
3266 583 3363 637 hoc
3390 583 3525 640 enim
3553 586 3717 656 magis

2125 662 2174 708 te
2203 653 2492 708 advocabit.

2198 725 2282 780 Ne
2313 725 2582 801 improbus
2606 726 2696 801 sis,
2728 742 2789 782 ne
2815 726 3126 799 impingaris
3159 741 3179 782 :
3208 734 3257 782 et
3285 742 3350 781 ne
3379 725 3530 801 longe
3559 728 3629 782 sis
3654 728 3720 783 ab

2123 811 2206 865 eo,
2243 815 2303 851 ne
2335 814 2422 852 eas
2453 799 2504 850 in
2533 797 2856 853 oblivionem.

2199 867 2284 922 Ne
2319 869 2542 942 retineas
2563 885 2626 923 ea:
2651 885 2800 940 aequo
2825 869 2962 942 loqui
2983 867 3235 942 cumillo,
3263 885 3356 924 nec
3380 870 3560 942 credas
3589 871 3726 924 ntul-

2127 939 2192 993 tis
2222 939 2387 994 verbis
2417 941 2560 995 illius
2595 957 2611 994 :
2644 939 2716 994 etc
2734 939 2897 996 multa
2925 942 3061 996 enim
3094 940 3299 1011 loquela
3329 941 3543 996 tentabit
3575 952 3642 1009 te,
3675 952 3727 997 et

2126 1011 2398 1084 subridens
2427 1012 2765 1084 interrogabit
2797 1022 2844 1067 te
2885 1014 2946 1066 de
2968 1012 3433 1084 absconditistuis.

2200 1082 2424 1138 Immitis
2449 1082 2652 1137 animus
2679 1084 2823 1138 illius
2847 1083 3166 1138 conservabit
3193 1083 3348 1138 verba
3378 1094 3466 1139 tua
3496 1101 3516 1140 :
3545 1093 3593 1140 et
3617 1101 3724 1140 non

2129 1166 2303 1225 parcet
2339 1155 2404 1210 de
2430 1156 2654 1222 malitia,
2679 1166 2726 1208 et
2757 1157 2820 1211 de
2839 1156 3078 1210 uinculis.

2119 1224 2139 1262 ί
2202 1224 2548 1300 ϐαῖνε-τίθεται
2571 1227 2776 1282 attende
2797 1227 3068 1299 diligenter
3095 1226 3300 1282 auditui
3325 1236 3414 1282 tuo
3439 1244 3458 1286 :
3480 1228 3725 1300 quoniam

2130 1312 2245 1352 cum
2274 1297 2598 1352 subversione
2627 1307 2720 1352 tua
2746 1297 3000 1354 ambulas.

2201 1368 2435 1442 Audiens
2459 1387 2574 1424 vero
2595 1369 2690 1424 illa
2721 1372 2870 1442 quasi
2896 1373 2950 1424 in
2972 1370 3169 1426 somnis
3189 1370 3326 1438 uide,
3354 1379 3401 1425 et
3423 1371 3682 1442 vigilabis.

2131 1513 2150 1567 Ι
2206 1440 2361 1495 Omni
2390 1441 2495 1494 vita
2525 1451 2615 1496 tua
2646 1440 2806 1514 dilige
2831 1441 3030 1509 Deum,
3063 1450 3111 1496 et
3153 1444 3337 1497 invoca
3369 1440 3520 1498 illum
3545 1443 3600 1497 in
3638 1459 3725 1498 sa-

2156 1522 2238 1567 ute
2265 1523 2372 1567 tua.

2156 1522 2238 1567 ute
2265 1523 2372 1567 tua.

2205 1584 2372 1639 Omne
2401 1584 2598 1656 animal
2625 1585 2798 1656 diligit
2826 1585 2994 1640 simile
3019 1585 3117 1641 sibi
3151 1603 3169 1642 :
3194 1585 3268 1641 sic
3294 1595 3342 1641 et
3371 1587 3540 1641 omnis
3571 1586 3725 1642 homo

2132 1657 2429 1727 proximum
2457 1655 2574 1710 sibi.

2205 1726 2387 1803 Omnis
2421 1743 2543 1803 caro
2570 1729 2653 1803 _ad
2681 1728 2904 1803 similem
2943 1728 3041 1783 sibi
3069 1731 3437 1803 conjungetur,
3482 1737 3529 1784 et
3556 1729 3725 1785 omnis

2132 1799 2282 1854 homo
2313 1798 2474 1852 simili
2502 1799 2581 1852 sui
2613 1800 2912 1855 sociabitur.

2053 1846 2104 1908 Β
2132 1846 2278 1926 "VS-iv
2289 1846 3028 1943 coni-inunicabit'agno
3051 1872 3354 1944 aliquando,
3386 1873 3460 1928 sic
3484 1880 3726 1946 peccator

2114 1945 2284 2014 justo.

2203 2014 2332 2081 Qua:
2355 2015 2754 2071 communicatio
2797 2023 2979 2068 sancto
3005 2015 3204 2070 homini
3239 2014 3309 2068 ad
3337 2023 3364 2053 α
3389 2016 3608 2070 canem?
3636 2022 3726 2070 aut

2125 2100 2247 2158 quas
2267 2102 2389 2158 pars
2417 2086 2563 2142 diuiti
2597 2090 2666 2142 ad
2693 2089 3017 2158 pauperem?

2208 2156 2424 2211 Venatio
2448 2158 2608 2215 leonis
2640 2156 2832 2230 onager
2859 2158 2914 2212 in
2943 2174 3114 2213 eremo
3143 2158 3258 2215 :sic
3287 2167 3336 2213 et
3364 2175 3561 2232 pascua
3590 2158 3723 2213 divi-

2127 2236 2378 2304 tun_i_sun_t
2406 2247 2675 2304 pauperes.

2202 2299 2268 2354 Et
2313 2302 2445 2374 sicut
2491 2299 2808 2358 abominatio
2847 2311 2926 2358 est
2953 2301 3176 2374 superbo
3218 2300 3487 2357 humilitas
3516 2318 3536 2357 :
3567 2303 3640 2358 sic
3669 2311 3716 2357 et

2126 2372 2414 2447 exsecratio
2442 2374 2618 2430 divitis
2647 2391 2859 2447 pauper.

2201 2443 2354 2498 Dives
2371 2443 2657 2501 commotui
2680 2443 3022 2514 confirmatur
3057 2446 3122 2500 ab
3149 2446 3334 2500 amicis
3363 2446 3473 2500 suis
3497 2461 3514 2498 :
3545 2445 3718 2499 humi-

2132 2513 2196 2567 lis
2210 2524 2392 2588 _autein
2422 2534 2539 2571 cum
2569 2513 2836 2588 ceciderit,
2864 2517 3150 2588 expelletur
3178 2535 3210 2570 a
3234 2519 3391 2572 notis.

2195 2583 2357 2660 D_iviti
2404 2589 2615 2660 decepto
2641 2587 2790 2642 multi
2830 2583 3261 2660 recuperatores:
3288 2588 3488 2643 locutus
3518 2595 3592 2642 est
3620 2603 3712 2642 su-

2126 2657 2312 2731 perba,
2341 2667 2386 2731 et
2406 2657 2828 2731 justificaverunt
2865 2657 3036 2714 illum.

2201 2727 2428 2814 Humilis
2466 2727 2705 2814 deceptus
2751 2739 2846 2814 esi,
2867 2733 3088 2814 insuper
3125 2741 3172 2785 et
3203 2731 3486 2804 arguitur:
3512 2731 3719 2785 locutus

2125 2809 2200 2854 est
2229 2813 2450 2869 sensate,
2477 2813 2522 2856 ct
2554 2821 2658 2858 non
2687 2810 2761 2856 est
2787 2802 2941 2856 datus
2961 2802 3008 2856 ei
3030 2803 3207 2856 locus:

2201 2870 2353 2926 Dives
2382 2874 2585 2929 locutus
2626 2884 2721 2939 est,
2746 2882 2792 2926 et
2824 2889 2996 2927 onmes
3026 2882 3319 2943 tacuerunt,
3351 2883 3400 2930 ct
3422 2873 3628 2930 verbum
3657 2873 3726 2926 il-

2126 2943 2226 3014 lius
2252 2960 2411 3013 usque
2439 2946 2508 2999 ad
2536 2945 2694 3000 nubes
2724 2946 3024 3014 perducent.

2200 3013 2410 3086 Pauper
2439 3018 2638 3072 locutus
2675 3013 2770 3081 est,
2801 3026 2860 3086 et
2892 3017 3070 3071 dicunt
3099 3032 3116 3070 :
3149 3017 3275 3084 Quis
3312 3026 3388 3072 est
3441 3017 3562 3072 hic?
3605 3025 3652 3071 ct
3678 3017 3723 3071 si

2126 3085 2420 3156 offenderit,
2453 3089 2739 3143 subvertent
2768 3085 2939 3142 illum.

2198 3155 2350 3232 Bona
2399 3155 2475 3214 est
2515 3159 2799 3214 substantia
2841 3160 2923 3213 cui
2966 3174 3069 3214 non
3105 3169 3178 3214 est
3222 3169 3490 3232 peccatum
3519 3161 3574 3214 in
3603 3175 3728 3214 con-

423 3235 682 3307 omnibus,
716 3236 810 3307 qui
852 3232 1165 3307 apprOpiant
1194 3229 1494 3307 bcstiis?_et
1521 3229 1592 3283 sic
1619 3231 1708 3307 qui
1739 3231 2018 3307 comitatur
2046 3243 2091 3307 ρ
2122 3229 2380 3307 scientia;
2401 3241 2448 3284 et
2467 3232 2789 3307 nequissima
2814 3233 3178 3307 paupertas‘in
3209 3229 3298 3286 ore
3328 3233 3500 3307 impii.

423 3322 542 3376 cum
572 3305 680 3376 viro
710 3300 986 3376 iniquo','et
1013 3300 1286 3376 obvolutus
1316 3313 1388 3356 est
1406 3302 1468 3376 in
1499 3300 1724 3376 peccatis
1749 3302 1887 3376 ejus.

502 3375 618 3430 Una
640 3374 769 3427 hora
797 3370 963 3430 iecum
995 3370 1308 3446 permanebit
1335 3375 1417 3427 :si
1454 3384 1621 3426 autem
1645 3371 2010 3439 declinaveris,

423 3465 528 3518 non
565 3448 913 3518 supportabit.
1042 3515 1051 3518 _
1173 3517 1178 3518 ί
1227 3513 1239 3518 Α
1303 3516 1311 3518 _
1545 3469 1548 3472 ί

499 3517 564 3572 In
597 3513 745 3572 labiis
765 3520 872 3573 suis
903 3515 1136 3572 indulcat
1165 3513 1406 3570 inimicus
1433 3522 1521 3570 :et
1543 3515 1598 3570 in
1637 3515 1789 3570 corde
1818 3529 1911 3570 suo
1933 3513 2016 3568 in-

419 3592 670 3652 sidiatur,
693 3601 748 3644 ut
779 3589 1034 3645 subeertat
1063 3599 1110 3643 te
1141 3589 1194 3642 in
1222 3588 1441 3658 foveam.

496 3661 562 3715 ln
586 3661 748 3715 oculis
790 3661 896 3716 suis
936 3657 1253 3730 lacrymatur
1295 3659 1556 3726 inimicus,
1600 3667 1647 3712 et
1694 3659 1740 3712 si
1767 3657 2017 3712 invenerit

421 3746 760 3820 ιεηεριημξοη
794 3733 1075 3820 satiabitur.
1095 3730 1368 3820 sang‘uimf-
1481 3801 1492 3813 ,
1727 3799 1780 3820 ,,,
1948 3799 1960 3812 .
2023 3741 2026 3744 ’

498 3799 566 3859 Et
595 3804 640 3859 si
669 3805 985 3860 incurret-int
1017 3804 1105 3858 tibi
1137 3799 1298 3870 mala,
1326 3801 1547 3857 invenies
1577 3817 1692 3856 eum
1721 3799 1846 3855 illuc
1878 3799 2018 3871 prio-

421 3895 550 3933 rem.

498 3949 564 4003 In
587 3947 750 4021 oculis
771 3949 878 4004 suis
899 3947 1216 4021 lacrymatur
1236 3944 1496 4012 inimicus,
1520 3955 1568 4000 et
1591 3944 1742 4015 quasi
1763 3943 2020 4013 adiuvans

425 4022 667 4089 suffodiet
693 4020 901 4093 plantas
929 4020 1065 4074 tuas.

499 4086 666 4161 Caput
691 4086 843 4147 suum
873 4093 1110 4157 movebit,
1131 4097 1180 4144 et
1202 4087 1410 4160 plaudet
1437 4104 1598 4142 manu
1621 4102 1640 4143 :
1660 4097 1706 4144 et
1735 4086 1902 4142 multa
1933 4102 2021 4141 su-

422 4182 640 4221 surrans
670 4165 1003 4221 commutabit
1035 4166 1232 4218 uultum
1269 4176 1442 4215 suum.

1013 4275 1244 4335 CAPUT
1288 4273 1430 4330 XIII.

505 4375 605 4442 Qui
631 4374 854 4446 tetigerit
886 4373 1068 4444 picem,
1102 4369 1456 4446 inquinabitur
1476 4366 1538 4422 ab
1559 4383 1621 4421 ea
1647 4381 1665 4421 :
1694 4374 1740 4422 et
1767 4365 1854 4438 qui
1884 4381 2024 4421 com-

432 4439 764 4503 municaverit
791 4439 1008 4515 superbo
1035 4439 1214 4498 induet
1235 4439 1551 4515 superbiam.

503 4520 719 4575 Pondus
750 4509 907 4585 super
935 4533 988 4570 se
1018 4515 1179 4580 tollet,
1223 4509 1308 4584 qui
1337 4511 1617 4585 honestiori
1645 4526 1699 4565 se
1740 4509 2026 4564 communi-

426 4605 528 4647 cat.
567 4590 633 4644 Et
666 4583 841 4643 ditiori
873 4596 921 4641 te
951 4604 1012 4642 ne
1046 4587 1213 4641 socius
1237 4583 1420 4656 fueris.

2195 3298 2299 3374 Cor
2337 3298 2563 3356 hominis
2591 3298 2826 3356 immutat
2868 3298 3053 3374 faciem
3096 3301 3261 3372 illius,
3306 3298 3414 3358 sive
3456 3305 3510 3357 in
3553 3305 3723 3371 bona,

2121 3378 2227 3432 sive
2251 3373 2304 3426 in
2330 3375 2492 3429 mala.

2203 3447 2489 3516 Vestigium
2515 3445 2685 3516 cordis
2721 3445 2863 3514 boni,
2893 3453 2938 3499 et
2962 3446 3147 3516 faciem
3178 3445 3364 3501 bonam
3403 3446 3620 3516 difficile
3641 3446 3728 3501 in-

2121 3522 2311 3585 venies,
2343 3515 2388 3572 et
2417 3533 2536 3572 cum
2567 3515 2766 3571 labore.

2713 3607 2940 3667 CAPUT
2979 3609 3119 3666 XIV.

2194 3733 2386 3788 Beatus
2414 3731 2494 3785 vir
2539 3729 2628 3799 qui
2658 3745 2761 3783 non
2792 3737 2866 3783 est
2910 3727 3088 3800 lapsus
3116 3729 3267 3784 verba
3296 3745 3359 3785 ea:
3389 3744 3475 3784 ore
3516 3745 3632 3796 suo,
3677 3740 3725 3786 et

2125 3823 2227 3860 non
2255 3815 2329 3860 est
2359 3803 2654 3859 stimulatus
2675 3804 2730 3854 in
2759 3801 2971 3854 tristitia
2999 3801 3192 3856 delicti.

2197 3877 2352 3931 Felix
2398 3875 2486 3944 qui
2528 3890 2635 3928 non
2675 3871 2852 3927 habuit
2892 3873 3054 3926 animi
3096 3874 3177 3927 sui
3217 3871 3502 3941 tristitiam,
3543 3880 3592 3927 et
3622 3889 3726 3930 non

2127 3949 2318 4004 excidit
2343 3964 2376 4000 a
2405 3963 2493 4018 spe
2521 3962 2638 4000 sua.

2205 4019 2330 4075 Viro
2361 4015 2554 4086 cupido
2584 4026 2634 4072 et
2669 4016 2837 4070 tenaci
2865 4016 2977 4070 sine
3005 4015 3207 4070 ratione
3233 4025 3310 4071 est
3337 4015 3651 4085 substantia,
3675 4023 3725 4070 et

2126 4092 2324 4146 homini
2346 4090 2506 4144 livido
2531 4088 2598 4142 ad
2625 4088 2749 4160 quid
2778 4104 2964 4141 aurum
2987 4089 3011 4142 Σ)

2205 4163 2306 4228 Qui
2335 4170 2543 4216 acervat
2565 4159 2824 4214 exanimo
2847 4159 3177 4232 suoiinjuste,
3211 4159 3332 4214 aliis
3352 4168 3646 4232 congregat,
3677 4167 3727 4214 et

2127 4235 2180 4289 in
2215 4234 2360 4288 bonis
2391 4233 2536 4286 illius
2565 4232 2701 4286 alius
2731 4231 3104 4285 luxuriabitur.

2205 4305 2309 4374 Qui
2341 4305 2438 4358 sibi
2462 4319 2677 4374 nequam
2707 4313 2804 4369 est,
2837 4303 2922 4357 cui
2950 4303 3044 4357 alii
3075 4304 3235 4357 bonus
3264 4302 3400 4358 erit?
3437 4310 3484 4357 et
3514 4317 3615 4357 non
3636 4301 3729 4372 ju-

2127 4376 2444 4434 cundabitur
2471 4377 2524 4428 in
2552 4375 2695 4428 bonis
2736 4376 2865 4429 suis.

2205 4449 2308 4516 Qui
2333 4447 2430 4502 sibi
2471 4447 2684 4513 invidet,
2713 4445 2845 4499 nihil
2875 4453 2948 4502 est
2990 4444 3086 4501 illo
3111 4445 3327 4517 nequius
3355 4461 3375 4501 :
3404 4455 3450 4501 et
3479 4443 3588 4501 haec
3609 4445 3732 4502 red-

2131 4521 2260 4575 ditio
2291 4529 2366 4574 est
2394 4517 2610 4573 malitia:
2635 4519 2778 4572 illius
2804 4534 2824 4572 :

2201 4592 2270 4646 Et
2296 4594 2338 4646 si
2381 4592 2507 4646 bene
2537 4590 2756 4661 fecerit,
2782 4589 3101 4660 ignoranter,
3133 4596 3180 4644 et
3213 4605 3316 4642 non
3341 4588 3517 4643 volens
3563 4589 3731 4661 facit:

505 4645 641 4729 Qum
666 4658 1066 4715 εονηηηιηίεαὺίε
1089 4645 1307 4729 vacabit:
1328 4655 1396 4708 αά
1421 4653 1582 4729 οιιαηι
1607 4654 1630 4708 7
1655 4655 1865 4722 quando
1892 4652 2026 4706 εηίυι
2053 4645 2108 4706 D
2131 4673 2178 4720 et
2204 4645 2264 4717 in
2292 4645 2566 4717 novissimo
2591 4645 2886 4728 manifestat
2914 4645 3168 4715 malitiam
3197 4676 3366 4713 suam.

426 4753 482 4792 se
509 4727 762 4789 colliserit
791 4731 915 4802 [AL
948 4727 1268 4802 coltiserint]
1301 4728 1683 4797 confringetur.

504 4807 658 4860 Dives
686 4795 880 4878 injuste
919 4803 1044 4876 egit,
1088 4811 1133 4855 et
1166 4795 1346 4872 fremet
1371 4795 1624 4870 :pauper
1665 4805 1837 4850 autem
1880 4795 2030 4850 lessus

433 4879 641 4934 tacebit.

508 4953 569 5005 Si
599 4950 822 5022 largitus
853 4945 1032 5016 fueris,
1067 4951 1288 4999 assumet
1323 4952 1370 4997 te
1397 4959 1414 4998 :
1438 4951 1484 4997 et
1534 4939 1578 4993 si
1609 4955 1719 4994 non
1754 4937 1990 4993 habueris
2015 4978 2030 5006 ,

428 5023 746 5093 derelinqnet
774 5033 841 5074 te.
976 5091 982 5093 _
1632 5082 1642 5093 ,
1664 5083 1674 5093 .
1934 5083 1944 5093 .

507 5095 568 5150 Si
616 5082 794 5159 habes,
839 5091 1068 5146 coneivet
1111 5099 1299 5154 tecum,
1333 5097 1379 5141 ct
1427 5082 1696 5141 evacuabit
1728 5093 1793 5153 te,
1839 5093 1886 5138 et
1927 5083 2036 5153 ipse

432 5184 537 5222 non
572 5165 766 5220 dolebit
798 5179 952 5234 super
975 5172 1042 5217 te.

508 5238 569 5295 Si
597 5226 920 5292 necessarius
966 5234 1044 5288 illi
1076 5232 1266 5303 fueris,
1297 5229 1662 5301 supplantabit
1691 5235 1758 5303 te,
1788 5236 1834 5281 et
1866 5226 2037 5303 subrif

437 5311 563 5366 dens
605 5324 749 5377 spem
788 5307 952 5375 dabit,
1003 5298 1230 5360 narrans
1271 5298 1372 5359 tibi
1402 5298 1566 5370 bona,
1607 5312 1655 5358 et
1697 5300 1826 5353 dicet
1854 5298 2037 5364 :Quid

437 5401 565 5454 Opus
593 5379 839 5454 esttibi?
999 5451 1011 5454 _
1305 5449 1316 5454 _
1420 5449 1428 5454 Δ
1732 5444 1743 5454 ν
1860 5443 1870 5452 .

513 5458 576 5513 lit
608 5451 888 5522 confundet
916 5458 966 5505 te
993 5451 1050 5504 in
1081 5448 1206 5503 cibis
1235 5449 1366 5522 suis,
1395 5449 1557 5503 donec
1588 5458 1635 5503 te
1661 5443 1944 5522 exinaniat‘
1963 5442 2037 5496 bis

440 5538 487 5581 et
523 5543 598 5584 ter
622 5539 642 5577 .°
663 5514 717 5577 el
751 5524 805 5576 in
838 5523 1118 5576 novissimo
1163 5521 1414 5574 deridebit
1451 5531 1499 5575 te
1531 5537 1548 5574 :
1580 5531 1627 5574 et
1656 5529 1832 5592 postea
1860 5514 2038 5570 uidens

440 5602 753 5664 derelinquet
783 5604 852 5660 te,
883 5602 931 5648 et
963 5603 1118 5662 caput
1149 5608 1296 5646 suum
1325 5592 1541 5646 movebit
1569 5593 1637 5645 ad
1663 5606 1730 5646 te.

515 5669 810 5727 [lurniliare
843 5665 973 5730 Deo,
1002 5675 1046 5718 et
1080 5673 1316 5736 exspecta
1337 5680 1524 5718 manus
1552 5667 1683 5736 ejus.

518 5741 758 5807 Attende,
785 5756 845 5793 ne
871 5737 1110 5794 seductus
1139 5733 1191 5789 in
1213 5734 1489 5790 stultitiam
1520 5733 1823 5791 humilieris.

521 5896 544 5923 α
589 5885 730 5942 θιὶη]
760 5879 966 5940 eratad
998 5893 1201 5935 carnem
1230 5877 1438 5942 vitiose.

2205 4735 2447 4804 Nequam
2473 4741 2547 4787 est
2577 4730 2758 4786 oculus
2791 4731 2958 4799 lividi,
2988 4741 3036 4787 et
3069 4741 3300 4787 avertens
3328 4731 3513 4802 faciem
3535 4747 3683 4785 suam
3707 4772 3726 4801 ,

2132 4817 2178 4862 et
2211 4806 2501 4878 despiciens
2523 4806 2747 4878 animam
2785 4819 2957 4878 suam.

2207 4875 2531 4931 Insatiabilis
2562 4875 2743 4928 oculus
2777 4875 2954 4944 cupidi
2990 4875 3044 4928 in
3075 4885 3219 4942 parte
3262 4875 3596 4944 iniquitatis:
3623 4889 3726 4928 non

2135 4951 2414 5006 satiabitur
2437 4949 2596 5002 donec
2617 4956 2882 5000 consumat
2910 4948 3200 5017 arefaciens
3225 4949 3454 4999 animam
3483 4963 3653 4999 suam.

2217 5022 2408 5076 Oculus
2437 5019 2605 5072 malus
2636 5020 2702 5071 ad
2732 5017 2867 5071 mala
2899 5033 2917 5072 :
2947 5016 3124 5072 etnon
3153 5017 3427 5071 satiabitur
3455 5033 3611 5084 pane,
3635 5016 3728 5072 sed

2138 5095 2380 5167 indigens
2412 5103 2456 5167 et
2486 5094 2541 5167 in
2580 5091 2789 5167 tristitia
2815 5092 2909 5167 erit
2934 5105 3088 5158 super
3113 5105 3338 5167 men-sam
3373 5105 3541 5167 suam.

2212 5159 2343 5231 Fili,
2383 5166 2426 5218 si
2457 5164 2631 5231 habes,
2675 5163 2881 5234 benefac
2913 5172 3098 5226 tecum,
3130 5169 3176 5214 et
3206 5159 3319 5215 Deo
3358 5159 3544 5231 dignas
3571 5161 3722 5216 obla-

2138 5239 2301 5293 tiones
2324 5239 2473 5306 offer.

2212 5305 2413 5365 IIIemOr
2435 5315 2565 5374 esto,
2597 5309 2842 5379 quoniam
2872 5321 3008 5358 mors
3039 5318 3140 5356 non
3166 5305 3360 5370 tardat,
3385 5315 3431 5360 et
3460 5314 3732 5360 testamen-

2142 5389 2250 5436 tum
2281 5383 2569 5452 inferorum
2610 5379 2732 5447 quia
2760 5380 3166 5452 demonstratuni
3196 5387 3270 5431 est
3299 5379 3389 5431 tibi
3418 5394 3436 5432 :
3463 5387 3734 5432 testamen-

2141 5463 2249 5507 tum
2282 5447 2415 5507 en'im
2447 5451 2601 5523 hujus
2636 5451 2815 5504 mundi
2847 5457 3005 5523 morte
3035 5447 3298 5503 morietur.

2211 5527 2342 5579 Ante
2386 5521 2601 5577 mortem
2629 5523 2838 5591 benefac
2876 5521 3043 5573 amico
3073 5527 3179 5588 tuo,
3210 5530 3258 5575 et
3285 5521 3572 5576 secundum
3600 5522 3732 5575 vires

2141 5606 2255 5650 tuas
2277 5595 2609 5666 ea'pos'i'igens
2640 5595 2705 5666 da
2738 5594 2974 5664 pauperi.

2215 5664 2692 5735 Nondefrauderis
2728 5683 2760 5720 a
2797 5667 2880 5722 die
2910 5667 3060 5739 bono,
3093 5675 3140 5724 et
3173 5665 3429 5739 particula
3455 5665 3570 5720 boni
3610 5664 3737 5720 doni

2142 5756 2242 5795 non
2268 5749 2314 5792 te
2335 5747 2622 5810 prtctcreat.

3617 321 3723 380 454
3793 323 3799 328 ’
