4182 6338
332 371 440 430 457

1586 371 1789 428 LIBER
1832 355 2361 432 ECCLESIASTICI.

3524 373 3635 432 458

411 486 479 542 Et
503 489 690 542 iterum
719 486 966 544 convertit
996 485 1148 544 illum
1178 489 1231 544 in
1258 487 1448 561 ipsam,
1477 497 1523 542 et
1565 487 1851 543 secundum
1883 503 1936 544 se
1963 485 2019 548 Α
2118 487 2386 561 Numerus
2423 488 2622 543 dierum
2669 488 2937 543 hominum
2958 527 2990 561 ,ν
3027 495 3081 540 ut
3130 488 3350 542 multum
3374 526 3391 555 ,
3432 497 3638 544 cauum

332 560 535 615 vestivit
569 561 718 615 illum
746 562 954 616 virtute.

409 630 701 685 Numerum
731 634 954 695 dierum,
997 640 1043 686 et
1072 640 1271 699 tempus
1301 627 1440 684 dedit
1467 629 1570 694 illi,
1603 641 1651 684 et
1681 629 1820 684 dedit
1849 629 1933 688 illi

335 714 638 772 potestatem
668 720 862 770 eorum,
893 719 1009 774 qute
1032 713 1153 756 διιηῑ
1183 719 1339 774 super
1370 713 1582 756 terram.

408 774 595 829 Posuit
635 776 869 829 timorem
899 773 1042 828 illius
1073 791 1239 846 super
1256 790 1466 846 omnem
1494 789 1721 841 carnem,
1755 783 1802 828 et
1841 775 1934 829 do-

338 848 565 900 minatus
593 857 666 901 est
698 846 979 902 bestiarum
1009 855 1055 899 et
1088 843 1397 900 volatilium.

409 917 608 972 Creavit
656 933 718 972 ea:
746 919 860 988 ipso
890 917 1216 988 adjutorium
1253 911 1422 970 simile
1460 917 1558 970 sibi
1586 933 1602 969 :
1633 916 1932 985 consilium,

336 998 382 1042 et
415 989 678 1053 linguam,
703 1000 750 1041 et
771 987 979 1052 'oculos,
1013 1001 1058 1042 et
1085 1005 1261 1048 aures,
1289 998 1334 1041 et
1364 1005 1450 1041 cor
1477 987 1620 1042 dedit
1642 988 1749 1042 illis
1780 1004 1934 1044 exco-

335 1059 565 1132 gitandi,
599 1070 646 1115 et
669 1059 952 1131 disciplina
983 1060 1271 1114 intellectus
1303 1059 1517 1129 replevit
1543 1059 1686 1114 illos.

408 1130 616 1186 Creavit
643 1132 751 1186 illis
789 1129 1062 1186 scientiam
1101 1132 1341 1201 spiritus,
1379 1147 1534 1202 sensu
1575 1129 1803 1202 implevit
1846 1146 1935 1186 cor

335 1203 573 1270 illorum,
611 1213 659 1258 et
684 1205 820 1257 mala
854 1211 899 1257 et
928 1203 1062 1257 bona
1085 1199 1307 1258 ostendit
1338 1199 1464 1258 illis.

409 1273 599 1346 Posuit
631 1276 838 1346 oculum
877 1291 1029 1346 suum
1061 1291 1215 1346 super
1241 1274 1399 1329 corda
1427 1273 1640 1329 illorum
1666 1273 1937 1331 ostendere

338 1345 522 1420 [Al_._et
551 1344 838 1418 ostendere]
864 1345 968 1420 illis
996 1341 1506 1420 ntagnaliaopermn
1537 1361 1770 1420 suorum,

417 1416 486 1472 Ut
514 1431 698 1472 nomen
728 1416 1156 1487 sanctiﬁcationis
1185 1416 1492 1488 col/audent
1519 1433 1538 1472 :
1559 1431 1604 1470 et
1637 1416 1852 1488 gloriari
1879 1417 1934 1471 in

342 1489 664 1560 mirabilibus
693 1490 860 1560 illius,
892 1498 947 1543 ut
979 1487 1247 1560 magualia
1285 1498 1530 1542 enarrent
1564 1487 1935 1560 operumejus.

361 1555 632 1686 “Addidit
659 1560 765 1616 illis
802 1553 1157 1632 disciplinam,
1205 1570 1250 1615 et
1279 1561 1439 1632 legem
1469 1553 1935 1614 vitre'ltwredit'avit

403 1649 485 1686 os.

338 1633 485 1686 illos.

414 1699 793 1776 Testamentum
823 1709 1070 1756 aeternum
1099 1701 1364 1776 constituit
1386 1707 1504 1755 cum
1537 1699 1675 1769 illis,
1707 1711 1754 1756 et
1774 1703 1937 1776 justi-

345 1777 472 1846 tiam
503 1786 548 1829 et
571 1775 779 1846 judicia
807 1790 901 1846 sua
931 1771 1154 1827 ostendit
1183 1772 1307 1827 illis.

2041 563 2167 614 anni
2194 602 2208 624 ,
2241 560 2392 631 quasi
2417 569 2562 629 gutta
2593 575 2742 632 aqua
2769 562 2931 615 maris
2958 560 3191 632 deputati
3229 571 3349 615 sunt
3373 575 3392 613 :
3421 570 3468 614 et
3496 561 3631 615 sicut

2041 631 2276 703 calculus
2307 648 2499 697 arente,
2529 633 2600 686 sic
2624 631 2798 703 exigui
2825 633 2951 685 anni
2979 633 3030 685 in
3057 631 3142 703 die
3167 632 3282 686 tevi.

2109 702 2334 777 I’rOpter
2359 705 2456 777 hoc
2481 706 2681 777 patiens
2705 701 2778 758 est
2813 705 2950 758 Deus
2980 703 3034 757 in
3060 701 3190 767 illis,
3214 711 3262 757 et
3292 701 3511 770 effundit
3535 719 3624 757 su-

2035 791 2126 844 per
2152 775 2238 828 eos
2267 775 2680 829 misericordiam
2707 791 2874 828 suam.

2114 845 2259 900 Vidit
2283 848 2740 918 prtesumptionem
2771 847 2944 900 cordis
2967 861 3164 911 eorum,
3213 845 3460 916 quoniam
3487 845 3629 900 mala

2035 926 2148 972 est:
2180 929 2225 970 et
2268 917 2504 989 cognovit
2548 917 2929 972 subversionem
2969 919 3216 983 illorum,
3262 919 3510 987 quoniam
3537 934 3632 972 ne-

2069 1005 2189 1044 uant
2219 997 2312 1043 est.

2033 1005 2585 1130 quiilieb’uadimplevit
2637 1059 3058 1132 propitiatidne‘m
3099 1073 3246 1114 suam
3293 1060 3350 1115 in
3391 1057 3542 1125 illis,
3583 1070 3630 1114 et

2037 1131 2264 1186 ostendit
2293 1134 2366 1186 eis
2397 1133 2533 1185 viam
2558 1131 2840 1202 a'quitatis.

2109 1202 2379 1257 Miseratio
2411 1203 2636 1257 hominis
2685 1205 2826 1256 circa
2863 1202 3159 1272 proximum
3201 1217 3352 1257 suum
3375 1218 3394 1257 :
3427 1202 3632 1257 miseri-

2036 1275 2219 1348 cordia
2243 1283 2420 1348 autem
2441 1273 2716 1348 Dei‘super
2745 1290 2945 1348 omnem
2967 1289 3201 1328 carnem.

2114 1346 2218 1414 Qui
2250 1344 2658 1400 misericordiam
2679 1345 2855 1411 habet,
2884 1345 3052 1412 docet,
3077 1355 3126 1400 et
3155 1344 3328 1399 erudit
3355 1344 3504 1416 quasi
3522 1361 3627 1416 pa-

2037 1426 2366 1490 storigregem
2393 1433 2565 1472 suum.

2113 1485 2391 1572 bl'isefetur
2418 1487 2722 1572 eucipientis
2747 1487 3037 1542 doctrinam
3069 1485 3440 1555 miserationis,
3465 1491 3512 1541 et
3537 1485 3630 1558 qui

2038 1560 2250 1631 festinat
2277 1561 2328 1614 in
2348 1557 2569 1631 judiciis
2588 1561 2724 1630 ejus.

2115 1629 2259 1698 Fili,
2325 1627 2378 1685 in
2411 1631 2558 1684 battis
2589 1627 2688 1685 non
2717 1630 2808 1685 des
2837 1627 3135 1700 querelam,
3177 1637 3227 1684 et
3255 1630 3310 1686 in
3340 1629 3480 1684 omni
3503 1629 3630 1684 dato

2039 1717 2142 1757 non
2167 1703 2255 1756 des
2288 1702 2551 1757 tristitiam
2581 1702 2716 1756 verbi
2743 1702 2890 1755 mall.

2115 1774 2303 1828 Nonne
2328 1773 2570 1827 ardorem
2598 1771 2925 1846 refrigerabit
2953 1771 3084 1827 ros?
3123 1771 3196 1828 sic
3223 1781 3271 1828 et
3291 1771 3497 1828 verbum
3525 1787 3632 1827 me-

417 1843 485 1900 Et
528 1842 794 1929 niagnal'ia
843 1843 1055 1935 honoris
1093 1846 1206 1914 ejus
1244 1844 1371 1935 vidit
1403 1842 1592 1935 oculus.
1617 1842 1936 1935 illuminat“
1967 1873 2015 1935 Β
2041 1846 2155 1935 lius
2159 1862 2324 1935 1gnam
2353 1846 2554 1900 datum.

341 1918 586 1972 honorem
619 1915 765 1971 vocis
795 1916 1069 1970 audierunt
1097 1932 1247 1971 aures
1283 1917 1516 1984 illorum,
1545 1923 1592 1969 et
1618 1915 1751 1971 dixit
1775 1915 1885 1971 illis
1920 1932 1938 1972 :

345 1989 606 2044 Attendite
632 1987 694 2042 ab
725 1989 870 2044 omni
900 1988 1096 2055 iniquo.

417 2059 484 2115 Et
516 2062 779 2114 mandavit
809 2059 918 2113 illis
946 2060 1222 2129 unicuique
1249 2056 1314 2112 de
1341 2059 1579 2129 proximo
1609 2068 1725 2115 suo.

421 2129 535 2186 Via:
574 2129 786 2186 illorum
811 2147 981 2185 coram
1010 2132 1123 2202 ipso
1151 2141 1271 2187 sunt
1317 2146 1531 2203 semper,
1576 2147 1680 2186 non
1704 2139 1821 2187 sunt
1850 2130 1942 2188 ab—

344 2220 544 2260 sconsaz
573 2204 634 2256 ab
666 2204 829 2257 oculis
863 2203 1050 2275 ipsius.

413 2277 482 2346 lu
515 2273 932 2346 unamquamque
957 2284 1156 2346 gentem
1188 2273 1470 2346 prwposuit
1493 2282 1766 2332 rectorem.

417 2345 482 2401 Et
505 2363 630 2419 pars
663 2347 780 2411 Dei,
816 2344 987 2419 Israel
1011 2349 1151 2416 facta
1176 2352 1249 2419 est
1272 2344 1568 2419 manifesta.

418 2420 486 2472 Et
505 2415 693 2471 omnia
721 2433 880 2489 opera
910 2415 1119 2471 illorum
1146 2416 1283 2489 velut
1314 2417 1394 2489 sol
1426 2418 1478 2469 in
1503 2427 1776 2486 conspectu
1807 2415 1940 2473 Dei:

344 2502 389 2544 et
431 2491 568 2545 oculi
616 2488 890 2564 ejussine
939 2488 1320 2543 intermissione
1357 2488 1689 2560 inspicientes
1739 2491 1793 2544 in
1847 2492 1940 2545 viis

346 2579 547 2617 eorum.

419 2635 546 2689 Non
590 2643 709 2690 sunt
749 2633 999 2688 absconsa
1028 2637 1332 2686 testamenta
1369 2646 1463 2703 per
1500 2631 1800 2703 iniquitates
1847 2649 1934 2688 eo—

343 2723 468 2761 rum
496 2709 549 2761 in
570 2716 844 2775 conspectu
869 2703 989 2760 Dei.

415 2773 762 2848 Elcemosyna
803 2778 900 2831 viri
944 2776 1095 2848 quasi
1136 2773 1462 2848 signaculum
1500 2791 1616 2848 cum
1665 2775 1781 2845 ipso
1830 2794 1848 2832 :
1894 2785 1942 2832 et

343 2851 570 2921 gratiam
595 2846 822 2902 hominis
843 2846 993 2920 quasi
1027 2846 1281 2921 pupillam
1308 2846 1646 2921 conservabit.

419 2920 490 2974 Et
521 2929 702 2988 postea
728 2917 984 2992 resurget,
1027 2928 1074 2973 et
1118 2917 1370 2972 retribuit
1415 2917 1500 2971 illi
1527 2919 1936 2988 retributionem,

345 2994 632 3063 unicuique
661 2993 715 3045 in
741 2991 894 3062 caput
921 2993 1178 3061 ipsorum,
1219 2998 1266 3042 et
1304 2999 1558 3043 convertet
1594 2992 1647 3043 in
1674 2991 1942 3048 interiores

343 3077 520 3135 partes
554 3075 726 3118 terrm.

418 3135 793 3191 Paenitentibus
810 3144 982 3188 autem
1003 3133 1147 3188 dedit
1169 3132 1562 3204 viamjustitiae,
1587 3141 1634 3187 et
1660 3135 1941 3204 confirma-

345 3207 417 3259 vit
443 3207 740 3277 deficientes
767 3207 1044 3274 sustinere,
1071 3215 1119 3260 et
1148 3203 1422 3258 destinavit
1450 3203 1557 3257 illis
1589 3203 1778 3259 sortem
1804 3207 1939 3261 veri-

347 3280 491 3333 tatis.

418 3350 723 3405 Convertere
749 3347 818 3404 ad
847 3347 1158 3412 Dominum,
1186 3355 1233 3402 et
1260 3345 1499 3417 relinque
1520 3354 1730 3417 peccata
1754 3357 1865 3402 tua.

423 3421 646 3476 Precare
673 3433 792 3476 ante
821 3423 1005 3487 faciem
1034 3419 1264 3487 Domini,
1286 3427 1331 3471 et
1360 3420 1530 3472 minue
1557 3418 1898 3486 offendicula.

425 3493 698 3548 Revertere
719 3493 788 3546 ad
808 3491 1117 3554 Dominum,
1141 3501 1187 3544 et
1209 3501 1435 3545 avertere
1469 3491 1531 3544 ab
1549 3491 1807 3563 injustitia
1829 3500 1938 3560 tua,

345 3577 390 3622 et
422 3566 579 3619 nimis
619 3567 763 3618 odito
794 3564 1223 3620 exsecrationem.

421 3637 492 3694 Et
521 3652 776 3710 cognosce
797 3636 1036 3710 justitias
1065 3641 1113 3710 et
1127 3633 1336 3710 judicia
1377 3630 1492 3710 Dei,
1518 3641 1584 3710 _et
1614 3641 1697 3686 sta
1728 3635 1780 3688 in
1808 3644 1943 3689 sorte

352 3701 749 3782 propositionis,
785 3701 832 3782 ξι
863 3701 1402 3782 ογαῑὶᾳῃίδάιιξδδὶηιὶ
1432 3701 1550 3782 Dei.

419 3774 487 3835 In
515 3792 691 3852 partes
720 3774 847 3852 vade
879 3778 1058 3833 sazculi
1087 3777 1289 3843 sancti,
1317 3789 1434 3829 cum
1465 3777 1589 3829 vivis
1616 3783 1664 3829 et
1691 3774 1943 3831 dantibus

349 3850 726 3923 confessionem
760 3850 888 3905 Deo.

422 3917 546 3980 Non
594 3923 876 3978 demoreris
919 3925 975 3978 in
1021 3934 1195 3977 errore
1221 3917 1504 3990 impiorum
1530 3935 1548 3974 :
1579 3925 1699 3975 ante
1725 3927 1942 3976 mortem

347 3998 615 4066 Confitere.
650 3995 687 4049 Α
719 4003 922 4050 mortuo
950 3994 1111 4066 quasi
1132 3990 1261 4066 nihil
1290 3993 1423 4062 peril
1451 3994 1726 4066 confessio.

423 4061 760 4140 Confiteberis
785 4110 802 4134 ,
853 4071 902 4121 et
935 4061 1172 4140 laudabis
1216 4061 1416 4140 Deum,
1459 4073 1503 4140 et
1537 4065 1862 4140 gloriaberis,
1887 4073 1943 4140 et

347 4135 590 4196 laudabis
633 4135 827 4205 Deum,
870 4147 918 4193 et
965 4137 1272 4209 gloriaberis
1327 4135 1382 4187 in
1427 4135 1846 4191 miserationibus
1879 4137 1944 4190 il-

345 4212 472 4268 lius.

426 4285 597 4351 Quam
646 4299 836 4356 magna
879 4281 1238 4356 misericordia
1277 4279 1526 4347 Domini,
1563 4290 1606 4334 et
1639 4279 1942 4350 [rapitiatio

347 4356 495 4410 illius
525 4353 936 4412 convertentibus
965 4353 1033 4408 ad
1062 4369 1114 4408 se
1139 4353 1159 4407 !

428 4425 538 4482 Nec
568 4431 705 4483 enim
756 4429 930 4482 omnia
977 4429 1190 4498 possunt
1237 4439 1345 4498 esse
1372 4423 1424 4498 in
1451 4422 1748 4498 hominibus
1775 4465 1788 4484 .
1816 4437 1945 4492 quo-

351 4500 494 4553 niam
524 4516 629 4555 non
655 4510 729 4555 est
756 4495 1070 4554 immortalis
1093 4495 1234 4568 ﬁlius
1263 4495 1519 4565 hominis,
1550 4505 1597 4550 et
1635 4497 1689 4549 in
1717 4498 1946 4550 vanitate

350 4573 568 4645 malitia:
595 4574 923 4645 placuerunt.

429 4643 569 4708 Quid
592 4637 821 4700 lucidius
845 4642 996 4698 sole?
1023 4649 1069 4710 et
1092 4640 1176 4694 hic
1203 4638 1428 4710 deﬁciet.
1462 4637 1567 4693 Aut
1586 4639 1710 4710 quid
1726 4640 1941 4711 nequius

350 4731 514 4784 quam
551 4717 691 4785 quod
737 4713 1047 4789 excogitavit
1092 4727 1212 4766 caro
1252 4720 1300 4766 et
1338 4713 1598 4785 sanguis?
1643 4721 1689 4766 et
1733 4710 1830 4765 hoc
1856 4727 1944 4767 ar-

389 4795 562 4841 uetur.

350 4803 692 4914 gueVii‘r'lutein
737 4855 1034 4912 altitudinis
1082 4855 1194 4911 cazli
1231 4855 1344 4927 ipse
1377 4854 1676 4927 conspicit:
1707 4863 1752 4909 et
1777 4869 1951 4910 omnes

353 4930 588 4986 homines
622 4939 759 4986 terra
784 4940 830 4986 et
862 4930 1011 4984 cinis.

923 5017 1151 5079 CAPUT
1189 5019 1379 5078 XVIII.

433 5139 540 5209 Qui
561 5141 677 5195 vivit
705 5141 758 5195 in
797 5149 1084 5204 internum,
1121 5139 1313 5193 creavit
1358 5139 1532 5193 omnia
1577 5138 1756 5192 simul.
1814 5136 1957 5195 Deus

360 5216 510 5286 solus
525 5212 925 5286 justificabitur,
961 5221 1008 5266 et
1037 5220 1210 5264 manet
1236 5211 1455 5286 invictus
1487 5227 1578 5266 rex
1600 5211 1655 5266 in
1684 5219 1956 5267 internum.

437 5281 567 5352 Quis
590 5281 774 5354 sufficit
800 5299 1048 5338 enarrare
1078 5298 1235 5355 Opera
1257 5281 1404 5337 illius
1427 5283 1450 5337 ?

437 5358 570 5422 Quis
597 5352 736 5410 enim
764 5355 1090 5423 ineestigabit
1111 5352 1388 5426 'magnalia
1417 5357 1530 5426 ejus
1553 5352 1579 5426 2

443 5427 701 5482 Virtutem
739 5437 912 5481 autem
937 5425 1308 5497 magnitudinis
1340 5427 1450 5498 ejus
1485 5425 1602 5495 quis
1630 5426 1963 5482 euuntiabit?

357 5509 462 5572 aut
477 5501 594 5568 quis
624 5500 836 5572 adjiciet
866 5514 1113 5552 enarrare
1140 5498 1550 5572 misericordiam
1580 5501 1693 5570 eius
1719 5503 1743 5553 2'

437 5571 568 5627 Non
611 5569 699 5643 est;
714 5572 943 5624 minuere
969 5611 984 5637 ,
1017 5585 1177 5641 neque
1202 5569 1431 5643 adjicere
1455 5611 1469 5636 ,
1515 5569 1613 5624 nec
1633 5577 1705 5624 est
1735 5569 1964 5625 invenire

357 5643 631 5716 magnalia
662 5641 783 5696 Dei.

439 5711 573 5769 Cum
624 5713 1061 5770 consummaverit
1109 5711 1299 5781 homo,
1334 5721 1458 5767 tunc
1501 5712 1751 5783 incipiet:
1775 5720 1963 5768 etcum

363 5788 642 5860 quieverit,
673 5789 1022 5860 aporiabitur.

448 5859 588 5924 Quid
612 5866 686 5912 est
713 5859 866 5913 homo
886 5901 898 5922 ,
931 5867 975 5911 et
1002 5872 1120 5926 quin
1148 5865 1220 5910 est
1253 5859 1419 5928 gratia
1447 5857 1634 5914 illius?
1670 5862 1716 5912 et
1740 5855 1866 5928 quid
1893 5866 1966 5914 est

368 5931 602 6000 bonum,
634 5941 723 5984 aut
746 5931 873 6002 quid
900 5944 1119 5998 nequam
1145 5927 1331 5984 illius?

2121 1914 2309 1972 Nonne
2330 1933 2449 1988 ecce
2476 1916 2684 1971 verbum
2707 1931 2860 1988 super
2885 1915 3068 1970 datum
3101 1914 3338 1971 bonum?
3366 1914 3456 1971 sed
3482 1914 3601 1970 utra

2044 2005 2147 2061 que
2173 2005 2290 2043 cum
2318 1987 2522 2043 homine
2542 1987 2858 2061 justiﬁcdm-
2893 2058 2935 2061 μ
3169 2057 3178 2061 _
3346 2057 3357 2061 ,
3422 2056 3450 2061 ,λ
3517 2055 3528 2061 ,
3577 2011 3588 2061 ζ

2118 2059 2322 2116 Stultus
2353 2055 2555 2114 acriter'
2587 2055 3002 2131 impmperabit:
3046 2066 3096 2114 et
3143 2057 3298 2114 datus
3338 2055 3635 2126 indiscipli-

2045 2133 2156 2186 nati
2187 2131 2439 2188 tabescere
2465 2132 2588 2200 facit
2619 2131 2816 2185 oculos.

2118 2204 2250 2256 Ante
2269 2199 2532 2271 judicium
2573 2218 2702 2274 para
2721 2201 2978 2273 justitiam
3009 2199 3100 2256 tibi
3125 2241 3140 2268 ,
3183 2207 3231 2256 et
3260 2210 3534 2272 antequam
3557 2199 3635 2254 lo-

2043 2274 2241 2348 quaris,
2272 2276 2432 2348 disce.

2115 2348 2248 2402 Ante
2287 2346 2594 2417 languorem
2624 2344 2817 2400 adhibe
2859 2344 3167 2404 medicinam
3192 2368 3211 2406 :
3241 2357 3290 2404 et
3332 2354 3452 2417 ante
3484 2341 3636 2417 judi-

2045 2413 2475 2492 ciuminterroga
2505 2420 2726 2488 teipsum
2749 2460 2763 2484 ,
2800 2426 2847 2471 et
2878 2417 2930 2471 in
2962 2430 3238 2492 conspectu
3283 2416 3377 2473 Dei
3408 2413 3632 2470 invenies

2044 2490 2483 2562 propitiatiouem.

2115 2557 2248 2616 Ante
2273 2561 2578 2632 languorem
2610 2559 2831 2615 humilia
2860 2572 2908 2616 te
2927 2608 2941 2631 ,
2988 2571 3035 2618 et
3065 2563 3119 2618 in
3147 2572 3376 2632 tempore
3405 2557 3634 2628 inﬁrmi-

2044 2635 2165 2688 tatis
2196 2633 2404 2687 ostende
2431 2633 2870 2688 conversationem
2897 2645 3059 2688 tuam.

2120 2705 2243 2758 Non
2274 2703 2576 2777 impediaris
2608 2719 2757 2777 orare
2785 2721 2984 2777 semper
3011 2747 3026 2771 ,
3069 2714 3117 2761 et
3138 2719 3201 2760 ne
3222 2703 3446 2777 verearis
3472 2715 3634 2777 usque

2043 2776 2112 2830 ad
2139 2772 2354 2831 mortem
2381 2774 2667 2846 justi/icari
2690 2790 2707 2828 :
2752 2772 2995 2846 quoniam
3024 2787 3217 2833 merces
3243 2775 3344 2831 Dei
3375 2785 3545 2828 manet
3576 2772 3633 2825 in

2043 2858 2308 2904 a’ternum.

2118 2922 2246 2974 Ante
2271 2918 2553 2973 orationem
2587 2933 2825 2990 praepara
2846 2920 3076 2974 animam
3097 2927 3238 2974 tuam
3263 2933 3280 2971 :
3309 2925 3357 2972 et
3388 2914 3497 2971 noli
3525 2930 3634 2969 esse

2042 2993 2191 3064 quasi
2218 2991 2372 3046 homo
2396 2991 2485 3061 qui
2509 2997 2666 3064 tentat
2696 2990 2879 3046 Deum.

2117 3062 2373 3116 Memento
2395 3064 2488 3116 ira:
2516 3061 2570 3114 in
2603 3061 2686 3116 die
2715 3063 3172 3130 consummationis
3198 3079 3216 3117 :
3257 3069 3300 3117 et
3323 3069 3521 3133 tempus
3552 3073 3634 3113 re-

2045 3135 2340 3188 tributionis
2366 3135 2418 3188 in
2449 3135 2835 3188 conversatione
2858 3135 3030 3204 faciei.

2119 3205 2377 3279 Memento
2404 3205 2806 3279 paupertatisiin
2828 3208 3054 3279 tempore
3084 3204 3450 3271 abundantiae,
3474 3210 3520 3257 et
3546 3217 3638 3255 ne-

1967 3269 2014 3333 C
2047 3278 2341 3332 cessitatum
2373 3269 2700 3347 paupertatis
2726 3278 2777 3330 in
2809 3278 2892 3331 die
2917 3269 3236 3332 divitiarum.

2115 3352 2158 3421 ᾼ
2187 3365 2335 3402 mane
2381 3364 2545 3421 usque
2591 3348 2660 3421 ad
2706 3364 2968 3421 vesperam
3004 3347 3366 3403 immutabitur
3411 3354 3634 3417 tempus,

2045 3429 2092 3474 et
2121 3419 2230 3473 hinc
2256 3422 2430 3474 omnia
2460 3419 2616 3472 citata
2643 3420 2698 3472 in
2722 3419 2886 3474 oculis
2906 3419 3025 3474 Dei.

2117 3491 2169 3545 Il
2176 3507 2290 3545 omo
2319 3494 2526 3559 sapiens
2549 3491 2601 3543 in
2630 3492 2866 3546 omnibus
2895 3501 3112 3560 metuet,
3138 3501 3188 3546 et
3217 3493 3269 3545 in
3297 3491 3474 3545 diebus
3505 3487 3643 3542 deli-

2045 3571 2244 3616 ctorum
2267 3565 2497 3619 attendet
2523 3561 2586 3614 ab
2616 3562 2823 3617 inertia.

2120 3633 2300 3706 Omnis
2338 3645 2544 3689 astutus
2574 3638 2820 3706 agnoscit
2867 3634 3218 3706 sapientiam,
3267 3644 3316 3689 et
3359 3629 3638 3688 invenienti

2044 3721 2156 3760 eam
2186 3705 2328 3759 dabit
2359 3704 2753 3773 confessionem.

2119 3777 2330 3833 Sensati
2359 3778 2410 3830 in
2445 3772 2607 3831 verbis
2639 3787 2683 3830 et
2713 3777 2811 3850 ipsi
2845 3777 3107 3846 sapienter
3137 3783 3381 3850 egerunt:
3412 3783 3458 3829 et
3489 3772 3641 3827 intel-

2045 3849 2279 3923 lexerunt
2319 3850 2594 3923 veritatem
2627 3855 2675 3900 et
2697 3848 2998 3923 justitiam,
3047 3858 3096 3901 et
3144 3848 3485 3920 impleverunt
3519 3861 3643 3914 pro-

2044 3920 2218 3974 verbia
2239 3919 2528 3991 etjudicia.
2614 3929 2616 3931 ’

2119 3991 2245 4045 Post
2295 3989 2736 4066 concupiscentias
2785 4003 2899 4048 tuas
2944 4006 3046 4046 non
3067 4006 3198 4058 eas,
3241 3997 3288 4043 et
3315 4006 3346 4042 a
3372 3989 3637 4042 voluntate

2047 4073 2136 4118 tua
2161 4073 2406 4118 avertere.

2121 4135 2182 4190 Si
2203 4145 2418 4206 praestes
2445 4138 2634 4190 anima:
2663 4146 2766 4192 tua:
2794 4134 3233 4208 concupiscentias
3277 4135 3394 4206 ejus
3420 4173 3435 4199 ,
3485 4131 3640 4201 faciet

2046 4216 2095 4261 te
2121 4209 2172 4279 in
2201 4208 2447 4279 gaudium
2476 4209 2699 4263 inimicis
2728 4211 2847 4263 tuis.

2121 4273 2345 4351 NeVIAI.
2379 4279 2522 4352 Non]
2563 4279 2828 4334 oblecteris
2873 4280 2924 4332 in
2969 4277 3131 4333 turbis
3176 4289 3267 4331 nec
3301 4273 3641 4329 inmodicis:

2045 4352 2263 4405 assidua
2292 4353 2425 4405 enim
2454 4362 2524 4405 est
2554 4352 2845 4406 commissio
2871 4352 3108 4405 illorum.

2120 4422 2205 4476 Ne
2233 4423 2392 4494 fueris
2441 4424 2718 4494 mediocris
2766 4423 2821 4478 in
2870 4422 3304 4494 contentionem:
3346 4418 3564 4494 fenore,
3597 4424 3645 4470 et

2045 4504 2120 4549 est
2141 4491 2241 4548 tibi
2254 4493 2388 4549 nihil
2415 4496 2467 4550 in
2497 4493 2748 4550 sacculo:
2777 4495 2877 4550 eris
2906 4493 3044 4548 enim
3084 4491 3286 4547 invidus
3309 4491 3427 4544 vita:
3456 4499 3581 4544 tuae.

2641 4589 2871 4667 CAPUT
2910 4607 3052 4664 XIX.

1971 4667 2020 4730 θ
2130 4705 2411 4779 Operarius
2439 4704 2667 4779 ebriosus
2701 4719 2822 4779 n_on_
2844 4703 3242 4779 locupletabitur
3263 4716 3280 4755 :
3305 4709 3353 4754 et
3385 4699 3474 4772 qui
3500 4714 3644 4770 sper-

2057 4779 2132 4832 nit
2154 4774 2389 4839 modica,
2422 4777 2675 4845 paulatim
2707 4774 2934 4830 decidet.

2135 4848 2343 4903 Vinum
2377 4843 2430 4902 et
2457 4847 2697 4903 mulieres
2725 4855 3027 4918 apostatare
3055 4846 3256 4919 faciunt
3285 4843 3544 4915 sapientes
3567 4883 3581 4908 ,
3617 4854 3645 4897 e

2058 4929 2278 4992 urguent
2305 4930 2559 4974 sensatos.

2135 4985 2204 5046 Et
2223 4993 2311 5062 qui
2338 5005 2392 5074 se
2422 4990 2961 5074 jungit-farnicariis,
3011 4990 3108 5074 erit
3136 5004 3361 5074 nequam
3388 5003 3406 5070 ς
3433 4985 3654 5074 putredo

2063 5073 2110 5120 et
2141 5059 2329 5119 vermes
2353 5059 2727 5118 licercditabunt
2759 5061 2909 5117 illum
2937 5103 2952 5127 ,
2984 5071 3031 5116 et
3061 5059 3335 5117 extolletur
3382 5059 3439 5112 in
3485 5073 3658 5113 exem-

2065 5137 2213 5210 plum
2239 5136 2439 5210 maius.
2471 5143 2518 5210 et
2541 5135 2750 5210 tolletur
2780 5136 2844 5187 de
2866 5148 3083 5210 numero
3108 5134 3283 5210 anima
3313 5133 3446 5210 ejus.

2144 5207 2246 5275 Qui
2277 5208 2438 5261 credit
2462 5208 2563 5260 cito
2586 5248 2601 5273 ,
2637 5207 2758 5260 levis
2778 5207 2931 5260 corde
2957 5215 3069 5268 est,
3110 5214 3156 5258 et
3186 5202 3568 5275 minorabitur:
3608 5210 3656 5256 et

2067 5274 2433 5350 qttifaelinquit
2455 5281 2509 5332 in
2535 5279 2764 5350 animam
2793 5292 2960 5350 suam,
2986 5276 3201 5350 insuper
3233 5274 3522 5328 habebitur.

2143 5349 2244 5416 Qui
2293 5348 2485 5422 gaudet
2535 5349 2844 5422 iniquitate,
2911 5348 3284 5422 denotabitur:
3320 5355 3365 5400 et
3415 5352 3503 5422 qui
3547 5345 3655 5399 odit

2068 5418 2753 5494 correptionem,_minuetur
2775 5418 2877 5473 vita
2902 5434 2920 5474 :
2951 5425 2998 5472 et
3020 5419 3110 5489 qui
3132 5418 3240 5473 odit
3257 5418 3651 5489 loquacitatem,

2067 5492 2349 5563 exstinguit
2379 5492 2649 5546 malitiam.

2145 5560 2257 5632 Qui
2276 5573 2446 5634 peccat
2473 5564 2526 5617 in
2556 5564 2786 5617 animam
2835 5578 2983 5616 suam
3004 5603 3018 5628 ,
3051 5563 3312 5634 paenitebit
3335 5576 3355 5615 :
3383 5569 3430 5615 et
3455 5560 3544 5633 qui
3562 5563 3658 5632 ju-

2069 5636 2330 5691 cundatur
2354 5637 2408 5689 in
2432 5637 2659 5700 malitia,
2685 5634 3029 5690 denotabitur.

2144 5706 2230 5761 Ne
2257 5710 2406 5762 iteres
2433 5708 2642 5762 verbum
2685 5723 2935 5778 nequam,
2965 5716 3012 5761 et
3043 5708 3248 5774 durum,
3279 5717 3324 5761 et
3351 5721 3454 5759 non
3485 5705 3656 5758 mino-

2070 5779 2286 5833 raberis.

2145 5850 2324 5904 Amico
2370 5860 2415 5904 et
2457 5849 2672 5905 inimico
2707 5849 2818 5906 noli
2852 5868 3068 5910 narrare
3096 5868 3302 5910 sensum
3335 5858 3519 5905 tuum:
3548 5856 3596 5903 et
3624 5845 3666 5900 si

2076 5930 2147 5978 est
2179 5923 2267 5977 tibi
2299 5922 2564 5993 delictum,
2588 5923 2695 5979 noli
2726 5923 3012 5981 denudare.
3074 5960 3088 5997 ι
