4182 6338
376 322 483 381 Ml

1631 318 1836 376 LIBER
1876 317 2412 382 ECCLESIASTICI.

3575 324 3688 383 442

457 437 741 514 Tamquam
782 435 1334 514 domusexterminata
1360 477 1374 500 ,
1408 433 1481 514 sic
1521 431 1664 503 fatuo
1694 433 1978 505 sapientia,
2009 437 2059 496 Α
2087 436 2250 501 datio,
2285 446 2491 514 excepto
2540 438 2798 514 convicio,
2827 448 2872 494 et
2921 439 3265 514 improperio,
3319 448 3368 495 et
3416 442 3691 514 superbia,

375 517 424 564 et
455 505 673 562 scientia
695 511 940 563 insensati
970 509 1339 562 inenarrabilia
1370 505 1537 559 verba.

458 580 740 649 Compedes
767 582 822 635 in
865 581 1077 652 pedibus
1104 625 1118 649 ,
1179 579 1350 652 stulto,
1387 576 1623 632 doctrina
1673 592 1691 632 :

378 652 588 707 vincula
620 650 872 706 manuum
893 669 1050 721 super
1083 668 1292 706 manum
1318 650 1578 702 dextram.

453 723 665 778 Fatuus
691 727 744 777 in
772 727 880 778 risu
907 725 1097 779 exultat
1143 729 1310 778 voc‘em
1341 736 1489 775 suum
1518 737 1536 773 :
1582 722 1658 776 vir
1686 730 1858 777 autem
1898 739 1980 777 sa-

381 798 530 866 piens
556 796 643 850 vix
668 797 821 850 tacite
848 796 1054 850 ridebit.

459 867 835 941 Ornamenlum
862 883 1073 941 aureum
1097 867 1340 941 prudenti
1355 868 1610 933 doctrina,
1639 874 1684 922 et
1697 864 1846 937 quasi
1863 863 1981 920 bra-

379 939 552 994 chiale
569 941 621 992 in
648 939 860 994 brachio
883 940 1086 994 dextro.

456 1011 556 1095 lies
579 1011 714 1095 fatui
738 1011 909 1081 facilis
938 1012 992 1066 in
1020 1010 1230 1066 domum
1252 1012 1474 1095 proximi
1499 1029 1518 1068 :
1539 1020 1588 1068 et
1613 1009 1766 1066 homo
1786 1009 1979 1081 peritus

379 1082 735 1156 confundetur
764 1101 796 1136 a
826 1100 1046 1154 persona
1068 1082 1310 1156 potentis.

454 1153 666 1210 Stultus
692 1172 724 1209 a
777 1151 998 1222 fenestra
1030 1151 1262 1222 respiciet
1292 1154 1310 1226 [
1340 1155 1426 1210 Al.
1460 1155 1700 1226 respiciat
1728 1151 1748 1226 ]
1804 1155 1857 1208 in
1885 1153 1979 1209 do-

379 1242 522 1279 mum
545 1243 564 1291 ,°
589 1227 670 1280 vir
697 1237 869 1280 autem
894 1227 1123 1280 eruditus
1155 1227 1281 1296 foris
1302 1227 1474 1283 stabit.

455 1297 694 1370 Stultitia
715 1297 939 1352 hominis
963 1297 1259 1352 auscultare
1289 1315 1379 1370 per
1402 1301 1588 1354 ostium
1612 1314 1631 1353 :
1651 1308 1699 1353 et
1748 1299 1978 1370 prudens

379 1368 685 1441 gravabitur
710 1372 1046 1427 contumelia.

451 1439 620 1494 Labia
641 1441 1048 1510 imprudentium
1078 1441 1237 1496 stulta
1265 1441 1550 1496 narrabant
1579 1456 1599 1498 :
1626 1441 1778 1496 verba
1803 1452 1976 1498 autem

378 1512 710 1586 prudentium
739 1524 937 1568 statera
961 1511 1408 1586 ponderabuntur.

452 1581 520 1637 In
550 1600 644 1659 ore
666 1589 928 1653 fatuorum
961 1581 1049 1640 cor
1083 1585 1292 1640 illorum
1323 1601 1343 1640 :
1389 1594 1438 1640 et
1467 1586 1522 1641 in
1571 1587 1726 1642 corde
1772 1587 1975 1659 sapien-

376 1655 502 1710 tium
523 1672 578 1709 os
607 1657 840 1713 illorum.

452 1723 590 1809 Dum
646 1729 908 1785 maledicit
952 1729 1142 1800 impius
1186 1727 1483 1798 diabolum,
1561 1729 1822 1785 maledicit
1867 1730 1974 1801 ipse

378 1814 607 1852 animam
628 1816 800 1855 suam.

1741 585 1789 632 et
1837 576 1984 648 quasi

2086 509 2770 582 etumgsterii’revelatione,
2811 520 2861 566 et
2907 509 3063 582 plaga
3090 509 3328 567 dolosa:
3379 513 3431 567 in
3459 509 3539 568 liis
3582 509 3690 569 om;

2086 579 2234 654 nibus
2255 581 2472 654 e/fugiet
2503 582 2721 654 amicus.

2158 649 2358 728 Eidem
2371 649 2594 728 posside
2621 670 2736 728 cum
2765 655 2933 710 amico
2976 655 3028 709 in
3061 663 3364 728 paupertate
3418 655 3564 711 illius
3587 703 3600 727 ,
3635 667 3693 714 ut

2083 731 2130 777 et
2156 723 2207 776 in
2239 723 2397 778 bonis
2412 726 2552 778 illius
2575 725 2784 780 (ceteris.

2157 792 2221 848 ln
2249 803 2477 871 tempore
2496 796 2853 871 tribulationis
2899 798 3040 871 illius
3086 814 3328 870 permane
3353 799 3431 854 illi
3472 800 3640 870 fidelis
3673 843 3689 871 ,

2082 875 2139 919 ut
2170 875 2217 919 et
2246 868 2300 920 in
2329 868 2634 922 haereditate
2663 868 2810 924 illius
2838 868 3060 925 coha'ree
3088 868 3179 924 sis.

2153 937 2284 990 Ante
2312 940 2480 1011 ignem
2504 941 2698 1015 camini
2729 957 2918 1015 vapor,
2943 952 2992 1015 et
3018 943 3190 1012 fumus
3219 943 3354 1015 ignis
3383 941 3638 999 inaltatur
3669 962 3687 1000 :

2081 1007 2156 1092 sic
2187 1019 2231 1062 et
2260 1007 2380 1065 anie
2428 1011 2733 1083 sanguinem
2782 1007 3084 1082 maledicta,
3134 1025 3180 1068 et
3230 1007 3586 1083 contumeliat,
3642 1026 3690 1072 et

2082 1095 2255 1135 ηιιηιε.

2154 1153 2385 1227 Amicum
2406 1155 2636 1210 salutare
2661 1171 2767 1210 non
2813 1157 3112 1227 confundor
3132 1197 3147 1222 ,
3175 1174 3208 1211 a

2081 1239 2162 1278 me
2205 1225 2516 1280 abscondam
2563 1242 2582 1280 :

2087 1298 2372 1351 sustinebo.

2155 1369 2336 1423 Omnis
2354 1410 2368 1435 ,
2399 1369 2490 1440 qui
2510 1370 2720 1438 audiet,
2751 1371 2945 1425 cavebit
2965 1387 3020 1426 se
3045 1371 3109 1426 ab
3130 1387 3208 1426 eo.

2156 1441 2286 1516 Quis
2313 1441 2451 1495 dabit
2473 1442 2551 1496 ori
2571 1458 2684 1496 meo
2711 1443 3022 1516 custodiant,
3046 1453 3094 1498 et
3120 1461 3276 1516 super
3305 1443 3446 1500 labia
3473 1461 3584 1500 mea
3611 1447 3684 1500 si-

3255 1157 3386 1229 facie
3414 1157 3558 1212 illius
3588 1177 3692 1215 non

2625 1237 2670 1282 et
2715 1227 2761 1282 si
2791 1230 2929 1282 mala
2955 1229 3081 1284 mihi
3105 1227 3359 1294 evenerint
3385 1246 3478 1300 per
3507 1230 3682 1298 illum,

2077 1512 2356 1592 gnaculum
2381 1523 2608 1592 certum,
2660 1523 2716 1568 ut
2747 1530 2849 1570 non
2897 1515 3082 1569 cadam
3110 1512 3340 1588 ab'ipsis
3363 1558 3378 1584 ,
3412 1527 3458 1572 et
3498 1517 3682 1592 lingua

2077 1598 2192 1637 mea
2215 1585 2395 1655 perdat
2426 1601 2504 1640 me
2521 1585 2547 1639 Ρ

2643 1719 2872 1778 CAPUT
2913 1720 3104 1777 XXIII.

454 1871 684 1948 .Susurro
703 1873 1053 1945 coinquinabit
1092 1873 1318 1948 animam
1336 1889 1484 1948 suam
1513 1915 1528 1938 ,
1576 1881 1624 1928 et
1662 1875 1715 1948 in
1741 1874 1978 1948 omnibus
2007 1859 2056 1922 Β
2156 1879 2372 1934 Domine
2392 1887 2558 1948 pater,
2590 1887 2635 1932 et
2662 1878 2957 1934 dominator
2975 1879 3092 1934 vita:
3118 1895 3263 1942 mete,
3278 1896 3341 1934 ne
3363 1879 3688 1945 derelinquas

379 1941 578 1997 odietur
597 1958 616 1997 :
645 1951 691 1996 et
720 1948 812 2016 qui
833 1941 949 1998 eum
974 1961 1032 1998 eo
1052 1945 1330 2012 manserit,
1366 1947 1576 2000 odiosus
1609 1947 1704 2000 erit
1730 1961 1747 2001 :
1792 1947 1976 2002 tacitus

381 2023 433 2069 et
463 2025 696 2070 sensatus
725 2015 1084 2072 lionorabitur.

963 2107 1190 2164 CAPUT
1229 2107 1399 2164 XXII.

453 2221 517 2276 In
540 2221 716 2293 lapide
745 2221 884 2276 luteo
913 2221 1179 2290 lapidatus
1221 2232 1296 2276 est
1347 2223 1520 2294 piger,
1567 2230 1615 2276 et
1668 2238 1844 2278 omnes
1900 2223 1978 2278 lo-

377 2303 594 2363 quentur
623 2309 781 2362 super
808 2295 1220 2364 aspernationem
1243 2295 1400 2348 illius.

453 2365 530 2438 De
554 2375 776 2420 stercore
798 2362 948 2418 boum
972 2362 1235 2438 lapidatus
1256 2376 1328 2419 est
1357 2367 1499 2438 piger
1528 2380 1546 2421 :
1585 2374 1630 2420 et
1658 2367 1822 2420 omnis
1847 2408 1861 2434 ,
1891 2367 1978 2436 qui

384 2437 606 2507 tetigerit
645 2453 759 2491 eum
784 2477 798 2500 ,
827 2437 1040 2490 excutiet
1072 2454 1276 2491 manus.

454 2508 700 2576 Confusio
729 2509 889 2578 patris
919 2517 992 2562 est
1025 2508 1087 2562 de
1117 2508 1232 2578 ﬁlio
1261 2507 1651 2580 indisciplinato
1682 2527 1701 2566 .'
1730 2511 1845 2580 filia
1875 2527 1975 2566 au-

377 2588 482 2634 tem
512 2580 564 2633 in
588 2579 999 2634 deminoratione
1020 2582 1130 2646 ﬁet.

455 2647 597 2725 Filia
637 2652 862 2721 prudens
892 2649 1170 2725 hwreditas
1192 2651 1302 2725 viro
1343 2667 1437 2725 suo
1461 2694 1478 2716 ,
1524 2669 1646 2707 nam
1688 2670 1804 2725 quae
1846 2670 1974 2709 con-

375 2722 584 2794 fundit,
621 2725 674 2776 in
703 2725 1071 2776 contumeliam
1099 2723 1156 2792 ﬁt
1181 2723 1447 2794 genitoris.

456 2793 665 2870 Patrem
694 2804 739 2849 et
769 2795 931 2870 virum
957 2793 1230 2870 confundit
1258 2798 1434 2870 audax
1457 2837 1471 2860 ,
1505 2804 1549 2848 et
1573 2795 1636 2870 ab
1677 2796 1849 2870 impiis
1875 2813 1975 2852 non

375 2865 752 2930 minorabitur,
781 2864 846 2918 ab
870 2865 1097 2933 utrisque
1121 2877 1293 2920 autem
1324 2866 1734 2922 inltonorabitur.

455 2935 663 3012 Musica
708 2938 764 2990 in
821 2937 960 3012 luctu
1007 2938 1306 3012 importuna
1333 2939 1623 3012 narratio:
1665 2940 1877 3012 flagella
1931 2951 1977 2996 et

373 3010 613 3080 doctrina
638 3010 693 3063 in
719 3009 856 3062 omni
877 3017 1104 3078 tempore
1124 3009 1397 3080 sapientia.

456 3078 556 3166 Qui
583 3081 728 3134 docet
757 3081 956 3166 fatuum
977 3121 990 3143 ,
1012 3081 1160 3152 quasi
1186 3078 1633 3166 quinconglutinat
1666 3091 1866 3166 testam.

452 3152 553 3226 Qui
598 3160 777 3226 narrat
805 3150 1031 3204 verbum
1057 3168 1161 3205 non
1188 3150 1442 3220 audienti,
1475 3156 1624 3225 quasi
1672 3157 1760 3226 qui
1787 3159 1976 3212 excitat

373 3221 714 3296 dor_mieut_em
743 3222 806 3296 de
832 3239 978 3296 gravi
997 3238 1199 3296 somno.

449 3291 574 3347 Cum
607 3291 893 3371 dormiente
930 3294 1158 3371 loquitur
1186 3295 1288 3371 qui
1322 3304 1530 3371 enarrat
1567 3297 1728 3371 stulto
1769 3300 1976 3371 sapien-

370 3365 500 3419 tiam
523 3381 543 3419 :
574 3366 694 3420 etin
723 3367 825 3433 ﬁne
850 3365 1166 3420 narrationis
1189 3369 1362 3430 dicit:
1390 3369 1515 3434 Quis
1537 3378 1609 3423 est
1629 3367 1713 3422 hic
1735 3371 1760 3424 ?

449 3436 628 3512 Supra
670 3449 933 3512 mortuum
981 3435 1167 3512 plora,
1201 3439 1385 3512 defecit
1414 3440 1548 3512 enim
1564 3438 1672 3512 lux
1717 3443 1828 3512 ejus
1859 3457 1878 3495 :
1927 3451 1976 3498 et

369 3524 534 3582 supra
556 3509 761 3579 fatuum
787 3509 970 3578 plora,
993 3507 1179 3580 defecit
1208 3510 1225 3582 [
1243 3511 1330 3564 Λι.
1362 3510 1532 3580 deﬁcit
1560 3509 1574 3581 ]
1604 3507 1972 3568 enim'sensus.

450 3579 715 3652 Modicum
739 3581 890 3652 plora
919 3579 1078 3648 supra
1110 3579 1397 3647 mortuum,
1427 3579 1674 3652 quoniam
1703 3586 1970 3652 requievit.

445 3650 762 3726 Q’equissinu
784 3653 923 3726 enim
949 3652 1263 3726 nequissima
1288 3654 1390 3726 vita
1411 3650 1564 3724 super
1587 3650 1796 3708 mortem
1819 3658 1972 3726 fatui.

447 3722 639 3798 Luctus
681 3724 866 3798 mortui
891 3734 1109 3798 septem
1136 3724 1276 3791 dies,
1335 3722 1482 3792 fatui
1515 3735 1685 3780 autem
1732 3737 1780 3780 et
1819 3722 1976 3798 impii

370 3810 547 3848 omnes
573 3796 681 3848 dies
698 3836 713 3859 ,
741 3795 858 3849 vita:
886 3793 1119 3847 illorum.

446 3866 575 3920 Cum
605 3867 763 3920 stulto
809 3882 871 3920 ne
900 3866 1116 3920 multum
1164 3867 1393 3936 loquaris
1419 3913 1433 3938 ,
1470 3876 1516 3922 et
1547 3883 1662 3922 cum
1715 3868 1976 3925 insensato

370 3953 437 3991 ne
459 3939 670 3992 abieris.

449 4009 613 4066 Serra
643 4019 690 4063 te
715 4008 780 4062 ab
805 4009 926 4076 illo,
976 4019 1031 4062 ut
1060 4027 1162 4064 non
1190 4010 1478 4066 molestiam
1509 4009 1729 4081 habeas,
1780 4022 1826 4067 et
1874 4029 1977 4069 non

369 4082 791 4151 coinquinaberis
818 4093 1027 4151 peccato
1055 4081 1222 4136 illius.

447 4153 675 4224 Dcﬂecte
704 4152 766 4205 ab
792 4154 922 4225 illo,
956 4162 1004 4207 et
1034 4153 1253 4210 invenies
1281 4152 1542 4225 requiem,
1573 4164 1620 4210 et
1643 4171 1746 4211 non
1769 4156 1978 4212 acedia—

366 4225 500 4279 beris
522 4228 576 4279 in
610 4224 835 4279 stultitia
865 4223 1029 4279 illius.

445 4299 620 4366 Super
649 4295 918 4369 plumbum
942 4295 1068 4369 quid
1097 4295 1442 4369 gravabitur?
1465 4307 1514 4353 et
1538 4299 1676 4368 quod
1700 4297 1782 4355 illi
1829 4300 1977 4355 aliud

369 4384 555 4424 nomen
578 4384 736 4436 quant
764 4367 940 4438 fatuus
970 4368 995 4422 ?

442 4441 692 4513 Arenam,
718 4447 764 4492 et
785 4439 968 4513 salem,
995 4449 1041 4494 et
1067 4456 1289 4494 massam
1318 4441 1446 4513 ferri
1471 4440 1681 4511 facilius
1703 4453 1775 4496 est
1806 4447 1972 4513 ferre,

366 4528 524 4586 quam
555 4512 813 4566 hominem
838 4511 1216 4586 imprudentem
1248 4553 1263 4586 ,
1313 4511 1360 4568 et
1387 4517 1594 4582 fatuum
1618 4557 1632 4582 ,
1663 4523 1713 4567 et
1736 4511 1970 4586 impium.

443 4582 813 4658 Lorariientum
879 4584 1107 4658 ligneum
1141 4656 1149 4658 ᾗ
1181 4584 1481 4658 colligatum
1510 4588 1585 4658 fin
1637 4582 1974 4654 fundamento

362 4656 576 4722 aedificii
603 4671 708 4709 non
725 4647 1045 4732 dissolvetur
1066 4671 1085 4711 :
1106 4656 1181 4710 sic
1207 4666 1254 4709 et
1275 4647 1364 4712 cor
1385 4647 1749 4727 confirmatum
1769 4659 1819 4712 in
1835 4665 1976 4732 cegi-
2001 4647 2053 4709 D

365 4736 562 4782 latione
589 4726 817 4781 consilii.

440 4799 708 4872 Cogitutus
737 4799 928 4854 sensati
956 4799 1012 4854 in
1057 4801 1198 4855 omni
1237 4811 1500 4872 tempore,
1541 4810 1679 4854 metu
1723 4817 1828 4855 non
1877 4801 1971 4858 de-

367 4872 697 4948 probabitur.

440 4945 591 4998 Sicut
631 4942 742 5012 pali
785 4943 838 4997 in
884 4945 1140 5016 excelsis,
1189 4956 1237 5001 et
1288 4944 1696 5017 ctenientasine
1743 4945 1973 5017 impensa

360 5021 538 5094 posita
558 5056 574 5081 ,
597 5026 792 5094 contra
808 5017 993 5094 faciem
1016 5015 1152 5094 venti
1177 5035 1277 5094 non
1305 5015 1674 5094 permanebunt
1706 5031 1724 5069 :

439 5092 532 5147 Sic
559 5097 610 5143 et
638 5102 738 5162 cor
755 5088 994 5142 timidum
1042 5091 1097 5145 in
1127 5091 1436 5162 cogitatione
1479 5088 1624 5142 stulti
1653 5097 1834 5144 contra
1876 5091 1974 5145 im-

363 5179 546 5243 ρειιιηι
568 5161 770 5214 timoris
799 5177 920 5243 non
936 5161 1158 5243 resistet.

439 5244 593 5299 Sicut
615 5251 706 5292 cor
753 5240 1011 5309 trepidum
1043 5241 1097 5295 in
1123 5242 1436 5313 cogitatione
1467 5235 1632 5313 fatui,
1675 5235 1820 5313 omni
1843 5243 1975 5287 tem-

362 5333 490 5385 pore
523 5331 629 5370 non
657 5308 845 5371 metuet
867 5327 886 5365 .°
913 5313 987 5366 sic
1012 5323 1060 5367 et
1081 5308 1245 5386 quiin
1277 5314 1549 5385 prazceptis
1585 5308 1685 5365 Dei
1717 5314 1977 5378 permanet

359 5403 469 5442 sem
475 5405 585 5442 aer.

439 5405 689 5534 inﬁgens
751 5462 960 5517 oculum
1001 5462 1208 5518 deducit
1235 5463 1488 5533 lacrymas
1517 5478 1537 5517 :
1582 5471 1630 5518 et
1659 5461 1748 5534 qui
1796 5463 1980 5535 pungit

361 5549 456 5590 car
471 5575 487 5597 ,
520 5537 717 5602 profert
738 5550 961 5590 sensum.

441 5605 657 5679 Mittens
709 5607 936 5678 lapidem
965 5608 1019 5661 in
1058 5605 1326 5674 volatilia,
1387 5605 1592 5679 dejiciet
1637 5605 1782 5662 illa:
1827 5607 1900 5660 sic
1926 5617 1974 5662 et

359 5677 454 5750 qui
474 5679 798 5750 conviciatur
817 5679 986 5734 amico
1004 5721 1018 5746 ,
1046 5679 1278 5734 dissolvit
1297 5677 1600 5732 amicitiam.

441 5749 521 5802 Ad
545 5751 769 5825 amicum
797 5754 890 5806 etsi
918 5753 1224 5822 produxeris
1266 5752 1530 5824 gladium,
1562 5769 1663 5808 non
1694 5753 1968 5825 desperes:

361 5833 442 5879 est
470 5823 607 5876 enim
628 5839 910 5893 regressus.
943 5825 1026 5878 Ad
1051 5825 1275 5880 (unicum

439 5895 503 5952 Si
533 5896 800 5966 aperueris
821 5913 877 5954 os
906 5898 1054 5954 triste
1082 5943 1096 5970 ,
1126 5914 1228 5954 non
1249 5897 1424 5955 timeas
1449 5915 1468 5954 .'
1493 5906 1566 5956 est
1593 5896 1730 5954 enim
1751 5912 1967 5954 concor-

2079 1969 2159 2007 me
2183 1954 2235 2006 in
2266 1950 2485 2006 consilio
2509 1966 2690 2005 eorum
2717 1965 2738 2005 :
2765 1967 2855 2005 nec
2883 1950 3003 2022 [AL
3035 1950 3120 2023 ne]
3153 1953 3296 2006 sinas
3317 1969 3396 2008 me
3423 1955 3605 2008 cadere
3633 1955 3687 2008 in

2079 2024 2208 2079 illis.

2153 2094 2282 2167 Quis
2307 2102 2616 2166 superponet
2638 2094 2690 2167 in
2717 2093 3085 2167 cogitatu_meo
3112 2093 3344 2167 ﬂagella,
3372 2103 3420 2148 et
3448 2094 3500 2149 in
3530 2095 3687 2150 corde

2079 2183 2192 2222 meo
2227 2165 2520 2220 dominam
2546 2165 2832 2234 sapientia),
2864 2174 2918 2219 ut
2947 2165 3358 2236 ignorationibus
3383 2183 3561 2221 eorum
3583 2184 3687 2222 non

2081 2246 2295 2309 parcant
2322 2237 2470 2301 mihi,
2500 2246 2547 2290 et
2572 2254 2673 2291 non
2702 2248 2988 2309 appareant
3021 2238 3211 2291 delicta
3238 2253 3434 2291 eorum.

2155 2308 2221 2363 Et
2243 2326 2304 2364 ne
2324 2309 2684 2362 adincrescant
2707 2308 3012 2377 ignorantia!
3034 2324 3179 2373 mete,
3200 2319 3245 2361 et
3271 2308 3685 2374 multiplicentur

2079 2381 2266 2435 delicta
2302 2397 2446 2445 mea,
2487 2389 2534 2433 et
2565 2391 2778 2451 peccata
2821 2396 2930 2432 mea
2959 2379 3250 2442 abundent,
3299 2390 3344 2432 et
3373 2382 3600 2435 incidam
3629 2383 3685 2437 in

2079 2461 2353 2522 conspectu
2380 2451 2795 2525 adversariorum
2817 2451 3088 2504 meorum?
3109 2461 3154 2505 et
3180 2452 3399 2522 gaudeat
3425 2470 3579 2525 super
3603 2469 3687 2509 me

2081 2525 2315 2578 inimicus
2345 2540 2482 2578 meus
2505 2524 2529 2578 ?

2152 2594 2375 2650 Domine
2407 2602 2575 2666 pater,
2603 2605 2648 2648 et
2675 2592 2814 2648 Deus
2840 2593 2956 2648 vita:
2980 2608 3127 2663 mete,
3164 2609 3225 2648 ne
3249 2593 3575 2666 derelinquas
3606 2613 3686 2652 me

2078 2667 2134 2721 in
2167 2667 2396 2738 cogitatu
2423 2665 2656 2720 illorum.

2153 2737 2526 2792 Eatellentiam
2556 2737 2824 2791 oculorum
2852 2751 3081 2808 meorum
3113 2752 3177 2792 ne
3212 2737 3414 2793 dederis
3446 2737 3591 2806 mihi,
3633 2747 3682 2794 et

2081 2827 2231 2864 omne
2259 2809 2572 2864 desiderium
2601 2818 2772 2864 averte
2798 2825 2830 2861 a
2859 2824 2959 2862 me.

2151 2881 2312 2953 Aufer
2353 2898 2383 2934 a
2419 2897 2499 2934 me
2539 2880 2730 2934 ventris
2775 2881 3211 2953 concupiscentias
3236 2925 3251 2950 ,
3292 2888 3340 2935 et
3384 2881 3683 2938 ceneubitus

2079 2952 2506 3026 concupiscentin
2528 2968 2589 3005 ne
2625 2952 3013 3026 apprehendant
3053 2969 3162 3018 me,
3191 2963 3238 3008 ct
3268 2953 3454 3007 anima:
3490 2953 3682 3009 irreve-

2079 3026 2212 3080 renti
2233 3023 2280 3080 et
2306 3025 2356 3078 in
2365 3025 2576 3095 frunita:
2605 3039 2668 3076 ne
2689 3023 2866 3078 tradas
2889 3039 2986 3077 me.
3311 3027 3329 3034 “

2151 3094 2455 3166 υοοινὺιὶιηι
2487 3095 2590 3148 oris
2619 3096 2815 3159 audite,
2840 3095 2972 3161 ﬁlii:
3004 3104 3052 3150 et
3078 3095 3170 3166 qui
3191 3094 3487 3149 custodierit
3509 3094 3682 3165 illam,

2081 3185 2185 3224 non
2223 3169 2382 3238 periet
2427 3165 2602 3232 labiis,
2649 3182 2743 3220 nec
2767 3165 3213 3222 scandalizabitur
3240 3168 3294 3222 in
3325 3166 3565 3237 operibus
3594 3185 3684 3224 ne-

2003 3251 2048 3314 c
2079 3241 2360 3314 quissimis.

2151 3311 2219 3365 In
2246 3311 2469 3366 vanitate
2495 3326 2591 3363 sua
2625 3309 3034 3382 apprehenditur
3050 3319 3295 3382 peccator
3313 3324 3334 3364 :
3362 3318 3409 3364 et
3434 3310 3685 3382 superbus

2081 3394 2130 3437 et
2162 3383 2440 3438 maledicus
2469 3381 2910 3435 scandalizabitur
2938 3382 2992 3434 in
3017 3381 3151 3436 illis.

2150 3453 2412 3508 Jurationi
2436 3470 2539 3508 non
2576 3463 2843 3507 assuescat
2871 3469 2926 3506 os
2953 3462 3095 3506 tuum
3125 3468 3143 3507 :
3175 3451 3322 3506 multi
3361 3453 3496 3507 enim
3532 3469 3682 3510 casus

2081 3527 2136 3580 in
2169 3526 2282 3580 illa.

2154 3595 2459 3652 Nominatio
2490 3612 2606 3651 vero
2648 3595 2743 3650 Dei
2787 3611 2889 3648 non
2917 3595 2985 3649 sit
3029 3595 3246 3649 assidua
3282 3595 3335 3649 in
3367 3610 3454 3648 ore
3495 3605 3602 3662 tuo,
3635 3605 3684 3650 et

2079 3669 2376 3723 nominibus
2409 3669 2726 3722 Sanctorum
2758 3682 2863 3721 non
2889 3666 3219 3721 admiscearis
3245 3681 3265 3721 :
3307 3667 3552 3737 quoniam
3582 3683 3686 3722 non

2079 3741 2180 3795 eris
2212 3740 2458 3794 immunis
2484 3739 2548 3793 ab
2573 3740 2666 3792 eis.

2154 3811 2301 3866 Sicut
2329 3811 2467 3864 enim
2493 3826 2668 3864 servus
2699 3809 3041 3879 interrogatus
3065 3809 3296 3873 assidue,
3328 3824 3360 3861 a
3386 3807 3546 3863 livore
3575 3826 3676 3864 non

2080 3883 2381 3937 minuitur:
2413 3881 2487 3936 sic
2526 3881 2692 3935 omnis
2732 3882 2954 3950 jurans,
2995 3890 3044 3934 et
3071 3880 3372 3948 nominans,
3420 3881 3474 3934 in
3512 3889 3619 3936 toto
3648 3898 3682 3935 a

2079 3965 2287 4025 peccato
2319 3971 2421 4008 ncn
2445 3952 2768 4026 purgabitur.

2160 4025 2254 4081 Vir
2274 4021 2495 4080 multum
2503 4021 3022 4098 juransimplebitur
3048 4024 3338 4098 iniquitate,
3363 4029 3410 4076 et
3441 4038 3543 4077 non
3573 4023 3681 4078 dis-

2081 4098 2223 4168 cedet
2253 4115 2285 4152 a
2315 4099 2466 4151 domo
2494 4094 2635 4150 illius
2663 4094 2840 4168 plaga.

2153 4167 2222 4224 Et
2269 4170 2315 4225 si
2369 4166 2697 4241 frustraverit
2727 4166 3036 4241 {delictum
3096 4167 3238 4241 illius
3294 4182 3454 4241 super
3509 4166 3681 4241 ipsum

2079 4243 2177 4296 erit
2203 4257 2222 4296 :
2253 4253 2299 4297 et
2324 4237 2380 4296 si
2399 4239 2820 4306 dissimulaverit,
2844 4239 3098 4310 delinquit
3130 4239 3236 4313 [ΑΙ.
3268 4237 3552 4309 delinquet]
3581 4237 3679 4292 du-

2119 4313 2308 4368 liciter.

2083 4330 2362 4440 Mifﬂin
2387 4399 2602 4439 vacuum
2615 4381 2896 4454 juraverit,
2929 4398 3034 4437 non
3053 4381 3430 4454 justiﬁcabitur
3457 4396 3476 4436 :
3517 4381 3684 4454 reple-

2079 4457 2216 4512 bitur
2237 4459 2374 4511 enim
2399 4455 2734 4511 retributione
2763 4455 2946 4508 domus
2975 4455 3138 4509 illius.

2155 4528 2246 4582 Est
2271 4540 2319 4582 et
2345 4527 2452 4581 alia
2481 4529 2684 4598 loquela
2723 4527 2990 4580 contraria
3022 4527 3215 4581 morti:
3251 4541 3355 4580 non
3390 4525 3684 4579 inveniatur

2079 4599 2132 4654 in
2157 4600 2456 4655 Iuereditate
2490 4597 2524 4652 J
2529 4597 2672 4652 acab.

2156 4671 2358 4724 Etenim
2396 4688 2427 4724 a
2462 4667 2878 4724 misericordibus
2906 4669 3081 4724 omnia
3122 4667 3235 4723 lia'c
3263 4671 3586 4739 auferantur,
3631 4675 3680 4720 et

2083 4744 2138 4797 in
2174 4743 2378 4796 delictis
2409 4759 2508 4796 non
2539 4740 2926 4796 volutabuntur.

2153 4812 2572 4880 Indisciplinataz
2611 4811 2831 4882 loquech
2861 4829 2961 4866 non
2991 4822 3253 4868 assuescat
3298 4827 3354 4867 os
3393 4819 3578 4867 tuum:
3609 4820 3682 4867 est

2079 4887 2216 4940 enim
2245 4887 2299 4940 in
2326 4886 2419 4940 illa
2443 4886 2647 4940 verbum
2677 4885 2890 4954 peccati.

2152 4958 2414 5014 Memento
2436 4959 2598 5028 patris
2622 4965 2670 5010 et
2692 4957 2871 5012 matris
2891 4964 3027 5014 tute:
3050 4957 3101 5011 in
3119 4955 3286 5011 medio
3308 4957 3446 5010 enim
3468 4972 3682 5030 magna-

2080 5038 2248 5084 torum
2279 5031 2533 5084 consistis.

2156 5100 2239 5156 Ne
2272 5103 2404 5174 forte
2433 5101 2758 5174 obliviscatur
2791 5111 2838 5156 te
2865 5100 3025 5174 Deus,
3051 5101 3103 5154 in
3135 5110 3415 5168 conspectu
3442 5100 3676 5166 illorum,

2080 5185 2128 5229 et
2158 5173 2461 5228 assiduitate
2507 5185 2595 5226 tua
2638 5173 3381 5246 infatuatus,’improperium
3430 5174 3678 5246 patiaris,

2081 5258 2129 5300 et
2173 5248 2439 5301 maluisses
2483 5262 2587 5300 non
2636 5248 2811 5314 nasci,
2851 5253 2900 5298 et
2937 5244 3073 5298 diem
3107 5244 3390 5301 nativitatis
3429 5244 3531 5317 tua;
3569 5262 3681 5298 ma-

2082 5319 2292 5374 ledicas.

2155 5391 2328 5447 Homo
2351 5400 2583 5446 assuetus
2614 5391 2665 5444 in
2690 5388 2852 5445 verbis
2883 5388 3204 5461 imprOperii,
3232 5390 3285 5446 in
3315 5388 3548 5446 omnibus
3577 5389 3680 5446 dic-

2085 5464 2176 5518 bus
2199 5466 2306 5518 suis
2334 5480 2436 5516 non
2467 5463 2748 5516 erudietur.

2155 5535 2276 5589 Duo
2302 5551 2486 5607 genera
2511 5532 2772 5587 abundant
2794 5533 2848 5588 in
2871 5532 3113 5605 peccatis,
3143 5544 3190 5590 et
3218 5535 3425 5590 tertium
3465 5533 3677 5590 adducit

2075 5606 2226 5676 iram,
2259 5606 2312 5662 et
2335 5607 2697 5675 perditionem.

2143 5679 2331 5732 Anima
2370 5677 2542 5751 calida
2583 5679 2732 5748 quasi
2763 5677 2898 5750 ignis
2934 5678 3122 5736 ardens
3167 5696 3270 5736 non
3297 5677 3670 5751 exstinguetur,

2071 5749 2234 5806 donec
2259 5750 2458 5820 aliquid
2486 5749 2674 5820 glutiat
2697 5765 2716 5802 :

2143 5823 2211 5878 Et
2241 5823 2392 5878 homo
2417 5838 2638 5893 nequam
2666 5822 2720 5879 in
2746 5839 2833 5882 ore
2860 5825 3032 5883 carnis
3060 5841 3170 5882 sua:
3198 5841 3302 5884 non
3328 5823 3546 5892 desinet,
3576 5821 3669 5878 do.

2068 5912 2159 5954 nec
2191 5895 2425 5954 incendat
2453 5894 2646 5968 ignem.
