4182 6338
506 346 615 404 445

1531 350 1589 406 S.
1633 348 2008 406 HIERONYMI
2049 344 2282 407 DIVINA
2324 348 2579 407 BIBLIOI
2597 349 2803 407 HECA.

3700 347 3808 405 ιιι

580 459 799 516 Homini
828 457 1108 537 fornicario
1140 460 1313 537 omnis
1326 459 1476 534 panis
1498 459 1702 531 dulcis,
1734 478 1835 518 non
1861 460 2101 537 fatigabi-
2125 459 2182 522 Α
2279 461 2444 537 Quasi
2476 463 2612 517 oliva
2652 462 2889 534 speciosa
2928 460 2983 515 in
3014 460 3252 537 eampis,
3284 468 3330 516 et
3374 460 3529 530 quasi
3564 440 3810 535 platanus

506 540 591 586 tur
612 532 990 605 transgrediens
1013 548 1171 604 usque
1193 532 1261 587 ad
1280 532 1454 605 ﬁnem.

587 603 771 660 Omnis
808 604 962 660 homo
995 603 1093 675 qui
1121 604 1502 678 transgreditur
1543 603 1729 678 lectum
1768 621 1949 678 suum,
1986 623 2109 663 con-

432 708 437 711 -
511 684 740 731 temnens
769 678 823 731 in
842 648 1067 731 anima'm
1087 648 1325 740 suam,vet
1346 676 1561 732 dicens:
1589 675 1718 743 Quis
1751 690 1829 731 me
1859 648 2036 735 videt?

583 747 827 803 Tenebrae
864 746 1185 804 circumdant
1215 764 1316 813 me,
1346 757 1395 801 et
1435 748 1651 817 parietes
1679 750 1980 819 cooperiunt
2006 768 2105 816 me,

511 824 558 875 et
602 834 749 874 nemo
789 819 1138 889 circumspicit
1172 835 1293 874 me:
1344 835 1497 889 quem
1539 822 1762 875 vereor?
1801 819 2110 879 delictorum

514 908 745 946 meorunt
775 909 879 948 non
907 888 1276 946 memorabitur
1302 888 1619 945 Altissimus.

586 956 651 1017 Et
684 980 786 1018 non
814 962 1052 1037 intelligit
1088 964 1334 1037 quoniam
1357 967 1530 1037 omnia
1556 962 1687 1037 videt
1734 963 1916 1037 oculus
1944 962 2107 1037 illius,

510 1037 758 1103 quoniam
795 1031 1005 1105 expellit
1031 1051 1064 1088 a
1091 1031 1143 1088 se
1170 1035 1406 1089 timorem
1433 1031 1531 1088 Dei
1559 1034 1860 1104 hujusmodi
1888 1031 2111 1096 hominis

513 1110 686 1173 timor,
718 1114 764 1161 et
795 1104 934 1162 oculi
961 1106 1228 1160 hominum
1258 1108 1489 1160 timentes
1514 1105 1701 1163 illum:

586 1177 654 1250 Et
683 1193 785 1233 non
827 1179 1069 1250 cognovit
1099 1181 1345 1247 quoniam
1383 1175 1521 1250 oculi
1562 1173 1774 1232 Domini
1800 1177 1963 1234 multo
1991 1179 2112 1247 plus

512 1249 787 1304 lucidiores
830 1246 948 1303 sunt
987 1246 1093 1320 [AL
1138 1254 1244 1320 lac.
1276 1248 1421 1317 sunt]
1452 1264 1612 1319 super
1646 1250 1806 1302 solem
1828 1290 1843 1320 ,
1892 1246 2114 1306 circum-

512 1322 791 1395 spicientes
826 1317 1008 1395 omnes
1045 1320 1153 1372 vias
1193 1317 1457 1395 hominum
1484 1360 1499 1381 .
1520 1317 1577 1375 et
1612 1318 1928 1395 profundum
1958 1324 2111 1395 abys—

513 1390 558 1445 si
591 1432 607 1456 ,
667 1401 713 1445 et
770 1390 1038 1446 hominum
1106 1392 1268 1446 corda
1344 1390 1621 1447 intuentes
1669 1391 1723 1446 in
1780 1390 2115 1451 absconditus

557 1471 711 1517 artes.

557 1480 711 1517 artes.

521 1480 554 1535 Ρ
588 1532 814 1587 Domino
840 1532 977 1587 enim
1008 1518 1116 1587 Deo
1142 1538 1417 1604 antequam
1446 1541 1768 1600 crearentur,
1795 1536 1968 1593 omnia
1994 1545 2116 1595 sunt

511 1606 691 1675 agnita
708 1622 728 1660 :
757 1605 831 1659 sic
853 1613 897 1659 et
924 1615 1036 1673 post
1066 1604 1347 1675 perfectum
1377 1607 1585 1676 respicit
1613 1608 1806 1661 omnia.

587 1676 690 1755 Ilio
726 1677 800 1755 in‘
825 1676 1007 1755 plateis
1043 1676 1660 1755 civitatisvindicabitur,
1689 1686 1735 1755 et
1762 1679 1914 1751 quasi
1940 1679 2118 1755 pullus

514 1749 729 1819 :quinus
774 1747 1041 1820 fugabitur
1070 1762 1089 1801 :
1136 1757 1183 1802 et
1232 1747 1319 1802 ubi
1368 1765 1471 1804 non
1518 1747 1786 1823 speravit,
1824 1747 2118 1824 apprehen-

517 1824 686 1875 detur.

590 1891 655 1945 Is‘t
679 1884 777 1963 erit
805 1889 1023 1963 dedecus
1051 1888 1308 1960 omnibus,
1335 1906 1393 1947 eo
1415 1892 1554 1963 quod
1583 1908 1687 1948 non
1712 1891 2018 1950 intellexerit
2044 1895 2113 1951 ti»

520 1977 710 2016 morem
739 1960 976 2017 Domini.

590 2035 757 2108 Sic_et
802 2035 987 2108 mulier
1012 2033 1179 2087 omnis
1202 2034 1513 2108 relinquens
1541 2036 1706 2089 virum
1730 2052 1900 2108 suum,
1932 2045 1979 2092 et
2005 2045 2114 2093 sta-

515 2114 661 2159 tuens
681 2104 1031 2159 htereditatem
1059 2112 1121 2157 ea:
1141 2105 1328 2173 .alieno
1359 2104 1708 2161 matrimonio.

589 2176 771 2232 Primo
793 2178 928 2231 enim
949 2178 1001 2230 in
1027 2178 1412 2251 lege_Altissimi
1432 2177 1750 2251 incredibilis
1776 2178 1910 2251 fuit:
1930 2186 2113 2235 secun-

516 2247 584 2303 do
614 2251 664 2303 in
689 2251 854 2303 virum
878 2265 1027 2322 suum
1056 2247 1301 2322 deliquit:
1329 2253 1480 2305 tertio
1502 2259 1549 2304 et
1573 2249 1627 2304 in
1658 2247 1919 2306 adulterio
1944 2251 2114 2322 forni-

516 2332 631 2392 cata
656 2329 749 2384 est,
780 2328 824 2376 et
854 2334 915 2374 ex
935 2321 1039 2373 alio
1067 2320 1173 2374 viro
1196 2319 1337 2392 [ilics
1366 2322 1545 2376 statuit
1573 2323 1692 2377 sibi.

587 2391 719 2476 flare
754 2393 807 2446 in
844 2393 1113 2447 ecclesiam
1157 2393 1481 2463 adducetur,
1512 2403 1559 2448 et
1599 2394 1653 2449 in
1696 2394 1837 2465 filios
1880 2398 1997 2471 ejus
2033 2410 2117 2451 re-

515 2477 787 2533 spmetur.

592 2536 713 2612 Non
744 2538 947 2592 tradent
988 2536 1090 2608 filii
1122 2538 1234 2610 ejus
1260 2537 1483 2608 radices,
1510 2546 1558 2592 et
1596 2539 1731 2593 rami
1755 2540 1866 2612 ejus
1886 2550 1990 2595 non
2019 2537 2115 2596 da-

515 2605 641 2662 bunt
678 2608 924 2678 fructum.

592 2676 918 2757 Derelinquet
938 2681 995 2757 in
1010 2680 1340 2737 maledictum
1360 2679 1659 2737 memoriam
1680 2685 1815 2757 ejus,
1831 2686 1876 2738 el
1896 2676 2117 2739 dedecus

515 2749 658 2805 illius
686 2767 788 2805 non
815 2749 1107 2809 'delebitur.

588 2820 657 2877 Et
680 2834 955 2896 agnoscent
981 2828 1066 2896 qui
1088 2826 1320 2882 derelicti
1348 2835 1488 2891 sunt,
1506 2825 1749 2894 quoniam
1771 2822 1903 2880 nihil
1934 2825 2117 2881 melius

516 2903 588 2948 est
615 2911 770 2971 quam
793 2897 946 2971 timor
978 2897 1103 2971 Dei:
1146 2906 1193 2952 et
1226 2898 1357 2953 nihil
1385 2897 1591 2952 dulcius
1613 2914 1771 2970 quam
1792 2900 2043 2971 respicere
2065 2905 2119 2952 in

519 2967 781 3021 mandatis
814 2967 1044 3023 Domini.

588 3036 771 3093 Gloria
799 3057 986 3112 magna
1014 3050 1087 3096 ut
1111 3043 1253 3113 sequi
1284 3038 1570 3095 Dominum
1604 3055 1624 3095 :
1671 3038 1944 3113 longitudo
1983 3039 2116 3095 enim

515 3106 717 3165 dierum
746 3106 1034 3168 assumetur
1059 3113 1123 3168 ab
1144 3106 1223 3168 eo.

1084 3227 1314 3287 CAPUT
1352 3229 1546 3286 XXIV.

591 3317 868 3389 Sapientia
897 3318 1126 3377 laudabit
1151 3325 1382 3379 animant
1406 3340 1577 3394 suam,
1606 3324 1725 3379 etin
1752 3321 1864 3381 Deo
1893 3322 2118 3382 honora-

517 3390 679 3469 bitur,
708 3404 756 3469 et
782 3394 835 3446 in
857 3395 1027 3469 medio
1052 3394 1232 3469 populi
1256 3398 1338 3452 sui
1358 3390 1685 3469 gloriabitur.

591 3458 663 3515 Et
709 3465 763 3537 in
790 3465 1019 3520 ecclesiis
1047 3458 1299 3523 Atiissimi
1323 3458 1517 3537 aperiet
1548 3484 1603 3524 os
1628 3485 1801 3537 suum,
1842 3477 1889 3526 et
1916 3470 1967 3527 in
1997 3485 2121 3526 cou-

516 3551 576 3606 rp
594 3543 697 3615 ἐιη
713 3536 914 3615 virtutis
944 3538 1087 3594 illius
1102 3540 1440 3615 gloriabitur.

590 3602 663 3686 Et
680 3607 732 3660 in
755 3604 919 3686 medio
935 3602 1135 3686 populi
1169 3610 1250 3669 sui
1279 3608 1613 3681 exaltabitur,
1646 3612 1770 3668 etin
1802 3612 2122 3686 plenitudine

518 3685 698 3731 sancta
719 3678 1080 3738 admirabilur.

592 3746 737 3826 Elin
758 3752 1093 3826 multitudine
1116 3756 1398 3812 electorum
1429 3752 1624 3812 habebit
1652 3752 1884 3826 laudem,
1915 3766 1960 3813 et
1985 3757 2121 3812 inter

520 3818 812 3892 bengdictos
842 3823 1188 3892 benedicetur,
1218 3826 1393 3881 dicens
1416 3844 1435 3883 :

594 3888 707 3963 Ego
734 3910 802 3950 ex
835 3911 922 3952 ore
950 3888 1199 3956 Altissimi
1239 3901 1441 3974 prodivi
1478 3900 1821 3975 primOgenita
1850 3909 1968 3956 ante
2005 3916 2118 3956 om-

522 3979 637 4017 nem
663 3978 801 4022 creat
810 3984 978 4026 uram.

555 4108 563 4117 ι
590 4032 705 4107 Ego
730 4040 835 4117 feci
852 4040 906 4097 in
940 4044 1081 4101 caelis
1103 4088 1117 4108 .
1156 4057 1211 4101 ut
1251 4047 1471 4102 oriretur
1509 4044 1681 4101 lumen
1712 4043 2036 4115 iudeﬁcieus,
2069 4052 2118 4107 et

520 4112 651 4163 sicut
682 4112 869 4168 nebula
896 4118 999 4171 texi
1032 4134 1233 4173 onmem
1259 4129 1465 4174 terram.

593 4176 786 4308 Egi-iu
811 4184 1081 4245 altissimis
1105 4191 1353 4261 habilavi,
1377 4202 1422 4248 et
1444 4192 1657 4248 thronus
1682 4205 1825 4245 meus
1848 4189 1900 4243 in
1928 4186 2119 4243 colum-

618 4268 685 4306 ηιι
724 4272 785 4308 18.

522 4264 590 4303 na
618 4264 785 4310 nubis.

591 4320 936 4415 ξμνξιηιησφζί
953 4333 1173 4415 εἱιτιιὶυἰ.
1188 4336 1333 4415 sola,
1354 4347 1401 4415 et
1422 4336 1741 4415 profundam
1761 4336 1938 4412 abyssi
1959 4349 2119 4410 pene.

519 4400 669 4481 ιναςξ,
694 4399 749 4481 in
767 4398 1009 4481 ﬂuctibus
1036 4407 1199 4462 maris
1228 4398 1507 4464 ambulavi.

692 4471 743 4554 in
767 4465 917 4554 omni.
937 4484 1075 4531 terra
1101 4481 1239 4554 steti,
1261 4482 1384 4535 etin
1413 4481 1549 4554 omni
1562 4478 1791 4554 papula.

693 4542 746 4596 in
775 4546 917 4624 omni
941 4560 1090 4623 gente
1106 4536 1389 4624 primatum
1415 4536 1593 4607 habui:

2209 536 2446 608 «vallata
2474 551 2587 608 sum
2606 533 2767 608 juxta
2786 550 2977 606 aquam
3008 534 3059 587 in
3081 533 3287 608 plateis.

2283 604 2431 661 Sicut
2484 604 2870 661 cinnamomum
2902 646 2918 672 ,
2992 614 3039 659 et
3082 604 3387 659 balsamum
3459 605 3815 662 aromatizans

2211 677 2418 800 ogorem
2464 675 2640 732 dedi:
2682 677 2834 747 quasi
2877 678 3090 748 myrrha
3134 674 3301 732 electa
3340 676 3464 732 dedi
3507 678 3817 733 suavitatem

2211 763 2240 798 ο
2281 764 2407 800 ονιδ.

2211 763 2407 803 aaorts.

2286 818 2353 874 Et
2397 820 2781 905 qua-silslorax,
2814 828 2864 874 et
2887 817 3183 905 galbanus,
3216 828 3266 875 et
3297 818 3531 905 ungula,
3551 826 3601 905 et
3630 826 3813 905 gutta,

2211 896 2259 944 et
2300 892 2453 958 quasi
2486 889 2714 946 Libanus
2760 907 2865 945 non
2899 888 3103 945 incisus
3158 888 3403 957 vaporavi
3441 888 3815 946 habitationem

2212 978 2400 1034 meum,
2429 972 2477 1018 et
2503 964 2656 1034 quasi
2680 962 2971 1034 balsamum
2999 979 3101 1016 non
3127 963 3332 1034 mi~tum
3355 961 3484 1016 odor
3507 976 3667 1017 meus.

2286 1030 2399 1106 Ego
2428 1030 2577 1105 quasi
2606 1032 2922 1089 terebinthus
2962 1033 3170 1089 extendi
3195 1050 3366 1091 ramos
3396 1052 3555 1099 meos,
3596 1042 3643 1089 et
3680 1034 3818 1089 rami

2212 1106 2309 1160 mei
2339 1107 2548 1161 honoris
2578 1116 2624 1159 et
2648 1106 2852 1161 aratiw.

2285 1173 2399 1245 Ego
2429 1177 2583 1247 quasi
2612 1173 2727 1250 vitis
2749 1176 3058 1250 fructi/icavi
3082 1177 3387 1232 suavitatem
3417 1175 3626 1232 odoris:
3648 1183 3696 1233 et
3713 1180 3817 1250 ﬂo-

2212 1264 2294 1304 res
2300 1250 2419 1321 _mei
2440 1254 2639 1321 fructus
2664 1248 2875 1304 honoris
2905 1248 3286 1321 etc/tonestatis.

2288 1318 2401 1393 Ego
2431 1318 2595 1375 mater
2630 1321 2861 1388 pulchrae
2897 1318 3215 1390 dilectionis,
3248 1327 3295 1375 et
3325 1318 3547 1388 timoris,
3580 1326 3626 1375 et
3665 1319 3818 1392 agni-

2215 1391 2391 1462 tionis,
2423 1402 2470 1447 et
2499 1402 2692 1449 sanctae
2717 1394 2849 1462 spei.

2288 1461 2354 1517 In
2377 1480 2459 1520 me
2481 1464 2653 1535 gratia
2684 1461 2851 1519 omnis
2874 1462 2968 1519 vite
2986 1470 3033 1518 et
3058 1461 3307 1532 veritatis,
3327 1462 3381 1518 in
3408 1478 3486 1518 me
3506 1462 3675 1518 omnis
3700 1478 3818 1536 spes

2216 1535 2334 1590 vita!
2359 1545 2405 1589 et
2433 1538 2658 1591 virtutis.

2292 1605 2529 1663 Trausite
2578 1607 2645 1662 ad
2688 1622 2766 1661 me
2800 1614 2974 1680 omnes
3012 1606 3103 1680 qui
3133 1605 3498 1680 concupiscitis
3538 1612 3666 1673 me;
3708 1614 3757 1662 et
3783 1623 3820 1662 a

2216 1679 2633 1751 generationibus
2660 1679 2784 1733 meis
2814 1678 3127 1748 implemini.

2293 1749 2522 1820 Spiritus
2563 1753 2697 1805 enim
2736 1736 3064 1820 meus'super
3091 1746 3191 1804 mel
3219 1736 3411 1816 dulcis,
3462 1756 3511 1805 et
3539 1748 3819 1805 ha’reditas

2139 1848 2189 1912 Β
2222 1837 2341 1912 mea.
2356 1839 2512 1907 super
2534 1824 2635 1878 mel
2654 1832 2711 1912 et
2735 1823 2930 1895 favum.

2288 1886 2542 1966 lienteria
2564 1906 2677 1950 mea
2696 1886 2749 1948 in
2778 1892 3133 1966 generatitines
3160 1890 3492 1966 sa'culorum.

2287 1965 2389 2038 Qui
2435 1964 2589 2021 edunt
2617 1981 2725 2036 me,
2754 1961 2928 2020 a'dhuc
2968 1964 3191 2020 esuriens
3228 1980 3248 2021 :
3292 1972 3338 2019 et
3367 1965 3456 2038 qui
3494 1961 3673 2018 bibunt
3709 1978 3813 2034 me,

2213 2034 2385 2091 adhuc
2402 2038 2601 2092 'silient.

2291 2110 2391 2173 Qui
2419 2110 2564 2163 audit
2589 2125 2691 2176 me,
2724 2124 2827 2164 non
2848 2104 3196 2180 confundetur
3221 2123 3239 2163 :
3267 2116 3314 2163 et
3341 2107 3431 2181 qui
3459 2114 3740 2181 operantur
3764 2106 3819 2161 in

2213 2194 2315 2248 me,
2342 2197 2444 2234 non
2481 2182 2787 2250 peccabuut.

2292 2251 2394 2316 Qui
2426 2248 2689 2307 elucidant
2716 2267 2817 2321 me,
2841 2252 2997 2307 vitam
3017 2259 3267 2306 a'ternam
3289 2248 3565 2321 habebunt.

2291 2321 2418 2377 Haec
2456 2326 2628 2378 omnia
2662 2318 2952 2394 liber'ritaz,
2997 2334 3044 2379 et
3075 2331 3431 2379 testamentum
3461 2318 3743 2385 Altissimi,
3769 2327 3820 2375 et

2218 2395 2414 2465 agnitio
2454 2395 2700 2450 veritatis.

2290 2465 2476 2537 Legem
2497 2467 2759 2522 mandavit
2791 2464 2999 2539 Moyses
3025 2466 3375 2539 in_pra:t_'eplis
3392 2465 3747 2539 justitiarum,
3770 2469 3819 2517 et

2216 2533 2569 2593 harreditatem
2590 2539 2760 2593 domui
2787 2533 2972 2606 Jacob,
2996 2547 3042 2592 et
3065 2533 3233 2592 Iurael
3264 2533 3653 2608 prontissiones.

2291 2608 2476 2666 Posuit
2524 2608 2691 2664 David
2740 2626 2901 2680 puero
2944 2605 3039 2665 suo
3090 2605 3323 2680 excitare
3377 2623 3554 2680 regem
3593 2622 3657 2661 eo:
3698 2605 3815 2680 ipso

2218 2680 2586 2752 fortissimum,
2621 2690 2668 2736 et
2698 2678 2752 2737 in
2779 2678 2964 2736 throno
2990 2682 3205 2736 honoris
3235 2678 3497 2735 sedentem
3541 2679 3596 2734 in
3624 2678 3821 2749 sempi-

2219 2763 2442 2808 ternum.

2294 2824 2399 2899 Qui
2415 2826 2596 2893 implet
2626 2824 2773 2899 quasi
2811 2823 3007 2879 Phison
3045 2823 3375 2895 sapientiam,
3406 2829 3454 2878 et
3487 2818 3617 2878 sicut
3643 2818 3821 2893 Tigris

2220 2897 2272 2951 in
2298 2897 2475 2952 diebus
2502 2897 2770 2953 novorum.

2294 2967 2395 3033 Qui
2424 2969 2673 3037 adimplet
2710 2968 2856 3036 quasi
2899 2964 3194 3039 Euphrates
3236 2980 3483 3039 sensum:
3525 2962 3614 3034 qui
3644 2962 3822 3017 multi-

2220 3040 2382 3113 plicat
2410 3041 2557 3111 quasi
2579 3040 2833 3113 Iordanis
2859 3041 2910 3094 in
2937 3036 3162 3113 tempore
3188 3036 3388 3113 messis.

2298 3110 2400 3183 Qui
2420 3105 2578 3167 'mittit
2601 3112 2931 3183 disciplinam
2951 3105 3081 3166 sicut
3108 3106 3295 3177 lucem,
3322 3108 3371 3164 et
3397 3107 3642 3164 assistens
3668 3105 3821 3177 quasi

2224 3180 2404 3237 Gehou
2426 3185 2477 3238 in
2500 3185 2585 3238 die
2606 3180 2896 3238 vindemiae.

2224 3218 2404 3237 μων..
2428 3218 2477 3238 ..ι
2500 3218 2583 3238 me
2609 3218 2896 3238 ι-ηιιιωησιο.

2144 3218 2192 3282 c
2301 3255 2403 3329 Qui
2428 3257 2638 3329 perﬁcit
2666 3257 2867 3329 primus
2887 3253 3022 3310 scire
3040 3252 3227 3324 ipsam,
3250 3261 3298 3307 et
3320 3250 3578 3324 infirmior
3608 3265 3708 3304 non
3734 3248 3821 3303 in-

2224 3325 2489 3397 vestigabit
2513 3325 2648 3382 eam.

2292 3388 2489 3471 A'mari
2520 3400 2666 3471 enim
2696 3396 2981 3454 abundavit
3024 3395 3270 3469 cogitatio
3300 3397 3436 3471 ejus,
3466 3402 3514 3450 et
3544 3388 3821 3448 consilium

2221 3467 2366 3541 illius
2391 3471 2453 3524 ab
2477 3466 2662 3541 abysso
2701 3487 2909 3541 magna.

2296 3539 2407 3613 Ego
2440 3538 2693 3613 sapientia
2734 3538 2897 3611 effudi
2932 3538 3182 3609 ﬂumina.

2295 3606 2577 3694 ligo-quasi
2601 3606 2788 3694 trames
2806 3606 2952 3683 aquae
2981 3613 3243 3694 immensa:
3263 3608 3328 3693 de
3346 3606 3530 3694 fluvio,
3558 3606 3821 3694 egoquasi

2218 3678 2365 3756 fluvii
2388 3678 2611 3756 Dioryx,
2644 3695 2690 3742 et
2713 3678 3206 3756 sicut'aquteductus
3226 3678 3359 3756 exivi
3397 3684 3451 3756 in
3476 3678 3757 3756 Paradiso.

2292 3755 2416 3829 Dixi
2444 3772 2463 3812 :
2495 3749 2697 3829 Rigabo
2741 3749 2945 3811 hortum
2982 3772 3149 3811 meum
3187 3753 3589 3828 plantutionum,
3633 3760 3680 3807 et
3709 3749 3820 3804 ine-

2220 3826 2398 3901 briabo
2423 3826 2687 3901 prati'mei
2714 3830 2958 3901 fructum.

2294 3896 2361 3952 Et
2390 3894 2505 3954 ecce
2527 3903 2695 3971 factus
2714 3894 2797 3954 est
2833 3898 2959 3953 mihi
2996 3908 3182 3953 trames
3223 3894 3518 3962 abundans,
3547 3905 3593 3950 et
3621 3894 3818 3966 fluvius

2220 3987 2365 4045 meus
2388 3972 2821 4045 appropinquubit
2844 3972 2913 4025 att
2936 3986 3097 4027 mare.

2296 4036 2565 4109 Quoniam'
2607 4036 2899 4099 doctrinam
2957 4042 3108 4113 quasi
3156 4036 3520 4113 antelucanum
3574 4037 3815 4092 illumiuo

2221 4115 2484 4190 omnibus,
2513 4123 2560 4190 et
2586 4116 2840 4190 enarrabo
2866 4109 3013 4190 illam
3046 4128 3205 4183 usque
3228 4110 3295 4164 ad
3321 4109 3685 4190 longinquum.
3776 4179 3788 4190 _

2294 4182 2581 4242 Penetrabo
2611 4204 2784 4241 omnes
2811 4185 3084 4257 inferiores
3114 4193 3284 4257 partes
3315 4190 3466 4236 terrm
3497 4222 3512 4246 ,
3563 4190 3610 4235 et
3651 4182 3816 4250 inspi-

2219 4257 2359 4382 ciat?)
2374 4275 2546 4343 omnes
2571 4252 2902 4325 dormientes,
2937 4267 2982 4311 et
3013 4252 3319 4311 illuminabo
3346 4270 3521 4309 omnes
3550 4263 3817 4324 sperantes

2221 4344 2275 4382 τη
2364 4347 2558 4382 omitto.

2221 4344 2275 4382 tn
2314 4344 2558 4384 uommo.

2290 4401 2475 4476 Adhuc
2510 4402 2801 4476 doctrinam
2846 4400 2993 4476 quasi
3037 4397 3359 4476 prophetiam
3403 4393 3714 4476 effundam,
3766 4400 3817 4476 et

2217 4472 2505 4543 relinquam
2533 4474 2683 4528 illam
2710 4465 3053 4544 quatt'entibus
3078 4465 3387 4544 sapientiam
3415 4509 3430 4534 ,
3474 4478 3522 4521 et
3554 4483 3655 4520 non
3680 4465 3820 4521 desi-

2220 4541 2421 4626 nam-in
2448 4541 3221 4626 progenies'illorumnusquIe'ip
3240 4556 3410 4626 ‘azvunt
3439 4549 3699 4626 sanctum.

594 4609 664 4666 Et
701 4602 1400 4680 onmium"excellentiuniet
1415 4602 1702 4679 humilium
1732 4616 1891 4681 corda
1931 4624 2116 4680 virtute
2142 4610 2196 4674 Ι)
2298 4602 2478 4672 Videte
2541 4602 2748 4672 iioniam
2771 4633 2873 4671 non
2900 4614 2999 4669 soli
3028 4602 3154 4669 mihi
3180 4602 3433 4680 laboravi,
3465 4610 3557 4668 sed
3579 4608 3813 4665 onmibus

594 4682 721 4739 lcavi
736 4701 755 4742 .'
774 4697 821 4741 et
847 4688 899 4744 in
920 4688 1001 4744 his
1022 4693 1255 4744 omnibus
1282 4700 1512 4744 requiem
1536 4697 1765 4744 aumsini,
1795 4706 1841 4744 et
1870 4695 1926 4744 in
1952 4696 2116 4744 hmre—
2220 4634 2601 4744 exauirentibus
2626 4689 2911 4744 veritatem.

521 4682 756 4768 cnalcavii
774 4697 821 4741 et
847 4688 1001 4768 initis
1022 4693 1255 4768 omnibus
1282 4700 1512 4768 requiem
1536 4697 1767 4767 qua’sivi,
1795 4706 1841 4752 et
1870 4695 1926 4752 in
1952 4696 2116 4753 ha’re—

520 4753 682 4825 ditate
709 4755 919 4815 Domini
945 4767 1204 4825 morabor.

598 4824 737 4913 Tunc
765 4837 1029 4913 praecepit,
1057 4848 1107 4913 et
1130 4824 1261 4913 dixit
1279 4832 1407 4913 mihi
1428 4838 1640 4896 Creator
1668 4840 1930 4897 omnium:
1958 4844 2005 4896 et
2027 4839 2116 4913 qui

523 4908 837 4987 περηαπς.
867 4908 1109 4987 reqvies“
1134 4911 1188 4987 in
1213 4911 1547 4987 ιαρςτιεαριςιο
1573 4928 1707 4987 meo:

597 4962 665 5025 Et
682 4962 975 5054 dixit'mihi
996 4962 1107 5037 .41};
1126 4962 1289 5038 Iacob
1305 4962 1645 5054 'iiiiiitiuit,"éi
1754 4976 1924 5041 Israel
1953 4985 2118 5040 luere-

522 5041 708 5115 ditare,
732 5059 780 5102 et
800 5050 854 5105 in
874 5051 1044 5109 electis
1073 5056 1195 5110 meis
1221 5057 1364 5110 mitte
1389 5041 1607 5112 radices.

594 5116 671 5173 Ab
696 5121 874 5200 initio,
888 5134 938 5179 et
959 5136 1076 5182 ante
1109 5127 1296 5200 stecula
1320 5138 1490 5200 creata
1515 5145 1651 5200 sum,
1673 5134 1730 5200 et
1758 5143 1917 5200 usque
1938 5126 2008 5183 ad
2032 5131 2121 5197 fu-

523 5192 695 5244 turum
716 5192 963 5268 saxulum
987 5214 1090 5253 non
1132 5198 1388 5268 desinam,
1426 5198 1475 5255 et
1506 5200 1562 5255 in
1588 5192 1903 5256 habitatione
1939 5192 2120 5255 sancta

524 5274 700 5333 eorum
728 5267 839 5333 ipso
866 5268 1175 5324 ministravi.

502 5396 507 5401 _
559 5405 570 5415 .
597 5330 766 5418 ιξςμίὸ
791 5338 844 5391 in
867 5338 1233 5418 Sionﬁrmata
1250 5359 1391 5418 sum,
1417 5353 1464 5418 et
1496 5344 1548 5396 in
1573 5344 1775 5398 civitate
1794 5338 2122 5414 sanctiﬁcata

522 5406 764 5486 similiter
782 5406 1035 5486 requievi,
1080 5425 1125 5468 et
1156 5414 1207 5466 in
1236 5406 1527 5486 Jerusalem
1553 5424 1777 5486 potestas
1806 5431 1939 5471 mea.

596 5474 922 5563 Etnradicavi
961 5472 1263 5563 ἰςξξ-ροριιιοΔ
1286 5472 1658 5563 honori/itala,
1692 5498 1738 5563 ᾳ
1767 5488 1818 5541 in
1853 5494 1998 5552 Pam
2024 5472 2121 5563 Dei

521 5547 934 5673 prﬁhwreditas
976 5547 1139 5620 illius,
1171 5569 1216 5613 et
1246 5557 1299 5612 iu
1328 5547 1656 5628 pleniiudine
1692 5547 2004 5615 Sanctorum
2031 5557 2123 5612 de-

551 5636 572 5672 :
634 5637 682 5673 Ιο
706 5640 840 5673 ηιεα.

551 5635 682 5674 ληιιο
706 5640 840 5678 mea.

598 5693 760 5775 Quasi
776 5696 960 5775 cedrus
974 5700 1215 5775 Aea'altata
1235 5717 1349 5755 sum
1373 5700 1429 5755 in
1449 5696 1669 5771 Libano,
1686 5712 1733 5759 et
1747 5703 1895 5774 quasi
1915 5718 2123 5774 cypres-

520 5781 607 5820 sus
635 5772 686 5819 in
718 5779 890 5824 monte
924 5772 1078 5826 Sion.

598 5836 765 5920 Quasi
794 5839 973 5920 palma
1004 5843 1242 5920 excitata
1272 5859 1387 5901 sum
1426 5844 1478 5899 in
1504 5842 1692 5918 Gades,
1723 5857 1769 5903 et
1798 5847 1944 5918 quasi
1969 5844 2123 5919 plau-

525 5911 653 5964 tatio
682 5926 815 5964 rosa:
838 5912 891 5967 in
911 5911 1146 5973 Jericho.

2220 4688 2601 4761 exquirentibus
2626 4689 2911 4744 veritatem.

2793 4812 3021 4879 CAPUT
3058 4816 3231 4877 XXV.

2291 4982 2360 5039 ln’
2390 4983 2553 5040 tribus
2578 4981 2829 5051 placitum
2860 4988 2934 5036 est
2964 4977 3171 5051 spiritui
3198 4993 3310 5033 meo
3333 5016 3351 5047 ,
3395 4991 3514 5050 qua:
3550 4978 3668 5032 sunt
3698 4990 3821 5049 pro-

2222 5056 2341 5131 bata
2368 5050 2698 5131 coramDeo,
2731 5064 2777 5110 et
2799 5050 3093 5109 hominibus
3119 5065 3139 5107 :
3291 5120 3303 5131 ε
3631 5127 3641 5131 _
3705 5117 3717 5131 .

2295 5126 2587 5199 Concordia
2616 5120 2834 5199 fratrum
2855 5167 2870 5191 ,
2902 5133 2953 5199 et
2979 5138 3123 5179 amor
3152 5120 3508 5195 proximorum
3533 5160 3550 5189 ,
3595 5127 3642 5175 et
3670 5120 3745 5173 vir
3770 5126 3821 5174 et

2222 5198 2408 5254 mulier
2439 5199 2565 5254 bene
2592 5198 2691 5255 sibi
2727 5198 3122 5253 consentientes.

2294 5270 2421 5326 Tres
2453 5271 2645 5340 species
2684 5269 2842 5326 odivit
2877 5269 3054 5324 anima
3092 5282 3207 5323 mea
3231 5304 3248 5335 ,
3296 5268 3345 5321 et
3387 5276 3643 5338 aggravor
3670 5261 3821 5316 valde

2223 5344 2417 5397 animi:
2442 5343 2652 5397 illorum
2687 5359 2705 5397 :
3136 5396 3140 5402 .

2300 5413 2591 5482 Pauperem
2634 5412 2955 5482 superbum:
2997 5410 3205 5467 divitem
3251 5408 3546 5467 mendacem
3588 5414 3609 5463 .‘

2228 5482 2433 5558 fatuum
2462 5497 2507 5541 et
2533 5487 2871 5542 insensatum.

2302 5559 2432 5627 Qum
2457 5560 2511 5613 in
2529 5562 2801 5629 juventute
2830 5566 2920 5612 tua
2945 5570 3049 5611 non
3073 5552 3399 5628 congregasti
3424 5596 3439 5623 ,
3480 5547 3739 5623 quomodo
3762 5544 3821 5602 in

2227 5639 2484 5687 senectute
2512 5639 2603 5684 tua
2632 5630 2894 5684 invenies?

2304 5709 2473 5768 Quam
2516 5702 2799 5772 speciosum
2845 5698 3036 5755 cantici
3077 5698 3331 5772 judicium
3358 5737 3375 5764 ,
3422 5705 3469 5751 et
3513 5689 3825 5768 presbyteris

2228 5788 2533 5845 cognoscere
2558 5772 2860 5826 consilium!
2970 5844 2975 5845 ν
3132 5842 3141 5845 Α
3239 5842 3247 5845 _
3506 5837 3517 5845 ,
3586 5838 3653 5845 ,γ

2304 5836 2472 5972 Fanni
2499 5845 2731 5915 speciosa
2760 5844 3005 5900 veteranis
3032 5842 3282 5907 sapientia
3314 5880 3332 5910 ,
3374 5846 3421 5895 et
3464 5836 3704 5912 gloriosis
3743 5836 3825 5890 im

2324 5926 2482 5972 cetus.
2515 5922 2561 5972 et
2588 5914 2899 5972 consilium!

2230 5914 2482 5984 tetlcctus,
2515 5922 2561 5973 et
2588 5914 2899 5972 consilium!

3652 5408 3823 5461 s‘entm
