4182 6338
264 339 375 395 4-ιῖ

264 528 384 584 Dei.

342 598 392 654 Ν
397 618 539 677 orem
560 601 974 677 insuspicobilia
989 602 1138 656 cordi
1164 603 1510 677 magniﬁcavi,
1540 612 1586 660 et
1606 604 1860 659 decimum

259 673 434 746 dicam
465 674 517 726 in
551 674 731 746 lingua
760 674 1052 727 hominibus
1085 688 1104 728 :

338 742 511 798 Homo
538 786 551 809 ,
601 742 690 814 q'ui
726 747 1052 815 jueundatur
1086 746 1137 798 in
1164 744 1287 815 [iliis
1314 788 1328 811 ,
1379 746 1549 801 vivens
1595 756 1641 801 et
1686 746 1861 802 videns

258 817 643 870 subversioucm
672 818 951 869 inimicoru
976 835 1003 867 ιι
1036 834 1269 872 suorum.

338 885 532 941 Beatus
561 890 647 956 qui
674 886 871 941 habitat
904 904 1017 941 eum
1049 890 1266 943 muliere
1293 899 1519 955 sensata,
1551 900 1602 945 et
1632 889 1719 955 qui
1747 888 1860 944 lin-

258 975 375 1033 grta
395 976 490 1012 sua
523 977 625 1013 non
654 958 959 1033 estglapsus,
994 969 1039 1012 et
1064 962 1150 1027 qui
1180 978 1282 1015 non
1308 962 1508 1016 servivit
1536 960 1761 1033 indignis
1784 979 1857 1017 se.

338 1030 527 1105 Beatus
554 1073 567 1095 ,
611 1032 698 1105 qui
726 1030 917 1105 invenit
946 1033 1169 1085 amicum
1196 1050 1370 1089 verum
1399 1076 1412 1102 ,
1463 1043 1509 1086 et
1537 1036 1624 1105 qui
1652 1030 1860 1089 enarrat

248 1104 516 1173 justitiam
547 1104 662 1156 auri
703 1102 951 1157 audienti.

339 1174 506 1240 Quam
538 1190 775 1245 magnus,
807 1175 894 1243 qui
920 1176 1110 1231 invenit
1136 1175 1443 1245 sapientiam
1473 1184 1519 1230 et
1550 1176 1860 1233 scientiam!

255 1247 349 1299 sed
379 1263 481 1298 non
510 1256 583 1298 est
608 1262 765 1316 super
797 1248 1057 1300 timentem
1089 1248 1389 1302 Dominum.

336 1316 511 1389 Timor
544 1315 640 1370 Dei
669 1315 825 1382 super
856 1320 1030 1389 omnia
1061 1335 1117 1373 se
1144 1318 1495 1389 superposuit.

334 1388 526 1443 Beatus
550 1390 720 1451 homo,
753 1391 834 1442 cui
861 1388 1113 1444 donatum
1138 1401 1210 1444 est
1239 1388 1426 1444 habere
1456 1392 1691 1445 timorem
1717 1390 1816 1446 Dei
1838 1402 1855 1447 :

252 1460 345 1527 qui
372 1469 503 1514 tenet
532 1460 702 1520 illum,
736 1462 819 1513 cui
850 1461 1265 1515 ossimilabitur?

336 1530 511 1585 Timor
543 1532 637 1584 Dei
667 1533 869 1606 initium
899 1532 1192 1588 dilectionis
1223 1536 1376 1606 ejus:
1408 1533 1531 1602 ﬁdei
1560 1542 1731 1588 autem
1757 1534 1859 1588 ini-

254 1605 391 1675 tium
422 1603 850 1675 agglutinandum
882 1612 953 1656 est
984 1606 1049 1658 ei.

335 1674 517 1750 Omnis
550 1677 724 1750 plaga
750 1676 959 1729 tristitia
984 1676 1157 1731 cordis
1187 1683 1303 1731 est:
1330 1680 1380 1729 et
1407 1677 1574 1731 omnis
1606 1675 1809 1733 malitia
1836 1724 1850 1750 ,

256 1748 493 1814 nequitia
522 1747 769 1800 mulieris.

334 1817 401 1890 Et
435 1833 633 1871 omnem
660 1818 888 1890 plagam,
924 1827 969 1872 et
1001 1836 1103 1872 non
1132 1818 1341 1890 plagam
1362 1819 1547 1873 videbit
1569 1820 1739 1874 cordis
1764 1836 1784 1876 :

333 1887 401 1941 Et
432 1906 629 1943 onmem
662 1887 962 1955 nequitiam,
991 1894 1036 1942 el
1070 1887 1169 1944 non
1194 1887 1474 1960 nequitiam
1506 1892 1736 1945 mulieris
1762 1908 1779 1946 :

338 1960 403 2012 Et
434 1976 637 2015 omnem
668 1960 961 2025 obductum,
994 1970 1042 2015 et
1074 1979 1174 2015 non
1200 1962 1474 2015 obductum
1519 1964 1809 2017 odientium
1836 1980 1854 2019 :

336 2030 403 2083 Et
435 2049 630 2085 onmem
657 2033 958 2097 vindictam,
990 2042 1034 2086 et
1064 2050 1165 2087 non
1191 2034 1469 2086 vindictam
1499 2034 1849 2089 inimicorum.

335 2101 460 2176 lion
486 2113 559 2155 est
587 2114 740 2176 caput
770 2105 986 2176 nequius
1030 2121 1186 2171 super
1210 2114 1363 2175 caput
1394 2103 1596 2157 colubri
1624 2121 1641 2158 :

334 2171 402 2225 Et
451 2192 551 2228 non
597 2184 672 2228 est
712 2175 793 2228 ira
841 2171 997 2243 super
1048 2176 1177 2229 iram
1226 2171 1479 2230 mulieris.
1531 2176 1857 2232 Commorari

257 2247 399 2299 leoni
426 2259 473 2301 et
506 2246 718 2300 draconi
748 2246 969 2317 placebit
994 2290 1008 2316 ,
1054 2264 1207 2319 quam
1236 2246 1473 2301 habitare
1499 2263 1614 2302 cum
1644 2249 1857 2304 muliere

260 2334 501 2386 nequanu

338 2388 852 2457 NeqttitiaZmulieris
879 2391 1118 2444 immutat
1141 2391 1327 2461 faciem
1355 2391 1467 2461 ejus
1497 2406 1514 2444 :
1557 2397 1603 2445 et
1632 2391 1856 2446 obctecat

258 2461 457 2532 vultum
484 2478 635 2514 suum
664 2472 923 2530 tamquam
966 2478 1116 2516 ursus
1146 2477 1165 2515 :
1195 2471 1238 2515 et
1270 2463 1418 2532 quasi
1446 2479 1654 2517 saccum
1681 2472 1854 2518 osten-

257 2533 361 2603 dit.
392 2531 462 2586 In
495 2534 661 2586 medio
689 2535 1038 2603 proximorum
1069 2533 1198 2599 eius.

333 2601 594 2677 I_ngemuit
622 2601 697 2658 vir
724 2606 857 2677 ejus,
888 2617 931 2658 et
959 2604 1175 2659 audiens
1202 2604 1475 2677 suspiravit
1504 2604 1781 2658 modicum.

332 2673 512 2729 Brevis
542 2677 705 2729 omnis
738 2673 936 2739 malitia
964 2692 1119 2738 super
1150 2673 1403 2729 malit'ium
1434 2677 1665 2730 mulieris
1686 2719 1700 2742 ,
1743 2692 1856 2733 sors

257 2756 595 2814 peccatorum
617 2749 764 2801 cadet
787 2763 942 2816 super
970 2746 1138 2801 illaut.

334 2820 484 2891 Sicut
532 2836 775 2872 ascensus
818 2836 1063 2873 arenosus
1109 2821 1160 2872 in
1210 2818 1425 2891 pedibus
1478 2817 1702 2873 veterani
1734 2834 1753 2874 .'
1782 2820 1857 2875 sic

255 2890 449 2943 mulier
480 2891 715 2961 linguata
747 2891 940 2943 homini
966 2891 1159 2960 quieto.

337 2961 421 3035 Ne
450 2964 693 3035 respicias
722 2963 774 3015 in
806 2962 1295 3034 mulieris‘speciem,
1327 2972 1375 3017 et
1399 2977 1501 3015 non
1522 2963 1856 3035 concupiscas

258 3034 532 3105 mulierem
562 3034 615 3086 in
645 3035 827 3105 specie.

334 3104 575 3158 Mulieris
604 3103 706 3168 ira,
737 3112 784 3158 et
810 3105 1162 3169 irreverentia,
1193 3114 1241 3159 et
1272 3103 1510 3174 confusio
1534 3121 1744 3175 magna.

337 3176 533 3229 Mulier
562 3178 604 3229 si
635 3176 913 3243 primatum
944 3175 1128 3231 habeat
1153 3218 1167 3245 ,
1210 3177 1473 3230 contraria
1498 3186 1568 3230 est
1598 3178 1705 3231 riro
1736 3193 1847 3232 suo.

1517 340 1726 399 LIBER
1768 334 2303 404 ECCLESIASTICI.

339 457 546 532 Corona
571 472 755 514 senum
782 456 947 513 multa
976 455 1184 528 peritia,
1215 463 1264 514 et
1285 458 1455 532 gloria
1476 457 1689 514 illorum
1715 461 1869 516 timor
1898 465 1947 524 Α

3462 348 3568 407 “6

2051 462 2117 517 In
2146 464 2259 534 filia
2289 481 2390 519 non
2415 470 2676 520 avertente
2701 463 2754 521 se
2782 510 2796 535 ,
2843 464 2993 535 ﬁrma
3040 464 3323 521 custodiam
3346 482 3366 522 .'
3394 485 3456 524 ne
3485 470 3567 524 in-

1974 545 2122 590 venta
2146 538 2411 590 occasione
2442 547 2615 591 utatur
2640 554 2708 592 se.

2041 608 2115 683 Ab
2145 610 2283 683 omni
2312 609 2641 683 irreverentia
2666 609 3070 683 oculorumejus
3094 626 3213 665 cave
3234 649 3250 676 ,
3298 618 3344 665 et
3372 627 3436 667 ne
3462 612 3564 666 mi-

1965 681 2092 733 reris
2120 680 2165 733 si
2194 689 2240 733 te
2264 681 2568 749 neglexerit.
2978 680 2989 683 ’
3304 684 3325 701 ⁸

2036 751 2183 805 Sicut
2212 754 2374 806 viator
2401 754 2596 818 sitiens,
2633 753 2702 806 ad
2728 757 2920 823 [autem
2942 769 2997 807 os
3023 752 3238 824 aperiet,
3266 759 3314 806 et
3338 754 3400 807 ab
3422 757 3563 808 omni

1963 837 2096 890 aqua
2122 825 2355 894 proxima
2385 825 2514 879 bibet
2540 868 2553 891 ,
2598 833 2643 877 et
2680 822 2857 878 contra
2897 822 3094 877 omnem
3124 822 3300 892 palum
3329 824 3520 879 sedebit
3545 867 3560 891 ,

1964 902 2009 967 et
2050 903 2229 967 contra
2274 912 2475 950 omnem
2517 897 2756 967 sagittam
2795 897 2983 967 aperiet
3013 898 3347 967 pharetram,
3398 896 3560 951 donec

1966 966 2193 1030 deﬁciat.

2032 1036 2218 1091 Gratia
2247 1039 2480 1093 mulieris
2508 1056 2561 1092 se
2581 1038 2707 1094 tula:
2746 1038 3019 1093 delectabit
3061 1038 3229 1092 virum
3269 1052 3464 1107 suum,
3508 1047 3558 1094 et

1963 1124 2082 1161 ossa
2106 1110 2246 1162 illius
2277 1110 2639 1177 impinguabit.

2038 1179 2326 1252 Disciplina
2354 1182 2493 1234 illius
2521 1184 2701 1235 datum
2728 1181 2821 1236 Dei
2846 1190 2941 1238 est.

2037 1249 2227 1333 :ilulier
2254 1263 2459 1307 sensa'a
2490 1262 2535 1308 et
2562 1256 2743 1323 tacita,
2777 1272 2880 1309 non
2911 1263 2983 1307 cst
3015 1253 3309 1307 immutatio
3341 1254 3561 1309 erudita:

1961 1338 2166 1376 αηηηίε.

2031 1392 2214 1467 ρναιὶα
2241 1411 2396 1465 super
2421 1397 2645 1467 gratiam
2676 1397 2861 1450 mulier
2890 1406 3090 1461 sancta,
3125 1406 3171 1451 et
3200 1396 3483 1466 pttdorata.

2035 1464 2212 1548 anis
2254 1464 2437 1521 autem'
2468 1468 2776 1540 ponderatio
2822 1486 2923 1523 non
2966 1479 3039 1522 est
3066 1464 3224 1538 digna
3252 1469 3560 1523 continentis

1959 1554 2171 1591 ammte.

2036 1608 2187 1662 Sicut
2228 1608 2305 1663 sol
2346 1612 2515 1665 oriens
2548 1612 2739 1665 mundo
2766 1613 2817 1665 in
2849 1610 3118 1667 altissimis
3151 1606 3245 1664 Dei
3277 1625 3295 1665 .'
3326 1611 3399 1666 sic
3447 1628 3562 1666 mu-

1960 1680 2103 1756 lieris
2132 1680 2277 1735 bonce
2305 1683 2498 1756 species
2532 1682 2584 1736 in
2612 1694 2971 1756 ornamentum
2995 1682 3181 1756 domus
3209 1686 3341 1756 ejus.

2031 1747 2263 1805 Lucerna
2289 1747 2563 1821 splendens
2592 1771 2750 1820 super
2777 1754 3141 1807 candelabrum
3175 1747 3410 1808 sanctum
3437 1796 3451 1821 ,
3501 1761 3553 1809 et

1958 1824 2152 1894 species
2183 1825 2331 1894 faciei
2361 1840 2515 1891 super
2545 1834 2746 1880 (etatem
2770 1826 3023 1878 stabilem.

2033 1895 2297 1970 Columna:
2316 1912 2486 1970 aurete
2506 1915 2661 1970 super
2683 1898 2823 1970 bases
2850 1906 3140 1967 argenteas,
3170 1900 3213 1951 et
3236 1897 3394 1970 pedes
3419 1898 3558 1969 ﬁrmi

1957 1976 2112 2035 super
2143 1967 2348 2035 plantas
2380 1967 2580 2021 stabilis
2606 1968 2855 2022 mulieris.

2031 2035 2395 2093 Fundamenta
2426 2048 2614 2093 (eterna
2642 2056 2801 2106 supra
2833 2048 3026 2107 petram
3055 2037 3300 2107 solidam,
3332 2048 3378 2096 et
3409 2056 3562 2095 man-

1958 2109 2081 2161 data
2115 2107 2209 2163 Dei
2240 2112 2293 2164 in
2323 2111 2474 2164 corde
2507 2112 2737 2166 mulieris
2763 2120 2974 2165 sanctaz.

2031 2179 2096 2233 lu
2121 2182 2322 2236 duobus
2352 2184 2711 2237 contristatum
2737 2193 2810 2237 est
2840 2198 2928 2236 cor
2958 2198 3127 2237 meum
3154 2224 3168 2251 ,
3218 2192 3266 2237 et
3312 2184 3366 2239 in
3410 2184 3562 2239 tertio

1958 2250 2233 2306 iracundia
2265 2253 2389 2307 mihi
2412 2256 2610 2308 advenit
2638 2269 2656 2308 :

2043 2321 2128 2374 Vir
2160 2323 2375 2379 bellator
2406 2325 2647 2390 deﬁciens
2673 2341 2763 2399 per
2788 2325 3021 2397 inopiam
3066 2340 3084 2382 :

1959 2401 2278 2465 conlemptus
2306 2413 2325 2451 .'

2029 2465 2098 2518 Et
2128 2464 2216 2542 qui
2256 2469 2638 2542 transgreditur
2674 2486 2703 2522 a
2726 2469 2937 2540 justitia
2963 2464 3032 2523 ad
3060 2479 3327 2542 peccatum
3356 2511 3370 2537 ,
3416 2468 3559 2523 Deus

1958 2539 2157 2612 par_avit
2191 2555 2310 2592 eum
2337 2542 2406 2595 ad
2438 2539 2777 2612 romphteam.

2034 2607 2167 2685 Quae
2185 2613 2381 2685 species
2403 2607 2632 2685 difﬁciles
2656 2621 2700 2665 et
2718 2612 3019 2685 periculosa:
3042 2611 3167 2666 mihi
3187 2621 3558 2685 apparuerunt.

1960 2678 2180 2756 Difficile
2206 2682 2411 2737 exuitur
2434 2678 2762 2756 negotians'a
2788 2684 3102 2756 negligentia
3128 2700 3145 2737 ε
3178 2678 3232 2739 εί
3258 2678 3361 2739 non
3401 2685 3558 2754 iusti-

1958 2750 2196 2821 ﬁcabitur
2224 2771 2389 2826 caupo
2417 2772 2447 2808 a
2475 2750 2699 2827 peccatis
2736 2750 3011 2810 labiorum.

2512 2874 2741 2941 CAPUT
2782 2884 2998 2942 XXVII.

2032 3016 2512 3090 Pr0pterin0piam
2542 3018 2694 3071 multi
2726 3016 3098 3086 deliquerunt:
3145 3024 3191 3071 et
3235 3018 3325 3085 qui
3372 3020 3562 3091 quierit

1959 3089 2292 3162 locupletari,
2327 3089 2511 3144 avertit
2542 3092 2748 3143 oculum
2776 3106 2949 3162 suum.

2033 3158 2182 3216 Sicut
2227 3164 2280 3215 in
2324 3162 2496 3237 medio
2528 3160 2857 3237 compaginis
2897 3158 3147 3237 lapidum
3164 3161 3315 3237 palus
3340 3164 3516 3237 ﬁgitur
3546 3181 3564 3219 :

3126 2334 3172 2381 et
3210 2318 3287 2381 vir
3323 2335 3562 2382 sensatus

336 3247 440 3301 Cor
468 3232 681 3315 humile,
708 3256 755 3301 et
780 3249 937 3319 facies
963 3232 1224 3314 tristis,'et
1254 3250 1409 3319 plaga
1438 3249 1641 3316 cordis,
1672 3250 1858 3303 mulier
1887 3247 1932 3310 C
1963 3234 2037 3319 §ic
2058 3243 2104 3287 et
2140 3236 2272 3287 inter
2292 3235 2534 3319 ‘medium
2572 3232 2885 3287 venditionis
2916 3241 2961 3285 et
2990 3234 3263 3305 emptionis
3294 3232 3563 3309 angustia-

255 3336 501 3384 nequam.

336 3392 531 3444 Alanus
559 3389 771 3459 debiles,
806 3400 851 3445 et
883 3398 1051 3461 genua
1077 3390 1330 3445 dissoluta
1351 3434 1365 3460 ,
1397 3389 1585 3444 mulier
1615 3407 1730 3461 qua:
1759 3408 1860 3447 non

258 3462 524 3530 beatiﬁcat
550 3465 713 3516 virum
745 3480 918 3517 suum.

331 3535 376 3587 Α
406 3534 619 3587 muliere
643 3534 849 3588 initium
879 3534 1077 3605 factum
1106 3546 1181 3590 est
1212 3535 1443 3607 peccati,
1494 3540 1542 3585 ct
1584 3549 1673 3606 per
1714 3532 1861 3589 illam

258 3622 438 3659 amnes
474 3623 746 3661 mmtmur.

335 3677 459 3730 Non
488 3678 574 3731 des
602 3693 751 3747 aqua!
774 3686 877 3732 tute
904 3678 1116 3740 exitum,
1150 3693 1241 3731 nec.
1266 3676 1526 3732 modicum
1560 3693 1578 3731 :
1623 3692 1715 3731 nec
1746 3692 1861 3731 mu.

255 3747 376 3802 lieri
409 3765 629 3819 nequam
659 3750 859 3802 veniam
895 3748 1210 3820 prodeundi.

332 3820 394 3875 Si
426 3835 528 3872 non
557 3822 893 3874 ambuiaverit
925 3821 992 3874 ad
1025 3837 1234 3874 manum
1265 3829 1405 3876 tuam
1438 3867 1452 3893 ,
1500 3820 1780 3893 confundet
1813 3832 1860 3875 te

257 3892 313 3944 in
345 3901 618 3961 conspectu
649 3892 998 3945 inimicorum.

336 3963 373 4014 Α
409 3958 650 4017 carnibus
679 3967 777 4018 tuis
808 3962 1055 4017 abscinde
1085 3964 1270 4031 illaut,
1318 3981 1382 4019 ne
1424 3980 1622 4037 semper
1656 3971 1701 4019 te
1729 3958 1862 4018 abu-

266 4044 435 4088 tatur.

838 4152 1067 4209 CAPUT
1108 4152 1303 4210 XXVI.

340 4307 579 4363 Mulier-is
613 4309 760 4364 bona:
788 4309 965 4365 beatus
990 4311 1066 4364 vir
1105 4327 1123 4365 :
1169 4324 1413 4364 numerus
1441 4310 1575 4365 enim
1602 4322 1860 4364 annorum

257 4379 404 4433 illius
432 4382 647 4448 duplex.

340 4450 392 4525 Μ
403 4453 537 4506 utier
565 4453 714 4525 fortis
747 4453 965 4507 oblectat
995 4454 1161 4508 virum
1197 4469 1349 4507 suum
1380 4498 1393 4524 ,
1446 4463 1495 4508 et
1544 4469 1708 4509 annos
1746 4455 1862 4510 vita:

256 4523 413 4596 illius
438 4526 491 4577 in
521 4523 645 4596 pace
668 4525 927 4596 implebit.

337 4592 475 4668 _Pars
500 4592 633 4650 bona
659 4641 672 4663 ,
708 4592 891 4649 mulier
919 4597 1050 4650 bona
1075 4638 1089 4661 ,
1117 4598 1170 4652 in
1198 4604 1342 4668 parte
1372 4597 1659 4652 timentium
1690 4595 1857 4651 Deum

255 4665 473 4738 dabitur
493 4669 604 4721 viro
634 4683 727 4737 pro
762 4669 916 4738 factis
942 4669 1107 4722 bonis.

334 4736 525 4793 Divitis
555 4736 823 4802 autem,et
851 4742 1094 4809 pauperis
1122 4755 1209 4793 cor
1237 4739 1447 4803 bonum,
1482 4740 1537 4795 in
1563 4742 1703 4796 omni
1733 4753 1861 4798 tent-

257 4825 389 4879 pore
413 4812 585 4865 vultus
607 4812 817 4864 illorum
842 4812 1048 4866 hilaris.

332 4882 376 4933 Α
403 4882 566 4957 tribus
598 4884 767 4937 timuit
794 4896 883 4938 cor
909 4899 1077 4937 meum
1103 4920 1118 4951 ,
1169 4891 1216 4938 et
1260 4884 1313 4938 in
1347 4891 1533 4955 quarto
1559 4886 1719 4957 facies
1746 4902 1859 4942 mea

255 4956 443 5007 metuit
469 4971 488 5010 :

330 5022 640 5097 Delaturam
669 5027 887 5082 civitatis
916 5044 927 5081 :
959 5036 1006 5083 et
1028 5026 1381 5083 collectionem
1409 5028 1612 5097 populi,

333 5096 664 5180 Calumniam
732 5100 1089 5155 mendacem:
1152 5115 1307 5171 super
1359 5096 1576 5154 mortem
1605 5142 1619 5167 ,
1686 5104 1863 5158 omnia

295 5185 437 5223 ravta
465 5185 483 5222 ἔ

252 5187 501 5313 ῳῗέᾕῶ
527 5243 699 5297 cordis
725 5250 770 5296 et
806 5242 1006 5307 luctus,
1036 5243 1220 5297 mulier
1250 5244 1513 5313 zelotypa.

332 5310 402 5396 In
423 5313 639 5369 muliere
661 5314 902 5387 zelotypa
926 5314 1196 5387 ﬂagellum
1225 5310 1438 5388 lingula,
1462 5314 1699 5371 omnibus
1721 5335 1862 5373 com-

254 5400 525 5440 mumcans
533 5426 546 5439 .

334 5457 485 5512 Sicut
510 5458 702 5512 bonum
723 5461 915 5531 jugum
939 5500 953 5521 ,
994 5460 1135 5531 quod
1180 5466 1411 5513 movetur
1436 5498 1451 5524 ,
1503 5460 1575 5514 ita
1602 5469 1649 5515 et
1680 5461 1863 5518 mulier

254 5544 479 5609 nequam
502 5570 519 5598 ,
570 5531 661 5600 qui
693 5541 827 5585 tenet
856 5530 1027 5598 illam,
1059 5531 1209 5602 quasi
1234 5534 1323 5604 qui
1350 5533 1688 5603 apprehendit
1714 5550 1856 5590 scor-

253 5618 487 5670 ptonem.

332 5672 534 5750 hlulier
557 5674 756 5728 ebriosa
779 5676 860 5729 ira
890 5692 1076 5748 magna
1104 5692 1121 5730 :
1148 5685 1196 5731 et
1224 5676 1538 5730 contumelia
1557 5719 1572 5745 ,
1615 5687 1663 5731 et
1692 5680 1858 5750 turpi-

258 5745 385 5817 tudo
414 5744 561 5799 illius
594 5763 693 5799 non
726 5756 940 5817 tegetur.

330 5816 643 5893 Fornicatio
670 5819 900 5872 mulieris
928 5822 983 5875 in
1007 5820 1312 5879 extollentia
1347 5821 1656 5893 oculorum,
1708 5830 1758 5877 et
1799 5822 1853 5878 in

257 5888 521 5959 palpebris
551 5889 695 5945 illius
724 5903 1047 5961 agnoscetur.

1964 3306 2106 3376 bitur
2128 3311 2414 3376 peccatum.

2036 3375 2346 3430 Conteretur
2369 3392 2484 3429 cum
2508 3375 2833 3446 delinquente
2855 3375 3122 3432 delictum.

2038 3448 2095 3503 Si
2122 3465 2220 3502 non
2248 3449 2303 3503 in
2334 3450 2516 3503 timore
2548 3448 2753 3501 Domini
2781 3447 3005 3501 tenueris
3038 3457 3085 3501 te
3122 3449 3370 3504 instanter
3393 3490 3409 3518 ,
3460 3450 3559 3505 cito

1961 3523 2275 3574 subvertetur
2303 3521 2485 3573 domus
2514 3528 2623 3574 tua.

2038 3592 2187 3647 Sicut
2230 3593 2282 3646 in
2329 3606 2640 3665 percussuro
2689 3589 2843 3665 cribri
2890 3589 3169 3646 remanebit
3217 3591 3442 3665 pulvis:
3486 3594 3561 3649 sic

1963 3666 2144 3735 aporia
2170 3664 2392 3717 hominis
2423 3666 2473 3716 in
2503 3666 2731 3735 cogitatu
2756 3663 2920 3716 illius.

2050 3735 2180 3789 Vasa
2203 3736 2353 3807 figuli
2380 3735 2559 3807 probat
2584 3738 2796 3805 fornae,
2830 3745 2878 3787 et
2904 3736 3132 3789 homines
3145 3739 3321 3808 justos
3347 3738 3561 3792 tentatio

1963 3807 2330 3861 tribulationis.

2037 3879 2187 3933 Sicut
2217 3878 2484 3933 rusticatio
2508 3878 2572 3932 de
2600 3878 2740 3948 ligno
2772 3878 2991 3931 ostendit
3012 3882 3241 3949 fructum
3270 3877 3415 3933 illius
3441 3895 3459 3935 :
3486 3879 3562 3933 sic

1962 3950 2165 4004 verbum
2197 3967 2258 4004 ea:
2288 3951 2513 4023 cogitatu
2542 3950 2711 4004 cordis
2739 3949 2985 4023 hominis.

2036 4026 2167 4076 Ante
2192 4021 2474 4077 sermonem
2501 4039 2602 4076 non
2634 4023 2812 4076 laudes
2835 4022 3036 4077 virum:
3059 4021 3167 4076 luec
3183 4021 3322 4075 enim
3345 4022 3557 4077 tentatio

1963 4104 2039 4148 est
2080 4091 2369 4148 hominum.

2037 4165 2099 4222 Si
2127 4169 2357 4235 sequaris
2376 4162 2660 4236 justitiam,
2695 4162 3055 4234 apprehendes
3089 4163 3232 4219 illam
3257 4180 3276 4218 :
3299 4174 3346 4220 et
3378 4167 3558 4221 indues

1962 4239 2113 4309 quasi
2143 4237 2380 4304 podcrem
2403 4237 2639 4306 honoris,
2673 4246 2721 4290 et
2746 4236 3056 4309 inhabitabis
3086 4253 3201 4290 cum
3233 4254 3314 4303 ea,
3359 4248 3404 4291 et
3429 4254 3554 4307 pro-

1964 4308 2096 4377 teget
2127 4320 2173 4364 te
2198 4312 2251 4363 in
2296 4310 2665 4381 sempiternum
2691 4354 2704 4377 ,
2753 4320 2801 4363 et
2829 4310 2881 4362 in
2909 4308 2992 4362 die
3020 4309 3306 4382 agnitionis
3332 4310 3556 4365 invenies

1962 4382 2358 4450 ﬁrmamentum.

2045 4454 2292 4508 Volatilia
2319 4454 2388 4507 ad
2415 4454 2512 4507 sibi
2535 4454 2727 4507 similia
2758 4452 3065 4508 conveniunt
3106 4468 3125 4507 :
3170 4462 3218 4506 et
3257 4452 3446 4507 veritas
3481 4453 3551 4506 ad

1962 4540 2069 4598 eos,
2098 4528 2185 4598 qui
2208 4536 2486 4594 operantur
2506 4524 2674 4598 illam,
2702 4533 2998 4579 revertetur.

2034 4595 2140 4652 Leo
2166 4598 2423 4652 venationi
2446 4596 2721 4651 insidiatur
2740 4611 2940 4665 semper
2964 4612 2983 4651 :
3009 4595 3084 4649 sic
3107 4604 3314 4667 peccata
3338 4612 3558 4668 operan-

1888 4649 1940 4708 Π
1966 4649 2100 4741 tibus
2117 4649 2445 4741 iniquitates.

2038 4738 2221 4795 Homo
2250 4750 2460 4796 sanctus
2508 4740 2561 4794 in
2604 4738 2866 4812 sapientia
2910 4746 3085 4793 manet
3112 4739 3244 4794 sicut
3275 4738 3354 4795 sol
3375 4754 3396 4794 :
3435 4755 3558 4796 nam

1961 4815 2152 4869 stultus
2173 4815 2307 4867 sicut
2337 4812 2463 4867 luna
2499 4822 2750 4866 mutatur.

2036 4882 2105 4939 In
2151 4885 2321 4939 medio
2368 4886 2753 4940 insensatorum
2780 4892 2927 4937 serva
2952 4884 3159 4938 verbum
3188 4883 3410 4954 tempori
3444 4900 3461 4940 :
3505 4884 3561 4939 in

1963 4956 2135 5029 medio
2164 4967 2334 5011 autem
2360 4956 2695 5029 cogitantium
2725 4955 2969 5010 assiduus
2998 4968 3126 5029 esto.

2038 5027 2293 5100 Narratio
2336 5026 2661 5100 peccantium
2703 5029 2927 5094 odiosa,
2983 5035 3031 5081 et
3081 5028 3217 5081 risus
3259 5026 3467 5082 illorum
3506 5030 3562 5085 in

1966 5099 2164 5173 deliciis
2196 5099 2393 5173 peccati
2418 5142 2434 5163 .

2039 5168 2271 5245 Loquela
2324 5173 2546 5227 multum
2589 5174 2823 5244 jurans,
2876 5168 3331 5245 horripilationem
3400 5173 3563 5245 capiti

1966 5242 2155 5299 statuet
2188 5263 2207 5299 :
2236 5254 2281 5300 et
2310 5242 2639 5299 irreverentia
2670 5248 2830 5315 ipsius
2860 5242 3117 5315 obturatio
3149 5243 3374 5297 aurium.

2044 5316 2245 5385 Eﬂusio
2274 5318 2543 5387 sanguinis
2566 5318 2619 5369 in
2650 5313 2763 5371 rixa
2793 5313 3131 5385 superborum
3156 5332 3174 5368 .'
3199 5324 3242 5367 et
3266 5317 3561 5373 maledictio

1962 5388 2176 5462 illorum
2206 5389 2413 5462 auditus
2443 5388 2633 5462 gravis.

2042 5460 2145 5523 Qui
2171 5460 2395 5514 denudat
2420 5456 2611 5512 arcana
2634 5458 2812 5523 amici,
2851 5456 3003 5526 ﬁdem
3042 5456 3230 5527 perdit,
3260 5467 3309 5514 et
3341 5468 3443 5515 non
3477 5462 3559 5516 in-

1967 5537 2129 5587 veniet
2159 5534 2385 5585 amicum
2414 5532 2483 5584 ad
2514 5534 2745 5585 animum
2774 5546 2924 5584 suum
2955 5544 2973 5582 :

2033 5603 2206 5676 Dilige
2235 5606 2550 5676 proximum,
2579 5613 2630 5658 et
2657 5605 2967 5676 conjungere
2991 5602 3096 5672 ﬁde
3116 5616 3233 5655 curn
3263 5601 3376 5657 illo.

2036 5675 2187 5742 Quod
2214 5674 2258 5729 si
2290 5675 2629 5731 denudaveris
2656 5675 2902 5730 absconsa
2930 5674 3072 5729 illius
3097 5716 3110 5742 ,
3140 5690 3243 5727 non
3270 5690 3545 5747 perseque-

1958 5748 2171 5835 ris‘post
2191 5764 2325 5829 eum.

2032 5815 2181 5875 Sicut
2213 5820 2352 5872 enim
2380 5820 2550 5887 homo,
2586 5819 2676 5889 qui
2702 5815 2873 5887 perdit
2907 5822 3127 5875 amicum
3159 5832 3307 5874 suum
3344 5834 3361 5870 :
3407 5819 3477 5873 sic
3505 5828 3552 5873 et

1957 5893 2046 5962 qui
2077 5889 2246 5961 perdit
2279 5891 2556 5945 amicitiam
2586 5890 2807 5960 proximi
2832 5890 2934 5945 sui.
