4182 6338
571 297 678 356 447

578 488 732 562 quisti
761 482 1053 562 prorinrum
1081 498 1246 562 tuum,
1278 495 1324 540 et
1351 482 1815 562 non_eum_capies.

657 551 782 614 Non
824 560 975 614 illum
1012 559 1280 627 sequaris,
1310 557 1557 626 quoniam
1588 551 1738 626 longe
1780 553 1965 627 abest:
1994 551 2181 624 effugit

1572 289 1632 347 S.
1675 287 2057 347 IIIERONYMI
2094 284 2335 346 DIVINA
2370 283 2852 344 BIBLIOTHECA.

564 458 575 469 .
652 415 715 470 Et
744 414 876 471 sicut
904 415 994 488 qui
1027 413 1239 471 dimittit
1266 427 1409 469 avent
1433 412 1499 479 de
1526 427 1687 466 manu
1711 424 1846 488 sua:
1877 410 1951 466 sic
1978 409 2171 465 dereli-
2198 411 2253 475 Α

3765 281 3879 340 MS

2277 405 2524 462 cundiam
2548 403 2692 461 illius
2712 420 2816 459 non
2839 402 3108 473 transivit,
3138 410 3189 460 et
3212 403 3299 475 qui
3322 418 3426 459 non
3449 401 3671 458 attraxit
3685 401 3882 475 jugum

2282 477 2447 544 illius,
2480 484 2527 531 et
2555 478 2610 532 in
2637 476 2856 531 vinculis
2882 476 2994 548 ejus
3020 493 3122 531 non
3147 485 3220 530 est
3252 476 3461 546 ligatus.

2352 549 2551 622 Jugum
2580 550 2716 622 enim
2742 546 2913 613 illius,
2920 549 3111 621 jugum
3141 547 3367 618 ferreum
3403 555 3478 603 est
3501 560 3520 604 :
3540 554 3590 603 et
3616 546 3884 603 vinculum
3980 552 3987 562 ‘

582 633 719 687 enim
748 632 897 702 quasi
926 619 1113 701 caprea
1156 630 1219 684 de
1250 619 1437 701 laqueo
1460 642 1480 683 :
1509 619 1753 699 quoniam
1795 619 2065 681 vulnerata
2105 619 2180 678 cst
2282 619 2448 702 illiue,
2486 619 2746 702 vinculum
2769 636 2957 674 wreum
2981 619 3076 702 est.

584 705 761 776 anima
789 705 923 776 ejus.

2358 692 2506 747 Mors
2531 692 2695 757 illius,
2728 708 2866 747 mors
2890 691 3247 762 nequissima:
3275 699 3326 745 et
3356 690 3500 746 utilis
3521 690 3693 763 potius
3724 692 3888 761 infer-

662 763 829 829 Ultra'
860 789 978 829 eum
1024 789 1129 827 non
1169 769 1359 844 poteris
1405 768 1771 843 colligerent
1800 766 2062 823 maledicti
2106 773 2183 821 est
2284 780 2565 844 nusquam
2586 763 2704 818 illa.

586 845 940 901 concordatio.

658 915 941 1036 Denptllare
968 924 1139 971 autem
1168 915 1322 970 amici
1344 912 1622 986 mysteria,
1644 912 1938 984 desperatio
1966 920 2041 968 est
2061 908 2183 963 aui-
2284 909 2395 1036 uia:
2445 909 2759 979 injustorum
2803 922 2822 960 :

658 1004 685 1036 Β
711 1006 764 1036 m
793 1006 819 1036 ε
842 1005 957 1036 rcis.
2287 996 2370 1036 ius
2398 996 2477 1036 08.

2277 996 2477 1053 Justos.

588 1004 685 1043 ma:
711 989 957 1060 infelicis.

622 1131 634 1143 ο
660 1054 909 1143 ᾼηήιιεηδ
938 1059 1088 1116 oculo
1131 1057 1351 1131 fabricat
1374 1056 1571 1127 iniqua,
1603 1065 1655 1113 et
1698 1071 1847 1111 nemo
1883 1067 2012 1110 eum
2053 1054 2187 1129 abji-

586 1138 705 1188 ciet.

661 1204 729 1259 In
755 1212 1035 1271 conspectu
1056 1203 1328 1256 oculorum
1349 1208 1555 1255 tuorum
1581 1197 1909 1254 conculcabit
1932 1215 1989 1254 os
2009 1215 2184 1264 suum,

589 1286 638 1333 et
663 1290 820 1347 super
846 1290 1103 1329 sermones
1142 1281 1258 1347 tuos
1290 1271 1679 1347 adm‘irabiturg
1710 1272 1986 1347 novissime
2014 1279 2187 1347 uutent

589 1341 838 1421 pervertet
867 1359 1125 1421 os__suum,
1154 1353 1204 1399 et
1231 1344 1287 1398 in
1312 1342 1478 1398 verbis
1508 1342 1805 1421 tuis-dabit
1819 1341 2149 1421 scandalum.

593 1411 651 1544 iu
664 1415 835 1472 Multa
871 1415 1011 1471 odivi
1028 1458 1044 1485 ,
1087 1411 1136 1471 et
1166 1432 1268 1471 non
1295 1416 1555 1487 coatquavi
1582 1413 1652 1483 ei,
1682 1422 1732 1469 et
1762 1411 2021 1468 Dominus
2049 1415 2189 1469 odiet

593 1508 604 1544 ι
654 1505 761 1544 um.

589 1508 770 1626 "ab";
800 1559 853 1615 in
874 1559 1039 1615 altum
1060 1558 1215 1614 mittit
1242 1556 1490 1630 lapidem,
1517 1572 1675 1628 super
1696 1564 1849 1630 caput
1870 1557 1982 1630 ejus
2004 1555 2189 1612 cadet:

596 1642 643 1687 et
666 1633 850 1758 ἔζησα.
863 1630 1047 1686 dolosa
1076 1630 1247 1713 dolosi
1276 1629 1471 1712 dividet
1496 1630 1736 1713 vulnera.

715 1714 851 1758 taus
888 1705 1089 1758 foveam
1128 1701 1291 1758 fodit.
1330 1701 1527 1755 incidet
1552 1718 1609 1755 in
1635 1715 1736 1755 eam

2359 833 2751 890 Perseverantia
2787 833 2932 890 illius
2978 849 3081 889 non
3125 833 3461 901 permanebit,
3506 833 3596 888 sed
3639 833 3890 888 obtinebit

2867 915 2916 961 et
2973 907 3028 961 in
3075 908 3291 978 flamma
3339 922 3436 961 sua
3475 922 3579 960 non
3620 904 3887 961 comburet

2365 1050 2469 1119 Qui
2498 1048 2797 1119 relinquunt
2822 1046 3025 1117 Deum,
3049 1047 3277 1105 incident
3306 1050 3361 1105 in
3387 1049 3552 1115 illam,
3584 1058 3633 1105 et
3663 1048 3890 1105 exarde-

2289 1121 2360 1177 bit
2390 1139 2446 1176 tn
2475 1121 2607 1189 illis,
2639 1130 2689 1176 et
2724 1137 2830 1176 non
2863 1121 3239 1192 exstinguetur,
3267 1132 3314 1176 et
3355 1120 3659 1176 immittetur
3682 1121 3735 1175 in
3766 1121 3891 1176 illos

2289 1194 2439 1266 quasi
2470 1193 2569 1266 leo,
2599 1203 2647 1246 et
2678 1194 2830 1265 quasi
2854 1191 3048 1266 pardus
3069 1191 3234 1266 lwdet
3261 1192 3401 1248 illos.

2364 1264 2494 1349 Sepi
2519 1263 2818 1349 auresuuas
2837 1264 3028 1349 spinis,
3058 1264 3289 1335 linguam
3308 1281 3528 1336 nequam
3547 1263 3655 1320 noli
3681 1264 3893 1333 audire,

2291 1345 2340 1392 et
2369 1336 2447 1391 ori
2478 1346 2566 1391 tuo
2587 1336 2749 1408 facito
2779 1337 2933 1397 ostia,
2962 1344 3008 1389 et
3031 1352 3195 1390 seras.

2367 1410 2569 1463 Aurum
2590 1418 2734 1463 tuum
2762 1418 2809 1463 et
2834 1416 3105 1479 argentum
3126 1418 3277 1479 tuum
3302 1409 3500 1478 con/la,
3524 1416 3572 1462 et
3593 1407 3760 1462 verbis
3789 1408 3897 1463 tuis

2292 1480 2454 1553 facito
2472 1488 2739 1553 stateram,
2770 1488 2839 1553 et_
2851 1478 3139 1553 frenosori
3161 1491 3246 1553 tuo
3266 1486 3435 1553 rectos
3458 1494 3476 1532 :

2365 1551 2433 1606 Et
2459 1552 2687 1617 attende,
2720 1566 2784 1605 ne
2811 1549 2944 1620 forte
2973 1549 3164 1622 labaris
3202 1550 3259 1604 in
3302 1550 3510 1622 lingua,
3556 1559 3605 1605 et
3633 1552 3793 1605 cadas
3830 1550 3891 1604 in

2293 1633 2573 1692 conspectu
2598 1622 2926 1692 inimicorum
2978 1621 3335 1677 insidiantium
3375 1621 3488 1690 tibi,
3527 1632 3577 1678 et
3623 1622 3692 1678 sit
3740 1638 3929 1679 casus'

715 1714 732 1756 t
760 1691 851 1775 qui
886 1705 1089 1773 foveam
1127 1701 1291 1775 fodit,
1312 1701 1527 1775 incidet
1552 1702 1609 1755 in
1635 1714 1749 1775 eam
1770 1716 1790 1755 :
1814 1707 1864 1755 et
1889 1698 1981 1770 qui
2009 1698 2193 1775 statuit
2295 1704 2415 1751 tuus
2443 1691 2751 1749 insanabilis
2781 1694 2835 1749 in
2865 1702 3103 1749 mortem.

598 1768 825 1847 lapidem
839 1768 1370 1847 proxim‘o,'o/fendet
1395 1772 1447 1826 in
1472 1788 1569 1839 eo;
1595 1771 1686 1843 qui
1714 1768 1958 1844 laqueum
1979 1768 2072 1825 alii
2093 1786 2190 1842 po-

598 1814 824 1847 ...,,....,...
854 1814 902 1844 ν.
922 1814 1119 1841 πωπω,
1147 1814 1370 1843 eum..."
1472 1814 1529 1827 ν-
1547 1814 1565 1839 ,
1595 1814 1686 1843 τ...
1714 1814 1958 1844 ....,.........
1979 1814 2071 1825 ...η
2093 1814 2160 1842 ,ην

596 1845 902 1918 ηὲιλρενίὺὶι
927 1845 979 1900 in
1009 1843 1153 1918 illo.
1826 1914 1837 1918 _
2036 1912 2048 1918 Α
2148 1912 2159 1918 ⁸
2218 1814 2269 1877 Β

668 1912 906 1973 Facienti
931 1916 1298 1987 nequissimum
1325 1914 1621 1982 consilium,
1642 1931 1798 1987 super
1820 1914 1993 1987 ipsum
2012 1912 2187 1969 devol-

606 1999 772 2060 vetur,
804 1996 853 2045 et
875 2004 979 2043 non
1003 1984 1246 2060 agnoscet
1269 1992 1406 2042 unde
1435 1988 1673 2060 adveniat
1693 1984 1794 2040 illi.

668 2059 882 2142 Illu‘sio,
928 2055 1394 2142 ethi'rnprope-rium
1441 2057 1818 2130 superborum,
1864 2065 1914 2111 et
1966 2055 2196 2111 vindicta

603 2132 737 2187 sicut
764 2132 844 2187 leo
865 2129 1198 2185 insidiabitur
1225 2129 1324 2185 illi.

668 2203 881 2276 Laqueo
930 2201 1164 2270 peribunt
1204 2203 1302 2276 qui
1316 2200 1672 2276 __oblectantur
1718 2215 1843 2254 casu
1871 2201 2145 2276 justorum
2176 2216 2196 2255 .'

599 2272 955 2330 dolor'autem
993 2272 1257 2329 consumet
1284 2272 1407 2328 illos
1438 2280 1719 2339 antequam
1748 2274 2063 2325 moriantur.

672 2344 767 2401 Ira
798 2355 847 2400 et
876 2348 1049 2415 furor,
1077 2353 1296 2415 utraque
1323 2342 1663 2399 exsecrabilia
1702 2353 1864 2398 sunt:
1895 2351 1941 2395 et
1974 2341 2052 2396 vir
2076 2356 2197 2412 pec-

600 2430 744 2474 cator
774 2414 1045 2473 continens
1067 2419 1165 2472 erit
1185 2414 1421 2471 illorum.

1148 2550 1378 2610 CAPUT
1416 2548 1657 2609 XXVIII.

683 2691 785 2759 Qui
806 2690 1061 2748 vindicari
1085 2688 1218 2757 vult,
1244 2705 1278 2743 a
1303 2686 1531 2744 Domino
1559 2685 1783 2742 inveniet
1812 2684 2097 2742 vindictam
2116 2700 2137 2742 :
2156 2693 2205 2741 et

609 2773 824 2835 peccata
850 2762 996 2819 illius
1018 2777 1223 2817 servans
1245 2760 1491 2816 servabit.

679 2835 935 2907 Relinque
965 2835 1201 2907 proximo
1232 2842 1317 2887 tuo
1341 2830 1548 2887 nocenti
1576 2840 1625 2886 te
1645 2844 1666 2886 .'
1690 2838 1739 2886 et
1765 2836 1885 2883 tunc
1909 2828 2207 2900 deprecanti

612 2909 701 2963 tibi
732 2906 947 2963 peccata
972 2906 1254 2960 solventur.

612 3050 647 3104 ά
678 2970 856 3104 [Homo
894 2977 1091 3034 homini
1126 2980 1349 3032 reservat
1394 2973 1561 3043 iram,
1596 2982 1645 3029 et
1678 2989 1713 3028 a
1739 2970 1855 3029 De'o
1887 2972 2074 3045 quatrit
2103 2989 2209 3028 nte-

649 3067 675 3104 e
699 3066 804 3104 am.

649 3066 804 3106 ctam.

686 3120 755 3176 In
784 3120 1042 3176 hominem
1076 3117 1297 3174 similem
1329 3116 1427 3172 sibi
1460 3133 1567 3172 non
1591 3116 1743 3173 habet
1772 3114 2205 3187 misericordiam,

609 3203 658 3248 et
687 3194 751 3247 de
779 3192 1001 3261 peccatis
1032 3191 1141 3245 suis
1161 3190 1517 3261 deprecatur?

681 3258 806 3336 Ipse
834 3278 952 3316 cum
981 3277 1103 3343 caro
1128 3260 1213 3328 sit,
1237 3258 1475 3343 reservat
1509 3261 1673 3341 iram,
1702 3269 1750 3341 et
1770 3258 2211 3384 propinationem

681 3337 740 3384 tit
766 3351 799 3384 a
820 3332 968 3384 Deo?
990 3348 1108 3384 ants
1130 3331 1363 3384 8107M“
1385 3346 1479 3384 vro
1502 3330 1700 3384 delictis
1727 3332 1767 3384 tl
1792 3331 1913 3384 tus?

611 3330 740 3404 petit
766 3351 799 3388 a
820 3332 968 3387 Deo?
990 3334 1108 3404 quis
1130 3331 1363 3404 exorabit
1383 3346 1479 3402 pro
1502 3330 1700 3404 delictis
1727 3330 1913 3404 illius?

686 3405 947 3460 Memento
975 3400 1397 3468 nouissimorum,
1425 3410 1471 3456 et
1498 3403 1673 3457 desine
1700 3400 1959 3457 inimicari
1982 3416 2002 3455 :

685 3476 947 3532 Tabitudo
978 3476 1115 3530 enim
1135 3484 1180 3528 et
1212 3490 1348 3528 mors
1376 3473 1645 3527 imminent
1667 3475 1721 3528 in
1750 3473 2012 3528 mandatis
2036 3473 2174 3542 ejus.

693 3547 992 3603 Memorare
1016 3547 1257 3600 timorem
1285 3543 1409 3612 Dei,
1440 3554 1487 3598 et
1510 3560 1615 3599 non
1646 3544 1893 3600 irascaris
1915 3549 2177 3614 proximo.

686 3618 982 3675 Memorare
1003 3625 1361 3672 testamentum
1406 3615 1677 3684 Altissimi,
1725 3625 1773 3672 et
1820 3614 2028 3687 despice
2066 3616 2215 3687 igno-

616 3691 841 3747 rantiam
865 3687 1111 3761 proximi.

686 3758 894 3816 Abstine
920 3771 967 3815 te
991 3777 1022 3813 a
1051 3758 1166 3825 lite,
1200 3770 1249 3815 et
1276 3758 1475 3814 minues
1501 3767 1731 3828 peccata.
2076 3822 2085 3827 _

691 3833 863 3887 Homo
889 3833 1029 3886 enim
1055 3829 1341 3885 iracundus
1364 3832 1593 3884 incendit
1615 3829 1781 3896 litem,
1802 3839 1849 3886 et
1875 3829 1952 3883 vir
1973 3838 2218 3901 peccator

625 3904 847 3961 turbabit
867 3903 1088 3970 amicos,
1120 3912 1167 3958 et
1192 3902 1246 3957 in
1273 3903 1444 3957 medio
1465 3916 1643 3974 pacem
1664 3901 1959 3957 habentium
1978 3903 2217 3958 immittet

618 3976 963 4033 inimicitiam.

685 4046 987 4105 Secundum
1012 4045 1149 4100 enim
1186 4045 1329 4117 ligna
1352 4044 1519 4112 silvae,
1556 4044 1633 4100 sic
1659 4045 1797 4116 ignis
1820 4043 2139 4117 exardescit;
2169 4052 2218 4099 et

617 4118 902 4175 secundum
926 4118 1164 4172 virtutem
1190 4114 1444 4184 hominis,
1489 4117 1564 4171 sic
1606 4114 1885 4171 iracundia
1916 4116 2061 4172 illius
2085 4118 2215 4185 erit,

616 4203 662 4245 et
690 4189 976 4245 secundum
1005 4187 1349 4243 substantiam
1379 4203 1527 4243 suam
1554 4188 1805 4242 exaltabit
1828 4188 1957 4241 iram
1987 4204 2162 4241 suam.

688 4262 963 4317 Certamen
990 4260 1292 4330 festinatum
1320 4258 1553 4314 incendit
1575 4260 1742 4331 ignem
1762 4274 1780 4311 :
1805 4268 1853 4331 et
1875 4258 1940 4313 lis
1968 4259 2219 4331 festinans

618 4332 843 4402 effundit
897 4327 1203 4405 sanguinem
1242 4346 1261 4385 :
1313 4340 1386 4401 et,
1432 4327 1611 4402 lingua
1671 4327 1977 4399 testiﬁcans'
2005 4331 2221 4386 adducit

622 4414 859 4460 mortem.

690 4477 752 4530 Si
788 4473 1085 4546 sufflaveris
1113 4473 1168 4527 in
1210 4472 1515 4546 scintillam,
1547 4472 1698 4545 quasi
1734 4472 1870 4545 ignis
1910 4472 2176 4538 exardebit
2199 4489 2218 4528 :

621 4558 667 4604 et
694 4549 738 4604 si
767 4544 1034 4619 exspueris
1072 4561 1227 4617 super
1252 4544 1433 4614 illam,
1475 4544 1841 4617 exstinguatur
1865 4560 1884 4602 :
1906 4556 2121 4618 utraque
2153 4560 2219 4601 ea;

622 4638 715 4693 ore
728 4617 1145 4693 proﬁciscuntur.
1235 4688 1247 4693 _
1392 4686 1402 4693 ι
1460 4690 1489 4693 Α
1660 4682 1663 4685 _

692 4686 926 4749 Susurro
950 4697 998 4760 et
1030 4688 1276 4760 bilinguis
1298 4686 1604 4746 maledictus
1626 4704 1645 4745 :
1670 4688 1866 4746 multos
1887 4689 2025 4745 enim
2046 4687 2222 4744 turba-

633 4765 718 4836 bit?
737 4777 916 4836 pacem
946 4759 1205 4836 habentes.

694 4830 906 4907 Lingua
932 4835 1086 4886 tertia
1113 4830 1301 4886 multos
1329 4833 1630 4904 commovit,
1663 4843 1710 4889 et
1742 4833 1984 4904 dispersit
2012 4830 2130 4888 illos
2160 4831 2225 4887 de

624 4917 770 4981 gente
792 4908 855 4981 in
875 4912 1074 4977 gentem
1105 4920 1124 4959 :

694 4973 937 5047 Civitates
958 4985 1191 5032 muratas
1215 4973 1435 5032 divitum
1455 4976 1729 5046 destruxit,
1748 4987 1794 5031 et
1816 4976 1997 5033 domos
2017 4991 2229 5047 magna-

618 5059 789 5107 torum
818 5046 1000 5116 effodit
1020 5063 1039 5101 ,τ

688 5122 934 5249 lVi’rtutes
975 5118 1584 5193 populorum~concidit,
1632 5129 1681 5175 et
1718 5127 1891 5191 gentes
1932 5121 2090 5192 fortes
2121 5118 2230 5174 dis-

710 5211 753 5249 υτ
778 5230 797 5249 ο

623 5195 797 5249 solvit.

700 5266 907 5338 Lingua
937 5264 1093 5321 tertia
1115 5264 1366 5321 mulieres
1391 5264 1582 5320 viratas
1601 5262 1772 5338 ejecit,
1794 5273 1839 5318 et
1866 5263 2083 5335 privat-it
2109 5260 2230 5319 illas

628 5338 887 5392 laboribus
917 5338 1047 5392 suis.

705 5408 811 5475 Qui
839 5410 1046 5479 respicit
1077 5408 1250 5477 illam,
1280 5425 1381 5465 non
1411 5405 1616 5464 habebit
1642 5406 1891 5478 requiem,
1915 5422 2008 5463 nec
2032 5405 2235 5464 habebit

628 5484 874 5554 amieum,
891 5482 960 5554 in
979 5496 1078 5551 quo
1106 5482 1411 5554 requiescat.

709 5551 1122 5634 Flagelliplaga
1164 5551 1374 5610 livorem
1423 5551 1593 5626 facit:
1622 5551 1781 5625 plaga
1827 5561 1998 5608 autem
2040 5552 2235 5626 lingua

638 5633 953 5679 comminuet
988 5641 1126 5682 0880.

720 5695 880 5774 Multi
901 5696 1196 5774 ceciderunt
1219 5697 1274 5752 in
1303 5714 1391 5753 ore
1414 5696 1579 5770 gladii
1604 5712 1622 5753 :
1644 5697 1734 5752 sed
1760 5713 1862 5753 non
1889 5696 1964 5753 sic
1985 5696 2134 5768 quasi
2150 5696 2240 5769 qui

650 5769 954 5841 interierunt
975 5784 1066 5841 per
1086 5767 1322 5840 linguam
1347 5767 1512 5825 suam.
1718 5782 1731 5789 ‘

725 5837 921 5897 Beatus
949 5837 1039 5912 qui
1070 5837 1229 5897 tectus
1259 5852 1331 5900 est
1374 5860 1408 5898 a
1453 5842 1631 5915 lingua
1661 5857 1901 5916 nequam,
1932 5842 2020 5915 qui
2049 5841 2103 5898 in
2128 5841 2239 5901 ira-

2237 3200 2285 3267 C

2863 1808 3095 1867 CAPUT
3139 1807 3331 1867 XXIX.

2383 1904 2486 1974 Qui
2513 1904 2638 1977 facit
2665 1903 3100 1977 misericordiam,
3128 1903 3394 1973 feneratur
3419 1901 3655 1975 proximo
3684 1917 3784 1958 suo
3806 1916 3827 1957 :
3847 1909 3902 1958 et

2296 1978 2388 2049 qui
2382 1975 2651 2049 prairalet
2679 1993 2860 2042 manu,
2891 1975 3140 2030 mandata
3158 1984 3347 2030 servat.

2426 2064 2632 2102 enerare
2663 2049 2899 2118 proximo
2928 2058 3019 2103 tuo
3044 2048 3096 2100 in
3122 2058 3352 2116 tempore
3376 2045 3697 2101 necessitatis
3722 2044 3903 2101 illius:

2300 2128 2348 2176 et
2372 2122 2560 2175 iterum
2589 2119 2749 2174 redde
2773 2118 3011 2188 proximo
3037 2119 3091 2172 in
3111 2127 3339 2188 tempore
3362 2134 3476 2172 suo.

2374 2190 2640 2261 Coufirma
2677 2187 2908 2255 verbum,
2956 2199 3004 2243 et
3030 2187 3254 2261 fideliter
3298 2205 3395 2261 age
3431 2205 3550 2261 cum
3600 2187 3694 2243 illo
3716 2206 3735 2244 :
3766 2199 3817 2244 et
3844 2188 3906 2243 in

2304 2264 2447 2318 omni
2476 2260 2703 2333 πωροι-ε
2729 2262 2954 2315 invenies
2979 2260 3119 2331 quod
3141 2260 3232 2314 tibi
3258 2260 3605 2333 necessarium
3631 2268 3728 2314 est.

2378 2333 2538 2389 Multi
2561 2332 2709 2404 quasi
2731 2334 3073 2388 inventionem
3098 2334 3480 2387 testimaverunt
3503 2332 3673 2401 fenus,
3698 2340 3743 2388 et
3768 2346 3907 2404 pra:-

2305 2406 2547 2476 stiterunt
2574 2404 2863 2459 molestiam
2890 2403 2972 2458 his
3006 2405 3097 2476 qui
3117 2420 3170 2458 se
3188 2404 3528 2476 ,adjuverunt.

2377 2474 2559 2548 Donec
2603 2472 3483 2548 accipiant,_osc'ulantur'manus
3532 2472 3727 2544 dantis,
3771 2483 3822 2530 et
3849 2477 3912 2530 in

2306 2544 2735 2620 promissionibus
2761 2544 3038 2620 humiliant
3066 2562 3241 2620 vocem
3266 2562 3437 2620 suam.

2379 2619 2450 2674 Et
2480 2620 2534 2673 in
2578 2629 2809 2689 tempore
2835 2618 3149 2673 redditionis
3188 2616 3466 2689 postulabit
3494 2626 3717 2689 tempus,
3754 2625 3805 2673 et
3829 2617 3915 2673 lo-

2307 2703 2493 2765 quetur
2526 2688 2687 2746 verba
2710 2689 2855 2746 ta'dii
2881 2699 2927 2744 et
2954 2688 3448 2760 murmurationum,
3476 2698 3525 2745 et
3553 2688 3752 2764 tempus
3776 2705 3908 2744 caue

2307 2765 2529 2820 sabitur.

2383 2835 2446 2892 Si
2470 2842 2641 2889 autem
2668 2831 2892 2902 potuerit
2935 2830 3169 2897 reddere,
3199 2829 3558 2889 adversabitur
3579 2847 3599 2887 :
3627 2830 3783 2887 solidi
3822 2832 3916 2886 viz

2310 2907 2489 2964 reddet
2530 2904 2836 2974 dimidium,
2864 2914 2913 2960 et
2944 2903 3260 2977 computabit
3298 2904 3432 2959 illud
3472 2903 3624 2976 quasi
3657 2903 3916 2958 inventio-

2312 2996 2450 3035 nem.
3387 3022 3392 3027 .

2389 3050 2487 3107 Sin
2513 3057 2707 3113 autem,
2742 3046 3008 3119 fraudabit
3048 3045 3199 3119 illum
3225 3045 3447 3118 pecunia
3483 3061 3613 3115 sua,
3659 3052 3709 3099 et
3740 3045 3917 3117 possi-

2318 3122 2456 3179 debit
2482 3121 2634 3176 illum
2667 3119 2933 3175 inimicum
2960 3118 3124 3189 gratis
3146 3134 3165 3173 :

2392 3193 2455 3249 Et
2480 3193 2721 3263 convivia
2736 3201 2783 3245 et
2808 3187 3093 3263 maledicta
3124 3187 3301 3263 reddet
3327 3187 3428 3256 illi,
3451 3198 3500 3247 et
3519 3206 3615 3263 pro
3640 3188 3834 3243 honore
3859 3196 3915 3243 et

2324 3266 2567 3336 beneficio
2593 3262 2772 3318 reddet
2796 3261 2879 3316 illi
2904 3261 3294 3336 contumeliam.

2385 3332 2545 3392 Multi
2594 3351 2698 3390 non
2745 3349 2905 3388 causa
2950 3333 3189 3403 nequitiae
3240 3348 3343 3389 non
3371 3333 3591 3403 fenerati
3632 3340 3791 3401 sunt,
3821 3332 3918 3386 sed

2316 3407 2558 3481 fraudari
2577 3407 2742 3478 gratis
2773 3405 3073 3481 timuerunt.

2394 3474 2757 3535 Verumtamen
2787 3492 2940 3546 super
2970 3474 3216 3547 humilem
3241 3474 3414 3530 animo
3449 3475 3639 3547 fortior
3687 3482 3820 3541 esto,
3863 3481 3923 3529 et

2317 3567 2421 3623 pro
2441 3550 2767 3619 eleevnosyna
2787 3564 2890 3623 non
2917 3547 3095 3601 trahas
3116 3546 3286 3601 illum.

2388 3622 2618 3692 PrOpter
2662 3616 2973 3692 mandatum
3017 3634 3226 3672 assume
3261 3633 3571 3690 pauperem,
3617 3625 3666 3672 et
3706 3623 3927 3688 propter

2317 3690 2547 3762 inopiam
2579 3692 2689 3763 ejus
2719 3708 2780 3745 ne
2798 3690 3034 3745 dimittas
3064 3705 3184 3763 eum
3209 3706 3450 3745 vacuum.
3557 3761 3566 3763 _
3906 3726 3909 3727 ν

2390 3761 2562 3821 Perde
2589 3761 2861 3834 pecuniam
2887 3771 3099 3834 prapter
3124 3762 3339 3834 fratrem
3386 3771 3434 3817 et
3462 3761 3688 3834 amicum
3728 3767 3927 3815 tuum:

2319 3847 2365 3893 et
2398 3854 2501 3892 non
2531 3835 2817 3889 abscondas
2841 3832 2993 3888 illum
3017 3832 3398 3905 sublapidein
3420 3833 3785 3905 perditionem.

2391 3906 2853 3964 Ponethesaurum
2867 3915 3007 3959 tuum
3027 3904 3079 3957 in
3097 3900 3369 3976 prtéceptis
3392 3900 3671 3972 Altissimi,
3688 3912 3739 3959 et
3761 3900 3927 3975 prod-

2318 3981 2416 4037 erit
2444 3979 2538 4034 tibi
2566 3976 2741 4049 magis
2765 3992 2921 4048 quant
2949 3992 3158 4049 aurum.

2392 4044 2670 4107 Conclude'
2692 4044 3071 4121 eleemosguam
3110 4048 3166 4121 in
3210 4045 3365 4104 corde
3407 4045 3652 4121 pauperis
3679 4054 3765 4101 :et
3810 4044 3927 4101 hac

2320 4140 2420 4195 pro
2445 4133 2493 4177 te
2522 4120 2752 4176 exorabit
2781 4119 2845 4174 ab
2875 4118 3022 4195 omni
3035 4118 3193 4173 malo.

2394 4193 2565 4266 Super
2594 4200 2798 4247 scutum
2826 4192 3083 4266 potentis,
3126 4198 3176 4245 et
3211 4204 3367 4263 super
3393 4190 3628 4247 lanceam
3666 4187 3927 4244 adversus

2321 4261 2592 4322 inimicum
2618 4274 2761 4319 tuum
2776 4261 3055 4335 pugnabit.
3068 4271 3091 4327 ἰ

2405 4336 2497 4392 Vir
2526 4337 2688 4391 bonus
2709 4333 2871 4406 ﬁdem
2895 4335 3033 4406 facit
3042 4350 3138 4405 pro
3162 4333 3402 4406 proximo
3426 4349 3522 4390 suo
3540 4347 3560 4387 :

2387 4408 2455 4465 Et
2478 4409 2567 4480 qui
2594 4401 2880 4480 perdiderit
2895 4401 3289 4480 confusionem,
3322 4405 3640 4480 derelinquet
3668 4401 3789 4480 sibi.

2398 4475 2638 4536 Gratiam
2665 4478 2997 4549 fidejussoris
3012 4475 3089 4531 ne
3109 4475 3426 4533 obliviscaris
3445 4493 3465 4534 .'
3492 4476 3634 4533 dedit
3668 4476 3806 4531 enim
3831 4491 3932 4548 pro

2324 4561 2374 4607 te
2401 4554 2633 4608 animum
2655 4564 2825 4603 suam.

2245 4600 2301 4662 D
2325 4600 2371 4607 Ἴ
2399 4600 2872 4703 [ié'piéﬁitiiibnem
2898 4620 3031 4703 fugit
3042 4630 3307 4703 peccator.
3323 4629 3371 4675 et
3393 4619 3715 4675 immundus.

2396 4694 2548 4750 Bona
2574 4693 2971 4764 repromissoris
2989 4693 3087 4747 sibi
3115 4693 3341 4764 ascribit
3357 4700 3616 4761 peccator.

2401 4764 2471 4839 Et
2501 4762 2738 4839 ingratus
2765 4780 2917 4839 sensu
2941 4763 3258 4839 derelinquet
3282 4762 3587 4819 liberantem
3607 4777 3681 4816 se.

2406 4837 2503 4893 Vir
2541 4832 2854 4909 fepromittit
2880 4838 2944 4893 de
2969 4832 3206 4907 proximo
3250 4851 3347 4890 suo
3377 4850 3397 4890 :
3425 4844 3476 4889 et
3505 4849 3622 4889 cum
3648 4832 3937 4904 perdiderit

2326 4910 2682 4977 reverentiam,
2705 4909 3089 4981 derelinquetur
3112 4910 3177 4962 ab
3201 4923 3281 4963 eo.

2406 4977 3111 5053 Depromissiohnequissima
3142 4981 3332 5035 multos
3361 4978 3588 5053 perdidit
3627 4977 3935 5049 dirigentes,

2334 5063 2384 5109 et
2405 5054 2680 5110 commovit
2710 5054 2829 5110 illos
2856 5052 3006 5124 quasi
3026 5055 3218 5124 ﬂuctus
3242 5052 3423 5106 maris.

2413 5124 2567 5181 Vires
2605 5134 2834 5200 potentes
2868 5120 3061 5200 gyrans
3100 5125 3322 5194 migrare
3350 5124 3497 5194 fecit,
3531 5129 3580 5178 et
3614 5120 3788 5193 vagati
3815 5128 3942 5176 sunt

2333 5199 2390 5254 in
2419 5197 2649 5254 aentibus
2668 5197 2873 5254 alienis.

2458 5282 2662 5345 eccator
2690 5269 3074 5345 transgrediens
3111 5268 3418 5345 mandatum
3454 5265 3701 5345 Domini,
3741 5262 3942 5318 incidet

2335 5344 2390 5398 in
2420 5342 2814 5415 promissionem
2836 5337 3066 5411 nequam
3092 5355 3113 5398 :
3137 5349 3186 5398 et
3211 5342 3299 5414 qui
3328 5349 3545 5396 conatur
3572 5337 3739 5393 multa
3759 5351 3940 5410 agere,

2335 5414 2524 5471 incidet
2552 5417 2606 5471 in
2620 5414 2905 5486 judicium.

2409 5478 2682 5558 Recupera
2700 5487 2996 5559 proximum
3021 5486 3305 5543 secundum
3329 5478 3568 5539 virtutem
3594 5490 3759 5549 luant,
3785 5490 3833 5536 et
3859 5488 3945 5535 at-

2338 5559 2488 5615 tende
2512 5561 2625 5627 tibi,
2646 5576 2709 5614 ne
2732 5560 2958 5614 incidas.

2416 5625 2636 5687 Initium
2663 5632 2780 5686 vitte
2804 5629 3027 5688 hominis
3056 5647 3191 5703 aqua
3217 5639 3265 5686 et
3289 5628 3460 5701 panis,
3483 5635 3532 5682 et
3560 5625 3943 5693 vestimentum,

2344 5712 2390 5759 et
2429 5703 2613 5775 domus
2640 5714 2907 5773 protegens
2937 5703 3326 5775 turpitudinem.

2420 5773 2610 5830 Melior
2641 5771 2740 5833 est
2783 5771 2948 5831 victus
2988 5771 3236 5846 pauperis
3280 5771 3391 5846 sub
3425 5771 3945 5846 tegmineuasserum,

2357 5863 2511 5921 quam
2542 5848 2709 5919 epulae
2733 5841 3019 5919 splendida:
3039 5841 3328 5920 in’percgre
3351 5845 3462 5903 sine
3475 5841 3763 5903 domicilio.
