4182 6338
296 342 411 442 μό

1577 379 1783 439 LIBER
1820 376 2355 440 ECCLESIASTICI.

3495 376 3601 439 450

374 497 659 580 Minimum
695 513 793 580 pro
822 509 1022 580 magno
1045 495 1248 569 placeat
1277 494 1402 564 tibi,
1441 505 1490 552 et
1534 495 1903 569 impraperium
1934 500 1976 559 Α
2080 495 2352 580 cogitatus
2400 493 2738 580 praescientiae
2781 495 2961 552 avertit
2989 512 3218 565 sensum,
3251 505 3301 554 et
3332 491 3611 569 inﬁrmitas

301 569 733 643 peregrinationis
762 587 864 625 nan
893 569 1101 643 audies.

383 639 507 696 Vita
534 658 755 712 nequam
781 640 1078 710 haspitandi
1107 640 1171 695 de
1195 640 1349 694 doma
1369 639 1425 693 in
1454 639 1667 695 domum
1690 656 1709 694 :
1739 648 1786 695 et
1820 641 1904 695 ubi

304 714 679 783 hospitabitur,
704 729 808 768 non
839 712 1156 781 ﬁducialiter
1181 721 1318 782 aget,
1351 727 1445 766 nec
1464 714 1663 782 aperiet
1691 728 1771 766 as.

376 785 770 858 Haspitabitur,
792 793 839 842 et
860 795 1052 857 pascet,
1077 794 1124 839 et
1149 783 1342 857 potabit
1364 784 1617 856 ingratas,
1642 794 1690 841 et
1705 785 1779 857 ad
1797 785 1907 840 ha'c

281 875 489 915 .tsmara
515 859 710 912 audiet.
1571 889 1573 892 -

382 930 570 1001 Transi
598 931 808 1000 hospes,
845 936 896 984 et
937 943 1066 983 orna
1106 943 1337 983 mensam
1358 943 1378 983 :
1404 937 1450 982 et
1495 945 1612 1001 qua:
1648 929 1704 985 in
1748 944 1907 982 manu

309 1000 495 1064 habes,
525 1003 640 1056 ciba
663 1009 896 1056 cceteras.

380 1071 486 1127 Exi
514 1089 547 1126 a
575 1074 708 1145 facie
738 1073 1260 1145 honorisamicarum
1287 1089 1520 1128 meorum
1563 1089 1581 1126 :
1625 1073 1908 1128 necessitu-

307 1145 430 1216 dine
458 1143 646 1199 donius
672 1159 800 1199 mea:
825 1143 1047 1216 hospitia
1069 1144 1194 1198 mihi
1225 1143 1395 1214 factus
1419 1153 1496 1200 est
1518 1146 1706 1216 frater.

381 1214 578 1271 Gravia
616 1218 726 1271 lucc
753 1214 955 1271 homini
995 1216 1206 1270 habenti
1228 1233 1438 1288 sensum
1461 1232 1481 1272 :
1510 1215 1786 1288 Correptio
1816 1216 1910 1271 do-

307 1304 444 1358 mus,
471 1298 523 1344 et
551 1289 924 1361 impraperium
954 1287 1281 1360 feneratoris.

894 1402 1124 1460 CAPUT
1163 1402 1337 1458 XXX.

385 1497 490 1566 Qui
539 1497 711 1570 diligit
758 1497 927 1568 ﬁlium
969 1513 1142 1561 suum,
1190 1495 1423 1551 assiduat
1463 1496 1544 1550 illi
1585 1496 1818 1567 flagella,
1851 1505 1908 1552 ut

310 1568 516 1625 (tutetur
555 1570 610 1624 in
641 1568 922 1624 novissima
966 1585 1092 1635 sua,
1124 1579 1169 1624 et
1208 1584 1312 1623 nan
1341 1570 1519 1642 palpet
1555 1571 1910 1641 proximarum

311 1642 467 1696 ostia.

386 1711 494 1780 Qui
523 1713 670 1768 docet
697 1713 866 1784 ﬁlium
889 1728 1061 1777 suum,
1088 1711 1392 1784 laudabitur
1412 1712 1465 1767 in
1490 1713 1606 1782 illa,
1646 1724 1696 1768 et
1729 1714 1782 1767 in
1808 1729 1913 1768 mc-

313 1783 839 1857 dio_damesticarum
863 1788 917 1839 in
946 1785 1040 1839 illa
1062 1783 1396 1857 gloriabitur.

387 1855 489 1921 Qui
519 1857 664 1909 docet
703 1857 873 1926 ﬁlium
902 1855 1076 1923 suum,
1121 1857 1174 1909 in
1223 1858 1388 1910 zelum
1421 1855 1579 1910 mittit
1608 1857 1905 1924 inimicum,

315 1937 363 1982 et
389 1929 446 1999 in
475 1929 644 1982 media
670 1929 954 1983 amicorum
976 1927 1284 1999 gloriabitur
1309 1928 1363 1980 in
1393 1928 1506 1982 illa.

387 1998 632 2072 Mortuus
656 2007 729 2055 est
752 2009 902 2070 pater
929 1998 1062 2072 ejus,
1095 2007 1144 2053 et
1172 2000 1322 2070 quasi
1357 2015 1461 2054 non
1501 2008 1577 2053 est
1623 2008 1859 2057 mortuus
1889 2017 1909 2056 :

313 2071 540 2125 similem
565 2073 700 2126 enim
730 2071 1065 2140 reliquit’sibi
1096 2079 1210 2140 post
1240 2087 1314 2126 se.

388 2142 458 2196 In
486 2144 589 2197 vita
617 2160 713 2198 sua
741 2142 896 2210 vidit,
927 2154 975 2198 et
1000 2144 1204 2198 (celatus
1226 2152 1298 2196 est
1327 2143 1380 2196 in
1408 2141 1502 2197 illo
1530 2159 1548 2196 :
1571 2143 1627 2198 in
1653 2144 1794 2198 obitu
1817 2161 1910 2199 suo

316 2230 420 2268 non
447 2224 520 2270 est
541 2217 898 2281 cantristatus,
930 2231 1020 2269 nec
1050 2216 1300 2283 confusus
1342 2225 1415 2268 est
1445 2231 1618 2269 caram
1660 2216 1908 2270 inimicis.

389 2287 619 2353 Reliquit
641 2287 774 2341 enim
796 2287 1118 2356 defensorem
1146 2287 1332 2340 damus
1363 2296 1544 2341 contra
1575 2288 1837 2356 inimicas,
1864 2295 1912 2342 et

317 2359 500 2430 amicis
524 2360 817 2414 reddentem
844 2359 1088 2430 gratiam.

391 2428 505 2484 Pro
558 2432 828 2485 animabus
846 2428 1084 2498 ﬁliarum
1135 2428 1401 2500 calligabit
1431 2428 1647 2484 vulnera
1698 2439 1913 2497 sua,.el

316 2516 480 2571 super
509 2519 712 2557 omnem
738 2518 911 2556 vacem
940 2501 1278 2556 turbabuntur
1304 2501 1500 2555 viscera
1527 2503 1660 2572 ejus.

392 2573 574 2643 Equus
610 2575 894 2629 indomitus
937 2573 1104 2628 evadit
1148 2574 1334 2638 durus,
1389 2581 1438 2627 et
1479 2574 1622 2642 ﬁlius
1668 2572 1914 2628 remissus

317 2646 502 2717 evadet
529 2663 778 2717 princeps.
895 2688 900 2693 -

390 2715 557 2771 Laeta
585 2715 772 2788 ﬁlium,
821 2726 868 2773 et
915 2725 1181 2790 paventem
1213 2724 1262 2772 te
1293 2715 1445 2787 faciet
1473 2731 1492 2771 :
1519 2715 1640 2772 lude
1669 2733 1785 2771 cum
1830 2733 1912 2784 eo,

318 2797 367 2843 et
397 2790 720 2845 contristabit
743 2801 810 2846 te.

398 2859 520 2914 Rari
545 2863 806 2916 corrideas
833 2861 937 2928 illi,
971 2878 1033 2917 ne
1059 2861 1256 2930 doleas,
1289 2860 1413 2916 etin
1435 2859 1713 2914 novissima
1740 2860 1914 2915 cbslu-

319 2948 406 3002 pes
415 2941 526 2986 cent
556 2935 731 2989 dentes
756 2935 852 2988 tui.

397 3004 522 3058 Non
544 3003 636 3059 des
663 3006 744 3060 illi
774 3012 1075 3076 potestatem
1093 3004 1148 3059 in
1164 3005 1468 3075 juventute,
1497 3011 1546 3058 et
1575 3019 1639 3059 ne
1659 3004 1916 3076 despicias

320 3077 578 3147 cogitatus
602 3076 766 3134 illius.

394 3146 564 3222 Curva
594 3151 837 3204 cervicem
867 3152 980 3222 ejus
1027 3149 1422 3222 in‘juventute,
1477 3155 1522 3200 et
1552 3147 1710 3201 tunde
1752 3148 1916 3222 latera

320 3221 438 3288 ejus
466 3221 592 3273 dum
633 3223 807 3290 infans
837 3219 913 3276 es't
933 3261 948 3284 .
990 3236 1054 3274 ne
1083 3220 1218 3289 forte
1255 3219 1483 3286 indurel,
1514 3229 1560 3274 et
1591 3235 1693 3273 non
1741 3219 1918 3273 credat

321 3291 438 3354 tibi,
473 3301 519 3345 et
547 3293 639 3345 erit
667 3293 754 3346 tibi
784 3292 935 3347 dolor
953 3293 1162 3345 animae.

394 3361 536 3417 Doce
562 3364 728 3435 ﬁlium
748 3375 918 3435 tuum,
949 3372 997 3420 et
1023 3376 1238 3434 aperare
1267 3364 1321 3415 in
1359 3361 1484 3431 illa,
1515 3378 1581 3416 ne
1609 3363 1663 3417 in
1692 3363 1919 3435 turpitu-

320 3431 500 3487 dinem
539 3434 688 3490 illius
717 3434 975 3502 offendas.

398 3505 689 3582 Aleliar‘est
717 3523 914 3582 pauper
944 3523 1120 3582 sanus,
1155 3517 1202 3562 et
1229 3508 1381 3582 fartis
1403 3505 1615 3572 viribus,
1643 3521 1798 3576 quam
1824 3506 1920 3577 di-

322 3577 774 3652 ves_imbecillis"et
801 3577 1102 3652 ﬂagellatus
1131 3577 1356 3652 malitia.

395 3649 560 3704 Salus
584 3653 773 3706 animte
798 3648 853 3705 in
877 3648 1154 3706 sanctitate
1191 3651 1418 3722 justitice
1443 3651 1628 3706 melior
1671 3657 1745 3702 est
1777 3648 1920 3703 omni

321 3735 455 3802 aura
497 3731 545 3776 et
591 3733 844 3795 argenta,
896 3732 948 3779 et
1017 3739 1202 3795 corpus
1253 3723 1485 3776 validum
1531 3736 1690 3794 quam
1741 3737 1918 3775 census

323 3808 604 3848 immensus
610 3836 623 3849 .

401 3863 522 3920 Non
550 3877 626 3940 est
656 3883 839 3922 census
887 3883 1042 3940 super
1078 3883 1286 3922 censum
1314 3863 1795 3940 salutishcarparis
1820 3878 1840 3918 :
1869 3870 1919 3918 et

322 3949 528 4012 nan_est
554 3937 980 3994 oblectamentum
1016 3956 1169 4012 super
1197 3939 1370 3992 cordis
1397 3937 1667 4008 gaudium.

396 4007 587 4064 Melior
613 4019 690 4065 est
713 4027 873 4080 mars,
897 4027 1054 4082 quam
1074 4007 1178 4066 vita
1202 4007 1430 4064 amara:
1459 4017 1508 4063 et
1533 4008 1733 4080 requies
1769 4018 1918 4063 teter-

321 4095 602 4156 na,_quam
620 4085 854 4156 languor
883 4099 1235 4156 perseverans.

396 4150 547 4207 Bona
573 4150 890 4209 abscondita
912 4155 967 4208 in
1007 4172 1093 4209 ore
1143 4155 1318 4208 clausa
1338 4193 1354 4219 ,
1383 4151 1530 4224 quasi
1571 4153 1918 4223 oppositiones

323 4225 598 4298 epularum
620 4227 992 4298 circumposita:
1018 4225 1273 4298 sepulcra.

403 4294 542 4362 Quid
565 4298 795 4370 proderit
814 4294 1000 4353 'libatia
1026 4294 1210 4352 idola?
1252 4312 1344 4351 nec
1373 4296 1509 4351 enim
1542 4294 1874 4350 manducabit
1898 4336 1915 4364 ,

326 4382 422 4420 nec
443 4369 712 4424 adorabit:

399 4438 595 4521 δὶς-ηυξ
616 4440 875 4514 effugatur
903 4459 937 4497 a
962 4441 1188 4497 Domina
1213 4483 1227 4510 ,
1271 4449 1486 4513 portans
1513 4439 1766 4495 mercedes
1811 4438 1918 4492 ini-

361 4514 535 4564 uitatis
571 4528 590 4566 :

361 4526 535 4564 uitatis
571 4528 590 4566 :

323 4526 356 4580 ᾳ
411 4583 600 4658 Videris
627 4584 816 4651 oculis,
843 4597 891 4640 et
918 4585 1276 4658 ingemiscens,
1302 4583 1434 4638 sicut
1461 4583 1625 4656 spado
1666 4582 1919 4654 complec-

324 4663 441 4727 tens
458 4657 730 4727 virginem,
761 4669 807 4712 et
834 4660 1125 4726 suspirans.

396 4723 686 4781 Tristitiam
707 4723 810 4783 non
838 4723 935 4784 des
953 4731 1140 4784 animae
1163 4736 1284 4796 luce,
1313 4736 1360 4781 et
1385 4743 1491 4782 non
1516 4727 1729 4799 affligas
1754 4734 1917 4780 temet-

325 4797 504 4868 ipsum
532 4799 588 4853 in
634 4801 849 4855 consilia
878 4810 987 4856 tuo.

396 4868 714 4926 Jucunditas
743 4873 916 4927 cordis
940 4871 1050 4927 haec
1075 4880 1149 4926 est
1173 4871 1278 4926 vita
1303 4869 1545 4930 hominis.
1573 4878 1620 4922 et
1649 4869 1922 4923 thesaurus

322 4942 438 4994 sine
471 4942 752 5014 defectione
777 4945 1104 4998 sanctitatis:
1123 4951 1170 4998 et
1193 4940 1474 4998 exsultatio
1506 4943 1601 4996 viri
1626 4950 1699 4995 est
1727 4940 1926 5012 longa:-

324 5014 476 5069 vitas.

401 5085 651 5141 Miserere
675 5087 863 5142 animi;
891 5097 993 5142 tute
1031 5087 1240 5158 placens
1271 5083 1404 5150 Dea,
1433 5092 1482 5138 et
1519 5083 1724 5158 contine
1754 5098 1925 5158 :_con-

323 5173 490 5285 greglt;
513 5175 603 5213 cor
629 5168 777 5213 tuum
806 5161 862 5214 in
895 5154 1168 5215 sanctitate
1210 5159 1341 5230 ejus,
1371 5165 1419 5210 et
1463 5156 1726 5210 tristitiam
1771 5154 1923 5227 longe

323 5244 448 5285 reae
490 5247 518 5285 e
539 5247 569 5284 a
597 5241 665 5285 te.

323 5241 518 5299 repelle
539 5247 569 5284 η
597 5241 665 5286 te.

328 5297 602 5428 .u‘Multas
633 5302 768 5359 enim
808 5305 993 5360 accidit
1031 5302 1265 5371 tristitia,
1297 5309 1346 5356 et
1375 5315 1476 5355 non
1507 5308 1580 5354 est
1625 5298 1824 5354 utilitas
1869 5297 1923 5351 in

328 5389 340 5427 ι
389 5389 444 5426 a.

322 5389 444 5427 tua.

397 5443 560 5500 Zelus
608 5456 656 5500 et
693 5446 969 5501 iracundia
1013 5446 1255 5501 minuunt
1293 5444 1402 5500 dies
1431 5459 1450 5500 :
1477 5452 1525 5498 et
1557 5445 1688 5516 :ante
1724 5452 1924 5514 tempus

321 5527 584 5590 senectam
613 5519 833 5574 adducet
871 5519 1143 5590 cogitatus.

399 5588 756 5660 Splendidam
782 5606 892 5656 cor,
917 5585 965 5644 Et
985 5590 1174 5645 bonum
1193 5589 1247 5644 in
1273 5587 1440 5661 epulis
1463 5595 1537 5643 est
1567 5585 1772 5660 :cpulte
1791 5586 1925 5642 enim

323 5659 476 5716 illius
502 5661 780 5734 diligenter
810 5662 962 5732 ﬁunt.

895 5745 1124 5814 CAPUT
1162 5751 1360 5810 XXXI.

405 5868 607 5944 Vigilia
659 5869 942 5924 honestatis
989 5869 1261 5943 tabefaciet
1311 5884 1529 5942 carnes,
1583 5875 1631 5924 et
1679 5867 1932 5942 cogitatus

327 5939 709 6015 illins'auferet
738 5957 998 5999 somnum.

2007 571 2179 641 gravis
2210 568 2436 624 sobriam
2466 569 2592 641 facit
2631 569 2878 623 animant.

2079 639 2357 693 Labor-abit
2386 640 2542 713 dives,
2573 639 2627 692 in
2658 641 3052 713 congregatione
3100 641 3424 711 substantite,
3459 651 3507 697 et
3550 643 3603 698 in

2007 713 2186 784 requie
2238 729 2332 765 sua
2355 711 2630 783 replebitur
2660 711 2807 766 battis
2845 711 2971 766 suis.

2016 856 2026 866 _
2080 783 2359 923 Labtfiiravit
2407 799 2603 854 pauper
2643 783 2697 837 in
2742 785 3087 841 diminutione
3112 785 3309 854 victus,
3342 796 3392 841 et
3421 786 3473 841 in
3505 786 3610 856 ﬁne

2016 871 2163 922 Inops
2237 865 2275 910 t.

2009 865 2163 922 inops
2196 865 2275 922 [ιι.

2085 926 2186 994 Qui
2215 941 2407 980 aurum
2431 925 2628 998 diligit,
2674 942 2777 981 non
2809 927 3194 1000 justiﬁcabitur
3217 944 3238 984 :
3266 940 3313 984 et
3343 930 3430 1000 qui
3459 930 3600 985 inse-

2009 999 2672 1071 quiturconsumptianem,
2702 999 2982 1063 replebitur
3006 1017 3071 1056 ea:
3095 1018 3175 1055 ea.

2085 1069 2239 1144 Multi
2258 1070 2390 1144 dati,
2413 1078 2534 1144 sunt
2565 1071 2616 1122 in
2645 1086 2773 1124 aura
2803 1088 2978 1139 casus,
3009 1082 3055 1126 et
3084 1073 3224 1143 facta
3253 1080 3325 1128 est
3353 1072 3406 1127 in
3433 1073 3602 1144 specie

2011 1141 2176 1212 ipsius
2202 1141 2425 1212 perditio
2458 1139 2688 1194 illorum.

2086 1210 2306 1285 Lignnm
2347 1210 2647 1285 offensionis
2685 1220 2759 1268 est
2808 1228 2995 1266 aurum
3026 1217 3480 1285 sacriﬁcantium:
3531 1231 3606 1270 ra:

2013 1283 2155 1409 illisi!
2174 1285 2261 1354 qui
2280 1293 2547 1339 sectantur
2574 1284 2739 1352 illud,
2773 1293 2821 1338 et
2848 1285 3017 1339 omnis
3048 1283 3348 1358 imprudens
3381 1289 3607 1358 deperiet

2013 1372 2066 1409 in
2095 1373 2112 1407 ι
2159 1370 2209 1408 a.

2013 1372 2066 1409 ιη
2095 1370 2209 1409 uta.

2083 1425 2278 1481 Beatus
2313 1427 2469 1491 dives,
2513 1426 2603 1501 qui
2647 1428 2877 1482 inventus
2908 1437 2982 1484 est
3010 1429 3121 1483 sine
3163 1430 3366 1484 macula
3392 1445 3414 1485 :
3443 1439 3488 1485 et
3515 1431 3606 1501 qui

2013 1509 2126 1568 post
2147 1515 2339 1582 aurum
2366 1515 2471 1553 non
2495 1497 2643 1565 abiit,
2687 1515 2780 1554 nec
2814 1501 3037 1570 speravit
3066 1503 3120 1554 in
3153 1503 3374 1573 pecunia
3414 1512 3460 1555 et
3489 1497 3604 1559 the-

2013 1585 2208 1625 saurts.

2091 1641 2219 1716 Quis
2244 1650 2318 1716 est
2348 1642 2450 1710 hic,
2481 1653 2528 1697 et
2555 1641 2886 1697 laudabimus
2909 1645 3072 1698 eum?
3115 1645 3236 1716 fecit
3276 1645 3411 1699 enim
3441 1646 3601 1699 mira-

2015 1712 2138 1767 bilia
2159 1715 2210 1767 in
2232 1715 2336 1767 vita
2356 1731 2474 1768 sua.

2091 1784 2193 1850 Qui
2225 1787 2468 1854 probatus
2497 1796 2568 1840 est
2596 1787 2649 1840 in
2682 1784 2799 1852 illa,
2829 1793 2876 1838 et
2922 1787 3181 1858 perfectus
3224 1797 3332 1854 est,
3380 1789 3476 1843 erit
3525 1789 3606 1842 illi

2015 1855 2182 1929 gloria
2208 1865 2434 1911 wterna:
2457 1859 2546 1928 qui
2577 1861 2742 1919 patuit
2773 1855 3099 1928 transgredi,
3124 1871 3170 1913 et
3204 1878 3305 1914 non
3332 1871 3405 1916 est
3435 1870 3607 1916 trans-

1939 1904 1985 1964 Β
2015 1944 2215 1964 "nunc
2276 1930 2442 1964 Γηρονο
2471 1928 2610 1964 mnln
2672 1938 2716 1964 or
2739 1945 2839 1964 ηηη
2869 1929 2982 1964 [οι-δι
3018 1945 3030 1958 ο

2012 1928 2237 2000 gressus,
2271 1930 2442 2000 facere
2471 1928 2633 1994 mala,
2671 1938 2717 1982 et
2739 1945 2840 1982 non
2866 1929 2982 1998 fecit
3011 1945 3030 1983 :

2086 1997 2214 2053 Ideo
2237 1997 2467 2054 stabilita
2485 2010 2602 2054 sunt
2631 2000 2763 2054 bona
2789 1997 2934 2054 illius
2955 2000 3009 2053 in
3033 1999 3278 2069 Domina,
3309 2013 3357 2057 et
3382 2004 3602 2059 eleemo-

2013 2087 2166 2142 sgnas
2194 2073 2336 2126 illius
2365 2071 2625 2126 enarrabit
2661 2073 2825 2125 omnis
2856 2069 3087 2126 Ecclesia
3117 2084 3436 2128 sanctorum.

2087 2142 2266 2219 Supra
2297 2160 2526 2197 mensam
2562 2159 2806 2219 magnam
2833 2143 3052 2198 sedisti?
3081 2161 3183 2199 non
3227 2148 3432 2216 aperias
3455 2164 3609 2219 super

2015 2212 2391 2282 illam'faucem
2424 2225 2564 2268 tuam
2591 2212 2758 2285 prior.
3262 2212 3272 2216 ⁷
3517 2212 3527 2219 ’
3609 2217 3614 2222 ’

2088 2285 2213 2340 Νοη
2269 2287 2412 2341 dicas
2458 2288 2530 2340 sic
2587 2301 2607 2341 :
2660 2285 2832 2340 Multa
2877 2293 3031 2354 sunt,
3088 2303 3205 2358 qua:
3254 2307 3413 2360 super
3464 2291 3607 2345 illam

2015 2367 2155 2411 sunt.

2088 2426 2346 2502 Memento
2374 2429 2620 2502 quoniam
2645 2429 2818 2502 malus
2841 2438 2913 2484 est
2944 2428 3124 2502 oculus
3150 2447 3392 2502 nequam.

2089 2498 2325 2576 Nequius
2353 2498 2503 2576 acula
2528 2501 2653 2568 quid
2682 2511 2908 2576 creatum
2931 2502 3048 2555 est?
3071 2501 3188 2556 ideo
3216 2498 3279 2558 ab
3302 2504 3444 2558 omni
3473 2505 3610 2576 facie

2015 2587 2110 2624 sua
2135 2570 2508 2643 lacrymabitur
2540 2589 2558 2626 :
2588 2589 2702 2626 cum
2731 2573 2937 2626 viderit.

2091 2643 2172 2698 Ne
2200 2646 2446 2698 extendas
2475 2660 2687 2697 manum
2713 2654 2853 2698 luant
2883 2644 3030 2713 prior
3049 2689 3062 2714 ,
3111 2653 3162 2698 et
3205 2646 3402 2702 invidia
3431 2661 3607 2704 conta-

2015 2716 2244 2769 minatus
2269 2715 2554 2771 erubescas.

2091 2785 2175 2859 {Ve
2197 2788 2552 2859 comprimaris
2588 2786 2642 2840 in
2679 2786 2928 2842 convivio.
2993 2798 2996 2801 ‘

2091 2856 2337 2931 intellige
2363 2875 2477 2928 quae
2498 2869 2617 2913 sunt
2652 2859 2876 2926 proximi
2900 2859 2976 2911 tui
3006 2874 3069 2912 ex
3097 2860 3281 2931 teipsa.

2093 2928 2249 2986 Utere
2277 2928 2430 2999 quasi
2459 2932 2612 2984 hamo
2641 2931 2781 3003 frugi
2822 2931 3070 3003 his,‘qua2
3101 2928 3190 2986 tibi
3232 2943 3563 3003 apponuntur
3594 2950 3613 2995 :

2018 3016 2103 3068 ne,
2133 3019 2250 3056 cum
2282 3003 2567 3057 manducas
2599 3002 2840 3065 multum,
2882 3001 3004 3054 odia
3025 3003 3287 3062 habearis.

2090 3070 2244 3128 Cessa
2284 3075 2428 3144 prior
2456 3090 2613 3128 causa
2643 3071 2937 3144 disciplina:
2967 3088 2987 3126 :
3017 3083 3068 3127 et
3113 3073 3220 3128 nali
3261 3075 3453 3132 nimius
3479 3093 3611 3144 esse,

2018 3160 2082 3199 ne
2110 3148 2243 3210 forte
2274 3144 2534 3210 offendas.

2146 3225 2162 3270 l
2191 3218 2237 3271 si
2265 3218 2320 3270 in
2341 3219 2508 3271 media
2538 3216 2817 3270 multorum
2857 3215 3052 3280 sedisti,
3104 3216 3248 3286 prior
3295 3217 3400 3271 illis
3427 3235 3491 3272 ne
3519 3236 3614 3274 ea:-

1945 3295 1992 3359 c
2024 3288 2205 3342 lendas
2232 3305 2444 3342 manuni
2469 3298 2636 3354 luam,
2683 3305 2772 3342 nec
2799 3288 2941 3354 prior
2969 3304 3152 3358 pascas
3175 3289 3360 3344 bibere.

2097 3362 2264 3433 Quam
2281 3362 2552 3430 sufﬁciens
2581 3369 2654 3414 est
2684 3361 2877 3433 homini
2901 3360 3102 3433 erudita
3125 3361 3298 3414 vinum
3325 3360 3567 3433 exiguum
3593 3363 3614 3417 !

2023 3439 2070 3486 et
2097 3432 2152 3484 in
2179 3432 2489 3488 dormienda
2516 3448 2617 3487 non
2642 3431 2899 3486 laborabis
2927 3429 2991 3484 ab
3040 3431 3158 3500 illa,
3204 3442 3255 3488 et
3284 3449 3385 3488 non
3416 3429 3615 3488 senties

2019 3501 2271 3558 dolorem.
2551 3555 2557 3562 .

2100 3574 2314 3647 Yigilia,
2343 3575 2572 3644 cholera,
2606 3583 2652 3630 et
2693 3583 2892 3628 tortura
2913 3573 3021 3627 viro
3049 3573 3325 3646 infrunita.

2095 3645 2324 3701 Somnus
2362 3648 2603 3722 sanitatis
2633 3648 2686 3701 in
2716 3647 2921 3722 homine
2949 3662 3106 3722 parca
3128 3687 3143 3711 ,
3172 3647 3404 3722 dormiet
3455 3667 3616 3722 usque

2021 3733 2191 3782 mane,
2223 3727 2269 3772 et
2297 3719 2471 3772 anima
2501 3719 2642 3773 illius
2671 3734 2787 3771 cum
2826 3718 2939 3788 ipso
2967 3718 3327 3773 tlelecmbitur.

2095 3788 2162 3842 Et
2190 3791 2236 3842 si
2265 3801 2473 3844 coactus
2506 3790 2666 3864 fueris
2693 3790 2745 3864 in
2776 3788 2977 3842 edenda
3001 3790 3246 3864 multum,
3277 3807 3428 3864 surge
3452 3809 3479 3847 e
3508 3811 3616 3848 ine-

2021 3861 2332 3936 dia,_ev_ame
2362 3878 2380 3918 :
2405 3873 2449 3915 et
2474 3861 2798 3934 refrigerabit
2830 3870 2897 3930 te,
2930 3868 2980 3912 et
3008 3876 3108 3914 non
3141 3861 3383 3915 adduces
3408 3866 3614 3936 corpori

2021 3940 2111 3986 tua
2133 3933 2508 4002 infirmitatem.

2093 4004 2232 4057 Audi
2263 4022 2361 4070 me,
2392 4006 2491 4074 ﬁli,
2520 4014 2567 4060 et
2599 4021 2662 4059 ne
2686 4019 2899 4075 spernas
2917 4018 2996 4056 me
3020 4018 3039 4056 :
3070 4012 3117 4057 et
3146 4003 3199 4058 in
3231 4005 3507 4060 novissimo
3537 4007 3617 4061 ii:-

2020 4077 2188 4129 venies
2217 4076 2365 4131 verba
2396 4093 2526 4131 mea.

2095 4145 2163 4200 In
2185 4148 2420 4202 omnibus
2443 4148 2683 4219 operibus
2707 4147 2810 4202 tuis
2841 4154 2948 4202 esto
2983 4146 3153 4213 velox,
3192 4156 3240 4202 ct
3265 4149 3430 4205 omnis
3459 4151 3608 4219 iii/ir-

2025 4218 2178 4272 mitas
2205 4235 2309 4272 non
2333 4218 2564 4275 occurret
2595 4221 2707 4274 tibi.

2094 4289 2447 4364 Splendidam
2474 4293 2528 4344 in
2558 4291 2784 4364 panibus
2799 4289 3098 4364 benedicent
3131 4290 3271 4345 labia
3315 4291 3616 4364 multarunt,

2021 4371 2068 4417 et
2098 4363 2440 4416 testimonium
2473 4362 2697 4417 veritatis
2727 4363 2869 4416 illius
2899 4362 3078 4431 ﬁdele.

2096 4432 2425 4505 Nequissimo
2459 4435 2508 4487 in
2551 4451 2682 4502 pane
2710 4437 3054 4488 murmurabit
3082 4435 3283 4502 civitas,
3316 4445 3363 4488 et
3394 4439 3622 4492 testimo-

2020 4505 2163 4559 nium
2187 4507 2428 4569 nequitia:
2456 4506 2593 4559 illius
2613 4521 2785 4558 verum
2816 4514 2910 4558 est.

2095 4575 2380 4647 Diligentes
2408 4579 2459 4629 in
2501 4577 2618 4630 vina
2662 4574 2771 4630 nali
2801 4591 3116 4647 provocare:
3146 4578 3331 4634 multas
3359 4583 3497 4636 enim
3528 4599 3622 4638 ex-

2022 4648 2315 4703 terminavit
2341 4648 2531 4700 rinam.

1948 4688 1998 4748 D
2035 4792 2043 4794 Α
2095 4718 2242 4792 Ignis
2272 4721 2453 4794 probat
2483 4720 2675 4794 ferrum
2699 4717 2893 4771 durum
2917 4733 2936 4772 :
2959 4718 3032 4772 sic
3057 4720 3233 4774 vinum
3259 4722 3420 4778 corda
3441 4741 3620 4794 super-

2025 4791 2204 4846 barum
2233 4800 2413 4861 arguet
2438 4793 2488 4861 in
2519 4791 2758 4843 ebrietate
2785 4798 3037 4857 palatum.

2098 4861 2277 4933 quua
2301 4860 2408 4914 vita
2433 4860 2718 4933 hominibus
2747 4863 2921 4914 vinum
2952 4863 3007 4916 in
3050 4862 3359 4921 sobrietate:
3390 4870 3436 4922 si
3479 4871 3621 4924 bit-ns

2024 4933 2156 4989 illud
2188 4932 2468 4996 moderate,
2498 4934 2598 4987 eris
2625 4932 2847 4986 sobrius.

2102 5006 2241 5078 Qute
2257 5005 2361 5078 vita
2389 5015 2461 5060 est
2491 5006 2538 5058 ei
2556 5049 2569 5070 ,
2605 5007 2693 5078 qui
2715 5004 2967 5078 minuitur
2994 5005 3112 5060 vino
3135 5007 3161 5061 ?

2102 5077 2243 5143 Quid
2271 5075 2548 5146 defraudat
2585 5075 2782 5132 vitam?
2810 5075 2863 5132 Μ
2874 5094 2980 5132 ars.

2107 5147 2298 5202 Vinum
2319 5149 2370 5202 in
2393 5149 2767 5218 iucunditatem
2786 5160 3012 5204 creatum
3031 5159 3125 5218 est,
3148 5159 3194 5206 ct
3217 5166 3318 5207 non
3337 5152 3389 5208 in
3410 5153 3626 5210 ebrieta-

2031 5229 2152 5305 tem,
2176 5221 2240 5274 ab
2257 5221 2444 5305 .initia.

2103 5292 2396 5346 Exsultatia
2440 5292 2628 5348 animo:
2663 5301 2712 5348 et
2755 5292 2927 5348 cordis
2985 5295 3162 5349 vinum
3213 5296 3477 5354 moderate
3527 5319 3624 5373 pa-

2031 5373 2212 5420 talum.

2104 5436 2318 5492 Sanitas
2339 5443 2414 5490 est
2437 5435 2624 5490 anima:
2643 5443 2690 5490 et
2713 5435 2916 5506 corpori
2943 5433 3143 5490 sobrius
3165 5447 3339 5507 potus.

2110 5507 2302 5563 Vinum
2340 5509 2568 5582 multum
2617 5517 2852 5579 patatum
2901 5507 3262 5578 irritationem,
3301 5522 3348 5567 et
3394 5514 3549 5582 iram,
3580 5525 3628 5570 et

2031 5581 2210 5636 ruinas
2242 5580 2431 5633 multas
2460 5579 2606 5648 facit.

2103 5653 2410 5707 Amarituda
2443 5651 2632 5704 anima:
2661 5649 2835 5702 vinum
2866 5651 3086 5706 multum
3113 5662 3370 5721 palatum.

2109 5721 2382 5776 Ebrietatis
2398 5721 2722 5797 animositas,
2742 5721 3082 5793 imprudentis
3102 5722 3341 5797 offensio,
3365 5730 3628 5786 minarans

2035 5794 2290 5856 virtutem,
2319 5802 2364 5847 et
2394 5794 2587 5862 faciens
2611 5795 2842 5848 vulnera.

2110 5863 2175 5918 In
2207 5865 2435 5938 convivia
2463 5867 2572 5919 vini
2601 5881 2703 5920 nan
2742 5882 2936 5938 arguas
2970 5869 3260 5938 proximum
3293 5887 3310 5928 :
3337 5880 3384 5928 el
3415 5891 3516 5931 non
3547 5875 3631 5934 dc-

2039 5938 2229 6014 spicias
2259 5953 2374 5995 eum
2404 5937 2455 5992 in
2470 5937 2991 6014 jucunditateillinsr.
