2091 3169
283 159 333 188 liii

326 217 408 245 Verba
422 215 571 253 improperii
581 223 632 245 non
642 215 713 243 dicas
724 214 783 243 illi:
796 219 819 244 et
831 223 882 244 non
895 222 996 251 premas
1006 213 1083 245 illum
1099 214 1121 245 Α

286 254 313 281 in
325 252 474 288 repetendo.

564 298 678 327 CAPUT
697 297 806 326 XXXII.

329 358 461 386 Rectorem
486 362 508 384 te
533 357 695 392 posuerunt?
717 356 771 384 noli
792 355 969 384 extolli:esto
984 354 1012 383 in
1034 353 1086 381 illis

289 394 363 430 quasi
382 401 450 421 unus
463 401 493 420 ex
507 393 582 428 ipsis.

326 430 421 457 Curam
431 430 534 456 illorum
548 428 620 464 habe,
632 432 656 455 et
672 428 708 455 sic
722 427 834 462 conﬁde,
846 431 870 455 et
884 427 954 454 omni
966 434 1029 454 cura
1044 431 1087 453 tua

290 465 411 502 explicita
422 487 428 497 ,
450 464 566 491 recumbe
575 485 582 498 ,

328 501 362 529 Ut
378 501 472 528 lectoris
483 505 585 536 propter
597 499 667 532 illos,
684 503 706 526 et
722 503 900 536 ornamentum
910 497 1085 536 gratiwacci-

291 538 347 573 pias
356 533 488 568 coronam;
500 540 522 563 et
532 533 706 573 dignationem
714 535 877 573 consequaris
888 533 1086 570 corrogationis.

328 573 442 607 Loquere
456 573 541 609 major
553 576 615 609 natu
626 579 637 609 _:
651 572 720 609 decet
731 571 802 609 enim
810 575 832 597 te
848 578 857 597 .‘

330 605 447 636 Primum
463 605 564 635 vei'bum
585 607 701 643 diligenti
713 607 819 634 scientia
832 626 839 640 ,
854 610 878 634 et
896 614 948 633 non
962 605 1088 641 impedias

291 645 424 673 musicum.

329 681 379 708 Ubi
390 679 493 707 auditus
503 687 552 705 non
566 683 614 712 est,
631 686 681 705 non
696 677 817 712 eﬂ'undas
832 685 985 711 sermonem,
1000 681 1021 705 et
1038 677 1088 704 im-

291 721 401 754 portune
413 716 466 754 noli
482 714 570 754 extolli
584 715 753 754 inhsa‘pientia
766 720 820 741 tua.

328 751 465 779 Gemmula
480 749 632 777 carbunculi
648 750 674 776 in
688 754 839 777 ornamento
854 749 932 783 auri,
943 753 968 776 et
981 756 1089 784 compa-

293 789 360 815 ratio
376 789 534 814 musicorum
549 787 575 814 in
589 786 701 813 convivio
722 786 783 813 vini.

329 823 402 851 Sicut
416 823 441 849 in
456 823 622 857 fabricatione
637 823 695 848 auri
712 823 812 855 signum
826 824 862 857 est
874 821 1007 857 smaragdi
1022 827 1032 848 :
1051 820 1089 848 sic

293 867 415 887 numerus
427 855 585 884 musicorum
600 859 624 884 in
635 858 753 893 jucunda
767 862 789 883 et
801 855 933 893 moderato
948 855 1017 883 vino.

329 894 395 922 Audi
409 900 502 925 Iacens,
515 899 536 919 et
549 902 621 929 prort
630 891 741 919 {verentia
751 892 854 929 accedet
866 892 911 919 tibi
919 891 983 920 bona
993 891 1087 928 gratia.

330 929 486 957 Adolescens
500 931 600 963 loquere
614 929 640 955 in
654 934 697 954 tua
710 937 787 955 causa
804 928 855 955 vix.

332 967 362 994 Si
382 966 419 992 bis
436 966 605 1000 interrogatus
621 966 717 1000 fueris,
736 964 826 991 habeat
846 967 924 1000 caput
939 971 1091 999 responsum

295 1007 378 1030 tuum.

332 1038 366 1065 In
379 1037 467 1065 multis
479 1041 531 1065 esto
546 1036 619 1072 quasi
635 1036 732 1064 inscius
744 1057 751 1069 ,
764 1039 788 1063 et
802 1034 864 1062 audi
880 1039 966 1064 tacent
980 1034 1092 1063 simulet

296 1081 421 1113 quterens.

328 1109 361 1136 In
380 1110 466 1137 medio
482 1113 661 1144 tnagnatorum
678 1116 729 1135 non
750 1115 891 1144 prwsumas
907 1115 917 1136 :
938 1111 961 1134 et
975 1106 1019 1134 ubi
1033 1111 1093 1134 sunt

296 1152 367 1172 senes
377 1167 383 1177 ,
399 1154 449 1173 non
465 1144 575 1171 multum
590 1144 716 1178 loquaris.

333 1182 399 1208 Ante
411 1181 562 1217 grandinem
575 1180 676 1215 prteibit
687 1179 831 1217 coruscatio
843 1187 851 1206 :
864 1183 887 1206 et
899 1182 960 1217 ante
972 1186 1094 1217 uerecun-

299 1217 370 1244 diam
382 1214 481 1253 prieibit
496 1214 589 1252 gratia,
603 1220 625 1242 et
640 1223 689 1252 pro
700 1215 839 1243 reverentia
851 1214 954 1243 accedet
968 1214 1013 1241 tibi
1027 1214 1093 1241 bona

315 1254 390 1279 ralia.

315 1262 361 1279 νη]
384 1274 390 1279 .

297 1262 313 1289 g
334 1262 442 1316 lita/rora
448 1287 569 1324 surgendi
579 1295 630 1314 non
642 1287 769 1314 tetricos:
781 1294 915 1324 prtecurre
923 1290 1008 1324 autem
1022 1285 1095 1321 prior

299 1326 327 1352 in
339 1325 443 1351 dontum
458 1321 530 1351 tuam
540 1344 547 1357 ,
560 1328 583 1350 et
598 1323 652 1350 illic
667 1321 785 1356 avocare,
801 1328 824 1350 et
838 1323 891 1350 illic
907 1321 968 1349 lude
980 1342 987 1354 ,

337 1359 370 1387 Et
380 1369 428 1423 lqge
436 1360 613 1395 conceptiones
630 1363 687 1386 tuas
700 1380 707 1392 ,
727 1364 749 1386 ct
762 1367 813 1386 non
828 1359 854 1385 in
870 1358 968 1386 delictis
982 1362 1006 1385 et
1021 1357 1097 1385 verba

337 1404 378 1423 uer
395 1405 419 1423 ο.

299 1404 419 1423 διιυρνυο.

334 1405 463 1468 effligi-per
477 1431 516 1458 Itis
531 1430 649 1468 omnibus
663 1430 802 1468 benedicito
817 1429 968 1468 Dominum,
982 1429 1025 1465 qui
1037 1429 1098 1465 fecit

300 1472 335 1502 te,
350 1472 373 1495 et
389 1465 558 1494 inebriaulem
572 1472 594 1493 te
608 1466 640 1492 ab
654 1467 769 1493 onmibus
786 1465 857 1493 bouis
870 1466 933 1493 suis.

339 1504 389 1536 Qui
404 1504 474 1530 timet
488 1502 639 1534 Dominum,
653 1502 759 1537 excipiet
771 1502 913 1530 doctrinam
925 1501 980 1536 ejus
996 1508 1005 1528 :
1018 1504 1041 1528 et
1055 1501 1099 1536 qui

300 1539 462 1574 t'igilarerint
478 1538 601 1574 adrillum
611 1558 619 1571 ,
634 1537 762 1564 invenient
778 1537 990 1574 benedictionem.

338 1571 390 1609 Qui
404 1573 603 1611 quceritrlegem,
618 1573 755 1611 replebitur
766 1573 798 1601 ab
813 1582 843 1600 ea
858 1580 867 1600 :
881 1578 904 1600 et
918 1573 963 1608 qui
974 1571 1099 1600 insidiose

301 1608 371 1646 agit,
388 1608 607 1646 scatidttligttbitar
623 1608 650 1634 in
663 1616 703 1646 ea.

339 1643 390 1680 Qui
400 1647 489 1673 timent
506 1644 661 1678 Dominum,
674 1644 802 1673 invenient
810 1643 942 1681 judicium
949 1645 1064 1680 justum,
1078 1648 1100 1670 et

296 1683 416 1720 justitias
428 1681 501 1720 quasi
516 1680 601 1720 lumen
616 1681 765 1720 accendent.
792 1716 798 1720 _
812 1680 815 1681 ⁷
1051 1688 1069 1720 .-

338 1714 463 1746 Peccator
478 1717 556 1743 homo
578 1715 666 1742 vitabit
687 1716 873 1751 correptionem
888 1735 895 1747 ,
917 1720 941 1742 et
958 1714 1101 1743 secundum

301 1756 455 1782 voluntatem
469 1760 543 1779 suam
558 1751 665 1788 inueniet
676 1752 904 1788 comparationem.

341 1790 386 1817 Vir
402 1788 501 1816 consilii
515 1796 565 1815 non
580 1787 709 1820 disperdet
723 1786 922 1822 intelligentiam
937 1794 947 1814 :
963 1786 1065 1814 alienus
1076 1791 1100 1813 et

301 1826 426 1862 superbus
438 1832 488 1851 non
499 1824 656 1862 pertimescet
672 1824 789 1850 timorem
801 1831 810 1850 :

337 1857 425 1889 Etiam
440 1865 572 1895 postquam
585 1859 644 1892 fecit
658 1867 715 1887 cum
726 1867 755 1887 eo
766 1861 819 1887 sine
830 1857 949 1893 consilio,
961 1863 985 1886 et
998 1858 1051 1886 suis
1062 1858 1102 1885 in-

299 1897 482 1926 sectationibus
500 1899 632 1931 arguelur.

334 1932 400 1966 Fili,
419 1933 473 1960 sine
487 1930 594 1958 consilio
610 1930 675 1958 nihil
691 1931 784 1966 facias,
807 1934 830 1957 et
846 1935 902 1966 post
926 1931 1022 1965 factum
1047 1937 1100 1956 non

301 1969 443 2006 paenitebit.

337 2005 369 2031 In
383 2005 424 2031 via
436 2004 519 2031 ruina!
532 2010 584 2038 non
598 2010 651 2036 eas,
673 2006 698 2030 et
721 2010 773 2029 non
797 2001 911 2035 offendes
927 2001 954 2029 in
980 2001 1079 2038 lapides
1090 2008 1100 2028 :

299 2049 346 2103 secl:
356 2039 446 2067 credas
459 2045 482 2067 te
493 2039 540 2067 via’
554 2037 700 2072 laboriosw,
716 2047 747 2065 ne
754 2046 836 2074 ponas
852 2038 945 2065 anima:
957 2042 1008 2066 tute
1021 2045 1099 2064 scan-

318 2086 330 2103 ιΔ
348 2083 409 2103 um:

298 2077 388 2103 dolum
400 2083 409 2102 :

335 2112 369 2139 Et
384 2121 399 2138 a
415 2111 477 2146 ﬁliis
493 2111 543 2138 tuis
558 2118 627 2143 cave,
642 2115 665 2137 et
679 2118 695 2138 a
708 2109 855 2146 domesticis
870 2109 920 2146 tuis
932 2108 1045 2137 attende.

336 2147 370 2174 In
386 2143 454 2174 omni
469 2154 545 2181 opere
567 2151 611 2174 tuo
623 2146 698 2174 crede
720 2154 752 2173 es;
777 2145 829 2180 ﬁde
852 2145 946 2173 animo:
967 2143 1102 2172 tuce:hoc

300 2188 338 2211 est
353 2184 418 2210 enim
431 2183 588 2209 conservatio
603 2183 794 2210 mandatorum.

337 2219 387 2251 Qui
402 2218 481 2245 credit
502 2217 567 2251 Deo,
589 2218 697 2245 attendit
725 2217 875 2245 mandatis:
891 2221 913 2245 et
925 2217 971 2253 qui
993 2217 1100 2253 conﬁdit

300 2254 326 2282 in
338 2255 394 2290 illo,
409 2262 460 2282 non
477 2253 659 2281 minorabitur.

571 2322 684 2352 CAPUT
709 2322 831 2351 XXXIII.

337 2393 447 2421 Timenti
463 2391 601 2420 Dominum
616 2401 666 2419 non
689 2397 824 2420 occurrent
850 2393 929 2424 mala.
946 2393 992 2420 sed
1002 2393 1029 2420 in
1043 2397 1099 2420 len-

301 2431 396 2457 tatione
415 2429 482 2456 Deus
495 2427 570 2455 illum
584 2429 754 2461 conservabit,
773 2435 796 2456 et
813 2428 928 2456 liberabit
944 2438 959 2456 a
974 2429 1060 2457 malis.

339 2465 449 2500 Sapiens
463 2472 514 2501 non
529 2464 583 2490 odit
597 2465 729 2501 mandata,
744 2465 906 2501 etjuslitias,
930 2469 953 2492 et
977 2473 1029 2493 non
1044 2463 1096 2491 illi-

302 2501 377 2529 detur
391 2501 463 2536 quasi
477 2500 504 2526 in
518 2499 633 2535 procella
647 2501 729 2528 naris.

337 2535 425 2564 Homo
437 2540 555 2563 sensatus
565 2535 646 2563 credit
662 2537 712 2572 legi
725 2535 784 2567 Dei,
800 2540 823 2564 et
839 2535 880 2563 les:
896 2536 936 2563 illi
948 2536 1041 2570 ﬁdelis.

340 2572 391 2605 Qui
408 2572 635 2608 interrogationem
650 2572 810 2607 manifestat,
831 2572 932 2606 parabit
948 2573 1060 2604 uerbum,
1076 2576 1099 2599 et

302 2609 339 2636 sic
353 2607 684 2643 deprecatus'exaudietur,
701 2613 725 2635 et
744 2607 901 2635 conservabit
921 2608 1098 2643 disciplinam,

302 2649 326 2672 et
339 2649 398 2671 tunc
413 2643 585 2679 respondebit.

340 2679 489 2707 Prtecordia
509 2680 575 2715 fatui
588 2679 663 2715 quasi
677 2684 736 2706 rota
751 2679 836 2707 carri:
851 2683 874 2706 et
887 2679 959 2715 quasi
974 2679 1030 2707 axis
1041 2686 1099 2707 ver-

303 2716 386 2743 satilis
400 2716 525 2751 cogitatus
539 2714 620 2742 illius.

339 2751 428 2785 Equus
449 2751 606 2781 emissarius.
631 2750 668 2777 sic
689 2755 713 2778 et
734 2751 831 2778 amicus
845 2750 1027 2784 subsannator,
1053 2750 1100 2778 sub

302 2789 371 2815 omni
383 2787 564 2821 suprascdentc
577 2785 671 2813 Itinnit.

340 2824 427 2856 Quare
445 2822 498 2849 dies
513 2822 579 2848 diem
607 2823 759 2858 superat,'_'et
790 2823 883 2850 iterum
898 2823 1062 2858 luccqilucem,
1078 2827 1102 2850 et

301 2867 385 2888 anuus
397 2866 493 2885 annum
506 2866 522 2884 a
532 2858 604 2885 sole?
938 2884 942 2886 .

337 2895 358 2921 Α
371 2893 476 2920 Domini
488 2894 594 2934 scientia
606 2895 719 2931 separati
740 2898 810 2930 sunt,
826 2897 895 2932 facto
910 2894 974 2931 sole,
994 2900 1016 2924 et
1027 2903 1095 2931 prte-

303 2934 407 2966 uptum
417 2929 586 2957 custodiente.

786 155 816 185 S.
838 153 1031 185 IIIERONYMI
1051 152 1168 183 DIVINA
1188 151 1428 183 BIBLIOTIIECA.

1883 149 1939 182 459

1172 211 1204 240 Ει
1219 211 1362 242 immutavit
1387 217 1513 247 tempora,
1528 213 1551 236 et
1572 209 1627 247 dies
1646 209 1723 245 festos
1734 209 1860 245 ipsorum,
1875 213 1899 237 et
1911 209 1939 236 in

1137 248 1190 276 illis
1206 248 1260 275 dies
1278 248 1353 283 festos
1363 245 1557 283 celebraverunt
1571 245 1607 283 ad
1619 245 1718 283 horam.

1174 284 1216 312 Es;
1230 281 1292 318 ipsis
1308 282 1443 317 exaltabit,
1461 288 1484 309 et
1500 281 1675 318 tttagtll/it‘at'll
1693 281 1770 318 Deus,
1788 285 1812 307 et
1833 289 1865 308 ex
1875 281 1940 318 ipsis

1140 320 1225 355 posuit
1239 317 1264 346 in
1277 327 1410 355 numerum
1425 318 1535 347 dierum.
1553 317 1585 344 Iit
1598 326 1683 355 omnes
1699 317 1815 343 homines
1827 318 1858 347 de
1871 317 1941 350 solo,

1139 353 1161 383 et
1177 364 1209 383 ea:
1225 359 1305 385 terra.
1321 354 1389 382 unde
1406 359 1506 382 creatus
1520 359 1556 380 est
1574 353 1666 379 Adam.
1844 382 1847 383 ν

1175 390 1208 418 In
1224 391 1389 417 multitudine
1404 390 1549 425 discipliute
1567 389 1690 415 Dominus
1705 388 1834 423 separavit
1848 396 1903 421 eos,
1918 392 1943 416 et

1138 427 1285 454 immutavit
1299 427 1352 454 vias
1362 434 1464 453 eorum.

1177 462 1217 490 Ea:
1233 463 1296 497 ipsis
1310 462 1447 495 benedixit,
1465 465 1488 488 et
1500 460 1623 488 exaltabit
1639 468 1648 488 .'
1662 464 1685 490 et
1700 469 1731 489 ex
1741 460 1813 497 ipsis,
1824 459 1946 497 sanctiﬁ-

1139 499 1216 531 cavit,
1231 495 1254 525 et
1269 498 1302 525 ad
1318 506 1344 525 se
1358 497 1496 533 applicarit
1513 505 1522 528 ;
1537 500 1560 524 et
1573 505 1604 525 ex
1617 496 1680 531 ipsis
1693 495 1837 529 maledixit,
1855 500 1878 523 et
1893 496 1946 522 hu-

1139 534 1259 566 miliavit,
1274 539 1297 560 et
1318 532 1443 561 coni-erlit
1458 532 1518 561 illos
1529 541 1545 560 a
1556 533 1719 568 separatione
1730 533 1855 568 ipsarum.

1140 605 1168 632 di
1179 570 1261 603 Quasi
1272 569 1356 597 lutum
1370 568 1445 606 figuli
1459 569 1485 596 in
1498 577 1574 596 manu
1588 568 1679 603 ipsius.
1697 568 1825 605 plasmate
1838 568 1905 598 illud
1919 571 1947 596 et

1160 613 1286 632 tsaonere.

1160 613 1286 632 ιδυοηενε.

1178 625 1179 628 η
1201 615 1286 632 onere.

1178 615 1272 682 smiles
1289 641 1336 668 via:
1348 642 1404 683 ejus
1424 640 1563 683 secundum
1581 639 1790 683 dispositionenlt'
1810 641 1867 676 ejus
1882 640 1948 683 :lsic

1141 678 1216 704 homo
1228 677 1255 703 in
1268 685 1345 704 manu
1354 675 1487 712 itlius,qui
1499 684 1527 702 se
1538 675 1607 711 fecit,
1617 681 1640 702 et
1651 675 1738 702 reddet
1750 676 1790 702 illi
1804 675 1949 703 secundum

1135 712 1267 749 judicium
1286 721 1372 740 suum.

1146 776 1148 781 ,
1178 748 1275 776 Contra
1291 750 1385 776 malum
1399 749 1492 776 bonum
1504 752 1551 780 est,
1565 751 1588 777 et
1602 751 1691 775 contra
1701 752 1809 778 mortem
1821 747 1873 775 vita
1885 755 1895 775 :
1908 747 1950 775 sic

1141 789 1164 812 et
1175 790 1264 812 contra
1279 785 1359 811 rirum
1370 786 1622 820 justumpeccator.
1640 782 1674 809 Et
1688 783 1727 809 sic
1737 782 1837 810 intuere
1849 784 1875 810 iu
1889 791 1949 810 om-

1142 821 1186 847 nia
1212 828 1291 856 opera
1316 821 1453 847 Altissimi.
1472 819 1529 849 Duo
1556 823 1579 847 et
1607 819 1670 853 duo,
1698 823 1721 850 et
1744 827 1824 846 unum
1856 824 1950 846 contra

1143 865 1176 883 Il"
1180 865 1194 882 ll
1199 865 1221 882 IN
1226 876 1233 883 .

1180 892 1212 918 Et
1238 901 1282 928 ego
1305 893 1459 919 novissimus
1483 891 1614 927 evigilavi,
1639 895 1663 919 et
1683 891 1759 925 quasi
1779 891 1824 927 qui
1848 891 1950 927 colligit

1105 917 1129 948 Β
1143 928 1232 955 acinos
1248 917 1303 963 post
1325 917 1535 956 rindcmiatores‘:

1180 963 1212 990 In
1227 962 1400 991 benedictione
1411 963 1458 990 Del
1474 969 1496 990 et
1511 965 1564 1000 ipse
1576 963 1681 998 speravi
1694 970 1703 990 :
1714 967 1738 991 et
1748 962 1822 998 quasi
1837 963 1882 998 qui
1894 962 1953 989 viu-

1145 1000 1250 1032 dentiat,
1265 999 1358 1035 repleri
1377 1000 1502 1026 torcular.

1181 1033 1317 1073 Respieite,
1339 1036 1460 1073 quoniam
1475 1044 1524 1063 non
1542 1034 1604 1062 milii
1624 1033 1674 1061 soli
1688 1033 1813 1069 laboraui,
1831 1034 1876 1065 sed
1891 1042 1954 1062 om-

1147 1072 1222 1098 nibus
1233 1071 1429 1106 ‘exquireutibus
1445 1071 1622 1108 disciplinain.

1181 1107 1275 1135 Audite
1292 1116 1342 1139 me,
1355 1114 1498 1143 mugnates.
1513 1106 1540 1134 et
1557 1114 1644 1133 omnes
1664 1106 1756 1142 populi
1769 1115 1778 1135 :
1797 1109 1823 1133 et
1837 1110 1953 1135 rectores

1146 1142 1281 1176 Ecrlesite,
1297 1142 1404 1170 auribus
1425 1145 1557 1179 percipite.

1184 1179 1254 1206 Filio
1269 1184 1294 1207 et
1311 1180 1425 1212 mulieri,
1442 1185 1465 1208 et
1480 1181 1558 1215 fratri
1571 1187 1596 1211 et
1615 1183 1698 1210 amico
1713 1188 1765 1207 non
1781 1179 1825 1206 des
1841 1182 1958 1214 potesta-

1147 1219 1196 1241 tem
1209 1223 1287 1250 super
1298 1221 1321 1243 te
1336 1215 1361 1243 in
1376 1216 1429 1244 vita
1444 1214 1489 1243 tua
1505 1225 1514 1244 :
1527 1221 1614 1246 etnon
1628 1216 1732 1246 dederis
1749 1215 1795 1242 alii
1810 1214 1956 1250 possessio-

1147 1259 1207 1288 nem
1221 1256 1307 1288 tuam,_
1318 1259 1349 1279 ne
1364 1253 1429 1286 forte
1443 1254 1562 1287 pmniteat
1574 1260 1598 1282 te
1608 1259 1632 1282 et
1648 1252 1793 1288 depreceris
1809 1258 1856 1288 pro
1869 1250 1936 1276 illis.

1169 1322 1175 1328 _
1184 1284 1254 1313 Dum
1264 1286 1346 1313 adhuc
1356 1284 1462 1322 superes
1473 1293 1496 1315 et
1507 1291 1622 1325 aspiras,
1642 1284 1694 1317 non
1704 1287 1849 1315 itamulabit
1863 1291 1886 1313 te
1900 1294 1959 1313 ont-

1148 1330 1187 1350 ηις
1203 1330 1275 1350 caro.

1185 1357 1281 1397 Melius
1293 1363 1330 1386 est
1345 1359 1413 1397 enim
1430 1364 1457 1386 ut
1470 1359 1519 1395 ﬁlii
1535 1362 1573 1388 tui
1588 1366 1611 1389 te
1624 1365 1725 1397 rogent,
1739 1367 1815 1396 quant
1832 1363 1856 1386 te
1871 1358 1958 1394 respi-

1149 1402 1204 1430 cere
1214 1395 1241 1421 in
1258 1403 1349 1422 manus
1365 1396 1480 1430 ﬁliorum
1493 1402 1610 1425 tuorum.

1184 1429 1217 1468 l_n
1232 1430 1348 1468 omnibus
1362 1429 1481 1464 operibus
1498 1433 1548 1459 tuis
1561 1434 1713 1468 prteccllcns
1727 1437 1793 1460 esto.

1187 1465 1228 1504 Ne
1239 1466 1340 1504 dederis
1360 1467 1489 1495 maculam
1502 1468 1529 1497 in
1544 1465 1627 1504 gloria
1643 1474 1699 1497 tua.
1720 1468 1754 1495 In
1770 1468 1812 1496 die
1834 1473 1961 1504 consum-

1149 1503 1272 1541 mationis
1288 1503 1388 1541 dierum
1399 1504 1458 1530 vita:
1475 1502 1574 1538 tuan-et
1587 1506 1612 1532 in
1630 1503 1743 1541 tempore
1753 1504 1838 1532 exitus
1850 1504 1885 1533 tui
1899 1502 1961 1531 dis-

1151 1537 1237 1564 tribue
1251 1537 1427 1566 ltwredttatem
1442 1544 1525 1567 tuam.

1188 1572 1303 1606 Cibaria,
1315 1579 1338 1601 et
1351 1574 1432 1611 virga,
1446 1580 1471 1602 et
1483 1584 1548 1603 ouus
1560 1576 1634 1605 asino
1646 1584 1655 1604 :
1666 1576 1753 1612 panis,
1765 1579 1788 1603 et
1800 1574 1956 1608 disciplina,

1113 1604 1135 1635 C
1152 1614 1175 1636 et
1199 1617 1265 1642 opus
1280 1604 1361 1637 set'vo.

1192 1644 1320 1684 Operatur
1338 1647 1365 1673 in
1380 1645 1529 1681 disciplina,
1548 1652 1572 1675 et
1586 1648 1679 1681 quwrit
1698 1647 1855 1684 requiescere
1872 1653 1882 1674 :
1896 1645 1962 1673 laxa

1153 1689 1245 1716 manus
1262 1681 1312 1713 illi,
1330 1686 1354 1708 et
1368 1684 1461 1716 qua'rit
1481 1684 1635 1711 libertatem.

1187 1715 1297 1757 Iugum,
1318 1723 1340 1744 et
1361 1715 1445 1757 lorum
1458 1724 1563 1757 currant
1574 1719 1670 1747 collum
1691 1719 1795 1754 durum,
1811 1723 1835 1746 et
1857 1725 1961 1745 serram

1153 1751 1282 1779 inclinant
1298 1754 1458 1789 cperationes
1478 1755 1600 1783 assiduae.

1190 1788 1270 1829 Seruo
1281 1789 1408 1817 malevolo
1420 1795 1521 1821 tartara
1531 1796 1555 1819 et
1569 1791 1704 1827 sonipedes
1720 1799 1729 1819 :
1749 1791 1822 1819 mitte
1842 1789 1915 1818 illum
1930 1789 1961 1816 in

1153 1830 1337 1860 οριζξαιιοιιεηι,
1356 1834 1387 1853 ne
1402 1832 1472 1854 vacet
1485 1834 1494 1853 :

1190 1859 1300 1887 Multam
1315 1862 1383 1888 enim
1398 1863 1523 1889 malitiam
1536 1863 1622 1890 docuit
1637 1863 1764 1890 oliositas.

1189 1895 1222 1922 In
1236 1904 1314 1930 opera
1339 1898 1465 1925 coustitue
1489 1907 1547 1925 eum
1569 1899 1627 1927 :sic
1647 1899 1716 1926 enim
1731 1898 1852 1925 condecet
1867 1896 1957 1924 illatis.

1154 1930 1231 1964 Quod
1245 1932 1268 1958 si
1282 1940 1333 1970 non
1348 1933 1504 1967 obaudierit,
1528 1942 1607 1963 curua
1630 1934 1706 1963 illum
1732 1933 1908 1970 compedibus,
1932 1937 1961 1970 et

1153 1975 1204 2004 non
1215 1967 1358 2004 anipliﬁces
1374 1977 1452 2003 super
1466 1977 1566 2001 onmem
1578 1978 1681 1999 carnem
1694 1979 1703 1999 :
1715 1967 1804 1998 verum
1816 1970 1873 1996 siue
1881 1969 1962 2004 judi-

1153 2003 1271 2040 cioAnihil
1285 2004 1368 2039 facias
1382 2013 1469 2040 grave.

1190 2038 1424 2078 Si_e_sttibiscrbus
1448 2040 1545 2075 fidtlis,
1561 2042 1594 2070 sit
1615 2041 1661 2069 tibi
1683 2042 1758 2078 quasi
1783 2042 1869 2068 anima
1887 2044 1958 2078 tuar:

1152 2075 1227 2109 quasi
1241 2075 1348 2110 fratrem
1362 2076 1400 2113 sic
1410 2085 1467 2113 eum
1480 2082 1580 2106 tracta:
1593 2075 1716 2113 quoniam
1726 2078 1753 2105 in
1762 2077 1886 2113 sanguine
1899 2077 1960 2105 ani-

1153 2118 1202 2137 ma:
1214 2111 1372 2146 comparasti
1385 2112 1470 2140 illum.

1188 2146 1219 2184 ξ]
1231 2147 1327 2184 [reseris
1342 2155 1401 2184 eum
1415 2149 1519 2184 injuste,
1537 2148 1562 2175 in
1575 2151 1662 2184 fugam
1676 2153 1848 2180 convertetur.

1189 2181 1222 2208 Et
1244 2183 1266 2209 si
1281 2182 1405 2220 extollens
1421 2181 1580 2218 discesserit,
1595 2181 1672 2220 quem
1690 2193 1803 2220 quartis,
1824 2189 1848 2212 et
1863 2184 1889 2211 in
1904 2192 1957 2219 qua

1151 2219 1193 2246 via
1208 2226 1309 2253 quaeras
1328 2219 1414 2254 illum,
1433 2220 1525 2247 nescis.

1424 2286 1538 2316 CAPUT
1557 2286 1677 2316 XXXIV.

1192 2354 1268 2384 Vana
1282 2364 1350 2391 spes,
1363 2360 1386 2384 et
1402 2357 1562 2384 mendacium
1576 2357 1631 2385 viro
1645 2357 1776 2385 insensato
1793 2365 1802 2384 :
1815 2362 1839 2386 et
1853 2357 1956 2386 somnia

1153 2392 1281 2429 extollunt
1301 2394 1484 2429 imprudentes.

1191 2428 1272 2462 Quasi
1286 2429 1329 2463 qui
1347 2429 1518 2465 apprehendit
1534 2428 1662 2461 umbram,
1680 2433 1703 2456 et
1719 2429 1880 2465 persequitur
1895 2438 1956 2457 oeu—

1153 2468 1208 2491 tum
1223 2465 1279 2491 :sic
1292 2469 1315 2491 et
1327 2466 1371 2499 qui
1387 2465 1494 2491 attendit
1509 2465 1543 2491 ad
1558 2465 1611 2491 visa
1630 2465 1771 2493 mendacia.

1189 2499 1402 2537 llocrsecundum
1424 2499 1472 2537 hoc
1494 2501 1559 2528 visio
1578 2501 1738 2529 somniorum
1754 2509 1764 2530 :
1782 2505 1842 2530 ante
1863 2501 1955 2537 faciem

1154 2535 1265 2563 hominis
1283 2536 1426 2563 similitudo
1437 2535 1557 2564 hominis.

1190 2571 1227 2597 Ab
1241 2572 1372 2608 immundo
1393 2572 1455 2608 quid
1479 2571 1665 2599 mandabitur?
1687 2579 1710 2600 et
1726 2582 1742 2600 a
1755 2573 1876 2602 mendace
1891 2572 1955 2608 quid

1153 2615 1241 2635 verum
1256 2606 1375 2636 dicetur?

1191 2643 1322 2680 Diuinatio
1341 2644 1445 2677 erroris,
1465 2647 1489 2671 et
1512 2644 1623 2679 auguria
1645 2644 1790 2680 mendacia,
1817 2650 1840 2672 et
1855 2644 1956 2675 sonusia

1154 2679 1372 2714 malefacientium
1398 2680 1497 2709 vanitas
1515 2685 1562 2707 est.

1191 2714 1224 2753 [fit
1236 2716 1313 2753 sicut
1323 2716 1500 2753 parturientis,
1514 2723 1558 2753 cor
1572 2720 1643 2743 tuum
1654 2715 1933 2753 rpltantasiasrpatitur
1947 2725 1956 2743 :

1155 2750 1205 2787 nisi
1216 2750 1246 2776 ab
1262 2750 1391 2779 Altissiaw
1406 2752 1483 2787 fuerit
1508 2752 1601 2780 emissa
1614 2752 1736 2786 visitatio,
1760 2761 1792 2780 ne
1812 2750 1914 2780 dederis
1929 2753 1956 2779 in

1154 2785 1207 2812 illis
1220 2793 1263 2812 cor
1282 2791 1363 2813 tuum.

1190 2821 1288 2849 Multos
1304 2823 1370 2849 enim
1390 2830 1476 2851 errare
1491 2824 1605 2858 fecerunt
1627 2824 1737 2856 somnia,
1759 2828 1782 2851 et
1804 2824 1956 2852 exciderunt

1153 2864 1285 2893 sperantes
1300 2858 1325 2884 iu
1339 2858 1401 2886 illis.

1190 2893 1253 2933 Sine
1267 2895 1405 2933 mendacio
1418 2894 1638 2933 consummabitur
1660 2897 1763 2924 verbum
1779 2896 1854 2933 tegis,
1869 2901 1893 2926 et
1915 2905 1959 2923 $1:-

1152 2929 1249 2965 pieutia
1264 2930 1290 2957 in
1306 2938 1349 2958 ore
1360 2930 1445 2966 ﬁdelis
1455 2930 1671 2966 t‘omplttttabilur.
