4182 6338
481 341 594 403 455

1504 337 1563 397 S.
1606 330 1991 396 IIIERONYMI
2030 328 2261 392 DIVINA
2300 322 2778 388 BIBLIOTIIECA.

3682 304 3791 367 456

551 464 614 522 Si
640 468 716 537 est
746 460 930 537 lingua
957 458 1262 537 curationis,
1292 464 1366 514 est
1403 456 1824 537 etmitigationis
1852 463 1897 537 e_t
1926 454 2078 509 mise-
2104 452 2158 514 Α
2256 448 2392 515 Fili,
2438 450 2491 503 in
2523 447 2626 537 vita
2655 448 2917 537 tuartrntla
2952 437 3184 537 animam
3229 443 3371 493 tuam
3400 448 3418 490 :
3448 440 3496 489 et
3535 431 3583 487 si
3628 430 3787 502 fuerit

475 535 718 593 ricordim
744 551 763 590 :
783 528 885 589 non
910 542 983 590 est
1008 533 1087 588 vir
1104 532 1248 587 illius
1274 528 1554 585 secundum
1585 529 1722 597 filios
1749 528 2037 582 hominum.

556 609 660 675 Qui
704 606 931 675 possidet
977 604 1243 659 mulierem
1291 602 1505 675 bonum,
1546 601 1753 657 inchoat
1799 597 2081 675 possessio—

2183 538 2427 591 nequam,
2456 536 2558 574 non
2581 519 2669 572 des
2690 516 2771 591 illi
2802 523 3105 591 potestatem
3134 526 3154 565 :

2257 573 2553 647 Non'enim
2575 590 2748 644 omnia
2782 573 3013 639 omnibus
3044 581 3328 653 expediunt
3353 621 3369 649 ,
3416 586 3466 633 et
3509 592 3613 632 non
3644 573 3785 629 omni

488 658 656 736 nem:
692 658 1023 752 adiutorium
1038 658 1329 733 secundum
1355 658 1507 728 illum
1537 681 1636 744 est,
1667 680 1715 727 et
1753 658 1995 726 columna
2024 676 2082 723 ut
2182 665 2552 752 aniguqomne
2585 676 2745 734 genus
2774 658 2961 741 placet.

482 770 539 808 re
577 767 704 808 mes.

541 770 661 879 qui
685 838 788 877 non
814 830 889 877 est
913 836 1055 893 sepes
1080 861 1095 885 ,
1133 817 1404 891 diripiatur
1429 816 1683 888 possessio
1709 831 1728 870 :
1759 823 1807 870 et
1848 812 1935 867 ubi
1979 826 2084 865 non

485 904 558 952 est
590 894 775 949 mulier
792 936 807 958 ,
828 892 1116 963 ingemiscit
1141 906 1317 963 egens.

2258 718 2391 790 Noli
2435 718 2616 788 avidus
2656 718 2844 786 esse'in
2888 726 3028 782 omni
3057 724 3372 794 epulatione,
3413 731 3462 779 et
3499 736 3604 777 non
3632 726 3680 774 te
3712 718 3794 787 ef—

2186 808 2381 880 fnn_das
2400 820 2555 880 super
2579 818 2782 880 omnem
2803 815 2990 880 escam.

2260 876 2330 932 In
2354 864 2529 933 multis
2553 876 2688 931 enim
2717 874 2846 929 escis
2882 873 2978 926 erit
3016 867 3315 939 infirmitas,
3346 876 3394 922 et
3427 864 3649 922 aviditas
3688 879 3793 933 ap-

1140 942 1430 1034 nzonltabet
1466 958 1650 1034 nidum
1685 973 1703 1012 :
1733 956 2087 1034 etde/lecteas
2187 948 2555 1034 propinqua“!
2582 942 3136 1034 ιιειιιεε

484 1027 793 1110 ubicumque
822 1027 1199 1110 Aobscura’verit,
1241 1031 1391 1110 quasi
1434 1032 1726 1087 succinctus
1777 1028 1911 1084 latro
1952 1027 2087 1083 exsi-

488 1110 616 1165 liens
641 1105 713 1164 de'
733 1108 940 1164 civitate
966 1107 1020 1161 in
1043 1105 1335 1161 civitatem?

1021 1216 1249 1277 CAPUT
1277 1214 1549 1272 XXXVII.

564 1316 748 1371 Omnis
791 1314 990 1368 amicus
1021 1309 1158 1366 dicet
1189 1324 1210 1365 :
1251 1308 1322 1365 Et
1364 1325 1456 1381 ego
1495 1307 1776 1381 amicitiam
1812 1305 2093 1381 copulavi:

491 1389 580 1445 sed
609 1397 681 1443 est
725 1387 920 1439 amicus
960 1384 1071 1439 solo
1114 1383 1320 1438 nomine
1368 1378 1589 1437 amicus.
1644 1379 1836 1435 Nonne
1876 1378 2093 1434 tristitia

490 1462 623 1515 inest
649 1474 810 1525 usque
836 1456 905 1510 ad
929 1454 1183 1509 mortem?

562 1524 776 1587 Sodalis
802 1537 973 1583 autem
1015 1534 1062 1581 et
1080 1526 1288 1581 amicus
1317 1524 1385 1579 ad
1423 1524 1753 1581 inimicitiam
1791 1528 2092 1578 converten-

495 1611 597 1657 tur.

569 1672 614 1729 Ο
638 1671 971 1746 praesumptio
1000 1667 1313 1746 nequissima
1333 1668 1518 1746 {unde
1547 1675 1721 1723 creata
1744 1683 1799 1722 es
1834 1662 2097 1737 cooperire

496 1739 696 1801 aridam
726 1739 929 1797 malitia
953 1752 1001 1797 et
1033 1740 1303 1795 dolositate
1336 1739 1519 1795 illius?

569 1816 783 1873 Sodalis
820 1815 986 1869 amico
1014 1810 1429 1885 conjucun‘datur
1460 1814 1511 1864 in
1550 1806 1977 1885 oblectationibus
2001 1850 2017 1878 ,
2048 1814 2095 1861 et

495 1889 548 1943 in
580 1896 805 1957 temporc
827 1881 1179 1940 tribulationis
1196 1881 1536 1957 adversarius
1561 1883 1678 1957 erit.

572 1950 785 2015 Sodalis
817 1959 981 2013 amico
1013 1956 1251 2011 condolet
1289 1970 1446 2009 causa
1474 1954 1685 2022 ventris,
1708 1961 1760 2009 et
1789 1961 1971 2007 contra
2004 1950 2103 2004 ho—

499 2040 628 2087 stem
658 2031 872 2087 accipiet
903 2038 1125 2084 scutum.

575 2102 697 2157 Non
727 2094 1040 2156 obliviscaris
1066 2099 1222 2152 amici
1250 2099 1323 2152 tni
1348 2098 1400 2151 in
1440 2096 1617 2151 animo
1640 2106 1750 2164 tuo,
1781 2106 1827 2151 et
1872 2111 1974 2149 non
2007 2094 2105 2148 im-

501 2190 693 2229 memor
717 2175 787 2229 sis
806 2172 951 2227 illius
975 2172 1029 2225 in
1050 2173 1232 2242 apibus
1264 2170 1384 2224 tuis.

577 2244 705 2300 Noli
724 2243 992 2299 consiliari
1020 2236 1134 2296 cum
1155 2258 1233 2306 eo,
1258 2243 1347 2313 qui
1375 2241 1465 2296 tibi
1487 2236 1786 2307 insidiatur,
1808 2247 1855 2293 et
1877 2254 1908 2293 a
1928 2238 2107 2294 zelon-

504 2317 641 2371 tibus
666 2328 713 2371 te
736 2314 991 2375 absconde
1021 2313 1316 2368 consilium.

580 2388 761 2443 Omnis
788 2386 1116 2443 consiliarius
1135 2384 1307 2458 prodit
1328 2384 1621 2453 consilium,
1647 2382 1737 2438 sed
1757 2391 1832 2437 est
1858 2381 2109 2439 consilia-

506 2459 619 2514 rius
644 2461 699 2515 in
722 2459 1011 2530 semetipso.

578 2531 623 2585 A
651 2524 950 2586 consiliario
991 2544 1134 2584 serva
1167 2527 1394 2581 animam
1436 2536 1578 2599 tuam
1618 2526 1803 2599 :prius
1847 2524 1973 2580 scito
1996 2541 2110 2599 qua:

506 2606 575 2661 sit
607 2603 750 2658 illius
771 2602 1047 2657 necessitas
1071 2615 1088 2653 :
1112 2609 1159 2671 et
1188 2599 1296 2671 ipse
1327 2600 1461 2654 enim
1490 2598 1788 2671 animosuo
1827 2598 2064 2671 cogitabit
2089 2612 2107 2651 :

579 2674 664 2747 Ne
686 2679 820 2747 forte
844 2673 1015 2747 mittat
1044 2669 1225 2725 sudem
1248 2671 1301 2723 in
1335 2680 1546 2733 terram.
1579 2680 1625 2747 et
1653 2669 1790 2747 dicat
1820 2670 1911 2722 tibi
1937 2686 1955 2747 ς

583 2738 730 2802 Bona
757 2755 832 2801 est
869 2746 953 2800 via
981 2755 1068 2798 tua
1100 2758 1118 2797 :
1144 2751 1189 2798 et
1219 2749 1316 2797 stet
1346 2742 1640 2798 econtrario
1669 2741 1837 2795 videre
1865 2740 1992 2811 quid
2022 2738 2110 2794 tibi

512 2820 708 2877 eveniat
719 2858 732 2874 .

579 2890 711 2947 Cum
736 2889 847 2943 viro
879 2885 1171 2958 irreligioso
1200 2894 1363 2958 tracta
1398 2884 1462 2940 de
1485 2884 1778 2958 sanctitate,
1801 2891 1851 2937 et
1882 2899 1999 2958 cum
2025 2883 2110 2937 in-

502 2963 649 3035 justo
677 2961 738 3044 de
750 2960 987 3044 justitia,
1018 2954 1066 3044 et
1087 2972 1202 3010 cum
1226 2954 1441 3010 muliere
1466 2955 1528 3044 de
1549 2973 1633 3022 ea,
1654 2970 1769 3044 qua:
1788 2955 2064 3044 animatur
2092 2968 2112 3009 :

508 3024 626 3089 cum
657 3024 835 3088 timido
861 3031 923 3085 de
966 3024 1099 3084 bello
1132 3042 1151 3081 :
1178 3043 1295 3081 cum
1332 3027 1646 3097 negotiatore
1667 3024 1742 3079 'tle
1787 3026 2109 3097 trajectione,

510 3121 630 3160 cum
642 3110 883 3229 smptore
910 3101 975 3157 de
1004 3098 1314 3166 venditione,
1346 3092 1465 3153 cum
1494 3098 1605 3153 viro
1652 3092 1822 3153 livido‘
1839 3092 1902 3151 de
1930 3092 2113 3168 gratiis

510 3194 637 3229 tmen
679 3193 721 3229 18
743 3191 763 3229 ἔ

508 3191 721 3251 ageam
743 3191 763 3251 ς

2314 1005 2489 1091 rapter
2521 1005 2797 1102 crapulam
2823 1015 2975 1069 multi
3005 1013 3238 1069 obierunt
3264 1026 3283 1066 :
3311 1010 3401 1083 qui
3435 1017 3608 1096 autem
3635 1005 3797 1062 absti-

2192 1110 2318 1150 nens
2338 1088 2437 1161 est,
2464 1088 2672 1164 adjiciet
2693 1088 2873 1144 vitam.
3554 1088 3565 1096 '
3595 1117 3615 1154 ι

2715 1243 2943 1303 CAPUT
2977 1242 3268 1302 XXXVIII.

2267 1381 2491 1439 Honora
2528 1380 2783 1436 medicum
2808 1386 3020 1451 prapter
3055 1377 3417 1435 necessitatem
3453 1392 3473 1433 :
3496 1374 3684 1432 etenim
3726 1374 3798 1429 il-

2197 1454 2307 1512 lum
2333 1454 2526 1509 creavit
2546 1452 2866 1508 Altissimus.

2272 1529 2317 1610 ᾼ
2351 1526 2457 1582 Deo
2478 1534 2553 1581 est
2583 1525 2719 1581 enim
2749 1525 2916 1579 omnis
2938 1522 3162 1591 medela,
3185 1528 3235 1576 et
3260 1537 3296 1576 a
3320 1536 3440 1595 rege
3462 1518 3683 1590 accipiet
3702 1517 3802 1572 do-

2200 1608 2483 1655 nationem.

2276 1669 2566 1742 Disciplina
2595 1667 2781 1724 medici
2820 1666 3097 1742 exaltabit
3122 1669 3279 1736 caput
3317 1663 3482 1733 illius,
3515 1672 3565 1720 et
3596 1662 3652 1718 in
3672 1677 3798 1717 con-

2199 1752 2381 1815 spectu
2404 1739 2767 1815 magnatorum
2795 1739 2897 1815 coll
2904 1739 3209 1815 audabitur.

2274 1808 2574 1869 Altissimus
2595 1813 2783 1866 creavit
2805 1812 2870 1865 de
2891 1821 3032 1867 terra
3056 1810 3450 1880 medicamenta,
3478 1818 3528 1865 et
3558 1808 3640 1862 vir
3673 1822 3804 1878 pru-

2130 1856 2178 1918 Β
2206 1856 2783 1941 άεῑιῖἶιῖιῗὶιῐὶιᾶἓῖἓιῖἑὶ
2803 1856 2921 1938 an:

2281 1956 2472 2012 Nonne
2494 1974 2527 2012 a
2556 1957 2701 2027 ligno
2726 1955 2999 2027 indulcata
3027 1965 3100 2009 est
3121 1971 3261 2026 aqua
3287 1954 3509 2010 amara?

2277 2028 2359 2084 Ad
2384 2019 2701 2101 agnitionem
2722 2025 2832 2101 [AL
2862 2019 3213 2101 agnationem]
3240 2028 3509 2101 hominum
3537 2023 3703 2101 virtus
3723 2019 3763 2075 il
3774 2053 3794 2064 ο

2207 2092 2472 2165 lorum,'et
2509 2100 2649 2154 dedit
2683 2092 2976 2154 hominibus
3003 2092 3273 2154 scientiam
3295 2098 3609 2163 Altissimus,
3633 2092 3804 2148 hono-

2204 2174 2314 2226 rari
2335 2173 2390 2225 iu
2420 2170 2746 2225 mirabilibus
2770 2171 2899 2225 suis.

2280 2241 2350 2297 In
2375 2242 2457 2296 his
2479 2259 2668 2297 curans
2690 2242 2942 2313 miligabit
2965 2242 3221 2307 dolorem,
3243 2251 3291 2297 et
3309 2238 3693 2313 unguentarius
3714 2240 3805 2313 fa-

2209 2315 2306 2370 ciet
2326 2316 2589 2387 pigmenta
2605 2310 2896 2379 suavitatis,
2918 2323 2968 2369 et
2988 2314 3259 2367 unctiones
3279 2310 3515 2381 conficiet
3536 2310 3803 2376 sanitatis,

2210 2396 2256 2441 et
2284 2402 2387 2440 non
2420 2387 2912 2440 consummabuntur
2937 2401 3093 2453 opera
3130 2388 3249 2448 eius
3274 2400 3294 2437 :

2282 2456 2401 2530 Pas:
2428 2459 2565 2513 enim
2595 2456 2691 2511 Dei
2712 2473 2868 2530 super
2890 2458 3075 2527 faciem
3100 2465 3270 2511 terrm.

2282 2529 2416 2594 Fili,
2438 2530 2491 2583 in
2519 2537 2611 2583 tua
2642 2521 2948 2598 inﬁrmitate
2988 2545 3052 2582 ne
3086 2530 3347 2599 despicias
3391 2535 3440 2582 te
3495 2527 3687 2598 ipsum,
3716 2521 3811 2578 scd

2214 2617 2306 2657 ora
2334 2601 2636 2672 Dominum,
2662 2610 2708 2654 et
2735 2602 2843 2672 ipse
2873 2599 3070 2654 curabit
3094 2607 3163 2654 te.

2282 2673 2463 2745 Averte
2481 2689 2514 2726 a
2538 2666 2765 2739 delicto,
2780 2682 2828 2727 et
2854 2672 3025 2745 dirige
3050 2687 3260 2738 manus,
3287 2679 3337 2726 et
3364 2670 3426 2726 ab
3449 2669 3591 2725 omni
3618 2666 3810 2723 delicto

2217 2744 2414 2798 munda
2436 2760 2525 2799 cor
2555 2754 2723 2799 tuum.

2283 2813 2368 2870 Da
2404 2816 2710 2887 suavitatem
2737 2824 2787 2871 et
2826 2816 3129 2870 memoriam
3169 2814 3501 2887 similaginis,
3534 2812 3808 2884 impingua

2213 2886 2546 2952 oblationem,
2576 2897 2622 2941 et
2651 2885 2721 2941 da
2751 2887 2921 2941 locum
2940 2889 3162 2941 medico.

2285 2956 2492 3013 Etenim
2514 2959 2664 3013 illum
2689 2958 2944 3014 Dominus
2974 2960 3164 3014 creavit
3186 2974 3206 3015 :
3225 2967 3397 3025 etnon
3418 2955 3651 3012 discedat
3675 2971 3708 3010 a
3735 2963 3806 3020 te,

2213 3031 2336 3103 quia
2366 3046 2519 3102 opera
2550 3033 2662 3103 ejus
2687 3039 2812 3085 sunt
2839 3032 3152 3086 necessaria.
3340 3101 3367 3103 μ
3548 3099 3558 3103 _
3589 3077 3597 3083 .

2286 3100 2382 3174 Est
2398 3099 2549 3157 enim
2570 3099 2794 3174 iempus,
2809 3103 3019 3174 quando
3033 3104 3086 3157 in
3106 3118 3290 3157 manus
3308 3099 3803 3174 illorummincurras.

2290 3170 2406 3244 Ipsi
2449 3190 2567 3228 vero
2613 3170 2887 3228 Dominum
2932 3175 3362 3244 deprecabuntur,
3404 3183 3461 3227 ut
3500 3171 3691 3239 dirigat
3726 3186 3812 3244 re-

585 3248 713 3302 (Ium
739 3244 900 3324 impio
930 3242 996 3299 de
1023 3242 1250 3324 pietate:
1278 3256 1395 3322 cum
1424 3240 1693 3297 inhonesto
1722 3240 1786 3295 de
1810 3238 2115 3295 honestate:
2141 3239 2186 3303 C
2218 3238 2388 3324 quiem
2414 3261 2615 3315 eorum,
2643 3254 2691 3299 et
2719 3238 3011 3302 sanitatem'
3026 3256 3237 3319 propter
3267 3238 3707 3300 conuersationem
3733 3242 3806 3296 ξι.

511 3335 628 3391 cum
656 3312 891 3391 operario
916 3312 1124 3391 agraria
1152 3312 1382 3391 de-ontni
1412 3329 1565 3386 apere
1592 3328 1612 3367 :

587 3383 715 3445 Cum
746 3383 983 3461 aperario
1011 3383 1229 3461 annuali
1249 3383 1313 3439 de
1336 3383 1779 3461 consummatione
1796 3384 1922 3461 anni
1949 3399 1970 3461 :_
1993 3399 2113 3461 cum

512 3477 657 3515 servo
699 3453 846 3531 pigro
872 3458 934 3512 de
961 3453 1125 3511 multa
1156 3458 1453 3527 Operatione
1481 3471 1499 3510 :
1541 3472 1645 3510 non
1675 3453 1913 3509 attendas
1950 3456 2030 3509 his
2059 3456 2114 3509 in

518 3533 659 3587 omni
681 3532 920 3586 consilio.

588 3603 695 3659 Sed
721 3618 839 3657 cum
863 3602 971 3656 viro
997 3608 1174 3654 sancto
1197 3600 1439 3653 assiduus
1468 3608 1599 3665 esto,
1633 3612 2002 3669 quemcumque
2030 3614 2118 3652 co-

516 3675 751 3748 gnoveris
775 3674 1121 3728 observantem
1152 3671 1384 3748 timorem
1416 3669 1530 3724 Dei.

587 3749 746 3820 Cujus
768 3748 948 3820 anima
988 3752 1060 3820 est
1102 3742 1389 3820 secundum
1430 3746 1657 3820 animum
1690 3747 1835 3820 tuam
1862 3754 1881 3793 :
1919 3750 1966 3795 et
2006 3740 2115 3809 qui,

514 3835 630 3873 cum
654 3811 959 3872 'titubaveris
988 3815 1041 3869 in
1070 3813 1309 3877 tenebris,
1341 3811 1638 3867 condolebit
1663 3811 1773 3866 tibi.

587 3889 688 3945 Cor
713 3890 833 3944 boni
862 3885 1063 3943 consilii
1090 3894 1259 3939 statue
1288 3892 1456 3939 tecum
1478 3900 1495 3937 :
1518 3900 1624 3938 non
1652 3893 1725 3938 est
1746 3881 1857 3955 [AL
1892 3890 1997 3940 lac.
2021 3881 2120 3954 est]

518 3962 654 4016 enim
694 3959 786 4016 tibi
814 3959 959 4015 aliud
989 3958 1154 4030 pluris
1182 3956 1295 4010 illo.

587 4034 775 4087 Anima
819 4031 917 4086 viri
962 4025 1128 4084 sancti
1172 4026 1407 4082 enuntiat
1454 4025 1739 4097 aliquando
1781 4041 1922 4091 vera,
1968 4041 2119 4093 quam

516 4116 708 4229 qeptiem
756 4102 1205 4173 circumspectores
1235 4099 1465 4153 sedentes
1504 4096 1560 4151 in
1588 4098 1786 4153 excelso
1825 4096 1893 4151 ad
1932 4114 2121 4169 specu-

538 4193 604 4229 an
648 4192 755 4229 um.

538 4192 755 4231 anaum.

597 4245 662 4301 Et
685 4248 738 4300 in
766 4245 846 4299 his
870 4242 1105 4299 omnibus
1135 4241 1408 4314 deprecare
1448 4237 1794 4309 Altis-simum,
1829 4249 1885 4296 ut
1932 4240 2124 4311 dirigat

518 4320 575 4373 in
595 4318 807 4373 veritate
826 4316 960 4369 viam
989 4323 1153 4370 tuam.
1461 4353 1468 4360 .

591 4391 725 4444 Ante
744 4387 916 4444 omnia
937 4402 1093 4458 opera
1122 4386 1514 4458 verbumveraa:
1543 4383 1800 4457 prwcedat
1822 4392 1893 4449 te,
1930 4391 1976 4437 et
2004 4391 2126 4437 ante

522 4476 722 4517 omnem
748 4469 921 4514 actum
945 4456 1220 4512 consilium
1246 4456 1446 4513 stabile.

600 4531 823 4588 Verbum
852 4545 1069 4600 nequam
1099 4529 1386 4600 immutabit
1414 4542 1500 4583 cor
1528 4545 1541 4580 :
1571 4542 1635 4581 ex
1664 4543 1766 4598 quo
1800 4534 1967 4595 partes
1994 4541 2125 4600 qua-

523 4614 641 4660 tuor
662 4596 941 4663 oriuntur.'
961 4600 1146 4655 bonum
1181 4610 1227 4654 et
1264 4598 1481 4665 malum,
1524 4600 1628 4653 vita
1668 4596 1713 4653 et
1741 4614 1877 4651 mors
1903 4613 1919 4649 :
1946 4607 1992 4650 et
2023 4596 2121 4651 do-

525 4677 772 4732 minatrix
810 4674 1019 4729 illorum
1057 4681 1131 4726 est
1178 4671 1388 4726 assidua
1432 4670 1630 4741 lingua.
1677 4668 1772 4723 Est
1816 4669 1892 4722 vir
1916 4677 2118 4723 astutus

524 4746 805 4804 multorum
825 4744 1077 4811 eruditor,
1107 4750 1154 4798 et
1175 4744 1362 4797 animle
1390 4759 1496 4796 sua:
1523 4742 1723 4796 inutilis
1747 4750 1845 4795 est.

601 4817 698 4874 Vir
737 4816 931 4890 peritus
975 4814 1165 4870 multos
1193 4813 1433 4880 erudivit,
1488 4824 1535 4869 et
1572 4814 1760 4868 anima:
1802 4826 1913 4867 sua:
1947 4810 2122 4866 suavis

520 4901 617 4947 08!.

599 4961 701 5029 Qui
729 4957 1004 5033 sophistice
1033 4954 1285 5029 loquitur,
1316 4955 1523 5012 odibilis
1548 4964 1656 5012 est:
1679 4955 1734 5010 in
1772 4954 1911 5010 omni
1938 4954 2121 5027 reide-

522 5033 876 5109 fraudabitur,

599 5106 724 5160 Non
748 5111 820 5157 est
847 5101 933 5157 illi
960 5099 1085 5156 data
1111 5116 1145 5154 a
1185 5097 1412 5155 Domino
1438 5099 1609 5173 gratia
1638 5115 1658 5154 :
1701 5098 1842 5153 omni
1868 5097 2005 5154 enim
2038 5113 2124 5154 sae

526 5178 721 5250 pientia
749 5174 1091 5250 defraudatus
1119 5181 1214 5228 est.

598 5246 693 5303 Est
739 5247 946 5315 sapiens
973 5246 1160 5299 anima:
1186 5259 1294 5300 suae
1319 5246 1433 5316 sapi

525 5318 668 5376 illius
694 5316 995 5373 laudabilis.

603 5390 699 5446 Vir
726 5390 934 5459 sapiens
978 5386 1174 5458 plebem
1210 5402 1355 5443 suam
1380 5386 1551 5443 erudit
1574 5427 1590 5452 .
1631 5395 1680 5443 et
1715 5386 1915 5458 fructus
1943 5401 2124 5443 sensus

524 5464 667 5522 illius
688 5461 865 5531 ﬁdeles
885 5468 1028 5514 sunt.

608 5528 945 5605 Virqsapiens
971 5530 1262 5603 implebitur
1304 5528 1764 5599 benedictionibus,
1810 5537 1859 5586 et
1896 5528 2125 5586 videntes

529 5605 682 5663 illum
712 5601 1020 5659 laudabunt.

606 5676 729 5732 Vita
751 5675 849 5731 viri
875 5676 932 5730 in
964 5689 1178 5729 numero
1204 5673 1405 5729 dierum
1438 5688 1459 5730 :
1489 5672 1599 5729 dies
1626 5681 1799 5729 autem
1829 5672 1998 5731 Israel
2040 5673 2129 5730 in-

529 5745 875 5806 numerabiles
903 5752 1043 5802 sunt.

600 5819 823 5895 Sapiens
853 5820 919 5895 in
958 5815 1154 5895 populo
1183 5816 1505 5878 luereditabit
1544 5819 1814 5891 honorem,
1852 5827 1902 5877 et
1945 5832 2133 5876 nomen

529 5890 689 5953 illius
702 5892 796 5951 erit
816 5890 985 5947 vivens
1007 5890 1062 5947 in
1087 5897 1364 5947 teternum.

1437 5259 1524 5299 ens
1552 5259 1573 5298 :
1614 5250 1663 5298 et
1692 5242 1893 5315 fructus
1941 5221 2123 5299 sensus

2216 3318 2410 3372 lorum.

2293 3387 2395 3456 Qui
2423 3386 2678 3459 delinquit
2699 3388 2753 3443 in
2773 3398 3047 3462 conspectu
3078 3391 3213 3462 ejus,
3243 3387 3334 3461 qui
3362 3386 3481 3461 fecit
3506 3402 3644 3454 eum,
3673 3383 3808 3439 inci-

2218 3459 2303 3514 det
2335 3461 2388 3514 in
2417 3475 2601 3514 manus
2629 3461 2839 3517 medici.

2292 3528 2806 3606 Fili,qin_mortuum
2860 3532 3062 3606 produc
3103 3532 3462 3606 lacrymastet
3505 3530 3660 3602 quasi
3689 3529 3812 3583 dira

2218 3619 2405 3675 passus
2431 3603 2601 3676 incipe
2625 3602 2933 3674 plorare,'et
2975 3602 3258 3658 secundum
3284 3602 3556 3676 judicium
3597 3609 3811 3671 contege

2217 3672 2411 3744 corpus
2433 3672 2598 3740 illius,
2626 3672 2675 3729 et
2698 3692 2797 3729 non
2822 3676 3077 3744 despicias
3106 3672 3433 3743 sepulturam
3462 3672 3629 3727 illius.

2346 3754 2520 3819 ropter
2559 3747 2852 3801 delaturum
2893 3742 3067 3803 autem
3097 3742 3277 3819 amare
3318 3746 3396 3816 fer
3424 3744 3620 3800 luctum
3659 3742 3810 3798 illius

2220 3817 2460 3891 uiro_die,
2492 3826 2537 3891 et
2566 3819 2835 3874 consolare
2861 3828 3072 3891 propter
3099 3818 3386 3872 tristitiam.

2295 3888 2363 3942 Et
2396 3890 2477 3960 fac
2506 3888 2712 3962 luctum
2731 3885 3013 3945 secundum
3049 3891 3294 3946 meritum
3318 3891 3434 3962 ejus
3465 3902 3571 3943 uno
3604 3885 3710 3953 die,
3731 3886 3811 3940 vel

2222 3958 2431 4033 duobus
2449 3971 2660 4033 propter
2679 3961 3068 4017 detractionem.

2294 4031 2339 4086 A
2369 4029 2580 4104 tristitia
2605 4032 2745 4087 enim
2776 4035 2986 4101 festinat
3018 4048 3180 4100 mors,
3206 4045 3256 4087 et
3284 4032 3512 4104 cooperit
3544 4029 3808 4097 virtutem,

2223 4112 2271 4158 et
2296 4102 2511 4174 tristitia
2536 4104 2709 4158 cordis
2738 4104 2899 4174 flectit
2923 4105 3187 4160 cervicem.

2295 4172 2363 4228 In
2404 4173 2714 4229 abductione
2736 4172 2999 4247 permanet
3029 4176 3240 4232 tristitia
3262 4191 3280 4229 :
3302 4184 3350 4230 et
3374 4174 3669 4231 substantia
3695 4172 3812 4227 inoo

2224 4246 2610 4320 pis_secundum
2633 4262 2725 4320 cor
2739 4246 2745 4247 ⁷
2760 4249 2894 4320 ejus.

2297 4316 2350 4371 Ν
2355 4334 2381 4371 e
2406 4315 2611 4371 dederis
2636 4318 2691 4391 in
2712 4315 2927 4375 tristitia
2942 4334 3033 4376 cor
3053 4328 3221 4387 tuum,
3241 4317 3333 4375 sed
3343 4316 3537 4391 repelle
3552 4333 3664 4373 eam
3677 4333 3709 4370 a
3729 4324 3779 4369 te
3792 4330 3813 4370 :

2225 4398 2271 4443 et
2303 4400 2551 4443 memento
2574 4389 2990 4446 nouissimorum.

2300 4459 2428 4532 Noli
2466 4459 2693 4516 oblivisci
2732 4478 2752 4517 :
2781 4479 2942 4532 neque
2982 4463 3120 4518 enim
3151 4471 3227 4517 est
3272 4462 3557 4528 conversio,
3598 4468 3647 4513 et
3689 4458 3813 4513 huic

2227 4528 2361 4605 nihil
2390 4531 2643 4600 proderis,
2674 4540 2722 4586 et
2752 4542 2801 4589 te
2829 4528 3000 4603 ipsum
3021 4534 3343 4605 pessimabis.

2300 4599 2630 4676 Memoresto
2641 4605 2833 4676 judicii
2852 4599 2953 4661 mei
2978 4621 2998 4661 :
3020 4599 3096 4661 sic
3116 4606 3251 4660 enim
3271 4605 3368 4661 erit
3394 4613 3443 4660 et
3472 4614 3615 4659 tuum
3638 4616 3659 4657 :
3676 4599 3805 4656 mihi

2229 4674 2361 4740 lteri,
2384 4684 2430 4729 et
2461 4674 2551 4729 tibi
2580 4674 2752 4732 hodie.

2299 4743 2366 4799 In
2390 4746 2777 4821 requiemortui
2803 4749 3115 4820 requiescere
3146 4750 3230 4821 fac
3261 4747 3566 4804 memoriam
3594 4746 3733 4817 ejus,
3764 4754 3813 4799 et

2228 4816 2493 4893 consolare
2521 4818 2746 4893 illumin
2774 4816 2918 4893 exitu
2936 4816 3157 4893 spiritus
3176 4822 3277 4877 sui.

2302 4888 2849 4971 Sapientiascribtein
2876 4887 3104 4971 tempore
3127 4891 3399 4947 vacuitatis
3421 4905 3440 4946 :
3460 4898 3509 4971 et
3535 4888 3621 4971 qui
3649 4887 3818 4971 mino-

2229 4969 2374 5087 ;a‘tnr
2407 4969 2547 5027 actu,
2572 4960 2880 5033 sapientiam
2908 4960 3154 5036 percipiet
3192 4980 3212 5021 :
3234 4978 3338 5036 qua
3359 4961 3617 5033 sapientia
3645 4960 3820 5029 reple-

2263 5049 2280 5087 ι
2311 5050 2391 5087 ur.

2263 5041 2391 5087 itur.

2306 5103 2412 5169 Qui
2429 5111 2561 5179 tenet
2585 5113 2838 5172 aratrum,
2854 5114 2900 5161 et
2920 5107 3008 5176 qui
3027 5107 3285 5178 gloriatur
3304 5107 3360 5162 in
3372 5103 3582 5179 jaculo,
3602 5100 3817 5158 stimulo

2229 5174 2377 5251 boves
2402 5176 2587 5251 agitat,
2610 5184 2659 5251 et
2673 5174 3013 5251 conversatur
3028 5174 3087 5234 in
3107 5179 3345 5251 operibus
3366 5174 3566 5244 eorum,
3588 5182 3636 5230 et
3662 5190 3819 5229 enar-

2228 5247 2365 5320 ratio
2394 5248 2508 5320 ejus
2537 5249 2593 5303 in
2622 5248 2747 5318 ﬁliis
2768 5259 3057 5306 taurorum.

2235 5390 2249 5404 .
2301 5315 2584 5403 Cor:suum
2608 5315 2752 5375 dabit
2787 5322 2857 5376 ad
2885 5320 3162 5378 versandos
3183 5321 3377 5389 sulcos,
3401 5330 3450 5377 et
3493 5318 3673 5390 vigilia
3701 5318 3821 5385 eius

2228 5407 2284 5447 in
2312 5405 2497 5462 sagina
2515 5406 2803 5447 vaccarum.

2305 5460 2397 5518 Sic
2426 5465 2590 5518 omnis
2613 5463 2758 5535 faber
2778 5472 2826 5518 et
2841 5462 3175 5535 architectus,
3202 5464 3294 5535 qui
3323 5474 3523 5521 noctem
3553 5470 3819 5535 tamquam

2233 5533 2369 5616 diem
2393 5530 2650 5616 transigit,
2669 5534 2758 5616 qui
2785 5533 2973 5616 sculpit
2998 5530 3273 5609 signacula
3295 5537 3585 5616 sculptilia,
3607 5530 3821 5616 evasit:-

2230 5605 2406 5679 duitas
2429 5608 2543 5679 ejus
2556 5599 2737 5662 'variat
2765 5599 3022 5679 picturam
3045 5599 3069 5661 ἶ
3092 5624 3185 5663 cor
3208 5624 3361 5663 suum
3387 5599 3532 5663 dabit
3559 5606 3613 5659 in
3635 5599 3823 5659 simili-

2232 5675 2464 5753 tudinem
2493 5677 2725 5753 picturaz,
2750 5675 2797 5753 et
2819 5677 3001 5753 vigilia
3026 5695 3121 5734 sua
3148 5680 3374 5753 perﬁciet
3393 5695 3545 5753 opus.

2306 5746 2401 5804 Sic
2431 5744 2575 5818 faber
2601 5744 2853 5821 ferrarius
2873 5744 3061 5806 'sedens
3087 5744 3250 5821 inata
3266 5744 3531 5818 incudem,
3559 5754 3609 5821 et
3635 5744 3818 5821 consi-

2237 5816 2771 5896 derans‘ppus'ferri.
2816 5819 2987 5893 Vapor
3014 5816 3148 5893 ignis
3177 5833 3287 5880 uret
3323 5816 3671 5896 carnesejNS.
3694 5816 3820 5877 etin

2237 5891 2413 5951 calore
2440 5891 2666 5969 fornacis
2692 5891 3015 5953 concertatur
3038 5891 3064 5955 ἐ
3557 5891 3570 5896 ⁷
3614 5922 3623 5931 ε
