4182 6338
343 317 449 383 457

1620 322 1827 383 LIBER
1864 319 2192 383 ECCLESIA
2202 319 2421 384 STICI.‘

3525 329 3633 391 458

422 443 538 501 Vos:
557 443 733 502 mallei
749 443 968 501 innovat
995 459 1177 502 aurem
1200 443 1334 518 ejus,
1359 449 1406 499 et
1431 449 1611 499 contra
1634 442 1932 499 similitudi-
1957 444 2016 505 Α
2110 441 2412 518 Benedictio
2437 441 2584 497 illius
2603 441 2759 518 quasi
2783 439 2975 518 ﬂuvius
2997 437 3289 518 inundavit.

347 533 462 589 nem
493 520 631 574 vasis
661 519 844 574 oculus
869 520 1004 589 ejus.

416 588 517 645 Cor
541 607 696 646 suum
726 589 869 644 dabit
890 587 952 644 in
985 589 1480 645 consummationem
1519 603 1756 661 Operam,
1779 594 1831 643 et
1855 587 1933 643 vi-

345 661 471 734 gilia
497 679 596 717 sua
623 663 826 717 ornabit
849 663 903 716 in
929 661 1320 734 perfectionem.

415 733 505 790 Sic
531 735 730 806 ﬁgulus
754 731 938 788 sedens
955 734 1025 806 ad
1043 749 1172 806 opus
1198 740 1686 806 suum,convertens
1713 731 1930 802 pedibus

344 806 453 859 suis
480 803 671 870 rotam.
695 807 783 876 qui
805 806 859 860 in
881 804 1235 860 sollicitudine
1260 803 1462 874 positus
1493 812 1567 857 est
1585 820 1782 874 semper
1813 819 1935 871 pro-

345 885 453 948 pter
477 895 605 946 opus
627 894 800 945 suum,
831 885 874 932 et
897 878 954 930 in
982 890 1197 930 numero
1226 886 1300 931 est
1327 876 1496 930 oninis
1537 877 1767 948 operatio
1797 876 1931 946 ejus.

418 946 483 1002 In
516 948 728 1004 brachio
758 965 851 1003 suo
884 947 1128 1019 formabit
1172 948 1363 1016 lutum,
1395 957 1441 1002 et
1467 946 1589 1002 ante
1622 946 1775 1019 pedes
1811 961 1936 1001 suos

345 1021 574 1075 curvabit
601 1021 841 1075 virtutem
866 1036 1037 1074 suam.

413 1091 515 1147 Cor
555 1110 710 1148 suum
745 1091 981 1157 dabit,ut
1013 1101 1280 1148 consumet
1326 1089 1639 1160 linitionem,
1673 1098 1722 1144 et
1756 1088 1938 1160 vigilia

344 1165 738 1236 suaimundabit
766 1167 1052 1236 fornacem.

419 1235 613 1290 Omnes
643 1237 696 1290 hi
723 1232 777 1290 in
804 1235 1041 1308 manibus
1063 1235 1172 1294 suis
1202 1240 1562 1308 speraverant,
1587 1242 1635 1289 et
1659 1232 1938 1304 unusquis-

342 1324 439 1379 que
476 1309 530 1362 in
560 1318 676 1362 arte
702 1325 796 1363 sua
820 1307 1026 1378 sapiens
1047 1319 1142 1363 est.

415 1380 543 1435 Sine
570 1380 652 1433 his
683 1377 918 1435 omnibus
948 1395 1052 1433 non
1082 1377 1377 1446 wdiﬁcatur
1405 1378 1607 1433 civitas.

413 1451 481 1506 Et
511 1467 618 1506 non
638 1450 1023 1520 inhabitabant,
1048 1467 1138 1506 nec
1174 1449 1596 1515 inambulabam,
1630 1449 1752 1504 etin
1775 1447 1937 1504 cccle-

344 1523 471 1577 siam
495 1540 602 1578 non
629 1523 941 1578 transilient.

415 1595 590 1667 Super
625 1595 1035 1667 sellamjudicis
1067 1610 1172 1649 non
1198 1593 1466 1667 sedebant,
1492 1600 1551 1667 et
1579 1599 1940 1667 testamentum

336 1666 532 1740 judicii
557 1684 658 1740 non
678 1664 988 1740 intelligent,
1009 1683 1170 1740 neque
1193 1664 1368 1740 palam
1398 1664 1586 1740 facient
1609 1664 1940 1734 disciplinam

343 1736 391 1792 et
409 1737 699 1808 judicium,
727 1747 776 1792 et
797 1736 868 1793 in'
883 1737 1146 1806 parabolis
1174 1736 1277 1791 non
1304 1736 1646 1808 invenientur.

417 1804 523 1865 Sed
553 1821 844 1864 creaturam
864 1804 959 1864 aevi
988 1807 1388 1878 conﬁrmabant,
1423 1817 1472 1859 et
1495 1806 1787 1878 deprecatio
1814 1804 1938 1860 illo.

342 1897 461 1934 rum
481 1883 534 1934 in
566 1882 864 1952 operatione
883 1882 1010 1935 artis
1033 1879 1482 1952 accommodantes
1502 1880 1730 1932 animam
1759 1894 1934 1948 suam,

340 1961 389 2008 et
421 1951 777 2024 conquirentes
801 1954 854 2008 in
884 1952 994 2025 lege
1023 1951 1302 2006 Altissimi.

881 2063 1110 2122 CAPUT
1156 2063 1407 2120 XXXIX.

416 2155 742 2230 Sapientiam
773 2157 998 2230 omnium
1021 2157 1357 2230 antiquorum
1379 2155 1608 2228 exquiret
1633 2155 1865 2227 sapiens,
1891 2165 1938 2211 et

342 2231 395 2284 in
424 2229 689 2300 prepltetis
719 2229 942 2284 vacabit.

415 2299 790 2356 Narrationem
819 2303 989 2355 virum
1016 2300 1404 2355 nominatorum
1432 2300 1771 2370 conservabit,
1809 2307 1857 2354 ct
1883 2300 1937 2355 in

343 2374 597 2445 versatias
628 2373 996 2445 parabolarum
1026 2373 1184 2427 simul
1204 2373 1457 2430 introibit.

419 2442 642 2517 Occulta
665 2446 1056 2517 proverbiorum
1077 2446 1331 2516 exquiret,
1348 2455 1395 2500 et
1416 2447 1470 2500 in
1497 2442 1817 2500 absconditis
1844 2459 1938 2515 pa-

340 2515 646 2571 rabolarum
665 2515 1077 2571 conversabitur.

413 2585 483 2640 In
513 2589 682 2643 medio
711 2598 1078 2660 magnatorum
1115 2587 1453 2659 ministrabit,
1484 2595 1532 2643 et
1570 2587 1624 2642 in
1655 2594 1936 2658 conspectu

341 2661 583 2732 pragsidis
610 2661 902 2732 apparebit.

423 2730 486 2785 In
522 2729 712 2803 terram
735 2729 1150 2803 alienigenarum
1174 2731 1402 2803 gentium
1426 2731 1734 2803 pertransiet
1767 2730 1939 2788 :bona

341 2803 478 2859 enim
509 2813 555 2857 et
584 2802 725 2858 mala
753 2803 806 2857 in
837 2802 1131 2857 hominibus
1162 2802 1398 2857 tentabit.

416 2873 518 2928 Cor
556 2892 710 2929 suum
739 2874 908 2929 tradet
935 2875 1005 2929 ad
1036 2873 1360 2946 vigilandum
1387 2873 1621 2929 diluculo
1652 2875 1721 2929 ad
1752 2873 1939 2929 Domi-

345 2963 497 3072 nul’m,
528 2948 621 3014 qui
649 2947 772 3018 fecit
795 2947 944 3002 illum
974 2959 994 3000 :
1021 2956 1070 3001 et
1097 2949 1149 3000 in.
1179 2954 1455 3018 conspectu
1481 2946 1738 3002 Altissimi
1759 2949 1940 3020 depre-

345 3035 399 3072 ca
443 3028 564 3072 ttur.

339 3028 564 3073 cabttur.

417 3090 626 3216 Aperiet
653 3106 711 3145 os
739 3105 890 3146 suum
918 3091 972 3146 in
997 3089 1251 3159 oratione,
1277 3098 1325 3144 et
1353 3105 1449 3162 pro
1476 3089 1682 3146 delictis
1711 3091 1821 3147 suis
1850 3091 1940 3147 de-

417 3177 496 3216 cca
534 3173 658 3216 itur.

340 3173 658 3232 precabitur.

1967 1843 2016 1904 B

2114 514 2387 582 Quomodo
2442 514 2794 586 cataclysmus
2843 513 3049 568 aridam
3099 514 3370 570 inebriavit
3400 531 3419 570 :
3444 519 3517 572 sic
3549 519 3632 575 ira

2035 586 2202 658 ipsius
2231 594 2425 656 gentes,
2458 602 2573 656 qua:
2597 603 2700 658 non
2733 586 3086 658 exquisierunt
3117 601 3254 654 eum,
3279 586 3626 654 ltaareditabit.

2112 656 2386 723 Quomodo
2406 657 2650 711 convertit
2675 656 2834 728 aquas
2864 658 2916 710 in
2940 657 3244 723 siccitatem,
3260 668 3305 713 et
3333 660 3525 715 siccata
3554 672 3627 717 est

2036 737 2176 783 terra
2193 745 2224 805 _:_
2251 738 2300 783 et
2324 730 2418 805 via;
2445 728 2589 805 illius
2615 730 2690 805 vis
2721 729 2936 805 illorum
2971 728 3184 785 directte
3214 741 3332 785 sunt
3362 747 3380 785 :
3407 733 3482 787 sic
3509 750 3629 805 pec-

2036 801 2300 871 caloribus
2331 801 2640 870 o/fensiones
2659 801 2714 854 in
2752 802 2831 854 ira
2861 801 2994 871 ejus.

2109 870 2259 928 Bona
2305 871 2449 947 bonis
2493 880 2667 928 creata
2714 881 2838 927 sunt
2882 870 2952 925 ab
2993 871 3166 941 initio,
3201 873 3276 928 sic
3304 877 3630 947 aequissimis

2039 943 2172 998 bona
2200 953 2249 998 et
2278 946 2439 999 mala.

2109 1014 2332 1092 Initium
2380 1016 2685 1092 necessaria:
2709 1017 2786 1071 rei
2815 1013 3251 1092 viteehontinum,
3283 1034 3439 1089 aqua,
3470 1021 3627 1092 ignis,

2038 1095 2087 1160 et
2110 1091 2326 1157 ferrum,
2359 1088 2461 1156 sal,
2489 1089 2596 1160 lac,
2627 1097 2674 1143 et
2713 1089 2862 1160 panis
2910 1086 3289 1160 similagineas,
3321 1086 3370 1144 et
3417 1086 3539 1160 mel,
3581 1103 3630 1149 et

2038 1157 2217 1213 botrus
2243 1175 2374 1229 uvaz,
2395 1171 2443 1215 et
2473 1159 2665 1227 oleam,
2694 1157 2742 1214 et
2773 1160 3151 1229 vestimentum.

2113 1229 2245 1307 Haec
2273 1227 2453 1307 omnia
2479 1231 2668 1286 sanctis
2706 1231 2762 1284 in
2786 1227 2958 1297 'bona,
2992 1230 3066 1284 sic
3093 1241 3141 1285 et
3164 1233 3343 1305 impiis
3372 1243 3420 1290 et
3443 1252 3630 1307 pecca«

2040 1301 2237 1358 toribus
2266 1303 2318 1358 in
2346 1304 2487 1357 mala
2516 1312 2894 1358 convertentur.

2119 1374 2260 1429 Sunt
2309 1376 2544 1448 spiritus,
2575 1374 2661 1445 qui
2712 1374 2781 1428 ad
2818 1373 3099 1429 vindictam
3141 1378 3302 1433 creati
3330 1389 3471 1448 sunt,
3498 1392 3546 1436 et
3576 1383 3631 1438 in

2041 1446 2222 1517 furere
2248 1462 2344 1500 suo
2374 1446 2806 1516 conﬁrmaverant
2837 1455 3089 1512 tormenta
3116 1464 3208 1503 sua
3232 1465 3250 1503 :

2116 1515 2182 1573 In
2211 1526 2440 1589 tempore
2471 1515 2922 1572 consummationis
2965 1518 3229 1585 effundent
3252 1523 3490 1579 virtutem
3524 1541 3542 1580 :
3572 1536 3621 1582 ct

2041 1589 2273 1661 furorem
2302 1593 2434 1661 ejus,
2465 1592 2555 1661 qui
2577 1591 2696 1661 fecit
2734 1589 2872 1655 illos,
2905 1589 3200 1658 placabunt.

2113 1659 2283 1732 Ignis,
2317 1659 2541 1732 grando,
2577 1659 2761 1731 fames,
2791 1671 2842 1716 et
2878 1677 3036 1729 mors,
3066 1664 3242 1718 omnia
3269 1665 3380 1722 hazc
3413 1669 3484 1723 ad
3511 1671 3627 1727 vin-

2042 1731 2236 1786 dictam
2256 1731 2427 1787 creata
2447 1741 2564 1787 sunt
2593 1748 2612 1786 :

2115 1803 2410 1880 Bestiarum
2440 1805 2635 1880 dentes,
2665 1813 2713 1860 et
2762 1805 3053 1880 scorpii,_et
3090 1817 3373 1880 serpentes,
3402 1821 3451 1866 et
3491 1829 3630 1869 rom-

2043 1874 2195 1947 placa
2221 1875 2490 1930 vindicans
2515 1876 2568 1928 in
2594 1874 2952 1930 exterminium
2978 1874 3186 1947 impios.

2114 1945 2182 2001 In
2215 1947 2477 2023 mandatis
2499 1949 2628 2019 'ejus
2673 1945 3060 2023 epulabantur,
3097 1959 3145 2004 et
3178 1968 3332 2023 super
3364 1963 3556 2010 terram
3577 1957 3634 2011 in

2041 2020 2394 2073 necessitatem
2420 2020 2872 2090 prteparabuntur,
2890 2029 2936 2074 et
2964 2021 3018 2075 in
3049 2020 3368 2091 temporibus
3390 2029 3498 2082 suis
3529 2043 3632 2084 non

2039 2091 2336 2162 prieterient
2361 2091 2592 2162 verbum.
2839 2153 2847 2156 ν

2114 2160 2402 2234 Propterea
2431 2161 2495 2216 ab
2535 2164 2685 2217 initio
2716 2163 3052 2232 conﬁrmatus
3071 2181 3214 2235 sum,
3249 2175 3295 2223 et
3325 2169 3633 2226 consiliatas

2039 2249 2176 2310 sunt.
2204 2235 2601 2310 et_cogitavi,_et
2626 2237 2819 2310 scripta
2841 2235 3039 2290 dimisi.
3157 2299 3162 2308 ι
3348 2303 3355 2310 Ι

2117 2305 2307 2382 Omnia
2331 2304 2486 2382 opera
2524 2304 2740 2362 Domini
2765 2307 2920 2378 bona,
2948 2318 2997 2362 et
3033 2304 3182 2364 omne
3219 2304 3355 2382 Opus
3375 2311 3507 2369 hora
3537 2328 3631 2370 sua

2039 2377 2473 2433 subministrabit.

2113 2447 2238 2503 Non
2267 2459 2340 2504 est
2371 2450 2540 2505 dicere
2570 2465 2589 2504 :
2621 2449 2734 2504 [Ioc
2761 2451 2854 2524 illo
2895 2452 3111 2524 nequius
3133 2463 3205 2508 est
3238 2456 3461 2510 :‘omnia
3496 2458 3636 2512 enim

2039 2518 2094 2574 in
2119 2529 2347 2592 tempore
2375 2538 2470 2576 suo
2509 2518 3004 2592 comprobabuntar.

2113 2590 2184 2645 Et
2214 2609 2352 2647 nunc
2381 2594 2436 2668 in
2461 2594 2602 2668 omni
2627 2590 2782 2650 corde
2812 2605 2858 2650 et
2889 2611 2976 2652 ore
3001 2595 3320 2668 collaudate,
3355 2608 3400 2655 et
3429 2598 3640 2656 benedi-

2038 2663 2138 2720 cite
2163 2679 2346 2722 nomen
2381 2663 2613 2722 Domini.

2647 2788 2880 2848 CAPUT
2911 2790 3024 2848 XL.

2123 2929 2412 3018 Occupatio
2447 2962 2640 3018 magna
2671 2955 2845 3003 creata
2875 2959 2949 3003 est
2980 2949 3215 3004 omnibus
3241 2949 3554 3020 hominibus,
3587 2963 3637 3010 et

2028 3019 2222 3091 jugum
2269 3036 2420 3090 grave
2473 3036 2626 3091 super
2664 3020 2801 3088 ﬁlios
2830 3020 3022 3085 Adam,
3049 3039 3080 3075 a
3108 3022 3193 3077 die
3230 3025 3397 3079 exitus
3428 3025 3492 3080 de
3516 3042 3638 3080 ven-

2041 3098 2116 3143 tre
2145 3091 2326 3173 inatris
2350 3106 2549 3159 eorum,
2578 3107 2739 3162 usque
2766 3092 2822 3146 in
2847 3092 2984 3146 diem
3005 3095 3380 3165 sepulturw,in
3413 3105 3633 3155 matrem

2043 3178 2299 3216 omnium.

417 3232 484 3307 Si
507 3216 653 3288 enim
677 3233 929 3307 Dominus
971 3248 1191 3307 magnas
1230 3231 1474 3303 voluerit,
1507 3231 1694 3305 spiritu
1733 3233 1931 3290 intelli-
1962 3231 2009 3296 Ο
2114 3232 2468 3307 Cogitationes
2505 3248 2716 3307 eorum,
2742 3242 2791 3288 et
2835 3237 3043 3292 timores
3093 3236 3302 3307 cordis,
3339 3239 3639 3298 adinventio
3733 3216 3742 3221 ”

341 3306 535 3378 gen_tiaz
553 3306 768 3378 replebit
794 3305 943 3360 illuni
974 3321 993 3361 :

417 3375 487 3430 Et
533 3375 648 3448 ipse
690 3388 950 3446 tamquam
997 3377 1184 3434 imbres
1226 3377 1391 3448 mittet
1428 3375 1635 3446 eloquia
1664 3377 1938 3448 sapientia?

253 3453 256 3458 '
345 3464 480 3511 sua,
512 3446 563 3502 et
589 3448 646 3502 in
667 3451 901 3504 oratione
929 3449 1257 3519 conﬁtebitur
1284 3446 1515 3503 Domino
1547 3462 1567 3503 :

423 3519 616 3604 Etoipse
638 3520 826 3604 diriget
847 3520 1119 3604 consilium
1141 3524 1273 3594 ejus,
1303 3528 1353 3574 et
1375 3519 1726 3593 disciplinam,
1751 3530 1798 3577 et
1819 3519 1939 3575 abs-

342 3592 568 3647 conditis
588 3595 697 3647 suis
723 3592 1102 3647 consiliabitar.

420 3662 544 3735 Ipse
581 3663 760 3735 palam
791 3665 944 3736 faciet
981 3663 1312 3736 disciplinam
1352 3663 1603 3718 doctrina:
1641 3677 1769 3731 suae,
1797 3673 1846 3720 et
1883 3664 1942 3718 in

345 3734 462 3808 lege
484 3734 776 3808 testamenti
801 3734 1011 3808 Domini
1029 3734 1365 3805 gloriabitur.

416 3805 803 3879 Collaudobunt
830 3806 982 3861 multi
1001 3808 1311 3879 sapientiam
1336 3805 1475 3878 ejus,
1501 3815 1546 3861 et
1573 3823 1737 3879 usque
1759 3808 1818 3863 in
1844 3824 1945 3865 sa:-

345 3875 532 3932 culum
559 3894 666 3933 non
692 3878 968 3934 delebitar.

421 3948 548 4004 Non
573 3950 773 4006 recedet
797 3951 1056 4005 memoria
1075 3950 1209 4023 ejus,
1239 3958 1287 4005 et
1310 3965 1494 4005 nomen
1521 3952 1632 4022 ejus
1653 3951 1943 4023 requiretar

343 4037 378 4077 a
407 4023 747 4095 generatione
770 4024 828 4077 in
854 4025 1257 4094 generationem.

424 4093 751 4170 Sapientiam
766 4093 892 4170 ejus
928 4095 1243 4150 enarrabunt
1278 4103 1472 4167 gentes,
1501 4102 1547 4149 et
1593 4094 1800 4150 laudem
1831 4100 1943 4170 ejus

347 4166 639 4220 enuntiabit
670 4167 905 4221 ecclesia.

424 4237 489 4292 Si
515 4238 877 4307 permanserit,
904 4253 1089 4293 nomen
1101 4236 1420 4309 derelinquet
1443 4237 1561 4307 plus
1581 4254 1735 4310 quam
1761 4238 1944 4295 mille:

350 4317 400 4361 et
432 4310 480 4363 si
506 4311 834 4381 requieverit,
861 4310 1094 4381 proderit
1121 4309 1221 4365 illi.

385 4381 612 4502 [Adhuc
637 4380 997 4436 consiliabitur
1024 4390 1080 4436 ut
1112 4395 1343 4438 enarrem
1369 4395 1387 4435 .'
1409 4389 1465 4436 ut
1495 4380 1668 4452 furore
1695 4382 1834 4438 enim
1862 4399 1942 4439 re-

407 4463 521 4502 ειυς
545 4469 684 4502 sum.
1795 4476 1798 4480 ·

345 4463 521 4522 ptetus
545 4469 684 4508 sum.
1795 4476 1798 4480 '

422 4521 492 4578 In
521 4541 641 4599 voce
680 4524 810 4579 dicit
834 4540 853 4582 :
878 4525 1134 4581 Obaudite
1153 4540 1253 4590 me,
1282 4525 1440 4580 divini
1467 4525 1688 4595 fructus,
1717 4534 1765 4580 et
1791 4527 1942 4599 quasi

347 4610 476 4668 rosa
504 4598 744 4668 plantata
766 4614 921 4668 super
950 4599 1087 4651 rivos
1113 4613 1362 4666 aquarum
1391 4599 1724 4667 fructiﬁcate.

425 4666 591 4733 Quasi
615 4666 847 4724 Libanus
868 4670 1078 4724 odorem
1097 4669 1363 4723 suavitatis
1386 4666 1580 4723 habete.

423 4737 663 4812 Florete,
681 4741 859 4810 ﬂores,
882 4742 1032 4812 quasi
1059 4741 1248 4807 lilium,
1268 4749 1318 4794 et
1331 4741 1452 4794 date
1472 4741 1701 4806 odorem,
1727 4750 1777 4795 et
1798 4741 1943 4812 fron-

350 4808 473 4883 dete
502 4811 570 4883 in
599 4808 844 4883 gratiam,
875 4808 919 4867 et
949 4812 1241 4866 collaudata
1267 4812 1544 4878 canticum,
1574 4821 1620 4866 et
1665 4808 1944 4868 benedicite

344 4878 637 4936 Dominum
660 4883 717 4937 in
749 4878 988 4950 operibus
1017 4883 1146 4938 suis.
1638 4903 1645 4910 ο

423 4951 561 5008 Date
587 4955 788 5009 nomini
815 4959 927 5024 eius
954 4953 1410 5026 magniﬁcentiam,
1445 4963 1494 5010 et
1515 4956 1829 5026 conﬁtemini
1861 4954 1942 5010 illi

346 5023 405 5076 in
432 5040 555 5097 voce
579 5023 1166 5093 labiorumvestroium,
1191 5035 1244 5097 et
1268 5027 1323 5079 in
1349 5027 1561 5082 canticis
1588 5023 1869 5097 labiorum,
1892 5035 1941 5084 et

347 5095 593 5166 citharis,
617 5108 668 5152 et
691 5099 767 5153 sic
787 5099 968 5155 dicetis
988 5100 1043 5153 in
1071 5096 1394 5164 confessione
1424 5113 1442 5152 :

429 5165 606 5240 Opera
633 5168 846 5225 Domini
881 5173 1121 5226 universa
1147 5168 1282 5222 bona
1308 5168 1479 5225 valde.
1595 5215 1598 5218 .

424 5237 496 5294 In
526 5242 678 5298 verba
705 5245 818 5314 ejus
857 5244 995 5299 stetit
1024 5257 1162 5312 aqua
1196 5242 1330 5314 sicut
1355 5243 1618 5314 congeries
1643 5259 1663 5299 :
1682 5252 1732 5300 et
1760 5244 1813 5298 in
1832 5260 1940 5299 ser-

345 5328 510 5384 mone
537 5315 644 5368 oris
675 5311 818 5370 illius
847 5318 976 5370 sicut
1001 5311 1291 5384 exceptnria
1315 5311 1584 5384 aquaium.

427 5383 692 5460 Quoniam
737 5387 789 5441 in
819 5398 1088 5460 Vprwcepto
1117 5383 1285 5455 ipsius
1324 5383 1506 5456 placor
1549 5387 1629 5458 fit,
1653 5395 1702 5441 et
1751 5401 1854 5441 non
1873 5393 1949 5442 est

345 5457 638 5532 rninoratio
667 5458 720 5512 in
745 5457 911 5532 salute
940 5457 1126 5532 ipsius.

427 5527 803 5602 Opera-omnis
833 5527 1002 5586 carnis
1032 5547 1211 5587 coram
1239 5535 1418 5600 illo,el
1440 5547 1546 5585 non
1567 5539 1642 5586 est
1668 5530 1950 5602 quidquam

347 5598 720 5677 abseonditum
751 5602 814 5656 ab
846 5604 1007 5677 oculis
1031 5607 1166 5677 ejus.

425 5671 692 5751 tsi-saeculo
733 5691 889 5745 usque
919 5676 973 5729 in
995 5671 1246 5734 siccatum
1271 5675 1503 5751 respicit,
1535 5683 1582 5730 et
1605 5675 1735 5730 nihil
1764 5684 1836 5730 est
1862 5673 1960 5730 mi-

350 5742 525 5821 rab_i_le
548 5745 602 5798 in
633 5742 912 5821 conspectu
942 5751 1074 5821 ejus.

432 5814 560 5892 Non
601 5827 677 5892 est
706 5814 876 5892 dicere
908 5834 928 5873 :
963 5814 1109 5887 Quid
1134 5829 1209 5877 est
1237 5821 1358 5892 hoc,
1391 5827 1482 5877 aut
1510 5818 1635 5890 quid
1664 5826 1738 5874 est
1770 5816 1962 5876 istud?

354 5887 539 5942 omnia
564 5890 699 5944 enim
724 5890 778 5944 in
817 5898 1048 5964 tempore
1069 5909 1164 5947 suo
1193 5887 1506 5965 quatrentur.

648 5982 925 6047 PATROL.
981 5982 1232 6050 XXIX.

1969 4634 2024 4696 D

2043 3305 2462 3376 exspectationis,
2478 3313 2527 3360 et
2552 3304 2661 3360 dies
2685 3306 2955 3376 ﬁnitionis.

2119 3381 2160 3428 A
2193 3377 2449 3455 residente
2474 3393 2628 3455 super
2653 3376 2826 3432 sedem
2845 3378 3121 3450 gloriosam
3141 3424 3154 3450 ,
3191 3397 3354 3455 usque
3375 3384 3444 3439 ad
3472 3386 3642 3442 humi-

2045 3448 2226 3504 liatam
2249 3449 2304 3503 in
2324 3457 2465 3503 terra
2485 3458 2533 3502 et
2553 3449 2743 3503 cinere.

2114 3520 2191 3574 Ab
2212 3536 2292 3590 eo,
2320 3519 2596 3602 quicatitur‘
2610 3519 2913 3602 hyacintho,
2930 3531 2978 3577 et
3002 3533 3175 3602 portat
3188 3541 3453 3602 coronam,
3476 3544 3641 3602 usque

2044 3591 2114 3645 ad
2143 3607 2258 3667 eum
2282 3591 2427 3667 ,_qui
2455 3592 2683 3667 operitur
2722 3593 2838 3667 lino
2883 3595 3045 3648 crudo
3075 3611 3093 3649 :
3139 3595 3310 3664 furor,
3340 3591 3478 3654 zelus
3503 3643 3517 3667 ,
3552 3591 3645 3656 'tu-

2044 3663 2266 3728 multus,
2291 3663 2591 3745 ﬂuctuatio,
2619 3671 2667 3717 et
2695 3663 2846 3718 timor
2872 3667 3070 3735 mortis,
3101 3663 3374 3723 iracundia
3395 3663 3638 3742 perseve-

2044 3751 2197 3802 rans,
2234 3743 2282 3787 et
2314 3743 2592 3788 contentio.

2119 3805 2186 3860 Et
2221 3806 2275 3859 in
2319 3815 2545 3874 tempore
2585 3807 2878 3877 refectionis
2926 3809 2981 3864 in
3021 3807 3181 3864 cubili
3224 3826 3436 3868 somnus
3477 3815 3642 3873 noctis

2045 3878 2281 3949 immutat
2310 3878 2575 3931 scientiam
2604 3880 2737 3949 ejus.

2119 3948 2390 4024 Modicum
2409 3948 2672 4024 tamquam
2696 3949 2828 4006 nihil
2846 3949 2902 4006 in
2929 3951 3106 4024 requie
3125 3994 3142 4024 ,
3174 3959 3221 4007 et
3245 3953 3309 4008 ab
3338 3971 3396 4010 eo
3421 3956 3476 4010 in
3497 3973 3636 4013 sont-

2045 4022 2160 4087 nis,
2201 4022 2350 4092 quasi
2373 4021 2427 4074 in
2456 4020 2540 4074 die
2565 4031 2844 4090 respectus.

2064 4129 2066 4132 ν
2117 4092 2476 4170 Conturbatas‘
2486 4101 2575 4170 _est_
2589 4096 2642 4146 in
2666 4094 2778 4148 visu
2804 4094 2972 4170 cordis
2999 4096 3103 4170 sui,
3126 4105 3386 4167 tamquam
3410 4102 3500 4170 qui
3521 4118 3640 4156 eva-

2045 4163 2246 4240 seritnin
2268 4164 2351 4220 die
2378 4162 2615 4240 belliuln
2641 4173 2863 4240 tempore
2889 4165 3076 4223 salutis
3107 4184 3214 4223 sua:
3238 4162 3525 4230 exsurrexit
3548 4214 3565 4240 ,
3593 4182 3642 4228 et

2047 4236 2317 4292 admirans
2342 4236 2410 4289 ad
2438 4233 2641 4290 nullum
2674 4237 2926 4292 timorem.

2118 4308 2247 4363 Cum
2273 4308 2412 4363 omni
2432 4323 2607 4388 carne,
2635 4307 2697 4361 ab
2718 4310 2922 4365 homine
2945 4327 3103 4383 usque
3123 4314 3192 4367 ad
3221 4329 3397 4383 pecus,
3419 4323 3466 4369 et
3487 4333 3642 4388 super

2047 4392 2338 4453 peccatores
2366 4379 2679 4450 septuplum.
3019 4379 3031 4395 ⁷

2117 4451 2328 4530 Adhtec
2358 4468 2516 4517 mors,
2546 4453 2791 4524 sanguis,
2821 4456 3082 4530 contentio
3101 4497 3128 4530 ,ί
3149 4466 3196 4511 et
3227 4455 3514 4530 romphwa,
3541 4476 3639 4530 0p-

2049 4525 2343 4600 pressiones
2359 4529 2603 4600 ,nfames,
2636 4533 2682 4576 et
2713 4527 2984 4600 contritio_,
3015 4538 3061 4582 et
3088 4529 3320 4600 flagella.

2120 4594 2294 4672 Super
2327 4594 2530 4666 iniquos
2569 4604 2742 4672 creata
2790 4607 2906 4652 sunt
2946 4598 3057 4654 haec
3089 4594 3267 4654 omnia
3291 4640 3306 4664 ,
3351 4607 3397 4653 et
3429 4609 3640 4672 propter

2048 4666 2168 4724 illos
2199 4669 2366 4735 factus
2393 4675 2466 4722 est
2493 4667 2853 4737 cataclysmus.

2127 4739 2319 4794 Omnia
2342 4780 2358 4805 ,
2399 4753 2514 4817 qute
2549 4737 2613 4791 de
2639 4747 2772 4792 terra
2797 4749 2936 4805 sunt,
2960 4741 3014 4795 in
3043 4751 3232 4797 terram
3259 4750 3640 4812 convertentur,

2051 4821 2098 4865 et
2120 4826 2292 4866 omnes
2320 4826 2468 4882 aqua:
2487 4825 2540 4862 ιη
2569 4825 2710 4864 mare
2730 4821 3062 4867 revertentur.

2127 4882 2290 4960 Omne
2310 4899 2496 4960 manus
2521 4919 2536 4947 ,
2569 4889 2616 4933 et
2647 4882 2894 4954 iniquitas
2925 4883 3198 4953 delabitur,
3230 4896 3280 4942 et
3311 4889 3438 4960 ﬁdes
3459 4892 3512 4946 in
3539 4907 3642 4948 sa:-

2049 4953 2224 5010 culum
2245 4953 2417 5009 stabit.

2125 5026 2441 5100 Substantia:
2469 5027 2778 5095 iniustoram
2806 5026 2940 5082 sicut
2977 5029 3168 5100 ﬂuvius
3205 5030 3558 5100 siccabuntur,
3595 5043 3646 5090 et

2050 5099 2185 5154 sicut
2214 5099 2495 5153 tonitruum
2518 5116 2758 5169 magnum
2786 5099 2836 5153 in
2865 5099 3036 5168 pluvia
3063 5103 3428 5167 personabunt.

2124 5169 2193 5224 In
2217 5171 2497 5248 aperiendo
2519 5187 2705 5248 manus
2744 5187 2862 5248 suas
2893 5169 3150 5226 lwtabitar
3187 5188 3206 5227 :
3234 5173 3308 5230 sic
3329 5179 3643 5248 prwvarica.

2053 5249 2190 5298 tores
2210 5241 2264 5296 in
2290 5244 2720 5297 consummatione
2741 5241 3013 5297 tabescent.

2128 5312 2358 5386 Nepotes
2378 5314 2656 5388 immorum
2682 5329 2785 5367 non
2804 5312 3220 5384 multiplicabant
3248 5332 3419 5375 ramos
3441 5361 3458 5388 ,
3490 5334 3536 5377 et
3563 5340 3652 5377 ra-

2057 5385 2194 5457 dices
2215 5385 2504 5440 immundle
2523 5400 2676 5455 super
2695 5400 2938 5457 cacumen
2969 5393 3127 5457 petra:
3147 5399 3355 5443 sonant.

2131 5456 2301 5530 Super
2329 5471 2532 5534 omnem
2558 5472 2743 5534 aquam
2771 5455 3002 5511 viriditas
3025 5497 3043 5525 ,
3075 5467 3120 5514 et
3149 5459 3217 5513 ad
3249 5473 3398 5517 oram
3417 5465 3651 5534 ﬂuminis

2058 5537 2178 5600 ante
2205 5528 2354 5600 omne
2378 5531 2560 5600 fenum
2579 5528 2842 5600 evelletur.

2129 5597 2470 5676 Gratiasicut
2495 5599 2772 5676 paradisus
2799 5599 2856 5653 in
2887 5597 3328 5661 benedictionibus
3354 5647 3372 5676 ,
3416 5615 3466 5663 et
3496 5608 3653 5664 mise-

2060 5671 2288 5729 ricordia
2316 5671 2372 5725 in
2395 5672 2642 5739 steculupi
2665 5680 2953 5739 permanet.

2139 5743 2262 5824 Vita
2277 5741 2375 5824 sibi
2401 5733 2714 5824 sufﬁciéntis
2736 5743 2961 5824 operarii
2970 5745 3380 5824 condulcabitur
3400 5749 3508 5824 [ΔΙ.
3529 5766 3656 5807 con-

2065 5813 2372 5885 culcabitur]
2391 5857 2406 5880 ,
2438 5825 2484 5867 et
2514 5815 2566 5868 in
2599 5831 2657 5868 ea
2685 5816 2908 5871 invenies
2939 5820 3260 5875 thesaurum.

2139 5885 2306 5960 Filii,
2339 5895 2387 5944 cl
2425 5885 2702 5961 a’diﬁcatio
2729 5888 2952 5948 civitatis
2978 5892 3302 5960 conﬁrmabit
3325 5891 3438 5968 [AL
3470 5893 3664 5967 con/ir-

3087 5982 3167 6047 15
