4182 6338
530 270 644 334 465

1523 269 1586 330 S.
1624 264 2005 330 HIERONYMI
2044 262 2279 361 DlViNA
2312 262 2797 327 BIBLIOTHECA.

3727 262 3840 326 464

607 385 805 445 Statuit
833 383 881 442 ei
910 354 1279 442 testantentum
1299 390 1572 456 teternum,
1614 394 1663 441 et
1691 385 1832 441 dedit
1858 384 2133 441 illisacer-
2309 379 2572 455 Impetum
2612 385 2735 456 fecit
2778 386 2960 439 contra
3002 387 3205 455 gentem
3252 379 3527 456 hostilem,
3573 389 3622 440 et
3660 381 3714 441 in
3747 384 3840 441 de-

537 458 970 532 datiumggentisi:
996 465 1045 532 et
1067 456 1378 525 beatiﬁcauit
1404 456 1557 532 illum
1581 459 1637 513 in
1657 458 1846 532 gloria.
1890 475 1894 481 ’

608 531 678 586 Et
705 528 1066 586 cifcumcinxit
1087 544 1202 583 eum
1229 545 1362 584 zona
1386 530 1587 600 glariw.
1614 528 1673 584 et'
1689 528 1862 583 induit
1883 545 2001 585 eum
2025 537 2134 586 slo-

537 606 643 662 lam
674 602 877 674 glorias,
900 611 949 674 et
973 600 1237 674 coronavit
1264 616 1380 674 eum
1409 602 1461 655 in
1483 602 1617 674 vasis
1634 601 1859 674 virtutis.

610 672 997 743 Circumpedes,
1025 681 1071 725 et
1096 673 1390 743 femaralia,
1415 682 1463 727 et
1484 672 1749 728 humerale
1776 673 1949 741 posuit
1978 673 2057 740 ei,
2085 680 2134 728 et

536 747 699 804 cinxit
724 746 876 800 illum
897 743 1256 799 tintinnabulis
1283 744 1455 799 aureis
1489 745 1813 813 plurimisjn
1840 760 1989 816 gyro.

519 818 523 823 ’
612 816 755 871 Dare
772 816 997 871 sonitum
1017 816 1071 868 in
1094 816 1297 869 incessu
1314 831 1427 881 suo,
1453 816 1688 870 auditum
1711 814 1889 886 facere
1907 814 2136 871 sonitum

514 890 594 946 ‘in
620 888 810 957 templo
837 888 893 941 in
920 888 1223 942 memoriam
1253 886 1379 957 ﬁliis
1402 888 1567 957 gentis
1598 901 1727 942 suat.

612 958 819 1017 Stalam
849 968 1119 1030 sanctam,
1164 974 1312 1030 auro,
1346 966 1394 1011 et
1434 958 1734 1029 hyacintho,
1789 966 1837 1012 et
1877 974 2133 1030 purpura,

541 1047 675 1103 opus
712 1028 918 1098 textile,
941 1030 1037 1084 viri
1065 1028 1339 1103 sapientis,
1356 1030 1566 1101 judicio
1592 1040 1647 1103 iet
1674 1028 1886 1103 veritate
1905 1028 2133 1103 praediti.

615 1103 773 1159 Torta
798 1118 950 1157 cocco
981 1100 1381 1173 apus‘artiﬁcis,
1402 1102 1628 1173 gemmis
1658 1101 1898 1173 pretiosis
1930 1100 2136 1172 ﬁgura-

539 1176 607 1231 tis
632 1177 685 1231 in
715 1174 944 1247 ligatura
961 1170 1109 1247 auri,
1144 1178 1190 1226 et
1215 1186 1367 1243 opere
1394 1170 2003 1247 lapidarii'_sculptis,iit
2024 1188 2136 1229 me-

542 1241 775 1302 moriam
795 1244 1075 1301 secundum
1101 1241 1371 1297 numerum
1400 1241 1627 1298 tribuum
1657 1241 1859 1299 Israel.

610 1316 815 1373 Corona
834 1331 1001 1388 aurea
1022 1328 1173 1388 super
1204 1312 1409 1388 mitram
1432 1316 1545 1387 ejus
1574 1316 1990 1388 expressasigno
2014 1332 2141 1371 san-

538 1390 750 1455 ctitatis,
795 1396 844 1442 et
868 1386 1039 1460 gloria
1065 1385 1276 1451 honoris
1306 1400 1325 1441 :
1354 1384 1483 1458 opus
1514 1384 1743 1455 virtutis,
1787 1392 1839 1443 et
1878 1384 2142 1444 desideria

541 1459 813 1517 oculorum
839 1459 1047 1512 ornata.

611 1531 705 1605 Sic
742 1528 965 1603 pulchra
990 1538 1111 1585 ante
1147 1529 1320 1601 ipsum
1350 1544 1454 1585 non
1486 1529 1693 1601 fuerunt
1726 1531 1857 1588 talia
1883 1548 2044 1605 usque
2072 1532 2143 1587 ad

540 1616 815 1659 artatnem.
974 1652 977 1655 .

674 1691 742 1730 an
774 1682 850 1730 est
877 1672 1091 1747 indutus
1121 1672 1219 1729 illa
1246 1674 1542 1747 alienigena
1570 1674 1781 1747 aliquis,
1812 1676 1903 1731 sed
1941 1683 2142 1732 tantum

538 1743 823 1819 ﬁliiipsius
846 1744 969 1819 soli,
1002 1754 1053 1819 et
1074 1754 1281 1816 nepotes
1303 1743 1529 1819 ejus'per
1556 1743 1706 1819 omne
1735 1756 1956 1819 tempus.

609 1817 889 1890 Sacriﬁcia
908 1817 1076 1890 ipsius
1114 1817 1423 1887 consumpta
1439 1825 1566 1890 sunt
1600 1818 1719 1890 igne
1742 1817 1994 1890 quotidie.

610 1886 901 1962 Complevit
936 1886 1151 1959 Moyses
1178 1886 1366 1944 manus
1399 1889 1533 1962 ejus,
1575 1886 1804 1945 et'unaiit
1838 1887 1993 1945 illum
2024 1891 2141 1947 oleo

539 1971 740 2018 δαηειο.

611 2032 835 2089 Factum
867 2039 942 2088 est
978 2030 1062 2087 illi
1090 2032 1145 2086 in
1176 2039 1536 2087 testamentum
1559 2040 1810 2089 aeternum
1828 2076 1844 2101 ,
1877 2041 1926 2089 et
1955 2035 2141 2090 semini

536 2105 800 2177 ejusqsicut
822 2104 929 2160 dies
951 2103 1063 2159 caeli
1085 2118 1102 2177 ς
1124 2104 1270 2175 fungi
1290 2101 1603 2177 sacerdotio,
1629 2113 1675 2160 et
1697 2104 1885 2162 habere
1905 2106 2135 2177 laudem,

538 2174 590 2230 et
611 2174 908 2249 gloriﬁcare
938 2174 1193 2249 populum
1212 2174 1363 2249 suum
1392 2176 1446 2228 in
1468 2177 1674 2249 nomine
1703 2178 1838 2248 ejus.

647 2194 908 2246 toriﬁcare
938 2194 1186 2247 poputum
1212 2194 1363 2230 suum
1392 2194 1446 2228 in
1468 2194 1674 2231 nonnne
1703 2194 1838 2248 ejus.

610 2194 643 2300 ἵ
646 2265 798 2318 psum
841 2247 993 2319 elegit
1025 2245 1089 2300 ab
1120 2242 1277 2320 omni
1312 2245 1544 2320 vivente,
1592 2247 1782 2316 offerre
1818 2248 2137 2320 sacriﬁcium

534 2316 671 2387 Dea,
702 2316 987 2391 incensum,
1031 2326 1080 2373 et
1111 2316 1299 2372 bonum
1335 2317 1572 2388 odorem,
1604 2321 1659 2373 in
1688 2316 1991 2377 memoriam
2018 2321 2137 2391 pla-

537 2405 658 2463 care
678 2406 772 2463 pro
801 2390 995 2463 populo
1015 2405 1142 2463 suo.

608 2460 687 2516 Et
725 2460 865 2533 dedit
904 2460 987 2533 illi
1007 2461 1063 2515 in
1110 2460 1383 2533 praeceptis
1412 2462 1519 2517 suis
1547 2469 1872 2530 potestatem,
1896 2463 1952 2518 in
1979 2470 2138 2519 testa-

535 2533 725 2608 mentis
738 2531 1085 2608 judiciorum,
1113 2531 1301 2608 docere
1320 2531 1485 2605 Iacob
1511 2534 1821 2603 testimonia,
1847 2543 1894 2590 et
1932 2535 1987 2590 in
2027 2536 2137 2608 lege

538 2621 636 2659 sua
660 2600 831 2659 lucem
857 2602 983 2658 dare
1010 2600 1203 2658 Israel.

610 2676 748 2742 Quia
789 2684 970 2748 contra
994 2673 1145 2748 illum
1170 2684 1422 2748 steterunt
1460 2676 1641 2743 alieni,
1676 2683 1723 2732 et
1757 2685 1967 2748 propter
1996 2678 2135 2733 invi-

536 2747 678 2802 diam
715 2746 1164 2822 circumdederunt
1204 2746 1357 2822 illum
1395 2747 1626 2803 homines
1669 2748 1723 2802 in
1759 2746 2001 2822 deserto,
2046 2750 2137 2822 qui

534 2828 683 2893 erant
712 2834 829 2893 cum
857 2816 1073 2873 Dathan
1102 2826 1155 2874 et
1188 2816 1407 2889 Abiron,
1455 2828 1505 2875 et
1548 2821 1876 2893 congregatio
1921 2816 2134 2877 Core'in

532 2890 833 2945 iracundia.

610 2961 758 3018 Vidit
786 2960 1044 3036 Dominus
1068 2960 1232 3036 Deus,
1258 2971 1307 3019 et
1329 2978 1434 3019 non
1464 2962 1667 3036 placuit
1693 2961 1797 3033 illi,
1827 2973 1874 3021 et
1902 2980 2139 3021 consum-

530 3033 759 3104 pti_sunt
778 3034 835 3088 in
863 3035 1056 3104 impetu
1081 3035 1386 3091 iracundia.

537 3176 553 3190 .
606 3102 757 3188 ecit
793 3105 899 3162 illis
936 3102 1196 3178 monstra,
1242 3115 1289 3164 et
1323 3106 1643 3179 consumpsit
1683 3104 1808 3164 illos
1832 3108 1889 3164 in
1917 3109 2136 3180 ﬂamma

530 3193 693 3245 ignis.

526 3326 577 3373 et
596 3321 855 3397 p_rimitias_
885 3321 1095 3397 frugum
1120 3321 1271 3397 terra
1290 3322 1459 3397 divisit
1489 3322 1589 3397 illi.

604 3391 806 3465 Panem
830 3391 1042 3465 ipsisin
1071 3394 1250 3465 primis
1276 3394 1478 3465 paravit
1509 3394 1564 3448 in
1585 3396 1873 3452 satietatem
1900 3410 1921 3451 :
1942 3412 2063 3450 nam
2082 3403 2131 3453 et

530 3462 791 3539 sacriﬁcia
817 3464 1034 3539 Domini
1062 3462 1233 3531 edent,
1262 3462 1380 3534 quae
1397 3464 1535 3539 dedit
1556 3466 1658 3535 illi,
1679 3477 1730 3522 et
1748 3468 1933 3523 semini
1952 3470 2090 3539 ejus.

604 3532 858 3611 Creterum
886 3537 941 3591 in
976 3546 1112 3611 terra
1145 3532 1458 3611 gentesnon
1497 3532 1840 3604 luereditabit,
1873 3532 2129 3611 par-istan

527 3612 604 3660 est
614 3604 712 3683 illi
737 3608 791 3661 in
813 3616 961 3683 gente
988 3624 1005 3663 :
1028 3604 1234 3683 ipse'est
1258 3607 1408 3683 enim
1427 3625 1550 3683 pars
1574 3612 1712 3683 ejus,
1745 3621 1796 3666 et
1825 3604 2125 3683 htvreditas.

603 3675 832 3756 Phittees
855 3679 1001 3756 [ilius
1026 3675 1269 3756 Eleazari
1295 3675 1475 3737 tertius
1503 3681 1558 3735 in
1581 3675 1752 3756 gloria
1768 3690 1843 3738 est
1871 3675 2129 3738 imitando

528 3763 645 3803 eum
673 3749 728 3804 in
754 3750 936 3805 timore
956 3749 1172 3805 Domini
1198 3766 1217 3805 :

598 3817 670 3875 Et
696 3830 833 3876 stare
854 3822 909 3876 in
936 3822 1221 3878 reverentia
1248 3822 1413 3883 gentis
1440 3837 1461 3877 :
1491 3823 1549 3877 in
1584 3823 1813 3880 bonitate
1841 3834 1891 3881 et
1934 3826 2132 3883 alacri-

490 3956 500 3965 .
527 3898 631 3965 tate
660 3892 850 3965 animle
877 3909 987 3949 sum
1004 3894 1210 3965 placuit
1243 3892 1353 3948 Dea
1384 3911 1477 3965 pro
1500 3893 1694 3951 Israel.

598 3961 729 4019 Ideo
751 3963 1055 4040 statuitilli
1091 3961 1451 4040 testamentum
1485 3969 1652 4040 pacis,
1684 3967 1976 4040 principem
2002 3985 2131 4024 san-

526 4042 729 4112 clarum
749 4044 801 4112 _et
821 4037 985 4112 gentis
1006 4052 1134 4101 sure,
1161 4044 1215 4090 ut
1243 4038 1310 4092 sit
1339 4036 1421 4092 illi
1450 4046 1497 4093 et
1521 4036 1705 4095 semini
1731 4042 1843 4112 ejus
1860 4036 2132 4097 sacerdo-

529 4105 589 4160 tii
611 4105 841 4177 dignitai
864 4108 917 4160 in
945 4116 1213 4163 teternutn.

601 4173 691 4252 1thw
725 4184 1111 4252 testamentunt_
1142 4179 1309 4234 David
1351 4181 1462 4252 regi
1504 4180 1618 4252 ﬁlio
1675 4182 1841 4239 lassa
1878 4183 1945 4239 de
1990 4184 2129 4241 tribu

523 4245 693 4325 Iuda,
717 4248 991 4303 hcereditas
1011 4250 1117 4325 ipsi
1130 4260 1178 4304 et
1198 4252 1385 4306 semini
1407 4245 1540 4324 Ejus,
1569 4264 1625 4308 ut
1646 4252 1797 4309 daret
1816 4256 2131 4325 sapientiam

525 4318 581 4397 in
620 4334 707 4397 cor
754 4328 987 4397 nostrum
1014 4321 1257 4397 judicare
1286 4318 1488 4397 gentem
1522 4318 1673 4397 suam
1702 4326 1756 4380 in
1796 4318 2031 4397 justitia,
2065 4344 2130 4384 ne

525 4387 855 4471 abolerentur
874 4387 1308 4471 bona'ipsarum;
1324 4402 1370 4449 et
1401 4395 1625 4468 gloriam
1652 4387 1890 4469 ipsorum
1916 4399 1974 4456 in
2000 4387 2130 4471 gen-

526 4467 627 4516 tem
654 4476 830 4518 earum
858 4471 1107 4520 teternam
1129 4465 1267 4536 fecit.

1111 4600 1337 4661 CAPUT
1364 4604 1550 4664 XLVI.

598 4734 781 4818 Fortis
820 4736 877 4792 in
902 4736 1036 4818 beila
1061 4736 1216 4794 Je'sus
1259 4738 1428 4809 Nave,
1461 4750 1513 4818 et
1549 4755 1813 4803 successor
1851 4743 2026 4818 Moysi
2067 4748 2124 4803 in

525 4806 813 4884 prophetis,
840 4808 929 4884 qui
957 4808 1056 4884 fuit
1081 4827 1296 4884 magnus
1323 4806 1605 4869 secundum
1633 4833 1817 4871 nomen
1838 4806 2010 4872 suum.

599 4877 863 4958 Haesimus
890 4877 1192 4954 in’saluten't
1213 4883 1489 4940 electorum
1530 4885 1650 4954 Dei,
1699 4905 2001 4958 expugnare
2036 4890 2121 4945 in-

520 4964 614 5003 sur
650 4958 794 5004 entes
811 4949 1003 5019 hostes,
1035 4950 1093 5007 ut
1114 4965 1505 5026 consequeretur
1538 4949 1893 5014 heereditatent
1922 4960 2115 5015 Israel.

600 4967 770 5087 gnam
808 5021 1031 5087 gloriam
1055 5024 1277 5087 adeptus
1304 5036 1380 5081 est
1405 5029 1461 5083 in
1488 5030 1718 5085 tollendo
1756 5047 1942 5086 manus
1968 5049 2115 5087 suas.

650 5037 770 5075 uam
808 5021 1031 5103 gloriam
1055 5021 1286 5103 adeptus
1304 5036 1380 5081 est
1405 5029 1461 5083 in
1488 5030 1718 5103 tollendo
1756 5047 1942 5086 manus
1968 5049 2118 5103 suas,

522 5100 575 5149 et
610 5095 855 5159 iactanda
883 5104 1066 5150 contra
1093 5095 1324 5153 civitates
1352 5100 1688 5159 romphteas?

596 5162 726 5230 Quis
750 5165 1043 5244 anteillum
1072 5168 1147 5222 sic
1168 5169 1398 5225 restitit?
1419 5162 1562 5227 Nam
1587 5172 1761 5230 hostes
1789 5173 1901 5244 ipse
1931 5172 2116 5232 Domi-

513 5246 625 5306 nus
642 5235 907 5306 perduxit.

589 5281 1105 5388 diendam-cundia;
1118 5316 1229 5385 ejus
1257 5313 1537 5387 impeditus
1558 5327 1634 5373 est
1658 5314 1761 5388 sol,
1791 5325 1842 5373 et
1864 5334 1971 5374 una
1996 5319 2113 5377 dies
2136 5281 2148 5297 θ

514 5374 657 5451 facta
684 5387 761 5432 est
788 5381 949 5451 quasi,
967 5381 1109 5439 duo?

585 5446 848 5534 Invocav'it
883 5448 1211 5534 Altissimum
1244 5464 1501 5534 potentem
1526 5460 1581 5515 in
1608 5463 1962 5534 Oppugnando
1993 5463 2103 5520 ini-

504 5518 670 5601 micas
689 5522 1010 5604 undique,_et_
1029 5518 1402 5604 andivit_'illum
1422 5518 1707 5604 magnus'e't
1728 5518 1945 5591 sdnctus
1958 5518 2103 5594 Deus

502 5593 563 5646 in
590 5593 732 5649 saxis
763 5594 1037 5668 grandinis
1065 5599 1268 5655 virtutis
1289 5604 1438 5660 valde
1458 5593 1632 5675 fortis.
2074 5604 2080 5609 ’

2234 471 2414 513 scensu
2445 457 2671 525 perdidit
2702 457 3013 525 contrarios.

2313 527 2381 583 Ut
2411 537 2727 599 cognoscant
2766 535 2942 601 gentes
2970 527 3267 602 potentium
3305 530 3443 601 ejus,
3481 527 3611 602 quia
3658 536 3840 595 contra

2234 597 2406 654 Deum
2431 596 2679 673 pugnare
2708 596 2812 655 no'n
2844 609 2918 655 est
2954 598 3133 671 facile.
3163 596 3233 654 Et
3274 596 3505 657 secutus'
3530 608 3606 657 est
3634 616 3667 656 a
3696 611 3840 673 tergo

2278 672 2483 726 otentis.

2238 688 2657 817 inardiebus
2679 741 2853 815 Moysi
2878 742 3285 801 misericordiam
3309 743 3432 817 fecit
3460 745 3593 817 ipse,
3614 752 3664 798 et
3684 742 3841 800 Caleb
3874 748 3881 751 ’

2239 813 2383 884 filius
2408 812 2671 890 Jephone,
2710 812 2849 871 sttire
2877 826 3058 890 contra
3099 812 3320 881 hostem,
3349 827 3395 871 et
3423 815 3692 890 prohibere
3716 834 3847 890 gen-

2223 894 2398 960 .ten;_a
2415 887 2663 960 peccatis,
2697 896 2747 940 et
2772 888 3093 960 perfringere
3113 903 3350 960 murmur
3364 888 3611 960 malitias.

2310 955 2380 1011 Et
2405 955 2508 1029 ipsi
2535 958 2639 1013 duo
2668 955 2953 1025 constituti,
2975 955 3016 1015 a
3048 957 3285 1029 pericula
3314 958 3516 1013 liberati
3540 968 3659 1015 sunt
3678 978 3712 1014 a
3739 976 3846 1015 nu-

2236 1044 2375 1104 mero
2404 1040 2759 1104 sexcentarum
2784 1031 3009 1086 millium
3052 1031 3300 1104 peditum,
3323 1032 3595 1104 inducere
3635 1032 3757 1088 illos
3787 1034 3847 1087 in

2243 1099 2621 1167 hwreditatem,
2652 1102 2704 1156 in
2725 1110 2937 1169 terram,
2959 1099 3074 1169 quae
3100 1112 3272 1156 manat
3314 1101 3398 1155 lac
3423 1112 3470 1157 et
3496 1103 3618 1158 mel.

2313 1121 2621 1167 tretmatem,
2652 1121 2704 1156 ιη
2725 1121 2937 1169 terram,
2996 1121 3074 1158 ιιω
3100 1121 3271 1156 manat
3314 1121 3398 1155 laC
3423 1121 3469 1157 ει
3496 1121 3618 1158 met.

2313 1171 2382 1226 Et
2402 1172 2541 1248 dedit
2566 1170 2819 1228 Dominus
2850 1121 3087 1248 ipsi‘EAl.
3113 1175 3223 1248 ipse
3238 1172 3265 1248 ]_
3278 1170 3437 1248 _C_aleb
3458 1174 3845 1244 fortitudinem,

2237 1250 2288 1317 et
2319 1260 2480 1317 usque
2503 1246 2560 1299 in
2586 1245 2902 1299 senectutem
2935 1245 3218 1317 permansit
3246 1245 3327 1299 illi
3352 1247 3538 1310 virtus,
3570 1256 3625 1301 ut
3654 1262 3846 1301 ascen-

2241 1315 2468 1388 deretin
2498 1316 2757 1371 excelsum
2789 1315 2944 1372 terra!
2975 1318 3166 1387 locum,
3212 1325 3262 1372 et
3294 1332 3468 1372 semen
3504 1318 3675 1388 ipsius
3709 1318 3849 1374 obti-

2239 1388 2352 1443 nuit
2378 1387 2678 1443 htereditate
2709 1405 2723 1442 :
2794 1436 2799 1439 .

2255 1471 2259 1475 '
2316 1455 2384 1533 _Ut
2412 1458 2848 1533 viderent_omnes
2873 1459 2973 1531 filii
2998 1457 3191 1531 Israel,
3213 1459 3337 1533 quia
3366 1459 3560 1517 bonum
3587 1468 3663 1517 est
3692 1462 3843 1518 obse-

2241 1529 2537 1601 qui_sancto
2568 1540 2595 1569 ιι
2626 1530 2758 1588 Deo.
2779 1565 2799 1571 η

2314 1598 2384 1655 Et
2401 1601 2611 1675 judices
2639 1603 2832 1676 singuli
2865 1619 2961 1660 suo
2985 1603 3213 1673 nomine,
3242 1620 3465 1676 quorum
3499 1621 3602 1662 non
3627 1614 3701 1661 est
3722 1621 3847 1665 cor-

2241 1674 2454 1746 rupium
2478 1689 2567 1729 cor
2590 1690 2608 1728 :
2628 1674 2844 1746 qui'nan
2873 1677 3036 1730 aversi
3064 1685 3183 1730 sunt
3209 1674 3521 1746 a’Domina,

2167 1776 2219 1840 Β
2246 1743 3020 1840 mgtmsitl-memoiiaillorum
3045 1747 3102 1801 in
3134 1743 3515 1816 benedictione,
3536 1758 3586 1804 et
3615 1764 3734 1805 ossa
3757 1764 3850 1806 eo—

2244 1831 2363 1887 rum
2386 1817 2641 1887 pullulent
2661 1818 2726 1872 de
2755 1817 2869 1873 loca
2895 1835 3011 1873 sua.

2317 1886 2597 1965 E‘tdnom‘en
2626 1905 2804 1944 eorum
2833 1902 3132 1965 permaneat
3154 1890 3209 1946 in
3232 1900 3506 1965 internum,
3538 1886 3851 1965 per'manens

2153 1973 2162 1985 '
2242 1957 2311 2014 ad
2324 1960 2476 2035 ﬁlios
2496 1960 2731 2035 illorum,
2757 1957 3053 2035 sanctarum
3071 1964 3299 2018 virorum
3322 1957 3511 2035 gloria.

2367 2030 2549 2107 ilectus
2577 2049 2610 2086 a
2638 2029 2861 2107 Domino
2895 2033 3008 2107 Dea
3047 2051 3142 2089 suo
3180 2029 3398 2107 Samuel
3432 2036 3688 2107 propheta
3734 2034 3851 2088 Do-

2242 2101 2392 2171 mini,
2424 2103 2680 2159 renovavit
2721 2104 3019 2177 imperium,
3058 2115 3108 2162 et
3136 2106 3284 2161 unxit
3314 2101 3574 2179 principes
3602 2115 3659 2162 tn
3695 2116 3850 2182 gente

2422 2245 2531 2322 l_ege
2558 2246 2774 2322 Domini
2815 2248 3265 2322 congregationem
3300 2249 3581 2319 judicavit,
3629 2258 3678 2304 et
3716 2248 3850 2303 vidit

2242 2315 2381 2395 Deus
2411 2315 2599 2395 Iacob,
2636 2328 2685 2374 et
2712 2320 2768 2395 in
2792 2321 2895 2388 ﬁde
2916 2315 3028 2395 iua'
3041 2315 3391 2395 probatus'est
3420 2315 3713 2395 propheta:
3794 2372 3799 2373 ,

2240 2459 2259 2515 ι
2310 2387 2380 2473 Ιξι
2402 2391 2637 2462 cognitus
2658 2387 2806 2448 est'in
2835 2390 2999 2447 verbis
3018 2387 3127 2447 suis
3148 2392 3343 2463 ﬁdelis,
3370 2387 3495 2465 quia
3520 2387 3648 2447 vidit
3673 2391 3848 2447 Deum

2264 2476 2393 2515 ucts.
3792 2496 3795 2499 ι

2406 2532 2657 2608 invocavit
2681 2532 2969 2608 Dominum,
2987 2534 3405 2608 omnipotentem,
3422 2535 3475 2591 in
3494 2535 3847 2608 oppugnanda

2238 2602 2419 2679 hostes
2429 2605 2830 2679 circumstantes
2843 2606 3069 2679 undique
3090 2602 3145 2662 in
3164 2606 3430 2679 ablatione
3443 2602 3574 2679 agni
3586 2602 3844 2675 inviolati,

2311 2673 2379 2728 Et
2402 2677 2626 2752 intonuit
2654 2679 2717 2731 de
2737 2676 2862 2733 caelo
2882 2673 3159 2746 Dominus,
3186 2687 3233 2733 et
3261 2678 3315 2732 in
3343 2673 3516 2733 sonitu
3541 2694 3729 2752 magno
3751 2673 3851 2733 au;

2239 2744 2408 2819 ditam
2456 2748 2577 2819 fecit
2609 2764 2781 2803 vocem
2810 2765 2977 2803 suam.

2243 2816 2392 2943 Plle‘lt.
2419 2816 2676 2945 (contrivit
2722 2820 2980 2894 principes
3027 2819 3329 2893 Tyriorum,
3379 2828 3428 2877 et
3471 2836 3649 2877 omnes
3688 2820 3848 2877 duces

2314 2906 2550 2945 ursum.

2313 2932 2750 3036 'dn'tleutempus
2774 2963 2894 3034 finis
2924 2964 3043 3036 vim
3060 2979 3169 3020 sure
3196 2974 3242 3020 et
3270 2963 3468 3036 sceculi,
3496 2963 3846 3019 testimonium

2238 3032 2458 3105 praebuit
2505 3035 2560 3089 in
2601 3032 2877 3106 conspectu
2917 3034 3151 3103 Domini,
3196 3047 3244 3092 et
3284 3032 3498 3101 Christi,
3530 3036 3773 3107 pecunias
3794 3044 3848 3089 et

2239 3120 2403 3176 usque
2436 3107 2505 3160 ad
2539 3108 2884 3180 calceamenta
2929 3107 2994 3161 ab
3025 3109 3164 3163 omni
3190 3124 3346 3163 carne
3387 3123 3490 3162 non
3529 3106 3751 3180 accepit,
3790 3116 3842 3161 et

2160 3176 2209 3242 C
2240 3191 2344 3231 non
2372 3180 2634 3233 accusavit
2664 3177 2817 3233 illum
2844 3179 3026 3234 homo.

607 3248 677 3323 Et
696 3249 911 3323 addidit
927 3250 1102 3305 Aaron
1122 3250 1362 3323 gloriam,
1384 3257 1437 3323 et
1465 3249 1606 3305 dedit
1630 3249 1713 3308 illi
1739 3252 2090 3309 htereditatem
2110 3292 2127 3322 ,
2217 3288 2221 3292 -

2309 3246 2526 3323 litpom
2557 3250 2945 3323 hacdormivit,
2984 3258 3033 3306 et
3060 3258 3241 3323 notum
3268 3250 3389 3323 fecit
3418 3249 3550 3322 regi,
3590 3256 3845 3323 etyosten-

2231 3316 2308 3391 dit
2338 3319 2422 3375 illi
2434 3321 2606 3391 'ﬁnem
2628 3321 2746 3377 vita:
2769 3338 2901 3386 suae,
2924 3332 2971 3376 et
2991 3320 3238 3391 exultavit
3260 3316 3431 3378 vocem
3451 3316 3599 3377 suam
3623 3321 3687 3376 de
3707 3330 3846 3376 terra

2229 3389 2285 3445 in
2313 3390 2587 3465 praphetia
2613 3392 2785 3449 delere
2811 3393 3125 3466 impietatem
3153 3389 3342 3466 gentis.

2803 3506 3036 3566 CAPUT
3074 3484 3287 3563 xum.

2308 3597 2439 3673 130st
2463 3599 2577 3656 haec
2591 3601 2820 3657 surrexit
2854 3600 3074 3657 Nathan
3096 3602 3349 3673 propheta
3368 3600 3425 3656 in
3447 3601 3630 3673 diebus
3648 3600 3843 3659 David.

2236 3741 2268 3800 Ι
2304 3671 2373 3726 Et
2389 3674 2551 3797 [quasi
2581 3673 2740 3745 adeps
2767 3683 3040 3746 separatus
3086 3671 3120 3728 a
3143 3671 3319 3742 carne,
3351 3673 3426 3727 sic
3456 3671 3630 3729 David
3658 3691 3689 3729 a
3716 3675 3846 3744 ﬁliis

2270 3760 2386 3800 srae
2416 3783 2430 3797 .
2643 3762 2655 3771 -
3124 3786 3125 3791 η

2298 3760 2430 3797 raet.
2643 3762 2655 3771 ’
3124 3786 3125 3791 η

2270 3762 2435 3892 έϐηηι
2456 3815 2839 3892 leonibuslusit
2856 3817 3005 3892 quasi
3027 3832 3147 3892 cum
3170 3816 3321 3892 agnis
3338 3831 3358 3872 :
3379 3816 3501 3871 etin
3528 3816 3665 3873 ursis
3685 3816 3806 3873 simi
3814 3847 3831 3859 -

2234 3888 2357 3963 lite_r_
2378 3888 2499 3953 fecit
2523 3887 2662 3963 sicut
2691 3888 2745 3942 in
2775 3887 2925 3963 agnis
2952 3889 3137 3963 ovium
3163 3887 3224 3943 iri
3240 3892 3514 3963 juventute
3539 3904 3656 3943 sua.

2305 3958 2357 4013 Ν
2362 3958 2571 4069 nunquid
2587 3976 2688 4014 non
2705 3958 2889 4015 occidit
2909 3960 3188 4033 gigantem,
3211 3958 3258 4016 ei
3278 3959 3489 4015 abstulit
3506 3959 3844 4030 approbrium

2492 4033 2516 4069 9

2237 4033 2638 4187 delaeggiiendo
2666 4118 2897 4171 manum,
2943 4119 3072 4160 saxo
3104 4104 3284 4177 fundte
3312 4102 3501 4172 deiecit
3529 4104 3837 4160 exsultatio-

2231 4173 2735 4321 η-ωέξταξῗςζεῖῶεαηξι
2754 4245 3038 4321 Dominum
3069 4247 3503 4321 omnipotentem,
3517 4253 3566 4321 et
3597 4246 3739 4301 dedit
3782 4248 3841 4321 in

2237 4318 2449 4374 dextera
2473 4318 2584 4387 eius
2613 4317 2792 4393 tollere
2820 4319 3079 4375 hominem
3107 4316 3290 4393 fortem
3333 4320 3387 4373 in
3421 4316 3578 4388 bello,
3616 4329 3663 4373 et
3692 4319 3842 4374 exal-

2235 4400 2545 4463 tarecornu
2578 4390 2742 4463 gentis
2772 4406 2899 4445 sum.

2307 4462 2400 4517 Sic
2428 4463 2483 4515 in
2511 4459 2685 4515 decent
2709 4463 2934 4533 millibus
2969 4463 3277 4533 glariﬁcavit
3322 4480 3438 4521 eum
3468 4504 3484 4531 ,
3528 4467 3578 4517 et
3607 4459 3842 4516 laudavit

2155 4567 2212 4631 Β
2234 4534 2424 4631 eumin
2452 4532 2884 4589 benedictionibus
2906 4532 3115 4591 Domini
3137 4536 3192 4592 in
3217 4536 3481 4606 offerendo
3495 4533 3577 4591 illi
3595 4547 3839 4588 coronam

2233 4605 2555 4752 θίῗοῗὶνίυίι
2576 4676 2709 4752 enim
2730 4677 2964 4752 inimicos
2984 4680 3230 4752 undique,
3255 4689 3300 4736 et
3322 4678 3624 4750 exstirpavit
3648 4676 3831 4752 Philig-

2210 4748 2377 4803 'stiim
2422 4750 2710 4822 contrarios
2753 4758 2915 4822 usque
2942 4751 2997 4805 in
3026 4748 3330 4807 hodiernum
3375 4748 3553 4819 diem;
3597 4750 3839 4806 contrivit

2235 4835 2397 4876 cornu
2425 4821 2661 4891 ipsorum
2686 4836 2842 4890 usque
2868 4822 2923 4876 in
2951 4832 3220 4881 aeternum.

2306 4891 2375 4947 Iit
2403 4894 2544 4947 omni
2571 4908 2723 4961 opere
2740 4891 2883 4948 dedit
2902 4895 3283 4965 confessionem
3311 4895 3527 4965 Sancto,
3550 4902 3596 4949 et
3612 4891 3836 4950 Excelsa

2231 4962 2286 5018 in
2310 4965 2458 5036 verba
2483 4965 2686 5036 gloriaz.
2729 5034 2735 5036 _
3002 4962 3012 4965 ’
3118 5004 3132 5025 ι

2302 5034 2383 5091 De
2427 5034 2569 5090 omni
2612 5034 2768 5091 corde
2806 5051 2901 5091 suo
2927 5037 3159 5093 laudavit
3206 5036 3514 5103 Dominum,
3554 5044 3605 5091 et
3646 5035 3834 5091 dilexit

2224 5103 2414 5173 Deum,
2443 5107 2532 5178 qui
2559 5107 2683 5178 fecit
2711 5105 2863 5162 illum
2885 5123 2905 5165 :
2925 5117 2975 5164 et
2993 5109 3137 5165 dedit
3156 5109 3239 5166 illi
3268 5120 3451 5167 contra
3478 5108 3712 5165 inimicas
3735 5124 3834 5179 pa-
3873 5126 3883 5137 ·

2221 5180 2439 5233 tentiam
2462 5194 2481 5233 :

2294 5249 2365 5305 Et
2389 5260 2529 5324 stare
2560 5252 2684 5323 fecit
2711 5260 2946 5315 cantores
2975 5260 3156 5311 contra
3193 5253 3379 5324 altare,
3425 5262 3474 5311 et
3501 5252 3558 5309 in
3593 5267 3721 5309 sono
3742 5266 3835 5307 ea-

2224 5337 2343 5395 rum
2374 5322 2549 5379 dulces
2562 5322 2696 5395 fecit
2722 5324 2921 5379 modos.

2292 5393 2361 5448 Et
2389 5395 2530 5449 dedit
2551 5393 2607 5449 in
2633 5395 3064 5451 celebrationibus
3085 5398 3264 5465 decus,
3294 5406 3342 5454 et
3365 5397 3565 5452 ornavit
3596 5404 3833 5465 tempora

2210 5480 2376 5538 usque
2416 5467 2508 5538 ad_
2528 5468 3019 5522 consummationem
3058 5471 3194 5536 vitae,
3233 5477 3289 5523 ut
3328 5469 3603 5524 laudarent
3644 5482 3833 5521 nomen

2211 5536 2458 5611 sanictum'
2470 5536 2703 5606 Domini,
2719 5547 2767 5593 et
2785 5539 3163 5611 ampliﬁcarent
3183 5556 3332 5595 mane
3353 5539 3453 5595 Dei
3478 5540 3826 5611 sanctitatem.

2286 5610 2542 5666 Dominus
2587 5612 2825 5685 purgavit
2871 5608 3088 5683 peccata
3142 5614 3331 5686 ipsius,
3382 5622 3429 5666 et
3477 5612 3719 5667 exaltavit
3772 5608 3831 5664 in
3855 5623 3869 5636 ”

579 5762 616 5856 ἰ
642 5753 1185 5856 Ιξξςτξξτέιὲξὲαιῑηί
1216 5760 1309 5823 alii
1327 5765 1545 5828 codices
1571 5784 1671 5829 sua
1693 5786 1712 5827 :
1734 5767 1958 5830 Graecus
1984 5784 2124 5839 vero

2230 5779 2341 5831 Ltus
2362 5778 2574 5831 tantum
2608 5772 2773 5833 habet
2800 5814 2815 5847 ,
2849 5777 3166 5856 πορεύεσθαι
3194 5775 3363 5836 ὀπίσω
3382 5780 3574 5855 Κυρίου
3599 5815 3615 5845 ,
3638 5772 3827 5832 ambu-

500 5824 616 5883 lare
641 5834 757 5900 post
777 5826 1080 5887 Dominum.
