4182 6338
546 447 652 510 467

456 568 465 569 “
1184 560 1412 623 CAPUT
1452 560 1513 621 L.

630 638 815 696 Simon
856 637 1006 703 Oniaz,
1036 634 1179 708 ﬁlius
1203 679 1219 704 ,
1275 635 1527 708 sacerdos,
1576 651 1815 708 magnus,
1848 634 1937 705 qui
1962 633 2017 708 in
2047 632 2151 708 vita

556 728 653 767 sua
691 709 920 835 inﬂauit
967 696 1217 778 domum,
1247 718 1296 766 et
1333 708 1387 763 in
1427 696 1605 764 diebus
1646 696 1754 763 {uis
1802 696 2152 763 corroboravit

557 790 693 835 lenm
718 800 825 835 um.

557 790 654 836 tem
662 790 713 839 nl
718 800 825 839 um.

629 800 835 917 ﬁmi
877 854 1034 909 etiam
1072 848 1298 909 altitudo
1337 850 1400 907 ab
1436 852 1549 923 ipso
1568 851 1800 975 [nudata
1827 852 1924 917 est,
1954 846 2151 920 duplex

629 926 834 975 liﬂcatio
862 944 924 975 ex
949 924 1137 975 excelsi
1168 925 1390 975 parietes
1429 933 1562 975 temp
1590 923 1627 975 i.

554 926 834 996 aediﬁcatio
862 944 924 981 ex
949 924 1137 982 excelsi
1168 925 1390 996 parietes
1429 923 1627 995 templi.

628 991 693 1051 In
720 996 899 1067 diebus
941 997 1105 1067 ipsius
1157 991 1539 1051 enianaverunt'
1586 991 1728 1067 putei
1767 1007 2057 1065 aquarum,
2100 999 2151 1049 et

552 1070 705 1142 quasi
729 1066 870 1124 mare
893 1064 1167 1139 adimpleti
1192 1074 1314 1123 sunt
1334 1082 1494 1137 supra
1516 1064 1751 1142 modum.
1911 1081 1914 1085 '

630 1140 733 1208 Qui
758 1142 956 1197 curavit
984 1132 1188 1215 gentem
1211 1155 1361 1196 suam
1383 1132 1410 1207 ,⁷
1431 1145 1480 1194 et
1507 1136 1738 1193 liberavit
1767 1136 1881 1191 eaih
1908 1151 1941 1191 a
1970 1132 2148 1208 perdi-

558 1212 715 1267 tione.

636 1282 739 1357 Qui
763 1282 1030 1357 praevaluit
1055 1280 1377 1357 ampliﬁcare
1396 1279 1673 1357 civitatem,
1704 1274 1797 1351 q'ui
1826 1278 2047 1357 adeptus
2077 1278 2153 1333 es‘l

567 1346 791 1429 gloriam
821 1356 875 1408 in
903 1346 1289 1429 conversatione
1319 1351 1485 1429 gentis
1522 1368 1542 1407 :
1570 1360 1618 1407 et
1647 1346 1942 1425 ingressum
1968 1346 2153 1406 domus

558 1435 605 1480 et
633 1428 756 1481 atrii
778 1425 1177 1550 amplifcavit.”
1320 1425 1359 1501 ⁷,
1442 1498 1447 1507 1
1544 1494 1555 1507 ⁹
1816 1494 1821 1499 .
2010 1490 2016 1501 Ι

637 1494 799 1550 Ouasi
835 1505 911 1550 ste
958 1515 988 1550 a
1036 1496 1297 1550 matutina
1324 1495 1379 1550 in
1416 1488 1588 1550 medio
1624 1490 1862 1550 nebulae.
1910 1501 1959 1549 et
2003 1510 2016 1548 ι

637 1443 1297 1564 Bizsinii’illimziinanna
1324 1494 1379 1551 in
1416 1488 1588 1550 medio
1624 1490 1825 1549 nebulai
1847 1533 1862 1561 ,
1910 1501 1959 1549 et
2003 1490 2154 1565 quasi

561 1566 688 1623 luna
718 1570 871 1638 plena
896 1569 951 1625 in
979 1569 1158 1625 diebus
1187 1569 1295 1624 suis
1325 1566 1479 1638 lucet.
1561 1634 1588 1638 _
1636 1636 1642 1638 Α
1680 1636 1686 1638 Α
1737 1636 1745 1638 Α
1954 1630 1963 1638 ι
2040 1616 2075 1638 _.

628 1639 698 1722 Et
718 1628 876 1722 quasi
896 1641 976 1697 sol
995 1640 1259 1722 refulgens
1280 1639 1391 1722 ,_sic
1412 1634 1499 1694 ille
1514 1634 1709 1722 effulsit
1729 1636 1784 1722 in
1807 1630 1996 1722 templo
2026 1628 2157 1722 Dei,

634 1704 797 1776 Quasi
823 1726 976 1785 arcus
1005 1704 1269 1785 refulgens
1283 1704 1423 1785 inter
1452 1704 1672 1785 nebulas
1692 1704 1916 1785 glorias,
1932 1716 1977 1763 et
2006 1704 2155 1785 quasi

560 1784 661 1852 ﬂos
684 1786 923 1840 rosarum
943 1783 997 1840 in
1018 1779 1205 1840 diebus
1234 1782 1421 1847 vernis,
1452 1780 1499 1835 et
1519 1780 1669 1852 quasi
1686 1779 1795 1852 lilia
1814 1795 1928 1852 qua:
1956 1781 2155 1852 suntin

558 1850 782 1927 transitu
811 1872 980 1927 aqum.
1012 1864 1059 1927 et
1083 1854 1232 1923 quasi
1261 1857 1378 1927 thus
1397 1850 1635 1927 redoleas
1655 1851 1710 1927 in
1732 1850 1908 1927 diebus
1936 1850 2155 1911 testatis.

631 1926 797 1999 Quasi
821 1921 958 1999 ignis
981 1921 1243 1999 effulgens
1270 1930 1316 1982 el
1340 1924 1455 1980 thus
1480 1923 1666 1979 ardens
1691 1921 1745 1977 in
1768 1922 1906 1999 igne.

630 1997 794 2064 Quasi
815 1990 902 2054 vas
930 1990 1048 2055 auri
1078 1990 1338 2069 solidum,
1368 2003 1631 2061 ornatum,
1658 1990 1804 2048 omni
1829 1990 2007 2063 lapide
2032 2010 2153 2064 pre-

566 2067 719 2123 tioso.

635 2140 798 2213 Quasi
828 2138 965 2213 oliva
988 2138 1255 2213 pullulans
1271 2179 1293 2213 ρ
1332 2146 1379 2213 et
1417 2152 1709 2213 cypressus
1732 2134 2155 2213 multitudinem

559 2227 614 2265 se
639 2207 909 2282 extollens,
932 2207 1000 2267 in'
1014 2207 1316 2277 accipiendo
1340 2207 1511 2282 ipsum
1540 2208 1727 2282 stolam
1755 2207 1965 2279 glorise,
1995 2216 2045 2263 et
2073 2224 2156 2264 ve-

563 2280 679 2336 stiri
701 2300 817 2339 eum
839 2283 893 2339 in
919 2280 1415 2339 consummationem
1439 2281 1666 2336 virtutis.

635 2352 704 2410 In
733 2370 949 2412 ascensu
971 2353 1159 2411 altaris
1197 2353 1392 2420 sancti,
1435 2351 1662 2425 gloriam
1689 2348 1832 2407 dedit
1863 2346 2155 2408 ianctitatis

560 2425 824 2483 amictum.

546 2518 549 2519 ν
635 2496 706 2569 In
745 2497 1050 2569 accipiendo
1094 2506 1267 2554 autem
1311 2504 1485 2569 partes
1524 2495 1589 2569 de
1614 2510 1772 2569 manu
1801 2495 2152 2569 sacerdotum,

564 2576 615 2623 et
650 2567 765 2636 ipse
804 2562 942 2625 stans
971 2572 1131 2639 juxta
1162 2562 1336 2639 aram'.
1384 2566 1452 2621 Et
1495 2567 1635 2621 circa
1654 2562 1811 2639 illum
1833 2570 2027 2622 corona
2047 2562 2156 2639 [ra-

564 2590 614 2623 ει
650 2590 765 2636 Ipse
804 2590 942 2625 stans
1008 2590 1131 2625 υπια
1162 2590 1331 2623 aram.
1384 2590 1452 2621 ιιι
1495 2590 1635 2621 ωιτη
1659 2590 1859 2621 tuumc

564 2648 726 2725 trum,
749 2641 897 2725 quasi
915 2590 1175 2725 plantat-io
1197 2636 1339 2725 cedri
1364 2640 1417 2692 in
1438 2647 1610 2722 monte
1638 2636 1861 2725 libqno.

639 2700 729 2768 Sic
749 2700 888 2767 circa
910 2700 1058 2767 illum
1082 2718 1327 2767 steterunt
1347 2710 1494 2781 quasi
1514 2709 1650 2764 rami
1671 2700 1880 2779 palmae,
1908 2715 1955 2764 et
1979 2712 2155 2765 omnes

563 2782 676 2858 ﬁlii
692 2784 865 2858 fAaron
888 2783 943 2839 in
971 2784 1145 2858 gloria
1174 2800 1291 2858 sua.

636 2852 843 2911 Oblatio
887 2850 1063 2911 aut'em
1093 2851 1308 2910 Domini
1325 2850 1384 2907 in
1409 2850 1647 2907 manibus
1677 2852 1910 2917 ipsorum
1934 2892 1949 2917 ,
1978 2867 2157 2907 coram

563 2927 708 2982 omni
751 2943 1017 3000 synagoga
1060 2925 1275 3000 Israel:
1304 2932 1353 2979 et
1384 2923 1821 3000 consummatione
1851 2922 2074 2995 fungens
2099 2923 2156 2978 in

563 2946 707 2982 omni
751 2946 883 3000 sgna
919 2946 1017 2999 oga
1060 2946 1234 2983 ssraes
1256 2946 1275 2979 :
1304 2946 1353 2979 es
1384 2946 1769 2980 consummatio:

562 3014 678 3071 ara_,
710 2946 1032 3071 ampliﬁcare
1058 2996 1366 3053 oblationem
1380 2995 1582 3071 excelsi
1608 2994 1769 3071 regis.

633 3058 885 3127 Porrexit
929 3085 1141 3125 manum
1183 3083 1337 3125 suam
1373 3067 1432 3123 in
1470 3058 1748 3133 libatione,
1797 3064 1847 3120 el
1884 3062 2064 3122 libavit
2092 3058 2157 3122 de

559 3141 809 3211 sanguine
834 3158 964 3197 uvae.
1386 3209 1393 3211 _
1488 3209 1496 3211 Α
1618 3208 1629 3211 ,
2080 3206 2087 3211 .

634 3202 839 3285 E/fudit
874 3213 929 3268 in
960 3213 1297 3285 fundamento
1340 3209 1525 3267 altaris
1563 3208 1773 3265 odorem
1800 3206 2033 3264 divinum
2061 3206 2153 3267 ex-

564 3285 701 3356 celso
728 3282 968 3356 principi.

1546 446 1608 507 s.
1648 432 2031 506 HIERONYMI
2070 410 2307 503 timus
2344 442 2826 504 BIBLIOTHECA.

2178 560 2231 622 Α
2326 558 2625 635 Conﬁtebor
2649 560 2849 635 nomini
2877 567 2970 616 tuo
2992 572 3012 615 :
3032 557 3277 632 quoniam
3298 558 3510 633 adjutor
3529 568 3575 618 et
3595 570 3853 635 protector

3740 443 3848 508 468

2255 632 2505 705 factuses
2532 632 2680 705 mihi.
3275 698 3285 705 Α
3340 632 3369 705 ς
3557 703 3565 705 _
3595 632 3607 635 “
3786 690 3787 693 η

2325 698 2395 758 Ει
2425 704 2653 759 liberasti
2683 721 2868 772 corpus
2899 719 3069 759 meum
3094 720 3127 757 a
3158 698 3469 772 perditione.
3492 720 3523 759 a
3547 703 3729 776 laqueo
3754 706 3856 762 lin-

2253 777 2598 847 guaziniquae,
2622 785 2723 833 eta
2760 775 2911 831 labiis
2950 778 3276 847 Operantium
3311 775 3660 845 mendacium,
3704 788 3751 833 et
3794 778 3853 834 in

2254 846 2526 919 conspectu
2553 851 2838 904 astantium
2869 848 3036 918 factus
3066 864 3118 902 es
3145 846 3273 919 mihi
3293 849 3525 912 adjutor.

2325 916 2394 973 Et
2425 918 2659 974 liberasti
2680 938 2758 975 me
2778 916 3063 976 secundum
3086 918 3465 974 multitudinem
3488 920 3858 978 misericordia:

2254 991 2479 1063 nominis
2510 993 2591 1063 tui
2615 1008 2646 1045 a
2678 992 3020 1063 rugientibus,
3054 992 3365 1060 prteparatis
3396 989 3465 1045 ad
3491 1008 3682 1058 escam,

2327 1061 2410 1136 De
2432 1062 2670 1136 manibus
2690 1061 3288 1136 quarentiumanimam
3314 1079 3499 1131 meam,
3531 1066 3579 1119 et
3601 1065 3665 1119 de
3687 1065 3856 1136 portis

2254 1131 2648 1189 tribulationum
2674 1131 2790 1206 q'ute
2818 1132 3267 1189 circumdederunt
3295 1146 3376 1189 me
3407 1149 3425 1188 :

2325 1207 2641 1279 AApressura
2668 1205 2919 1279 ﬂammae,
2948 1221 3065 1278 qua:
3094 1205 3431 1261 circumdedit
3458 1221 3560 1273 me,
3591 1214 3637 1262 et
3666 1207 3721 1262 in
3745 1224 3857 1264 me-

2255 1274 2503 1348 dioiignis
2532 1294 2634 1332 non
2663 1274 2777 1333 sum
2802 1274 3051 1333 wsluatus
3084 1293 3103 1332 :

2326 1346 2408 1403 De
2434 1348 2711 1405 altitudine
2737 1349 2927 1405 ventris
2950 1348 3127 1417 inferi,
3150 1352 3200 1403 et
3240 1365 3273 1403 a
3293 1346 3473 1420 lingua
3494 1348 3857 1419 coinquinata,

2254 1428 2304 1476 et
2327 1438 2362 1493 ρ
2386 1421 2537 1493 verbo
2559 1420 2841 1493 mendacii,
2866 1438 2906 1493 ra
2929 1436 3047 1491 rege
3076 1420 3275 1492 iniquo,
3308 1430 3357 1475 et
3376 1419 3412 1473 a
3433 1419 3854 1493 linguainjusta.

2326 1490 2591 1547 Laudabit
2618 1508 2779 1560 usque
2805 1488 2875 1547 ad
2900 1488 3113 1547 mortem
3139 1488 3313 1546 anima
3339 1507 3452 1548 mea
3477 1488 3784 1560 Dominum.

2330 1563 2400 1619 Et
2447 1565 2555 1620 vita
2607 1554 2720 1622 mea
2772 1565 3195 1637 appropinquans
3238 1574 3349 1619 erat
3387 1564 3442 1619 in
3475 1566 3681 1636 inferno
3702 1554 3861 1620 deor-

2256 1649 2393 1690 sum.

2330 1706 2797 1783 Circumdederunt
2834 1723 2914 1761 me
2954 1706 3203 1783 undique.
3237 1714 3284 1783 et
3314 1721 3420 1783 non
3445 1716 3559 1783 erat
3586 1708 3676 1781 qui
3700 1706 3862 1783 adju-

2257 1786 2416 1833 varet.
2444 1778 2749 1851 Respiciens
2779 1793 2921 1834 eram
2941 1777 3011 1833 ad
3034 1772 3356 1853 adjutorium
3377 1772 3664 1845 hominum,
3690 1789 3738 1834 et
3759 1772 3864 1836 non

2182 1961 2232 2023 B
2258 1858 3209 2023 illam?inﬁmitate?
3231 1930 3352 1989 ἀίει
3388 1917 3633 1989 nomine,
3664 1928 3710 1978 ιι
3735 1937 3863 1995 ορε-

2258 1994 2634 2067 rationistuce,
2658 2010 2775 2067 qute
2802 2010 2835 2049 a
2861 1991 3059 2067 sicculo
3088 2002 3228 2067 sunt.

2331 2063 2587 2133 Quoniam
2612 2054 2750 2121 eruis
2776 2066 3085 2121 sustinentes
3116 2073 3184 2133 te,
3213 2060 3455 2134 Domine,
3481 2072 3531 2119 et
3554 2054 3747 2121 liberas
3768 2081 3855 2122 eos

2257 2134 2322 2192 de
2336 2138 2585 2209 inanibus
2603 2138 2855 2209 gentium.

2326 2205 2783 2282 Exaltasti'super
2824 2217 3013 2262 terram
3066 2206 3441 2264 habitationem
3470 2220 3659 2279 meam,
3690 2214 3743 2264 et
3767 2224 3865 2282 pro

2253 2288 2418 2352 morte
2444 2278 2705 2352 deﬂuente
2732 2280 3035 2349 deprecatus
3062 2294 3203 2352 sum:

2328 2348 2574 2407 Invocavi
2614 2348 2896 2408 Dominum
2935 2359 3136 2420 patrem
3164 2349 3376 2405 Domini
3402 2350 3521 2419 mei,
3556 2359 3609 2405 ut
3637 2352 3741 2405 non
3772 2351 3866 2406 de-

2254 2416 2513 2496 relinquat
2541 2440 2619 2477 me
2638 2423 2691 2478 in
2721 2423 2803 2496 die
2826 2416 3175 2496 tribulationis
3198 2438 3344 2492 mete,
3370 2431 3417 2478 et
3443 2424 3498 2478 in
3511 2416 3749 2496 tempore
3773 2439 3865 2479 su-

2259 2493 2536 2568 perborum
2565 2495 2676 2549 sine
2705 2495 2994 2568 adjutorio.

2327 2564 2574 2622 Laudabo
2598 2558 2786 2622 nomen
2812 2576 2958 2621 tuum
2984 2564 3214 2634 assidue,
3247 2558 3293 2621 e‘i
3316 2562 3627 2622 collaudabo
3650 2562 3788 2621 illud
3806 2566 3865 2622 in

2254 2640 2602 2706 confessione,
2630 2646 2682 2695 et
2711 2637 2956 2695 exaudita
2978 2647 3051 2692 est
3077 2641 3247 2693 oratio
3277 2652 3410 2693 mea.

2381 2706 2653 2794 tliberasti
2674 2725 2755 2765 me
2779 2708 2844 2765 de
2868 2708 3182 2781 perditione,
3208 2718 3256 2765 et
3278 2708 3517 2781 eripuisti
3543 2722 3623 2765 me
3642 2706 3706 2766 de
3724 2719 3861 2765 temo

2294 2796 2381 2837 ore
2404 2785 2606 2837 iniauo.

2255 2798 2381 2853 pore
2404 2798 2606 2853 iniquo.

2284 2922 2311 2925 _7
2336 2850 2619 2925 Propterea
2646 2853 2951 2925 conﬁtebor,
2978 2858 3025 2909 et
3057 2851 3266 2907 laudem
3286 2848 3459 2908 dicunt
3486 2850 3602 2921 tibi,
3633 2862 3680 2909 et
3709 2853 3865 2912 bene-

2258 2922 2429 2980 dicam
2443 2922 2650 2981 “nomini
2681 2922 2911 2982 Domini.

2330 2993 2459 3071 Cum
2478 2994 2651 3071 adhuc
2663 3000 2850 3071 junior
2864 3011 3044 3071 essem,
3070 2993 3371 3071 priusquam
3385 2988 3698 3064 ioberrarem,
3718 3013 3864 3068 qua:-

2257 3068 2365 3141 sivi
2384 3068 2692 3141 sapientiam
2723 3069 2899 3139 palam
2928 3069 2983 3141 in
3005 3068 3249 3141 oratione
3268 3084 3406 3141 mea.

2331 3134 2463 3214 Ante
2502 3134 2747 3214 templum
2785 3138 3114 3214 postulabam
3136 3154 3237 3214 pro
3261 3138 3376 3214 illa,
3411 3148 3457 3198 et
3487 3156 3650 3209 usque
3678 3141 3731 3197 in
3758 3158 3860 3197 no-

2258 3209 2481 3268 vissimis
2513 3208 2948 3283 inquiram'eam.
2983 3208 3053 3265 Et
3089 3212 3323 3283 efﬂoruit
3360 3208 3621 3285 tamquam
3651 3230 3864 3285 prtecox

2259 3299 2379 3339 uva.

636 3349 785 3411 Tunc
812 3349 1223 3412 exclamaverunt
1250 3353 1350 3427 [itii
1387 3354 1566 3409 Aaron
1588 3395 1603 3421 ,
1642 3351 1696 3407 in
1724 3349 1860 3407 tubis
1890 3350 2154 3421 producti-
2178 3349 2225 3412 C
2263 3426 2272 3427 ί
2326 3354 2587 3411 Lcetatum
2621 3365 2697 3412 est
2734 3371 2824 3411 cor
2852 3370 3023 3410 meum
3058 3354 3119 3427 in
3148 3372 3231 3413 ea.
3272 3354 3566 3427 Ambutavit
3593 3373 3679 3427 pes
3718 3373 3864 3415 meus

563 3426 696 3483 libus
723 3436 1005 3483 sonuerunt
1030 3469 1045 3495 ,
1084 3432 1134 3485 et
1179 3426 1417 3498 auditam
1446 3429 1679 3498 fecerunt
1707 3440 1881 3479 vocem
1910 3440 2153 3497 magnam

561 3499 618 3554 in
645 3502 942 3569 memoriam
968 3494 1304 3569 coramDeo.
1400 3562 1409 3569 Α
1447 3494 1457 3498 ’
1968 3560 1977 3569 λ

641 3568 787 3625 Tunc
810 3570 976 3645 omnis
998 3568 1225 3645 populus
1253 3562 1409 3624 simul
1450 3576 1858 3645 praperaverunt
1880 3562 1978 3645 λεὶ
2014 3567 2153 3645 ςεοὶέ

567 3643 757 3715 derunt
804 3643 860 3697 in
903 3637 1093 3715 faciem
1127 3658 1281 3715 super
1326 3637 1559 3715 terram,
1602 3637 1824 3715 adorare
1871 3637 2152 3715 Dominum

565 3713 733 3787 Deum
758 3708 916 3768 suum
924 3755 947 3787 ,γ
982 3724 1032 3770 et
1061 3708 1383 3787 dare'preces
1411 3711 1754 3787 omnipotenti
1774 3708 1888 3766 Deo
1922 3711 2147 3787 excelso.

635 3783 706 3839 Et
748 3780 1222 3859 ampliﬁcaverunt'
1234 3783 1513 3859 psallentes
1541 3780 1605 3859 in
1622 3780 1827 3859 vocibus
1856 3784 1994 3849 suis,
2029 3781 2152 3838 etin

562 3873 650 3912 ma
691 3873 757 3912 na
776 3852 931 3912 domo
960 3867 1144 3913 auctus
1172 3852 1248 3911 est
1274 3852 1430 3909 sonus
1461 3852 1731 3909 suavitatis
1756 3853 1961 3921 plenus.

638 3874 708 3985 ἐι
754 3929 959 3985 roaavit
996 3929 1223 3985 nonulus
1270 3925 1551 3982 Dominum
1596 3916 1855 3981 excelsum
1897 3924 1952 3980 in
1979 3926 2125 3985 prece

1321 3941 1551 3980 ominum
1596 3940 1855 3980 excelsum
1897 3943 1952 3980 ιη
1979 3940 2040 3980 pr

638 3938 708 3985 Et
754 3938 959 4003 rogavit
996 3938 1223 4002 populus
1270 3938 1551 3982 Dominum
1596 3938 1855 4001 excelsum
1897 3943 1952 3980 in
1978 3940 2148 3998 prece,

558 4017 719 4073 usque
739 4001 862 4055 dum
883 3996 1140 4073 perfectus
1165 4009 1238 4056 est
1258 3997 1426 4053 honor
1456 3992 1685 4064 Domini,
1714 4006 1763 4052 et
1782 4013 1972 4053 munus
1995 4014 2150 4053 suum

678 4080 906 4127 τωηιηε.

676 4087 906 4127 ererunt.

561 4087 782 4198 misine
825 4141 1182 4207 descendens,
1227 4157 1415 4197 manus
1456 4136 1579 4197 suas
1618 4128 1803 4194 extulit
1848 4138 1903 4194 in
1950 4156 2153 4207 omnem

561 4214 1008 4285 congregationem
1054 4204 1280 4285 ﬁliorum
1336 4208 1505 4285 Israel
1534 4210 1677 4285 dare
1698 4210 1947 4285 _gloriam
1975 4204 2092 4269 Deo
2120 4229 2154 4269 a

563 4282 717 4358 labiis
737 4282 871 4350 suis,
898 4295 947 4341 et
972 4287 1025 4340 in
1055 4282 1261 4358 nomine
1289 4284 1462 4354 ipsius
1488 4282 1726 4358 gloriari.

634 4353 928 4484 EtDiteravit
953 4356 1241 4412 orationem
1270 4351 1449 4422 suam,
1489 4351 1672 4411 'volens
1701 4351 1971 4412 ostendere
1990 4354 2149 4413 virtu-

634 4444 664 4483 n
744 4446 812 4484 es.

560 4437 664 4484 tem
694 4429 812 4486 Dei.

631 4496 702 4574 Et
726 4517 861 4556 nunc
904 4508 1045 4574 orate
1084 4495 1254 4574 Deum
1299 4492 1561 4566 omnium,
1593 4497 1682 4569 qui
1728 4514 1920 4574 magna
1948 4502 2069 4574 fecit
2098 4500 2153 4556 in

559 4572 700 4631 omni
715 4582 853 4628 terra
860 4572 977 4645 ,qui
989 4571 1141 4626 auxit
1153 4570 1478 4645 diesnostros
1498 4586 1530 4624 a
1547 4579 1718 4645 ventre
1735 4570 1916 4645 matris
1937 4570 2150 4641 nostra,

562 4653 610 4699 et
636 4612 759 4701 iecit
786 4612 1053 4701 nobiscum
1080 4638 1367 4698 secundum
1395 4658 1543 4696 suam
1571 4640 2009 4698 misericordiam:

681 4724 729 4770 et
770 4715 927 4790 nobis
954 4714 1342 4790 jucunditatem
1383 4712 1557 4790 cordis
1582 4758 1597 4785 ,
1641 4724 1687 4790 et
1730 4712 1844 4785 ﬁeri
1883 4730 2065 4787 pacem
2095 4714 2149 4773 in

558 4787 739 4862 diebus
755 4784 972 4862 nostris
986 4788 1045 4862 in
1071 4784 1237 4862 Israel
1260 4802 1354 4862 per
1371 4785 1482 4842 dies
1503 4784 1859 4862 sempiternos.

628 4860 847 4917 Credere
874 4850 1045 4914 Israel
1070 4850 1338 4913 nobiscum
1363 4873 1472 4913 esse
1504 4854 1602 4914 Dei
1612 4850 2061 4926 'inisericordiam,
2088 4866 2145 4914 ut

553 4932 733 5003 liberet
760 4948 855 4989 nos
880 4934 936 4987 in
961 4929 1142 4987 diebus
1167 4930 1297 5003 suis.
1560 4992 1565 5001 ,
1660 4999 1672 5003 Α
1816 4996 1819 5003 ,

623 5001 772 5059 Duas
813 5012 983 5075 gentes
1021 5004 1131 5058 odit
1158 5002 1336 5058 anima
1362 5015 1477 5057 mea
1503 5014 1525 5057 :
1554 4998 1709 5055 tertia
1734 4998 1910 5057 autem
1937 4998 2042 5058 non
2070 5009 2148 5057 est

492 5132 497 5137 .
550 5092 883 5151 gen_s,guar_n
909 5075 1129 5151 oderim.
1263 5124 1291 5151 ὲ

621 5139 940 5214 Ωιὶίέεάεηι
969 5148 1023 5202 in
1053 5154 1227 5201 monte
1252 5141 1396 5214 _Seir,
1428 5150 1478 5214 et
1504 5139 1848 5212 Philisthiim,
1880 5151 1928 5200 et
1957 5144 2145 5201 stultus

546 5210 793 5292 populus,
818 5220 907 5291 qui
927 5217 1130 5273 habitat
1160 5217 1214 5292 in
1239 5210 1508 5292 Sichimis.

621 5285 921 5379 Doctrina”:
956 5287 1303 5379 sapientiaaft
1333 5286 1619 5379 disciplina:
1645 5286 1850 5372 scripsit
1879 5285 1934 5341 in
1961 5287 2139 5379 codice

541 5365 644 5420 isto
666 5363 797 5419 Iesu
821 5360 963 5432 ﬁlius
994 5357 1187 5419 Sirach
1214 5357 1611 5431 Jaosolywm,
1642 5361 1731 5430 qui
1750 5357 2021 5416 renovavit
2049 5376 2137 5416 sa-

539 5438 791 5508 pientiam
812 5436 876 5489 de
898 5432 1193 5508 cordesuo.

612 5507 828 5574 Beatus,
857 5506 947 5577 qui
972 5506 1028 5561 in
1056 5505 1173 5578 istis
1193 5515 1428 5562 versatur
1454 5505 1601 5563 bonis
1631 5502 1766 5578 :qui
1790 5502 1936 5578 ponit
1965 5503 2061 5561 illa
2080 5504 2136 5561 in

539 5579 697 5635 corde
722 5594 840 5652 suo,
869 5578 1078 5652 sapiens
1102 5577 1199 5652 erit
1226 5593 1446 5652 semper.

615 5651 677 5707 Si
705 5649 845 5723 enim
866 5647 979 5705 nec
998 5649 1196 5721 fecerit,
1220 5649 1289 5703 ad
1311 5647 1487 5708 omnia
1505 5648 1694 5707 valebit
1716 5665 1736 5707 :
1755 5648 1881 5723 quia
1900 5649 1992 5706 lux
2013 5648 2134 5719 Dei,

540 5722 811 5794 vestigium
829 5724 944 5795 ejus
970 5730 1067 5779 est.

1157 5792 1387 5853 CAPUT
1433 5794 1522 5852 LI.

611 5874 791 5929 Oratio
810 5873 938 5947 Iesu
948 5875 1049 5947 filii
1071 5874 1260 5932 Sirach
1282 5892 1301 5931 .'
1322 5874 1619 5943 Conﬁtebor
1639 5875 1751 5942 tibi,
1777 5874 1998 5931 Domine
2020 5888 2132 5942 rex,

536 5955 584 6000 et
610 5946 918 6005 cottaudabo
948 5957 995 6003 te
1018 5946 1186 6005 Deum
1206 5947 1517 6005 salvatorem
1544 5963 1739 6005 meum.

2173 4759 2231 4822 Β

2254 3426 2355 3500 iter:
2374 3437 2589 3500 rectum,
2617 3443 2650 3481 a
2670 3427 2945 3500 juventute
2970 3442 3081 3481 mea
3104 3425 3478 3500 investigabam
3500 3425 3633 3500 eam.

2327 3495 2586 3570 Inclinavi
2617 3495 2817 3555 modice
2844 3514 3023 3554 aurem
3050 3513 3237 3565 meam,
3272 3495 3317 3554 et
3346 3500 3525 3570 excepi
3552 3499 3721 3554 illam.

2326 3569 2387 3655 1!!
2389 3570 2551 3655 ultam
2574 3570 2741 3626 inveni
2770 3571 2827 3625 in
2853 3572 3047 3640 meipso
3068 3571 3398 3644 sapientiam,
3425 3569 3479 3626 et
3495 3570 3712 3625 multum
3729 3586 3859 3644 pro-

2280 3656 2359 3699 εει
2384 3659 2440 3698 ιη
2470 3658 2552 3698 ea.

2255 3644 2360 3714 feci
2384 3644 2440 3698 in
2470 3658 2552 3698 ea.

2327 3710 2505 3786 Danti
2521 3711 2649 3768 mihi
2676 3712 3004 3784 sapientiam,
3035 3711 3168 3769 dabo
3197 3708 3437 3786 gloriam.

2328 3783 2648 3841 Consiliatus
2690 3783 2806 3842 sum
2844 3786 3004 3855 enim,
3044 3793 3111 3857 ut
3151 3783 3371 3857 facerem
3408 3783 3557 3842 illam
3594 3801 3616 3842 :
3657 3785 3862 3844 uelatus

2252 3872 2367 3930 sum
2390 3856 2599 3930 bonum.
2623 3867 2796 3913 etnon
2821 3854 3137 3930 confundar.

2328 3927 2618 3983 Colluctata
2645 3936 2720 3983 est
2747 3924 2931 3986 αηίηιιί
2949 3945 3062 3984 mea
3086 3927 3141 3984 in
3171 3924 3289 3996 illa,
3315 3936 3363 3984 et
3388 3927 3442 3985 in
3468 3929 3710 4001 faciendo
3741 3947 3861 3986 eam

2254 4010 2593 4065 continuatus
2629 4017 2767 4056 sum.
2918 4054 2921 4065 ,

2255 4145 2276 4201 ι
2326 4066 2522 4157 {Ianus
2561 4088 2701 4128 meas
2738 4070 2944 4129 extendi
2972 4068 3028 4127 in
3065 4066 3254 4141 altum,
3281 4078 3330 4126 et
3356 4071 3709 4146 insipientiam
3738 4071 3859 4145 ejus

2278 4161 2386 4201 uxr.

2278 4161 2386 4201 uxr.

2326 4215 2567 4272 Animam
2604 4232 2777 4272 meam
2813 4213 2983 4271 direxi
3017 4215 3087 4272 ad
3118 4213 3288 4282 illam,
3319 4220 3367 4269 et
3395 4215 3447 4272 in
3472 4214 3741 4289 agnitione
3766 4214 3855 4272 in-

2253 4304 2368 4345 veni
2389 4305 2523 4344 eam.

2311 4358 2547 4486 [I’osscdi
2577 4377 2694 4417 cum
2713 4360 2831 4434 ipsa
2860 4375 2951 4416 cor
2974 4359 3038 4416 ab
3066 4357 3216 4417 initio
3240 4368 3492 4432 :-propter
3515 4357 3615 4416 hoc
3635 4377 3741 4418 non
3761 4360 3854 4418 de-

2334 4449 2543 4486 mauar.

2254 4449 2420 4490 reuna
2424 4449 2522 4487 uar
2528 4474 2543 4489 .

2339 4450 2543 4560 vim?
2560 4521 2701 4561 meus
2730 4503 3062 4577 conturbatus
3089 4512 3164 4559 est
3194 4504 3475 4577 quatrendo
3501 4501 3648 4560 illam
3678 4521 3699 4561 :
3728 4520 3856 4576 pro-

2254 4577 2638 4650 ptereabonam
2664 4575 2934 4650 possidebo
2963 4575 3357 4650 possessionem.

2325 4644 2485 4703 Dedit
2523 4644 2941 4704 mihi‘Dominus
2963 4644 3204 4720 linguam
3244 4647 3527 4704 mercedem
3556 4664 3719 4704 meam
3750 4664 3770 4704 :
3799 4658 3851 4705 et

2253 4718 2309 4775 in
2335 4720 2452 4787 ipsa
2482 4720 2706 4777 laudabo
2727 4735 2869 4775 eum.

2324 4791 2645 4865 Appropiate
2667 4786 2736 4847 ad
2762 4806 2873 4860 me,
2903 4788 3120 4859 indocti,
3150 4798 3197 4846 et
3218 4798 3525 4864 congregata
3551 4806 3640 4847 vos
3670 4790 3724 4847 in
3753 4790 3850 4846 do-

2252 4880 2395 4919 mum
2419 4866 2726 4921 discinlime.

2326 4884 2726 4993 ί¹¹¹ἔ²¹³ἕγι⁸η⁴εο
2929 4938 2941 4951 .
3173 4935 3186 4948 .
3286 4932 3300 4946 .
3336 4934 3348 4946 .
3376 4933 3390 4946 .
3440 4934 3452 4947 .
3733 4934 3747 4947 .

2326 4935 2465 5003 Quid
2561 4939 2659 4992 huc
2686 4934 3007 4995 retardata?
3029 4944 3076 4992 et
3095 4933 3222 5010 quid
3246 4934 3416 4992 dicitis
3435 4951 3489 4990 in
3510 4933 3594 4990 his
3609 4934 3636 4990 i
3656 4946 3850 4991 ammte

2249 5018 2427 5065 vestra:
2465 5010 2645 5064 sitiunt
2672 5010 3014 5067 vehementer.
3386 5075 3410 5079 Α
3638 5074 3645 5079 η

2279 5150 2291 5163 .
2319 5081 2513 5153 Aperui
2554 5097 2608 5163 os
2644 5088 2833 5152 meum,
2865 5092 2914 5140 et
2944 5083 3149 5137 locutus
3177 5095 3295 5136 sum
3322 5094 3342 5135 .°
3371 5074 3680 5152 Comparate
3703 5072 3847 5133 vobis

2247 5160 2368 5224 sine
2384 5160 2615 5224 argento.

2323 5220 2389 5277 Et
2419 5220 2612 5279 collum
2640 5232 2864 5281 vestrum
2889 5224 3123 5293 subjicite
3140 5224 3296 5294 jugo,
3326 5230 3374 5277 et
3395 5221 3645 5294 suscipiat
3664 5220 3847 5294 anima

2247 5303 2417 5351 vestra
2469 5295 2801 5370 disciplinam
2852 5313 2875 5354 :
2928 5292 2985 5354 in
3009 5292 3247 5371 proximo
3290 5302 3368 5350 est
3415 5292 3554 5351 enini
3605 5292 3834 5349 invenire

2239 5383 2351 5423 eam
2358 5406 2376 5423 ο

2322 5438 2505 5514 Videte
2544 5440 2708 5514 oculis
2734 5440 3071 5514 vestrisquia
3095 5439 3359 5496 modicum
3388 5435 3645 5509 laboravi,
3678 5445 3727 5492 et
3754 5436 3841 5491 in-

2234 5510 2350 5594 veni
2379 5510 2519 5594 mihi
2534 5513 2750 5594 multum
2769 5510 3033 5594 _requiem.
3116 5584 3128 5594 _
3610 5576 3641 5594 _.

2312 5582 2569 5640 Assumite
2592 5582 2921 5658 disciplinam
2941 5586 2995 5641 in
3018 5584 3183 5641 multo
3204 5596 3419 5639 numero
3438 5582 3659 5656 argenti,
3685 5587 3733 5637 et
3752 5595 3839 5636 co-

2238 5656 2443 5731 piosum
2471 5673 2658 5712 aurum
2687 5656 2940 5731 possidete
2965 5658 3019 5714 in
3048 5674 3148 5731 ea.
3244 5729 3252 5731 _
3294 5724 3297 5727 ν

2311 5725 2540 5801 Laetetur
2574 5725 2751 5785 anima
2784 5740 2953 5786 vestra
2987 5731 3041 5785 in
3082 5726 3436 5785 misericordia
3472 5729 3611 5801 ejus,
3649 5732 3699 5782 et
3729 5740 3836 5781 non

2244 5800 2629 5925 cogundemini
2665 5803 2722 5858 in
2747 5801 2904 5858 laude
2930 5803 3117 5875 ipsius.

2366 5888 2615 5925 peramans
2657 5890 2787 5925 anus
2810 5883 3031 5925 vestrum
3060 5890 3117 5925 an

2363 5873 2615 5947 peramini
2657 5890 2787 5944 opus
2810 5866 3031 5929 vestrum
3060 5882 3176 5929 ante
3203 5882 3424 5947 tempus,
3453 5878 3503 5929 el
3527 5867 3667 5928 dabit
3696 5866 3833 5926 vobis

2241 5945 2524 6001 mercedem
2545 5958 2765 6005 vestram
2792 5947 2849 6004 in
2873 5955 3099 6020 tempore
3123 5961 3241 6003 suo.

1774 6037 2006 6112 Explicit
2028 6037 2164 6100 liber
2190 6034 2579 6099 Ecclesiastici.
3594 6052 3610 6096 t
