4182 6338
354 705 361 711 _
458 639 775 714 reliquerant
818 639 983 714 legem
1036 639 1301 695 Domini:
1331 648 1378 695 et

453 309 559 370 471

1481 297 1543 359 s.
1586 288 1970 371 HIERONYMI
2004 289 2090 349 1w

2188 288 2242 350 TA
2279 285 2754 348 BlBLIOTHECA.
3525 285 3541 339 Ξ

3653 287 3759 348 472

456 437 508 486 et
535 426 816 500 pra'posuit
843 422 1102 500 principes
1126 421 1346 500 populo,
1381 421 1468 494 qui
1495 419 1606 500 haec
1634 418 1751 491 fieri
1790 421 2047 491 cogerent.
2073 427 2129 490 Α
2152 409 2560 497 manserunt]_in
2584 406 2962 500 flerusqlgmi
2975 405 3166 500 et
3191 412 3269 500 tu,
3295 403 3345 500 et
3377 408 3504 500 filii;
3523 408 3609 500 tui
3626 410 3761 480 inter

530 493 603 557 Et
624 493 891 570 jusserunt
920 493 1209 553 civitatibus
1222 493 1377 570 _.l_uda
1405 493 1723 570 sacriﬁcare.

533 556 599 626 Et
624 556 921 642 congregati
969 577 1090 642 sunt
1120 568 1271 642 multi
1293 568 1356 622 de
1379 556 1572 642 populo
1598 564 1667 617 ad
1693 577 1820 642 eos,_
1848 558 1937 631 qui
1967 556 2056 612 de-

1434 584 1446 619 ι
1487 584 1572 619 tuo
1598 584 1665 617 aa
1693 584 1802 625 eos,
1848 584 1935 631 qut
1967 584 2056 612 ue-

1434 584 1667 709 f’hcerunt
1710 631 1856 687 mala
1902 645 2058 703 super

463 726 653 772 terram
686 730 706 770 ἔ

532 770 602 842 Et
631 786 985 860 effugaverunt
1022 784 1271 860 populum
1317 778 1490 837 Israel
1540 779 1597 835 in
1643 775 1854 845 abditis,
1911 779 1961 828 et
2000 770 2059 826 in

461 854 778 916 absconditis
800 854 1132 928 fugitivorum
1164 854 1314 928 locis2

535 914 634 985 Die
655 914 1042 1000 quint'ad'ecima
1069 927 1258 982 mensis
1288 921 1498 1000 Qqsleu,
1525 921 1706 1000 quinto
1730 928 1791 1000 ‘_et
1830 914 2057 1000 quadra-

465 986 728 1078 gesimoet
749 1000 1025 1078 centesimo
1044 1013 1203 1078 anno,
1227 986 1499 1078 aedificavit
1519 986 1613 1049 rex
1633 986 1918 1078 Antiochus
1928 986 2064 1078 ,αὐοῖ

463 1058 767 1130 ininandum
794 1071 993 1127 idolum
1034 1058 1371 1124 desolationis
1419 1076 1576 1136 super
1628 1062 1815 1136 altare
1841 1058 1963 1127 Dei,
2012 1064 2062 1113 et

466 1163 559 1219 per
581 1146 852 1201 universas
899 1142 1128 1197 civitates
1152 1137 1296 1194 Iuda
1324 1138 1379 1193 in
1409 1132 1630 1192 circuitu
1674 1132 2063 1205 aediﬁcaverunt

463 1235 608 1273 aras.

539 1290 609 1345 Et
636 1298 757 1344 ante
773 1291 971 1361 januas
994 1284 1289 1361 domorum,
1334 1286 1385 1337 et
1426 1279 1482 1335 in
1510 1278 1698 1351 plateis
1721 1276 2063 1334 incendebant

466 1361 622 1417 thura
638 1402 654 1429 ,
692 1369 739 1414 et
766 1357 1130 1429 sacrificabant
1155 1369 1175 1409 :

539 1433 609 1488 Et
640 1417 811 1486 'libros
849 1417 979 1501 legis
1031 1426 1132 1483 Dei
1179 1424 1568 1483 combusserunt
1618 1421 1758 1495 igni,
1821 1417 2063 1477 scinden-

468 1512 624 1659 €815:
627 1519 782 1659 sapud
803 1586 1177 1656 quemcumque
1203 1566 1593 1659 inveniebantur
1614 1565 1749 1659 libri
1774 1561 2064 1649 testamenti

376 1634 380 1641 ’
465 1634 700 1710 Domini.
729 1655 779 1701 et
816 1634 1127 1716 quicumque
1176 1641 1473 1716 observabat
1509 1638 1678 1713 legem
1698 1635 1936 1704 Domini,
1984 1649 2068 1689 se-

469 1719 699 1773 cundum
719 1712 943 1771 edictum
967 1712 1101 1786 regis
1133 1712 1462 1786 trucidabant
1492 1712 1629 1768 eum.

542 1789 985 1884 In.virtute.sua
1024 1776 1285 1869 faciebant
1336 1789 1445 1838 haec
1490 1781 1703 1866 populo.
1735 1778 1928 1884 .I'sr'afl,
1973 1776 2065 1849 qui
2090 1821 2142 1884 Β

468 1860 821 1917 inveniebatur
848 1860 903 1913 in
934 1851 1073 1913 omni
1100 1873 1271 1912 mense
1309 1865 1357 1910 et
1383 1851 1630 1909 mense'in
1655 1851 1967 1906 civitatibus.

545 1933 615 1987 Et
644 1933 825 2004 quinta
846 1938 894 1984 et
919 1930 1169 2001 vigesima
1192 1928 1276 2004 die
1300 1927 1488 1982 mensis
1518 1924 1886 1994 sacriﬁcabant
1910 1936 2066 1993 super

472 1998 785 2075 aram,'quae
812 2008 920 2056 erat
950 1998 1144 2075 contra
1156 1998 1345 2075 altare.

500 2116 505 2121 .
548 2064 922 2142 Et'mulieres,
955 2086 1073 2144 quae
1099 2068 1535 2144 circumcidebant
1558 2066 1703 2144 filios
1739 2082 1862 2123 suos
1907 2064 2072 2120 truci-

475 2148 739 2203 dabantur
763 2138 1047 2201 secundum
1059 2146 1270 2215 jussum
1288 2141 1426 2213 regis
1446 2138 1686 2215 Antiochi
1708 2155 1728 2194 :

550 2217 620 2271 Et
648 2215 1033 2289 suspendebant
1059 2207 1260 2289 'pueros
1284 2230 1322 2289 a_
1347 2207 1639 2289 cervicibus
1665 2207 2073 2289 per__universas

477 2290 658 2345 domos
696 2279 873 2344 eorum
899 2303 919 2343 :
946 2295 993 2342 et
1023 2279 1130 2355 eos,
1152 2285 1243 2358 qui
1274 2279 1706 2338 circumciderant
1730 2280 1872 2347 illos,
1903 2279 2071 2333 truci—

478 2361 695 2416 dabant.

552 2432 625 2487 Et
648 2431 799 2486 multi
827 2429 892 2485 de
920 2429 1113 2503 populo
1154 2425 1323 2503 Israel
1358 2425 1673 2503 deﬁnierunt
1710 2423 1862 2503 apud
1892 2437 1971 2489 se,
2016 2426 2076 2503 ut

477 2519 586 2559 non
610 2493 1269 2556 manducare'nt'immunda
1292 2514 1312 2556 :
1334 2506 1383 2552 et
1421 2493 1680 2569 elegerunt
1722 2495 1889 2567 magis
1922 2493 2075 2561 mori,

481 2591 641 2647 quam
671 2572 797 2647 cibis
828 2572 1155 2647 coinquinari
1182 2569 1483 2647 immundis.

538 2643 936 2772 dEfnolu‘erunt
959 2639 1249 2716 infringere
1279 2641 1441 2713 legem
1466 2639 1566 2695 Dei
1603 2646 1863 2707 sanctam,
1893 2644 1944 2695 et
1970 2646 2079 2692 tru-

573 2734 605 2770 a
630 2734 649 2771 ι
675 2732 770 2770 sun
817 2732 838 2772 :

484 2716 649 2775 cidati
675 2722 838 2772 sunt:

558 2787 629 2844 Et
650 2788 791 2860 facta
809 2796 884 2843 est
907 2787 988 2843 ira
1012 2801 1202 2859 magna
1224 2801 1379 2858 super
1400 2783 1654 2859 populum
1682 2781 1864 2839 valde.

1098 2942 1325 3003 CAPUT
1372 2942 1440 2999 ll.

560 3062 632 3118 In
665 3062 845 3119 diebus
880 3061 988 3118 illis
1022 3060 1250 3117 surrexit
1293 3057 1616 3114 Mathathias
1646 3056 1803 3128 ﬁlius,
1841 3053 2087 3123 Joannis,

491 3135 592 3207 ﬁlii
622 3134 903 3207 Simeonis,
931 3133 1173 3207 sacerdos
1201 3148 1265 3207 ex
1301 3130 1427 3202 filiis
1454 3127 1728 3185 Joaribab
1774 3127 2086 3196 Jerusalem,

492 3201 541 3262 et
571 3206 801 3261 consedit
827 3208 881 3260 in
897 3213 1068 3259 monte
1089 3201 1292 3259 Modin.

565 3278 635 3332 Et
664 3276 882 3347 habebat
925 3276 1064 3346 ﬁlios
1091 3276 1334 3347 quinque,
1376 3270 1655 3342 Joannem,
1694 3273 1783 3344 qui
1829 3270 2092 3346 cognomi-

493 3350 720 3405 stabatur
745 3346 945 3402 Gaddis
972 3362 991 3402 :

571 3420 642 3475 Et
674 3419 962 3491 Simonem,
993 3419 1082 3489 qui
1108 3417 1576 3491 cognominabatur
1608 3412 1765 3471 Thasi
1796 3430 1818 3471 :

570 3493 640 3547 Et
666 3489 698 3543 .l
707 3490 888 3557 udam,
916 3492 1005 3559 qui
1030 3488 1309 3546 vocabatur
1337 3488 1712 3559 Machameus;

570 3561 641 3617 Et
662 3556 998 3630 Eleazarum,
1024 3563 1114 3633 qui
1151 3560 1615 3633 cognominabatur
1639 3557 1851 3614 Abaron
1874 3575 1894 3614 :
1921 3565 1968 3614 et
1999 3556 2096 3614 Jo-

502 3636 721 3707 uathan,
749 3635 836 3699 qui
864 3632 1327 3707 cognominabatur
1370 3632 1609 3707 Apphus.

575 3706 650 3761 Hi
676 3700 1079 3762 viderunt‘mala
1101 3720 1219 3776 quae
1238 3700 1427 3773 ﬁebant
1454 3700 1509 3759 in
1536 3703 1733 3776 populo
1751 3700 1787 3758 Ι
1793 3701 1919 3772 uda,
1967 3709 2017 3756 et
2041 3700 2096 3756 in

502 3777 815 3835 Jerusalem.

542 3794 815 3835 erusatcm.

574 3850 647 3905 Et
669 3850 801 3906 dixit
830 3846 1148 3904 Mathathias
1175 3862 1196 3901 :
1227 3845 1321 3903 Vw
1348 3844 1498 3914 mihi,
1540 3855 1597 3902 ut
1637 3846 1765 3918 quid
1808 3854 2100 3918 natussum

500 3924 675 3978 videre
694 3920 1261 3992 contritionemrpopuli
1278 3918 1400 3992 mei,
1426 3931 1475 3972 et
1494 3916 1855 3992 contritionem
1879 3916 2100 3992 civitatis

500 4004 717 4065 sanctae,
746 4004 792 4050 et
816 3994 993 4049 sciere
1028 3986 1162 4059 illic,
1208 4005 1328 4045 cum
1361 3989 1519 4047 datur
1558 3991 1614 4045 in
1653 3990 1891 4045 manibus
1925 3986 2103 4044 inimi-

503 4084 683 4123 corum
715 4080 736 4121 ἔ

579 4138 780 4193 Sancta
808 4135 863 4190 in
888 4151 1044 4190 manu
1074 4143 1437 4190 extraneorum
1465 4132 1608 4204 facta
1647 4142 1810 4188 sunt:
1853 4132 2101 4204 templum

509 4210 633 4280 ejus
649 4209 784 4262 sicut
811 4206 966 4280 homo
992 4204 1257 4280 ignobilis.

590 4278 732 4333 Vasa
770 4277 954 4350 gloria:
980 4275 1359 4350 ejuscaptiva
1393 4275 1617 4331 abducta
1655 4283 1775 4331 sunt
1797 4292 1817 4332 :
1859 4276 2104 4350 trucidati

510 4358 633 4404 sunt
661 4347 804 4422 senes
831 4350 945 4422 ejus
972 4347 1032 4402 in
1081 4347 1289 4419 plateis,
1320 4356 1368 4404 et
1388 4350 1610 4422 juvenes
1650 4350 1762 4421 ejus
1804 4347 2105 4405 ceciderunt

507 4422 566 4478 in
586 4420 763 4493 gladio
786 4420 1134 4493 inimicorum.
1193 4491 1219 4493 η
1286 4432 1289 4435 ·

591 4490 721 4558 Ωιταε
743 4507 869 4565 gens
896 4506 1007 4565 non
1028 4491 1350 4548 haereditavit
1377 4506 1597 4564 regnum
1622 4494 1758 4565 ejus,
1783 4499 1831 4548 et
1849 4506 1953 4547 non
1973 4490 2103 4548 obti-

515 4569 632 4635 nuit
654 4564 824 4634 spolia
853 4564 966 4635 ejus
988 4564 1014 4618 ?
1136 4586 1143 4591 ι

2158 486 2352 559 amicos
2380 480 2550 559 regis,
2569 492 2618 538 et
2639 480 2992 555 ampli/iectus
3016 496 3172 549 auro,
3203 491 3252 536 et
3292 492 3533 554 argento,
3560 490 3613 538 et
3648 499 3763 538 mu-

2159 557 2372 613 neribus
2401 554 2598 610 multis.

2232 628 2302 683 Et
2329 626 2597 699 respondit
2626 622 2971 699 Mathathias,
3002 633 3052 699 _et
3079 623 3445 699 dixitumagna
3471 641 3595 699 voce
3626 641 3646 680 :
3692 625 3761 699 Et

2158 700 2205 755 si
2226 695 2620 770 omnes'gentes
2663 697 2778 767 regi
2806 695 3061 770 Antiocho
3102 695 3374 762 obediunt,
3423 705 3481 752 ut
3527 697 3759 752 discedat

2159 767 2575 843 unusquisquea
2608 770 2858 843 servitute
2890 767 3019 842 legis
3055 775 3260 839 patrum
3290 785 3526 837 suorum,
3559 779 3607 825 et
3633 784 3757 824 con-

2158 845 2355 913 sentiat
2378 842 2643 897 mandatis
2671 844 2783 913 ejus
2811 856 2831 895 :
3164 912 3170 913 ί
3262 912 3269 913 ί
3501 847 3509 853 ’

2233 912 2350 987 Ego
2393 924 2441 969 et
2466 914 2567 980 ﬁlii
2587 911 2710 983 mei,
2740 919 2789 969 et
2836 915 3027 985 fratres
3072 912 3174 967 mei
3218 912 3514 968 obediemus
3542 911 3648 984 legi
3671 928 3769 984 pa-

2162 994 2299 1042 trum
2315 994 2635 1041 nostrorum.

2232 1056 2510 1126 Propitius
2537 1058 2606 1111 sit
2634 1054 2781 1111 nobis
2832 1053 2997 1125 Deus,
3026 1071 3132 1110 non
3159 1063 3237 1112 est
3269 1054 3418 1112 nobis
3454 1055 3582 1111 utile
3609 1054 3771 1114 relino

2160 1129 2514 1202 querelegem,
2535 1137 2584 1184 et
2609 1127 2839 1198 justitias
2859 1126 2979 1202 Dei.

2235 1201 2360 1256 Non
2379 1197 2664 1271 'audiemus
2691 1202 2841 1271 verba
2865 1199 3002 1271 regis
3021 1197 3285 1266 Antiochi,
3315 1214 3409 1254 nec
3445 1198 3772 1268 sacriﬁcabi-

2165 1288 2283 1346 mus
2314 1269 2752 1346 transgredientes
2800 1269 2938 1346 legis
2970 1279 3162 1327 nostra:
3188 1270 3461 1340 mandata,
3494 1278 3551 1326 ut
3594 1286 3771 1327 cantus

2161 1344 2329 1400 altera
2353 1344 2455 1400 via.

2234 1415 2306 1471 Et
2333 1424 2391 1472 ut
2413 1415 2631 1471 cessavit
2657 1413 2804 1487 loqui
2831 1414 2985 1471 verba
3009 1415 3142 1480 haec,
3171 1414 3389 1470 accessit
3417 1414 3632 1486 quidam
3665 1412 3768 1470 Ju-

2163 1487 2310 1544 dxus
2330 1487 2384 1543 in
2410 1488 2642 1560 omnium
2669 1486 2836 1560 oculis
2852 1486 3150 1556 sacriﬁcare
3173 1487 3334 1560 idolis
3362 1503 3518 1560 super
3543 1502 3692 1541 aram
3713 1488 3771 1541 in

2165 1560 2372 1631 civitate
2400 1558 2609 1631 Modin,
2642 1559 2928 1614 secundum
2941 1560 3151 1631 jussum
3173 1558 3312 1631 regis
3336 1572 3358 1613 :

2236 1629 2308 1685 Et
2336 1631 2464 1686 vidit
2515 1630 2862 1697 Mathathias,
2909 1629 2959 1686 et
3005 1629 3301 1694 doluit,'et
3345 1636 3770 1686 contremuerunt

2163 1717 2312 1776 renes
2339 1706 2482 1776 ejus,
2513 1709 2561 1757 et
2588 1718 2836 1776 accensus
2865 1710 2940 1757 est
2981 1701 3128 1776 furor
3147 1703 3262 1773 ejus
3298 1702 3587 1756 secundum
3633 1702 3776 1768 iudi-

2165 1775 2305 1846 cium
2329 1773 2476 1846 legis,
2511 1783 2559 1828 et
2584 1774 2816 1829 insiliens
2859 1773 3134 1846 trucidavit
3160 1789 3277 1846 eum
3304 1788 3463 1846 super
3490 1789 3665 1846 aram.

2242 1844 2349 1917 Sed
2379 1844 2643 1917 etvirum,
2672 1861 2823 1917 quem
2851 1860 2945 1900 rex
2971 1844 3259 1900 Antiochus
3303 1845 3533 1910 miserat,
3559 1845 3649 1915 qui
3675 1859 3772 1917 co-

2171 1916 2321 1990 gebat
2342 1915 2634 1986 immolare,
2665 1915 2856 1973 occidit
2885 1916 2939 1971 in
2966 1917 3083 1988 ipso
3129 1925 3378 1989 tempore,
3428 1925 3477 1971 et
3506 1932 3655 1970 aram
3683 1916 3779 1971 de-

2172 1990 2390 2045 struxit.

2179 2060 2315 2188 sallit
2342 2062 2545 2145 zelatus
2567 2068 2643 2117 est
2671 2062 2855 2137 legem,
2877 2060 3008 2116 sicut
3037 2059 3158 2132 fecit
3203 2057 3427 2116 Phinces
3460 2057 3639 2115 Zamri
3660 2059 3777 2130 filio

2281 2149 2406 2188 amr.

2225 2148 2406 2189 atomt.

2248 2202 2318 2257 Et
2354 2203 2661 2261 exclamavit
2705 2202 3033 2260 Mathathias
3058 2219 3179 2259 voce
3223 2219 3412 2275 magna
3450 2201 3508 2257 in
3545 2202 3774 2270 civitate,

2177 2274 2353 2331 dicens
2378 2293 2396 2331 :
2426 2276 2606 2333 Omnis
2627 2278 2717 2350 qui
2739 2276 2907 2332 zelum
2931 2275 3082 2332 habet
3104 2275 3233 2348 legis
3254 2274 3484 2331 statuens
3505 2283 3782 2329 testamen-

2179 2356 2310 2415 tum,
2333 2357 2481 2403 exeat
2505 2359 2618 2416 post
2644 2365 2746 2403 me.

2253 2416 2322 2473 Et
2348 2420 2480 2491 fugit
2506 2415 2633 2492 ipse,
2679 2429 2732 2492 et
2772 2418 2873 2490 filii
2900 2419 3013 2492 ejus
3050 2419 3106 2473 in
3129 2425 3347 2486 montes,
3376 2425 3428 2475 et
3450 2415 3781 2489 reliquerunt

2179 2505 2515 2564 qugcumque
2528 2491 2790 2564 habebant
2815 2492 2869 2546 in
2895 2491 3119 2564 civitate.

2256 2561 2402 2635 Tunc
2427 2561 2824 2619 descenderunt
2876 2562 3027 2618 multi
3084 2569 3369 2635 quaerentes
3400 2561 3684 2635 judicium,
3725 2569 3775 2617 et

2175 2634 2460 2705 jusﬁtiam,
2484 2636 2539 2688 in
2568 2635 2846 2690 desertum.
3090 2634 3103 2705 ς
3404 2634 3410 2635 “
3626 2658 3633 2661 -

2256 2703 2329 2759 Et
2348 2705 2591 2760 sederunt
2646 2707 2717 2761 ibi
2763 2705 2904 2776 ipsi,
2960 2712 3009 2760 et
3067 2703 3166 2773 ﬁlii
3209 2720 3410 2771 eorum,
3455 2711 3502 2760 et
3539 2704 3784 2759 mulieres
3862 2766 3875 2771 _

2184 2791 2406 2903 eorum,l
2417 2784 2467 2832 et
2491 2792 2677 2850 pecora
2699 2793 2896 2848 eorum,
2947 2776 3193 2848 quoniam
3220 2777 3605 2833 inundaverant
3625 2791 3785 2846 super

2186 2863 2274 2903 eos
2298 2863 2383 2902 ma
2406 2864 2458 2903 a.

2186 2863 2274 2903 808
2298 2863 2458 2903 mata.

2194 2989 2208 3004 .
2261 2918 2330 3004 lit
2356 2921 2708 3004 renuntiatum
2734 2928 2813 2989 est
2827 2921 2960 3004 piris
2976 2920 3139 3004 regis,
3173 2928 3221 3004 et
3243 2919 3521 3004 exercitui,
3544 2918 3635 2991 qui
3652 2926 3785 3004 erat

2187 2990 2245 3045 in
2271 2990 2567 3064 Jerusalem
2588 2994 2788 3049 civitate
2817 2991 3011 3055 Dauid.
3039 2990 3285 3064 quoniam
3313 2990 3664 3064 discessissent
3688 2990 3786 3043 viri

2190 3062 2424 3138 quidam,
2447 3065 2536 3135 qui
2577 3065 2958 3138 dissipaverunt
2987 3062 3292 3138 mandatum
3317 3065 3456 3138 regis
3477 3064 3532 3117 in
3552 3062 3667 3117 loca
3693 3076 3786 3114 oc-

2194 3135 2336 3205 culta
2361 3135 2416 3189 in
2438 3133 2656 3205 deserto,
2685 3133 2731 3190 et
2748 3136 2988 3191 abiissent
3018 3134 3270 3205 pastillos
3289 3133 3460 3188 multi.

2259 3203 2326 3259 Et
2354 3209 2530 3262 statim
2559 3202 2991 3280 perrexeruntad
3018 3202 3135 3280 eos,
3188 3215 3237 3261 et
3284 3207 3656 3261 constituerunt
3690 3202 3790 3259 ad-

2197 3284 2374 3332 versus
2403 3294 2488 3333 eos
2522 3277 2762 3347 pretium
2786 3280 2840 3333 in
2872 3277 2959 3334 die
2981 3277 3337 3333 sabbatorum.

2267 3347 2337 3402 Et
2366 3350 2605 3405 dixerunt
2633 3351 2703 3405 ad
2727 3365 2852 3406 eos:
2876 3349 3135 3405 Resistitis
3154 3357 3202 3404 et
3223 3365 3360 3403 nunc
3387 3347 3604 3404 adhuc?
3629 3347 3786 3414 exite,

2197 3426 2248 3475 et
2275 3420 2431 3492 facile
2458 3424 2741 3477 secundum
2768 3422 2978 3476 verbum
3001 3421 3137 3492 regis
3163 3420 3497 3485 Antiochi,et
3521 3419 3716 3492 vivetis.

2302 3492 2339 3546 Et
2368 3492 2611 3548 dixerunt
2636 3509 2654 3548 :
2685 3492 2809 3548 Non
2833 3489 3091 3564 exibimus
3117 3508 3279 3564 neque
3305 3492 3556 3561 faciemus
3586 3489 3793 3545 verbum

2196 3564 2334 3637 regis
2358 3603 2375 3627 ,
2404 3571 2462 3619 ut
2488 3564 2786 3637 polluamus
2815 3564 2953 3637 diem
2978 3562 3331 3637 sabbatorum.

2268 3633 2339 3689 Et
2369 3633 2752 3692 concitaverunt
2772 3635 3017 3690 adversus
3045 3650 3130 3689 eos
3156 3634 3418 3704 praelium.

2272 3705 2340 3761 Et
2366 3724 2470 3762 non
2489 3709 2877 3780 responderunt
2912 3707 3015 3774 eis,
3045 3721 3146 3780 nec,
3181 3706 3412 3780 lapidem
3438 3704 3688 3761 miserunt
3741 3703 3797 3759 in

2198 3792 2447 3853 cos_,_nec
2474 3777 2832 3853 oppilaverunt
2861 3777 2976 3833 loca
2998 3777 3224 3853 occulta,

2270 3848 2517 3906 Dicentes'
2541 3848 2560 3906 ἓ
2610 3850 2906 3908 Moriamur
2930 3864 3105 3903 omnes
3134 3849 3189 3903 in
3212 3848 3545 3921 simﬂicitate
3571 3853 3752 3921 nostra
3775 3862 3796 3901 :

2200 3929 2251 3976 et
2276 3930 2426 3978 testes
2451 3932 2602 3979 erunt
2630 3939 2786 3992 super
2811 3936 2906 3978 nos
2934 3921 3147 3990 coelum,
3202 3929 3251 3976 et
3306 3918 3443 3975 terra
3469 3961 3487 3988 ,
3533 3918 3671 3992 quod
3710 3918 3798 3973 in-

2192 3995 2340 4067 juste
2365 3995 2579 4067 perditis
2608 4011 2725 4052 nos.

2275 4063 2344 4118 Et
2367 4061 2654 4122 intulerunt
2694 4065 2802 4122 illis
2830 4065 3019 4122 bellum
3051 4063 3276 4119 sabbatis
3308 4077 3329 4118 :
3375 4069 3426 4118 et
3447 4061 3642 4118 mortui
3676 4069 3802 4116 sunt

2203 4134 2333 4207 ipsi,
2384 4146 2433 4192 et
2503 4154 2689 4193 uxores
2767 4153 2979 4204 eorum,
3034 4144 3082 4192 et
3129 4135 3228 4206 ﬁlii
3269 4150 3448 4189 eorum
3471 4175 3490 4202 ,
3533 4142 3584 4191 et
3613 4148 3804 4204 pecora

2204 4206 2383 4262 eorum
2405 4224 2565 4278 usque
2590 4209 2660 4263 ad
2683 4209 2824 4265 mille
2852 4210 3055 4264 animas
3084 4206 3370 4261 hominum.

2278 4277 2350 4352 Et
2385 4275 2621 4352 cognovit
2661 4279 3013 4352 Mathathias,
3044 4288 3094 4336 et
3132 4278 3289 4332 amici
3315 4278 3467 4350 ejus,
3517 4284 3566 4333 et
3605 4275 3805 4334 luctum

2208 4349 2495 4426 habuerunt
2519 4368 2675 4426 super
2696 4368 2782 4408 eos
2807 4349 3007 4408 valde.'
3086 4421 3137 4426 __
3337 4349 3344 4350 ί
3381 4420 3396 4426 _
3512 4419 3526 4426 _
3700 4417 3714 4426 _
3747 4410 3750 4414 λ

2279 4420 2351 4479 Et
2376 4423 2508 4478 dixit
2534 4417 2609 4479 vir
2635 4426 2875 4497 proximo
2902 4439 2998 4479 suo
3024 4438 3043 4479 :
3075 4421 3138 4480 Si
3162 4436 3339 4477 omnes
3367 4419 3640 4497 fecerimus
3667 4417 3807 4473 sicut

2209 4495 2399 4578 fratres
2440 4490 2895 4578 nostri_fecerant,
2926 4507 2974 4552 et
2989 4511 3103 4578 _non
3131 4490 3532 4578 pugnaverimus
3550 4490 3809 4578 adversus

2207 4562 2386 4636 gentes
2412 4572 2507 4639 pro
2535 4562 2808 4624 aniinabus
2836 4562 3062 4632 nostris,
3105 4562 3153 4620 et
3192 4562 3662 4637 justifieationibus
3712 4576 3810 4616 no-
3916 4609 3935 4621 .

594 4608 1113 4710 Dm'u'i's'cdi'nwpo'sitio
1141 4638 1255 4710 ejus
1279 4634 1459 4690 ablata
1487 4641 1586 4691 est.
1621 4632 1751 4703 Quae
1772 4642 1885 4691 erat
1918 4634 2102 4707 libera,
2126 4608 2182 4672 D
2400 4608 3173 4710 nos

516 4709 658 4780 facta
684 4718 758 4761 est
787 4706 1006 4763 ancilla.

590 4778 659 4834 Et
684 4794 799 4833 ecce
828 4787 1019 4851 sancta,
1036 4786 1241 4845 nostra,
1270 4787 1319 4834 et
1343 4777 1682 4851 pulchritudo
1706 4787 1903 4847 nostra,
1929 4786 1976 4835 et
1997 4780 2112 4836 cla-

472 4872 479 4875 -
515 4849 648 4925 ritas
669 4858 847 4905 nostra
875 4849 1237 4925 desolatauest,
1262 4861 1310 4925 et
1335 4849 1796 4925 coinquinaverunt
1822 4866 1884 4907 ea
1912 4862 2107 4925 gentes.

520 4970 527 4977 .
593 4922 710 4995 Quo
729 4938 850 4995 ergo
877 4923 1025 4977 nobis
1050 4923 1224 4977 adhuc
1249 4923 1449 4995 viveret

589 4994 661 5048 Et
691 4992 847 5048 scidit
871 4995 1172 5069 vestimenta
1199 5010 1298 5069 sua
1320 4992 1665 5069 Mathathias,
1696 5004 1744 5050 et
1765 4996 1866 5067 filii
1890 4996 2040 5069 ejus:
2061 5004 2112 5051 et

515 5075 826 5139 operuerunt
848 5083 902 5121 se
924 5066 1131 5139 ciliciis,
1161 5073 1211 5139 et
1238 5065 1548 5139 planxerunt
1576 5068 1747 5122 valde.

588 5136 658 5191 Et
679 5147 927 5193 venerunt
948 5138 1075 5211 illuc
1095 5138 1181 5211 qui
1210 5137 1355 5191 missi
1374 5148 1522 5211 erant
1551 5154 1582 5191 a
1609 5154 1730 5211 rege
1752 5138 2029 5211 Antiocho,
2052 5146 2111 5193 ut

516 5219 758 5281 cogerent
785 5225 890 5275 eos,
922 5210 1011 5280 qui
1038 5209 1374 5281 confugerant
1408 5210 1462 5263 in
1485 5209 1742 5281 civitatem
1772 5210 1976 5277 Modin,
2007 5212 2111 5266 im-

519 5279 738 5348 molare,
765 5289 814 5351 et
843 5279 1121 5335 accendere
1150 5279 1325 5350 thura,
1359 5290 1405 5335 et
1432 5298 1464 5335 a
1485 5282 1592 5351 lege
1622 5279 1717 5335 Dei
1755 5282 2036 5338 discedere.

593 5352 666 5405 Et
689 5349 841 5406 multi
868 5352 931 5406 de
959 5352 1153 5419 populo
1178 5352 1346 5408 Israel
1374 5349 1746 5408 consentientes
1791 5363 2115 5411 accesserunt

593 5370 666 5405 nt
689 5370 841 5406 mum
868 5370 931 5406 ae
996 5370 1153 5419 oputo
1178 5370 1346 5408 ssraet
1374 5370 1746 5408 consentientes
1791 5370 2113 5411 accesserunt

520 5426 590 5481 ad
621 5440 707 5480 eos
734 5439 754 5479 :
780 5424 870 5477 sed
914 5370 1260 5493 blhthathias,
1302 5432 1350 5479 et
1380 5424 1483 5495 filii
1509 5427 1621 5497 ejus
1640 5434 1934 5482 constanter
1956 5435 2113 5482 stete-

516 5508 662 5553 runt.

588 5569 663 5625 Et
693 5568 1059 5638 respondentes
1088 5569 1181 5638 qui
1206 5568 1349 5623 missi
1386 5576 1532 5624 erant
1558 5568 1621 5625 ab
1651 5568 1928 5636 Antiocho,
1960 5571 2113 5627 dixe-

588 5586 663 5625 Ll
693 5586 1059 5638 responaentes
1124 5586 1179 5623 us
1206 5586 1349 5623 missi
1386 5586 1532 5624 erant
1558 5586 1621 5625 ao
1651 5586 1928 5636 AnuOCIlO,
1960 5586 2113 5627 atxe-

518 5652 642 5699 runt
688 5640 997 5717 Mathathiaz
1024 5656 1043 5695 :
1073 5586 1325 5710 ﬂrinceps
1362 5641 1796 5717 etclarissimus,
1819 5652 1869 5697 et
1895 5659 2114 5717 magnus

521 5733 579 5771 es
601 5716 659 5768 in
682 5714 778 5767 hac
804 5714 1027 5778 civitate,
1046 5721 1094 5767 et
1117 5722 1329 5766 ornatus
1358 5712 1504 5782 filiis,
1538 5722 1585 5767 et
1620 5714 1891 5784 fratribus.

594 5784 739 5857 Ergo
759 5784 942 5840 accede
968 5785 1135 5857 prior,
1152 5790 1219 5857 et_
1236 5785 1320 5857 fac
1330 5786 1538 5854 jussum
1559 5787 1698 5857 regis
1725 5786 1858 5840 sicut
1879 5787 2114 5855 fecerunt

517 5852 697 5914 omnes
741 5865 935 5933 gentes,
969 5852 1032 5911 ἐι
1059 5856 1159 5911 viri
1184 5852 1352 5927 Iuda,
1395 5864 1445 5911 et
1480 5855 1570 5927 qui
1601 5852 1961 5915 remanserunt
1998 5859 2110 5932 [ΑΙ.

2281 4708 2352 4784 Et
2371 4712 2724 4784 cogitaverunt
2754 4701 2924 4784 indie
2947 4709 3070 4784 illa,
3103 4707 3334 4784 dicentes
3361 4721 3390 4784 :_
3411 4704 3594 4784 _0mnis
3616 4701 3806 4769 homo,

2209 4777 2516 4858 quicumque
2537 4783 2727 4838 venerit
2746 4782 2816 4836 ad
2845 4797 2942 4837 nos
2964 4781 3021 4836 in
3044 4780 3181 4837 bello
3202 4780 3288 4858 die
3309 4777 3643 4833 sabbatorum
3662 4819 3676 4844 ,
3706 4791 3810 4858 pa:

2209 4851 2697 4926 gnemus‘adversus
2716 4870 2833 4909 eum
2862 4868 2882 4908 :
2910 4863 2959 4926 et
2987 4869 3092 4926 non
3120 4851 3405 4926 moriemur
3431 4863 3606 4903 omnes
3624 4887 3641 4915 ,
3672 4851 3811 4901 sicut

2209 4923 2403 4980 inor-tui
2422 4934 2543 4980 sunt
2570 4925 2757 4995 fratres
2784 4925 2949 4980 nostri
2977 4925 3031 4978 in
3054 4923 3291 4978 occultis.

2284 4995 2430 5068 Tunc
2452 4989 2761 5068 congregata
2814 5004 2887 5068 est
2913 4995 2982 5049 ad
3009 5011 3092 5050 eos
3135 5004 3399 5068 synagoga
3453 4989 3810 5068 Assida'orum

2209 5067 2360 5140 fort_is
2387 5062 2580 5122 viribus
2609 5062 2674 5121 ex
2697 5065 2867 5122 Israel
2889 5108 2903 5132 ,
2923 5068 3101 5140 omnis
3125 5062 3453 5140 uoluntarius
3473 5062 3683 5140 lege.

2283 5137 2354 5193 Et
2401 5154 2605 5205 omnes,
2637 5140 2726 5208 qui
2767 5139 3033 5211 fugiebant
3061 5154 3093 5192 a
3142 5136 3329 5205 malis,
3384 5134 3553 5190 additi
3590 5132 3712 5190 sunt
3740 5132 3813 5186 ad

2216 5225 2337 5283 eos_,
2365 5219 2415 5265 et
2433 5211 2556 5283 facti
2584 5220 2703 5265 sunt
2731 5210 2841 5267 illis
2864 5211 2933 5265 ad
2958 5210 3365 5281 ﬁrmamentum.

2286 5280 2355 5336 Et
2401 5280 2720 5355 collegerunt
2761 5282 3044 5339 exercitum
3072 5322 3119 5355 ,_
3157 5287 3207 5355 et
3278 5282 3638 5355 percusserunt
3687 5290 3814 5355 pec-

2214 5362 2413 5409 catores
2440 5356 2493 5409 in
2537 5347 2621 5409 ira
2672 5370 2768 5408 sua
2794 5394 2809 5421 ,
2837 5365 2885 5409 et
2912 5356 3050 5407 viros
3076 5347 3306 5422 iniquos
3355 5351 3410 5405 in
3457 5347 3816 5422 indignatione

2215 5441 2311 5480 sua
2333 5440 2353 5479 :
2381 5434 2429 5481 et
2460 5426 2632 5482 exteri
2655 5420 2893 5495 fugerunt
2920 5426 2990 5479 ad
3010 5420 3243 5479 nationes
3262 5462 3277 5487 ,
3301 5433 3357 5475 ut
3383 5420 3677 5495 evaderent.

2293 5495 2362 5550 Et
2392 5498 2624 5554 circuiuit
2655 5491 2978 5555 Hdthathias
3001 5537 3017 5565 ,
3049 5505 3098 5551 et
3125 5494 3281 5550 amici
3295 5495 3438 5567 ejus,
3469 5500 3519 5548 et
3546 5491 3814 5545 destruxe-

2216 5578 2338 5624 runt
2360 5585 2481 5626 aras
2503 5587 2524 5625 ἔ

2291 5640 2361 5695 Ει
2413 5642 2846 5697 circumeiderunt
2893 5655 3079 5711 pueros
3131 5637 3519 5711 incircumcist
3566 5640 3814 5707 quotquot

2219 5714 2519 5768 invenerunt
2556 5716 2610 5768 in
2643 5713 2831 5781 finibus
2860 5707 3030 5768 Israel
3055 5727 3074 5767 :
3104 5721 3153 5766 et
3180 5712 3236 5765 in
3266 5707 3596 5782 fortitudine.

2291 5784 2363 5839 Et
2390 5787 2640 5855 persecuti
2665 5794 2786 5839 sunt
2823 5785 2963 5855 ﬁlios
3013 5784 3297 5856 superbiw,
3354 5792 3406 5838 et
3449 5784 3811 5855 prosperatum

2218 5866 2295 5914 est
2314 5873 2444 5930 opus
2464 5859 2519 5916 in
2538 5859 2775 5914 manibus
2801 5871 2999 5914 eorum.
