4182 6338
580 358 689 421 476

1576 355 1633 415 S.
1678 353 2064 414 HIERONYMI
2104 349 2336 412 DIVINA
2374 351 2852 410 BIBLIOTHECA.

3776 344 3879 409 476

652 472 721 527 Et
753 469 889 527 misit
906 486 1022 527 cum
1045 470 1117 528 eis
1136 468 1487 544 quadraginta
1506 469 1676 527 millia
1699 470 1964 544 virorum_,
1988 477 2037 544 et
2061 483 2174 540 sep-
2201 467 2254 528 A
2350 463 2421 544 Et
2446 467 2690 544 viderunt
2716 474 2889 544 castra
2928 466 3159 540 gentium
3189 467 3403 544 valida,_
3428 466 3759 544 et_loricatos
3782 509 3798 535 ,
3828 474 3876 522 et

582 554 685 600 tem
714 544 882 599 millia
911 537 1180 616 equitum',
1227 537 1539 616 ut_vEniren_t
1569 544 1623 597 in
1668 550 1861 616 terram
1909 537 2078 610 Juda,
2118 537 2173 594 et

583 616 936 683 disperderent
953 613 1079 671 eam
1108 614 1391 669 secundum
1417 613 1625 669 verbum
1646 613 1805 687 regis.

654 688 720 743 Et
741 696 1099 760 processerunt
1142 688 1528 760 cum_unirersa
1549 687 1738 760 virtute
1784 698 1900 749 sua,
1948 688 1995 736 et
2020 697 2171 760 vene-

580 770 725 825 runt,
741 752 804 816 ἐι
842 759 1207 828 applicuerunt
1234 755 1515 812 Emmaum
1540 759 1594 811 in
1635 765 1773 811 terra
1800 752 2097 822 campestri.

653 830 723 886 Et
748 829 1032 885 audierunt
1072 839 1380 884 mercatores
1410 829 1680 901 regionum
1720 842 1905 901 nomen
1950 840 2125 901 eorum
2148 839 2169 878 :

574 912 623 958 et
650 909 957 973 acceperunt
984 912 1254 975 argentum
1314 910 1361 956 et
1406 894 1592 955 au'rum
1631 899 1851 975 multum
1892 894 2063 975 v_a_l_de,
2089 902 2170 975 ,οι

581 965 816 1043 pueros:
847 981 895 1028 et
924 965 1166 1028 venei'unt
1186 972 1240 1027 in
1268 981 1455 1038 castra,
1489 971 1868 1043 utacciperent
1897 968 2037 1043 ﬁlius
2079 965 2166 1043 ls-

578 1037 689 1101 raet
718 1047 771 1100 in
798 1060 969 1100 servos
992 1061 1011 1099 :
1055 1054 1105 1099 et
1133 1043 1305 1098 additi
1332 1037 1454 1099 sunt
1492 1041 1561 1096 ad
1584 1057 1668 1098 eos
1689 1037 1944 1096 exercitus
1971 1037 2165 1112 Syrias,

576 1126 625 1171 et
653 1126 805 1187 terra:
824 1116 1257 1187 ralieuigenarum.

650 1186 717 1270 Et
747 1186 876 1270 vidit
919 1181 1115 1270 ludas,
1149 1194 1205 1270 et
1236 1187 1427 1270 fratres
1452 1187 1606 1270 ejus,_
1641 1184 1765 1270 quiu
1813 1181 2170 1270 multiplicatu

574 1268 693 1313 sunt
723 1259 882 1325 mala,
916 1265 964 1313 et
993 1255 1246 1313 exercitus
1271 1255 1706 1330 applica'banttid
1723 1255 1851 1327 fines
1875 1255 2052 1330 eorum
2076 1269 2097 1310 :
2118 1262 2168 1311 et

574 1340 916 1404 cognoverunt
945 1331 1097 1384 verba
1124 1330 1281 1401 regis,
1308 1325 1428 1404 qua
1466 1325 1734 1384 mandavit
1777 1325 1974 1399 populo
1996 1327 2169 1400 facere

574 1401 936 1466 in'interitnm,
966 1409 1013 1455 et
1037 1401 1537 1457 consummationem
1565 1415 1583 1454 :

650 1472 717 1527 Et
743 1465 987 1547 digerunt
1017 1474 1368 1547 unusquisque
1401 1471 1470 1526 ad
1494 1472 1789 1547 proximum
1818 1484 1974 1524 suum
2001 1465 2171 1528 :Eri-

575 1560 756 1614 gamus
784 1541 1121 1616 dejectionem
1143 1541 1326 1614 populi
1355 1541 1539 1611 nostri,
1567 1551 1615 1599 et
1638 1556 1928 1615 pugnemus
1949 1557 2044 1613 pro
2073 1557 2171 1615 po-

576 1618 701 1684 pulo
730 1625 918 1679 nostro,
951 1624 997 1671 et
1015 1616 1206 1670 sanctis
1238 1617 1445 1671 nostris.

650 1684 717 1742 Et
735 1696 1071 1760 congregatus
1093 1695 1165 1741 est
1187 1695 1471 1757 conventus
1496 1692 1554 1741 ut
1577 1691 1744 1760 essent
1767 1683 1942 1760 parati
1963 1683 2015 1738 in
2037 1698 2168 1760 prae-

583 1755 711 1812 lium
737 1775 757 1814 :
780 1755 912 1815 et'ut
924 1755 1165 1826 orarent,
1198 1755 1246 1814 et
1267 1767 1498 1832 peterent
1526 1755 1957 1823 misericordium,
1985 1755 2046 1811 et'
2067 1756 2164 1811 mi—

575 1833 877 1885 serationes.

646 1899 716 1955 Et
742 1901 1035 1957 Jerusalem
1058 1918 1162 1956 non
1193 1896 1538 1969 habitabatur,
1568 1900 1658 1955 sed
1685 1909 1797 1954 erat
1823 1900 1958 1954 sicut
1981 1898 2158 1954 deser-

579 1981 689 2027 tum
714 1990 732 2029 :
764 1990 868 2028 non
889 1983 999 2029 erat
1027 1974 1114 2046 qui
1140 1974 1491 2046 ingrederetur
1511 1980 1558 2028 et
1588 1973 1918 2046 egrederetur
1939 1970 2003 2024 de
2025 1970 2162 2025 natis

576 2045 691 2115 ejus
723 2061 739 2098 :
763 2053 810 2099 et
831 2043 1066 2099 sanctum
1086 2043 1489 2100 conculcabatur
1511 2060 1530 2098 :
1559 2055 1607 2099 et
1630 2044 1730 2114 ﬁlii
1750 2043 2163 2115 alienigenarum

577 2113 726 2170 erant
757 2117 810 2171 in
842 2133 979 2181 arce,
1010 2115 1080 2170 ibi
1096 2126 1203 2172 erat
1233 2115 1484 2171 habitatio
1520 2115 1749 2181 gentium
1768 2130 1787 2169 :
1817 2123 1863 2168 et
1889 2113 2066 2169 ablata
2087 2122 2163 2169 est

574 2184 811 2259 voluptas
841 2205 872 2241 a
896 2186 1080 2252 Jacob,
1109 2196 1158 2244 et
1187 2188 1373 2259 defecit
1402 2186 1472 2242 ibi
1503 2184 1659 2252 tibia,
1690 2185 1979 2259 etgithara.

647 2257 717 2312 Et
748 2260 1043 2331 congregati
1072 2270 1214 2331 sunt,
1252 2255 1305 2315 et
1336 2267 1584 2314 venerunt
1625 2258 1681 2312 in
1713 2255 2164 2331 Husphacontra'

575 2328 865 2455 deruisatelm
901 2348 914 2386 :
940 2328 1073 2403 'quia
1102 2330 1245 2386 locus
1283 2331 1533 2386 orationis
1559 2337 1670 2386 erat
1704 2329 1758 2385 in
1788 2328 2018 2400 Maspha
2043 2338 2164 2385 ante

575 2417 627 2455 in
693 2418 806 2455 srae
831 2442 847 2455 .

574 2417 627 2455 ιη
659 2417 847 2457 Israel.

651 2473 715 2527 Et
735 2476 1103 2548 jejunaverunt
1143 2474 1239 2530 illa
1267 2473 1350 2530 die
1374 2516 1390 2548 ,
1422 2481 1471 2529 et
1502 2472 1854 2548 induerunt‘se
1875 2471 2085 2541 ciliciis,
2114 2479 2165 2548 _et

575 2543 800 2599 cinerem
827 2545 1181 2619 imposuerunt
1227 2547 1385 2619 capiti
1411 2562 1503 2601 sua
1534 2560 1552 2600 :
1580 2555 1627 2599 et
1665 2543 1986 2601 disciderunt
2007 2545 2160 2600 vesti-

574 2629 744 2669 utenta
771 2634 862 2672 sua
888 2633 908 2672 ἔ

644 2685 714 2741 Et
740 2689 1096 2762 expanderunt
1116 2687 1274 2745 libros
1312 2688 1461 2761 legis,
1501 2686 1564 2745 de
1594 2686 1780 2758 quibus
1800 2686 2167 2743 scrutabantur

574 2768 750 2830 gentes
777 2759 1172 2816 similitudinem
1199 2759 1599 2815 simulacrorum
1623 2776 1835 2815 suorum
1858 2774 1877 2814 :

654 2830 719 2885 Et
744 2833 1032 2888 attulerunt
1061 2842 1369 2886 ornamenta
1391 2830 1762 2896 sacerdotalia,
1808 2840 1856 2886 et
1885 2831 2163 2900 primitias,

570 2910 617 2956 et
645 2902 867 3027 desiimus
898 2919 918 2959 :
946 2911 993 2959 et
1025 2903 1398 2960 suscitaverunt
1428 2901 1713 2959 Nazarteos
1732 2944 1747 2972 ,
1781 2902 1871 2973 qui
1917 2904 2166 2976 implere-

574 2983 691 3027 rant
750 2991 858 3027 tes:

574 2983 691 3027 rant
714 2975 820 3029 dies
840 2991 858 3028 :

648 3043 713 3099 Et
739 3047 1090 3101 clamauerunt
1137 3062 1256 3102 voce
1310 3062 1497 3116 magna
1545 3047 1599 3102 in
1639 3046 1845 3111 ctelum,
1894 3043 2167 3102 dicentes:

578 3116 717 3188 Quid
745 3119 994 3187 faciemus
1023 3118 1160 3181 istis.
1191 3126 1238 3173 et
1266 3134 1366 3188 quo
1392 3136 1478 3174 eos
1502 3119 1748 3173 ducemus
1781 3116 1806 3171 .’

646 3186 716 3242 Et
742 3186 921 3244 sancta
947 3197 1040 3244 tua
1060 3186 1360 3246 conculcata
1388 3196 1530 3259 sunt,
1558 3200 1605 3244 et
1632 3189 1986 3244 contaminata
2019 3198 2163 3255 sunt,

2279 540 2535 613 equitatus
2564 539 2618 613 i_n
2643 539 2863 613 circuitu
2885 556 3083 613 eorum,
3112 550 3162 597 et
3178 540 3233 595 hi
3263 539 3404 597 docti
3432 540 3502 596 ad
3518 541 3805 613 iprtelium.

2347 609 2415 665 Et
2444 611 2520 665 ait
2561 608 2733 666 ludas
2758 612 2880 667 viris
2916 611 3007 681 qui
3048 628 3220 667 secum
3239 622 3384 668 erant
3431 628 3450 667 :
3480 608 3564 667 Ne
3604 609 3881 667 timueritis

2271 681 2661 754 multitudinem
2691 699 2890 744 eorum.
2920 692 2966 739 et
2988 683 3234 754 impetum
3258 700 3437 739 eorum
3462 699 3528 739 ne
3558 683 3874 754 formidetis.

2352 752 2665 827 .iluetueutote
2691 756 2916 826 qualiter
2944 753 3076 810 salvi
3103 756 3229 827 facti
3266 765 3387 811 sunt
3427 752 3601 824 patres
3630 755 3793 809 nostri
3822 754 3879 809 in

2277 825 2415 949 mutii
2441 823 2652 893 Rubro,
2682 823 2800 880 cum
2827 823 3124 897 sequeretur
3148 843 3235 883 eos
3264 827 3474 884 Pharao
3502 836 3620 882 cum
3650 826 3880 883 exercitu

2277 910 2363 949 mu
2392 908 2462 949 to.

2276 908 2462 951 multo.

2345 966 2412 1021 Et
2444 986 2582 1024 nunc
2610 968 2894 1025 clamemus
2929 970 2984 1024 in
3015 969 3199 1025 coelum
3224 1015 3239 1039 ,
3285 978 3333 1025 et
3362 968 3688 1026 miserebitur
3711 971 3879 1026 nostri

2275 1035 2634 1107 Domitius/et
2661 1057 2854 1095 memor
2877 1041 2971 1097 erit
3002 1035 3298 1096 testamenti
3320 1052 3527 1113 patrum
3556 1052 3870 1113 nostrorum,

2270 1117 2318 1164 et
2340 1121 2567 1185 c_oMeret
2592 1115 2873 1168 exercitum
2900 1113 3057 1169 istum
3076 1121 3196 1169 ante
3216 1111 3398 1185 faciem
3427 1122 3656 1167 nostram
3679 1111 3834 1185 hodie
3852 1128 3875 1169 :

2269 1250 2298 1307 1
2342 1179 2414 1236 Et
2427 1185 2598 1308 [scient
2624 1200 2799 1241 omnes
2820 1193 3016 1257 gentes,
3036 1186 3157 1257 quia
3178 1179 3252 1242 est
3273 1185 3361 1258 qui
3382 1185 3601 1240 redimat
3625 1193 3672 1240 et
3694 1184 3875 1240 liberet

2304 1269 2422 1308 srae
2453 1295 2465 1306 .

2304 1269 2465 1310 sraet.

2342 1321 2413 1378 Et
2440 1325 2768 1403 elevaverunt
2796 1328 3105 1403 alienigente
3129 1330 3309 1386 oculos
3338 1330 3504 1396 suos,
3545 1326 3595 1384 et
3636 1327 3875 1383 viderunt

2271 1410 2357 1451 eos
2384 1400 2638 1455 venientes
2668 1416 2733 1456 es:
2767 1400 3004 1457 adverso.

2342 1465 2411 1522 Et
2442 1472 2673 1544 exierunt
2696 1473 2761 1527 de
2779 1473 2962 1544 castris
2984 1471 3037 1527 in
3061 1472 3323 1544 prtelium,
3355 1480 3404 1529 et
3429 1471 3552 1526 tuba
3574 1471 3869 1526 cecinerunt

2275 1539 2329 1594 hi
2348 1542 2482 1611 ,hqui
2507 1555 2653 1600 erant
2682 1561 2799 1599 cum
2826 1542 2974 1600 Iuda
2998 1561 3019 1600 :

2342 1609 2412 1667 Et
2427 1616 2704 1688 congressi
2733 1625 2853 1672 sunt
2876 1631 2896 1672 :
2922 1624 2970 1671 et
2997 1616 3235 1672 contrita:
3262 1625 3384 1673 sunt
3406 1623 3580 1688 gentes
3601 1656 3616 1682 ,
3649 1616 3698 1669 et
3724 1616 3876 1687 fuge-

2272 1684 2764 1773 νοιυξείη,οξεὶτηρωπἶ
3199 1759 3250 1773 Η
3390 1684 3425 1773 ,⁷
3458 1758 3472 1772 ⁸
3592 1757 3606 1773 1
3662 1744 3695 1773 ,ε

2343 1754 2632 1832 Novissimi
2673 1766 2846 1816 autem
2890 1777 3066 1832 omnes
3105 1759 3403 1815 ceciderunt
3453 1758 3507 1813 in
3552 1756 3729 1832 gladio
3755 1800 3770 1823 ,
3820 1763 3871 1811 et

2196 1857 2244 1920 Β
2270 1830 2525 1920 pSrsecuti
2554 1839 2783 1920 sunt‘eos
2801 1849 2969 1917 usque
2987 1831 3231 1920 'Gezeron
3258 1876 3273 1902 ,
3318 1840 3367 1886 et
3394 1830 3631 1920 nsque'in
3659 1844 3870 1920 canimus

2269 1895 2523 1955 ldunnete
2544 1942 2560 1967 ,
2592 1912 2639 1957 et
2665 1902 2813 1958 Αποιὶ
2838 1946 2853 1970 ,
2883 1895 2945 1959 ἐι
2971 1903 3200 1959 Jamnia:
3224 1895 3317 1959 :et
3344 1895 3640 1958 ceciderunt
3668 1917 3734 1956 ex
3761 1895 3871 1955 illis

2277 1985 2436 2031 usque
2460 1973 2529 2026 ad
2557 1974 2655 2028 tria
2682 1975 2847 2030 millia
2871 1977 3117 2031 virorum.

2396 2052 2412 2118 t
2434 2057 2660 2118 reversus
2682 2056 2754 2100 est
2776 2046 2967 2118 ludas,
2992 2057 3037 2102 et
3054 2046 3307 2118 exercitus
3328 2048 3463 2116 eius,
3491 2060 3708 2118 sequens
3729 2059 3868 2118 eum.

2344 2111 2589 2191 _Di:pit_que
2625 2118 2693 2171 ad
2733 2111 2986 2191 papulum
3012 2135 3032 2174 :
3064 2117 3188 2174 Non
3231 2111 3609 2189 concupiscatis
3654 2115 3823 2186 spolia
3849 2128 3871 2169 :

2266 2185 2389 2253 quia
2415 2182 2602 2241 bellum
2632 2182 2815 2243 contra
2841 2207 2934 2245 nos
2955 2199 3051 2246 est.

2338 2253 2657 2345 PuG‘orgias
2687 2270 2736 2315 et
2762 2263 3014 2345 exercifus
3057 2264 3170 2345 ejus
3211 2277 3371 2345 prope
3415 2276 3507 2314 nos
3541 2258 3601 2345 in
3645 2266 3873 2345 monte‘:

2266 2327 2359 2381 sed
2382 2336 2513 2384 state
2541 2327 2677 2385 nunc
2718 2342 2900 2388 contra
2931 2327 3173 2389 inimicos
3205 2327 3410 2387 nosiros
3436 2372 3451 2397 ,
3504 2336 3553 2386 et
3580 2339 3875 2404 expugnate

2267 2414 2389 2473 eos_,_
2405 2406 2450 2453 et
2480 2403 2690 2473 sumetis
2715 2415 2888 2473 postea
2917 2404 3086 2470 spolia
3114 2406 3298 2459 securi.

2343 2468 2420 2548 Et
2441 2471 2615 2526 adhuc
2657 2468 2895 2544 loquente
2921 2468 3066 2531 Iuda
3104 2473 3215 2530 haec
3240 2519 3255 2545 ,
3306 2490 3422 2531 ecce
3457 2473 3699 2548 apparuit
3738 2488 3868 2547 pars

2268 2543 2515 2616 qutgdamr
2532 2543 2852 2616 prospiciens
2881 2548 2947 2602 de
2973 2557 3167 2602 monte.

2341 2611 2408 2667 Et
2433 2611 2561 2690 vidit
2589 2611 2806 2689 Gorgias
2830 2618 2967 2689 quod
2988 2620 3040 2673 in
3072 2619 3251 2690 fugam
3273 2616 3502 2672 conversi
3529 2625 3648 2690 sunt
3686 2615 3789 2683 sui,
3807 2625 3875 2690 Aet

2268 2687 2890 2764 succenderuntcastra}
2917 2687 3093 2764 fumus
3119 2687 3300 2758 enim,
3343 2690 3435 2761 qui
3463 2688 3750 2755 videbatur,
3782 2687 3877 2744 de-

2267 2756 2498 2832 clavabut
2525 2761 2665 2828 quod
2687 2762 2879 2832 factum
2909 2756 3005 2817 est.

2344 2829 2652 2906 Quibusjlli
2674 2829 2960 2906 conspectis
2988 2876 3003 2899 ,
3031 2833 3318 2906 timuerunt
3339 2829 3489 2887 valde
3512 2872 3527 2895 ,
3564 2831 3873 2906 aspicientes

2269 2899 2428 3024 simul
2461 2911 2507 2955 et
2534 2900 2571 2956 J
2577 2903 2736 2957 udam
2759 2948 2774 2973 ,
2800 2899 2876 2962 'et
2913 2905 3194 2961 exercitum
3234 2904 3287 2959 in
3319 2919 3500 2977 campo
3529 2913 3774 2977 paratum
3802 2904 3876 2958 ad

2271 2987 2380 3024 vra?
2404 2988 2531 3024 tum.

2271 2987 2531 3042 praetium.
3371 3027 3376 3032 .

2341 3041 2412 3119 lit
2438 3044 2681 3119 fugerunt
2706 3061 2883 3102 omnes
2904 3046 2959 3101 in
2981 3062 3219 3119 campum
3245 3045 3659 3119 alienigenarum
3684 3061 3704 3101 :

2348 3114 2413 3168 Et
2434 3114 2604 3172 ludas
2623 3134 2852 3173 reversus
2871 3126 2946 3174 est
2970 3119 3040 3173 ad
3066 3114 3237 3188 spolia
3261 3114 3551 3173 castrorum
3576 3158 3591 3183 ,
3631 3125 3679 3175 et
3717 3132 3876 3171 acce-

2274 3196 2459 3258 perunt
2479 3204 2670 3244 aurum
2696 3191 2935 3254 multum,
2968 3199 3015 3245 et
3039 3200 3331 3262 argentum,
3355 3197 3404 3245 et
3431 3188 3781 3263 hyacinthum,
3820 3198 3876 3245 et

573 3266 621 3312 et
649 3260 940 3315 sacerdotes
973 3261 1050 3316 tui
1077 3262 1201 3333 facti
1227 3269 1347 3317 sunt
1390 3262 1443 3316 in
1476 3251 1696 3330 luctum,
1724 3269 1774 3315 et
1812 3260 1867 3316 in
1894 3251 2164 3317 humilita;
2193 3251 2240 3317 C
2269 3251 2554 3333 pvrfmram
2582 3262 2862 3328 marinam,
2897 3251 2945 3316 et
2974 3251 3359 3333 opes'magnas.

573 3340 694 3389 tem.

646 3400 716 3459 Et
741 3421 857 3460 ecce
880 3403 1110 3461 nationes
1138 3413 1479 3461 convenerunt
1519 3404 1793 3460 adversum
1838 3420 1957 3476 nos,
1987 3412 2044 3461 ut
2073 3420 2169 3461 nos

573 3470 920 3549 disperdant‘:
945 3486 1001 3531 tu
1026 3477 1128 3531 scis
1153 3492 1269 3549 qua:
1299 3477 1531 3549 cogitant
1559 3479 1611 3531 in
1634 3493 1746 3531 nos.

649 3546 921 3623 Quomudo
950 3546 1235 3623 poterimus
1280 3546 1558 3623 subsistere
1586 3556 1708 3605 ante
1731 3547 1923 3623 facient
1957 3563 2166 3615 eorum,

574 3619 677 3672 nisi
705 3627 783 3686 tu,
819 3619 986 3682 Deus,
1018 3620 1231 3685 adiuves
1261 3635 1352 3673 nos
1382 3621 1407 3674 Ρ

646 3688 713 3762 ﬁt
739 3692 873 3746 tubis
893 3691 1309 3747 exclamaverunt
1340 3707 1456 3746 voce
1488 3707 1698 3762 magna.

646 3759 718 3814 Et
740 3774 854 3839 post
876 3766 985 3819 ltth
1016 3764 1277 3818 constituit
1298 3762 1471 3819 ludas
1493 3759 1650 3839 {luces
1670 3764 1871 3839 pepuli,
1898 3764 2165 3839 tribunos,

575 3843 625 3888 et
658 3834 1002 3904 centuriones,
1035 3843 1081 3890 et
1119 3834 1615 3904 pentacontarcltos,
1649 3844 1696 3890 et
1730 3834 2057 3892 decuriones.

646 3902 714 3959 Et
746 3907 876 3962 dixit
916 3905 993 3978 his
1022 3902 1127 3978 qui
1154 3906 1487 3971 mdilicabant
1525 3906 1741 3978 domos,
1771 3918 1818 3962 et
1849 3906 2169 3978 sponsabant

576 3993 781 4043 uxores,
812 3988 861 4033 et
895 3948 1403 4049 planiabantvineas
1430 4019 1445 4044 ,
1473 3987 1522 4033 et
1553 3948 1928 4049 formidolosi;
1958 3988 2014 4033 ut
2043 3976 2166 4033 red-

569 4049 702 4123 iren_t
724 4050 1073 4121 unusquisque
1102 4049 1156 4103 in
1179 4047 1388 4104 domum
1415 4047 1563 4123 suam
1591 4049 1884 4123 secundum
1913 4049 2094 4123 legem.

650 4117 714 4173 Et
744 4117 1008 4176 moverunt
1059 4124 1266 4187 casti-ti,
1299 4130 1346 4175 et
1389 4117 1769 4175 collocaverunt
1815 4118 1885 4176 ad
1931 4117 2168 4178 austrum

576 4189 871 4246 Emtnaum.

647 4261 714 4317 Et
736 4264 809 4317 ait
834 4261 1004 4338 ludas
1031 4279 1052 4338 _:
1084 4261 1451 4338 Accingimini,
1499 4264 1548 4319 et
1588 4272 1750 4338 estote
1784 4263 1884 4337 ﬁlii
1914 4273 2162 4338 potentes,

574 4342 619 4409 et
644 4344 801 4389 estote
830 4336 1002 4405 parati
1026 4335 1078 4389 in
1108 4335 1368 4409 mane._ut
1388 4335 1624 4409 pugnetis
1655 4335 1900 4409 adversus
1914 4335 2165 4393 nationes

574 4403 691 4471 has,
712 4403 838 4478 quati
858 4416 1205 4462 convenerunt
1227 4403 1478 4463 adversus
1514 4424 1605 4464 nos
1640 4407 1938 4480 disperdere
1965 4425 2083 4479 nos,
2113 4410 2163 4465 et

574 4488 753 4532 sancta
785 4489 962 4534 ηοω-α
990 4493 1010 4531 .'

700 4550 911 4633 naniam
933 4550 1115 4606 melius
1142 4558 1220 4607 est
1246 4568 1340 4606 nos
1365 4552 1500 4608 mori
1542 4552 1598 4607 in
1625 4550 1777 4624 bello,
1806 4556 1961 4625 quam
1991 4553 2164 4610 videre

577 4630 719 4691 mata
749 4630 913 4691 gentis
943 4631 1153 4687 nostrat,
1186 4630 1236 4678 et
1262 4635 1578 4681 sanctorum.

647 4690 796 4750 Sicut
820 4702 993 4750 autem
1014 4695 1169 4766 fuerit
1199 4695 1436 4753 voluntas
1462 4696 1515 4753 in
1551 4695 1699 4766 ctelo,
1732 4696 1804 4753 sic
1829 4695 1947 4769 ﬁat.

1182 4861 1413 4922 CAPUT
1464 4861 1558 4922 IV.

646 4997 717 5075 Et
743 5001 1022 5075 assumpsit
1063 5000 1288 5075 Gorgias
1335 5003 1560 5075 quinque
1603 5000 1772 5057 millia
1814 5000 2075 5069 virorum,
2123 5009 2172 5058 et

575 5071 719 5145 mille
744 5071 944 5145 equites
969 5071 1204 5131 electos}
1245 5084 1294 5130 et
1332 5071 1601 5145 moverunt
1629 5083 1802 5128 castra
1825 5083 1992 5130 nocte.

652 5141 722 5198 Ut
741 5141 1067 5213 applicarent
1096 5146 1163 5201 nd
1190 5154 1364 5200 castra
1391 5143 1702 5200 Iudaeorum
1723 5184 1739 5210 ,
1765 5154 1813 5200 et
1848 5153 2172 5211 percuterent

576 5216 861 5287 eos_subito
884 5232 905 5271 :
931 5217 1124 5287 eti/itii,
1155 5217 1246 5287 qui
1271 5225 1417 5271 erant
1439 5232 1502 5270 ex
1522 5231 1663 5283 arce,
1689 5224 1834 5270 erant
1855 5215 1963 5272 illis
1988 5219 2170 5275 duces.

652 5285 717 5340 Et
738 5287 938 5343 audivit
964 5285 1177 5356 ludas,
1199 5298 1247 5342 et
1274 5289 1500 5343 surrexit
1528 5288 1660 5359 ipse,
1704 5296 1752 5341 et
1796 5297 2027 5358 potentes
2054 5305 2172 5359 per-

578 5366 752 5414 cutere
790 5361 1030 5416 virtutem
1068 5360 1385 5415 exercituum
1413 5359 1550 5431 regis
1573 5399 1588 5426 ,
1635 5360 1727 5432 qui
1755 5370 1901 5415 erant
1941 5361 1996 5416 in
2038 5359 2172 5416 Em-

578 5445 770 5487 maum.

650 5501 835 5573 4dhue
874 5504 1009 5559 enim
1033 5501 1303 5573 dispersus
1326 5511 1447 5573 erat
1465 5502 1725 5559 exercitus
1749 5520 1782 5558 a
1817 5504 2027 5560 castris.

650 5572 720 5629 Et
739 5576 881 5647 venit
904 5572 1125 5647 Gorgias
1145 5574 1200 5627 in
1218 5584 1392 5647 castra
1418 5572 1576 5631 Iuda:
1615 5584 1795 5640 noctu,
1839 5587 1885 5630 et
1908 5577 2166 5639 neminem

578 5645 792 5719 igvenit,
826 5656 874 5701 et
901 5646 1157 5719 quterebat
1185 5663 1273 5701 eos
1301 5645 1353 5701 in
1383 5648 1685 5703 montibus:
1713 5648 1963 5719 quoniam
1987 5648 2162 5704 dixit:

579 5714 630 5769 F
636 5720 720 5773 uai
727 5726 814 5770 unt
846 5719 898 5770 hi
923 5735 954 5771 a
977 5717 1143 5773 nobis.

654 5736 668 5770 ι
708 5736 814 5770 tum
846 5736 896 5770 IN
923 5736 954 5771 α
977 5736 1143 5773 110018.

654 5736 723 5842 Et
743 5804 857 5863 cum
882 5789 1008 5863 dies,
1020 5789 1187 5863 factus
1213 5806 1292 5845 ess
1312 5797 1363 5854 't,
1417 5792 1657 5863 apparuit
1694 5790 1868 5847 ludas
1898 5792 1951 5847 in
1980 5807 2164 5862 campo

582 5859 888 5936 cumtribus
919 5862 1163 5936 millibus
1186 5862 1416 5919 virorum
1447 5859 1651 5920 tantum
1701 5880 1720 5922 :
1750 5865 1840 5935 qui
1870 5859 2164 5936 tegumenta

580 5938 629 5984 et
657 5928 855 6001 gladios
886 5949 986 5988 non
1015 5932 1270 5989 habebant
1302 5949 1320 5986 ς

2349 3328 2415 3383 Et
2460 3333 2733 3405 conversi,
2785 3328 3034 3405 hymnum
3072 3328 3366 3400 canebant,
3410 3341 3458 3399 et
3502 3331 3877 3405 benedicebaut

2273 3397 2444 3478 Deum
2471 3397 2756 3478 incestum,
2786 3397 3031 3475 quoniam
3056 3405 3221 3461 bonus
3253 3397 3367 3475 est,
3407 3403 3659 3478 quoniam
3686 3405 3740 3458 in
3768 3410 3878 3460 sa:-

2274 3473 2836 3550 culum‘misericordia
2860 3480 2994 3550 ejus.

2344 3543 2415 3632 ξι
2439 3546 2582 3632 facta
2609 3556 2682 3601 est
2709 3548 2854 3632 salus
2878 3543 3147 3632 magnoin
3171 3544 3340 3602 Israel
3379 3547 3433 3601 in
3463 3546 3546 3601 die
3571 3545 3686 3632 illa.

2348 3618 2882 3693 Quicumqueuautem
2929 3618 3340 3693 alienigenarum
3380 3626 3691 3693 evaserunt,
3720 3631 3878 3674 vene-

2273 3696 2395 3764 run_t
2424 3732 2447 3764 ,_
2462 3699 2520 3764 et
2545 3691 2909 3764 nuntiaverunt
2942 3688 3112 3764 Lysia:
3138 3691 3378 3745 universa
3407 3706 3523 3764 qua:
3545 3690 3874 3764 acciderant.

2347 3761 2543 3827 Quibus
2572 3761 2664 3816 ille
2693 3763 2886 3818 auditis
2907 3805 2922 3828 ,
2963 3761 3317 3817 consternatus
3346 3763 3522 3816 animo
3549 3761 3820 3828 deficiebat
3854 3776 3878 3817 :

2271 3834 2409 3908 quod
2438 3846 2547 3908 non
2571 3834 2748 3901 qualia
2769 3835 2959 3908 voluit,
2992 3834 3123 3908 talia
3159 3834 3481 3905 contigerunt
3515 3834 3571 3888 in
3607 3832 3725 3908 [ΑΙ.
3758 3844 3872 3889 lac.

2269 3901 2567 3976 inLIsrael,
2597 3917 2646 3961 et
2668 3907 2844 3972 qualia
2874 3901 3141 3961 mandavit
3172 3920 3283 3976 rex.

2345 3974 2414 4029 Et
2441 3979 2667 4051 sequenti
2695 3993 2839 4051 anno,
2863 3978 3190 4051 congregavit
3216 3975 3402 4051 Lysias
3426 3975 3665 4051 virorum
3676 3975 3876 4051 electo.

2270 4062 2383 4121 rum
2405 4050 2681 4121 sexaginta
2711 4047 2877 4104 millia
2901 4090 2916 4117 ,
2961 4047 3008 4104 et
3051 4047 3279 4121 equitum
3302 4047 3525 4119 quinque
3550 4047 3718 4103 millia
3742 4090 3758 4116 ,
3810 4058 3876 4103 ut

2270 4118 2547 4174 debellaret
2572 4136 2679 4175 eos.

2344 4188 2411 4244 Et
2457 4199 2704 4247 venerunt
2748 4190 2803 4246 in
2840 4189 3085 4247 Iudaeam
3112 4231 3126 4255 ,
3174 4197 3222 4245 et
3265 4198 3437 4245 castra
3481 4200 3763 4256 posuerunt
3812 4196 3875 4246 in

2269 4259 2531 4346 Bethoron
2556 4303 2570 4329 ,
2602 4272 2650 4319 et
2692 4264 2916 4319 occurrit
2952 4262 3059 4319 illis
3088 4262 3255 4318 ludas
3282 4278 3400 4316 cum
3429 4260 3606 4318 decem
3634 4262 3872 4319 millibus

2269 4348 2413 4391 υινιε.

2340 4404 2409 4459 Et
2435 4407 2669 4461 viderunt
2698 4406 2981 4475 exercitum
3007 4404 3228 4475 fortem,
3261 4413 3307 4459 et
3345 4403 3511 4459 oravit
3541 4446 3555 4469 ,
3600 4413 3647 4460 et
3684 4406 3820 4461 dixit
3852 4422 3875 4462 :

2267 4474 2574 4534 Benedictus
2601 4496 2672 4539 es.
2704 4478 2930 4533 salvator
2956 4474 3157 4549 Isragl,
3191 4476 3278 4549 qui
3309 4476 3596 4549 contrivisti
3620 4478 3877 4549 impetum

2268 4551 2494 4621 potentis
2535 4551 2589 4605 in
2622 4568 2778 4605 manu
2807 4550 2940 4605 servi
2969 4549 3046 4621 tui
3072 4544 3241 4621 David
3268 4590 3281 4621 ,
3312 4558 3361 4621 et
3377 4547 3666 4621 utradidisti
3692 4544 3876 4604 castra

2192 4650 2247 4715 υ
2268 4617 2679 4715 utienigenarum
2706 4623 2760 4677 in
2787 4637 2943 4676 manu
2969 4617 3217 4676 lauat/ta:
3245 4619 3343 4691 ﬁlii
3364 4617 3520 4688 Saul,
3548 4625 3595 4675 et
3619 4621 3877 4694 armigeri

2273 4708 2384 4749 εηιε
2393 4734 2408 4749 ο

2291 4710 2612 4822 Juéonelude
2630 4765 2912 4822 exercitum
2932 4763 3090 4818 istum
3114 4762 3166 4818 in
3190 4769 3346 4818 manu
3377 4762 3559 4834 papuli
3579 4763 3656 4820 tui
3672 4762 3872 4835 Israel,

2272 4844 2323 4893 et
2345 4838 2732 4910 qonfundantur
2758 4838 2813 4910 in
2841 4837 3071 4892 exercitu
3100 4851 3229 4910 sno_,
3256 4844 3309 4910 et
3337 4835 3614 4910 equitibus.

2346 4902 2569 4965 Da'illis
2609 4908 2941 4983 formidinem
2965 4949 2982 4974 ,
3033 4914 3080 4963 et
3123 4902 3325 4983 tabefae
3359 4902 3635 4962 audaciam
3663 4908 3876 4964 virtutis

2275 4997 2473 5047 eorum,
2501 4991 2550 5037 et
2572 4978 2990 5036 commoveantur
3012 4978 3321 5034 contritiOne
3349 4993 3469 5032 sua.

2351 5053 2532 5127 Dejice
2571 5053 2693 5127 illos
2733 5051 2910 5125 gladio
2947 5048 3391 5127 diligentiam-te;
3418 5058 3465 5103 et
3494 5047 3789 5127 collaudem
3822 5059 3879 5108 te

2276 5118 2473 5188 omnes,
2499 5126 2591 5194 qui
2613 5118 2857 5179 novei'unt
2882 5118 3067 5177 nomen
3097 5130 3242 5175 tuum
3272 5121 3324 5194 in
3349 5118 3577 5194 hymnis.

2349 5198 2418 5253 Et
2446 5190 2813 5253 commiserunt
2835 5195 3074 5265 prazlium
3105 5208 3123 5247 :
3150 5203 3197 5249 et
3219 5190 3516 5248 ceciderunt
3542 5193 3606 5248 de
3642 5193 3879 5250 exercitu

2282 5271 2458 5345 Lysia,"
2471 5271 2693 5340 quinque
2722 5266 2901 5345 millia
2915 5266 3165 5345 virurum.

2358 5334 2552 5398 Videns
2584 5334 2756 5396 autem
2779 5337 2963 5411 Lysias
2991 5341 3169 5407 fugam
3189 5350 3407 5411 suorum;
3426 5377 3442 5405 ,
3481 5345 3531 5393 et
3558 5334 3877 5394 Judteorum

2278 5415 2555 5472 audaciam
2583 5460 2597 5481 ,
2644 5425 2690 5468 et
2734 5409 2871 5484 quod
2901 5412 3072 5481 parati
3098 5422 3217 5484 sunt
3245 5421 3333 5465 aut
3354 5409 3527 5484 vivere
3551 5451 3567 5475 ,
3614 5412 3875 5484 autmori

2280 5489 2502 5561 fortiter,
2529 5485 2653 5541 abiit
2678 5481 3099 5561 Antiochiam,_et
3121 5482 3270 5555 elegit
3297 5481 3505 5549 milites,
3536 5490 3591 5535 ut
3614 5482 3876 5553 multipli-

2271 5555 2372 5616 cati
2402 5574 2584 5613 rursus
2605 5560 2833 5614 venirent
2864 5559 2919 5612 in
2937 5555 3200 5613 Judazam.

2349 5630 2493 5686 Dixit
2516 5638 2686 5683 autem
2714 5629 2923 5693 Judas,
2967 5639 3014 5683 et
3058 5629 3246 5695 fratres
3272 5628 3385 5700 ejus
3428 5640 3446 5680 :
3488 5623 3623 5681 Ecce
3662 5626 3880 5682 contriti

2271 5712 2392 5758 sunt
2421 5701 2618 5755 inimici
2644 5702 2804 5756 nostri
2828 5716 2846 5755 :
2869 5700 3207 5756 ascendamus
3228 5713 3367 5753 nunc
3391 5700 3645 5755 mundare
3663 5708 3867 5766 sancta,

2271 5782 2321 5829 et
2345 5786 2609 5827 renovare.

2347 5844 2415 5900 Et
2448 5853 2786 5911 congregatus
2809 5855 2881 5902 est
2910 5846 3074 5902 onmis
3111 5843 3364 5902 exercitus
3386 5883 3404 5911 ,.
3450 5851 3497 5899 et
3523 5840 3876 5899 ascenderunt

2273 5917 2327 5971 in
2356 5925 2579 5973 montem
2612 5917 2762 5973 Sion.
2778 5981 2792 5992 ἰ

3420 6011 3495 6021 μη,
