4182 6338
373 457 444 514 77
1577 452 1783 512 LIBER
1820 453 1841 512 Ι
1879 452 1928 510 Μ

2032 452 2458 514 llABlEORUM.

3526 457 3634 516 473

410 571 482 626 Et
533 569 768 626 viderunt
819 569 1281 640 sanctiﬁcationem
1329 570 1584 626 desertam
1610 613 1624 636 ,
1673 581 1724 626 et
1769 573 1932 628 altare
1959 573 2008 632 Α
2036 589 2122 627 eos
2141 613 2156 638 ,
2189 581 2238 628 et
2267 573 2720 630 anathematizauit
2760 591 2845 631 eos
2874 617 2889 642 ,
2931 583 2976 632 et
3007 574 3233 632 incendit
3264 583 3430 632 turres
3455 593 3632 634 eorum

333 647 675 714 profanatum
705 684 720 707 ,
779 651 824 714 et
856 653 1032 711 portas
1072 652 1280 698 exustas
1306 688 1319 710 ,
1359 652 1408 698 et
1451 644 1502 697 in
1533 645 1678 698 atriis
1708 642 1932 714 virgulta

333 712 466 770 nata
492 717 625 770 sicut
651 715 704 770 in
729 712 867 768 saltu
891 754 906 782 ,
959 715 1036 768 vel
1076 717 1131 770 in
1173 715 1429 772 montibus
1457 755 1472 783 ,
1519 724 1564 771 et
1596 712 1933 786 pastOphoria

334 788 538 841 diruta.

413 857 476 912 Et
508 858 772 914 sciderunt
801 857 1097 912 vestimenta
1127 874 1223 912 sua
1247 899 1263 923 ,
1303 867 1352 930 et
1378 856 1689 930 planxerunt
1717 857 1933 930 planctu

413 876 476 912 nt
508 876 772 914 sctaerunt
801 876 1097 912 vestimenta
1127 876 1223 912 sua
1247 899 1263 923 ,
1303 876 1350 912 et
1378 876 1689 930 ptanxerunt
1757 876 1933 912 tauctu

333 947 526 1000 magno
550 971 566 994 ,
609 938 655 982 et
685 931 1039 1000 imposuerunt
1065 931 1290 986 cinerem
1338 929 1465 1003 [AL
1500 929 1692 984 cineres
1715 876 1752 1000 ἴ
1777 946 1935 1000 super

332 1013 493 1072 caput
536 1017 708 1056 suum.

411 1072 478 1126 Et
508 1073 800 1130 ceciderunt
827 1075 880 1128 in
911 1074 1094 1142 faciem
1120 1089 1275 1143 super
1302 1081 1491 1127 terram
1515 1115 1530 1137 ,
1583 1081 1631 1126 et
1650 1142 1654 1143 ν
1671 1073 1934 1127 exclama-

332 1153 516 1219 verunt
547 1145 680 1219 tubis
711 1149 998 1219 signorum,
1029 1154 1077 1200 et
1101 1142 1455 1219 clamauerunt
1484 1147 1538 1199 in
1563 1142 1768 1219 caelum.

407 1214 556 1270 Tunc
585 1214 841 1271 ordinavit
871 1215 1043 1271 Judas
1065 1217 1200 1270 viros
1231 1257 1244 1280 ,
1289 1225 1344 1268 ut
1369 1229 1656 1286 pugnarent
1688 1217 1932 1270 adversus

330 1303 422 1341 eos
451 1290 540 1353 qui
562 1300 709 1343 erant
732 1291 785 1344 in
811 1305 948 1353 arce,
981 1288 1141 1342 donec
1169 1286 1501 1342 emundarent
1527 1298 1725 1342 sancta.

339 1430 350 1440 _
408 1357 477 1484 Ilﬂt
501 1359 654 1484 elegit
672 1362 964 1417 sacerdotes
987 1361 1096 1416 sine
1114 1360 1338 1428 macula,
1362 1359 1675 1414 voluntatem
1695 1358 1933 1415 habentes

339 1447 389 1484 m
445 1447 531 1484 eae
608 1448 652 1484 ei
681 1447 700 1484 :

331 1447 389 1484 ιιι
420 1447 531 1485 tuae
557 1447 652 1485 υει
681 1447 700 1485 .'

407 1449 898 1558 Egemluft’daverunt
943 1511 1118 1558 sancta
1144 1545 1158 1567 ,
1189 1512 1238 1556 et
1266 1502 1495 1558 tulerunt
1527 1500 1726 1574 lapides
1753 1511 1933 1556 conta-

333 1573 638 1628 minationis
665 1576 716 1629 in
741 1579 912 1630 locum
939 1576 1288 1629 immundum.

410 1645 477 1698 Et
507 1647 747 1717 coqitavit
777 1649 840 1700 de
864 1647 1019 1701 altari
1049 1646 1493 1711 holocaustorum,
1520 1645 1656 1716 quod
1683 1647 1933 1716 profana-

335 1726 455 1788 tuin
473 1726 606 1784 erat,
636 1718 762 1786 quid
792 1717 857 1772 de
877 1735 936 1773 eo
967 1719 1178 1788 faceret.

410 1786 476 1839 Et
496 1789 677 1842 incidit
699 1789 805 1844 illis
823 1786 1098 1844 consilium
1120 1790 1326 1854 bonum,
1358 1798 1411 1842 ut
1432 1786 1750 1842 destruerent
1773 1787 1930 1843 illud:

332 1874 400 1938 ne
421 1859 553 1926 forte
571 1861 680 1914 illis
701 1871 826 1914 esset
850 1862 901 1914 in
928 1861 1284 1932 opprobrium,
1296 1861 1430 1984 quia
1452 1860 1931 1916 contaminaverunt

332 1929 470 1984 illud
496 1940 691 1984 aentes-
723 1942 768 1984 et
797 1931 1026 1984 demoliti
1053 1942 1170 1984 sunt
1197 1934 1290 1984 illu
1340 1971 1354 1984 .

331 1929 470 2002 illud
496 1940 691 2002 gentes,
723 1942 768 1986 et
797 1929 1026 1988 demoliti
1053 1942 1170 1987 sunt
1197 1929 1354 1986 illud.

409 2001 477 2053 Et
498 2001 838 2075 reposuerunt
867 2003 1067 2075 lapides
1092 2006 1144 2058 in
1169 2013 1340 2058 monte
1366 2001 1549 2075 domus
1571 2002 1626 2055 in
1654 2004 1764 2075 loco
1786 2013 1930 2073 apto,

332 2073 674 2148 quoadusque
702 2075 890 2148 veniret
914 2074 1167 2148 propheta
1189 2116 1204 2140 ,
1235 2086 1282 2128 et
1313 2073 1736 2148 responderetde
1764 2076 1860 2130 eis.

410 2143 480 2218 Et
509 2143 813 2216 acceperunt
841 2143 1040 2216 lapides
1065 2147 1290 2218 integros
1320 2143 1606 2218 secundum
1644 2144 1805 2218 legent
1827 2187 1840 2208 ,
1889 2154 1934 2200 et

335 2215 724 2284 cedi/icaverunt
753 2215 920 2274 altare
945 2235 1133 2274 novum
1161 2215 1442 2273 Secundum
1472 2215 1607 2270 illud
1625 2259 1640 2286 ,
1671 2217 1808 2287 quod
1836 2218 1935 2290 fuit

332 2304 481 2356 pctus
515 2306 530 2342 :

415 2359 480 2413 lit
502 2362 888 2431 wdiﬁcaverunt
913 2371 1093 2416 sancta
1114 2402 1129 2424 ,
1161 2371 1208 2416 et
1236 2376 1351 2429 quae
1389 2361 1526 2413 intra
1554 2358 1764 2413 domum
1790 2370 1935 2414 erant

334 2429 651 2488 intrinsecus
673 2449 692 2488 :
719 2443 765 2487 et
787 2433 949 2488 cedem
977 2441 1024 2488 et
1051 2434 1189 2486 atria
1217 2431 1688 2500 sanctificaveruut.

417 2501 482 2554 Et
514 2508 744 2575 fecerunt
771 2521 892 2558 uasa
921 2516 1100 2559 sancta
1126 2520 1274 2569 nova,
1308 2514 1354 2558 et
1382 2503 1664 2557 intulerunt
1693 2501 1935 2557 candela-

338 2571 525 2636 brum,
540 2585 587 2630 et
607 2577 772 2632 altare
796 2577 1149 2642 incensorum,
1180 2585 1225 2630 et
1259 2591 1486 2628 mensam
1516 2578 1574 2626 in
1605 2576 1869 2642 templum.

415 2643 482 2697 Et
510 2648 774 2702 incensum
803 2656 1086 2718 posuerunt
1114 2664 1268 2714 super
1295 2646 1483 2712 altare,
1516 2653 1565 2698 et
1589 2646 1934 2718 accenderunt

338 2715 606 2787 lucernas,
633 2735 748 2790 quw
769 2715 926 2790 super
952 2718 1320 2774 candelabrum
1349 2726 1518 2783 erant,
1552 2726 1601 2770 et
1624 2716 1858 2772 lucebunt
1879 2718 1932 2773 in

339 2791 552 2856 amplo.

417 2859 482 2913 Et
513 2871 793 2932 posuerunt
816 2879 967 2934 super
994 2873 1220 2934 thensam
1263 2877 1423 2931 panes
1447 2900 1460 2920 .
1495 2866 1541 2912 el
1575 2860 1932 2930 appenderunt

335 2930 474 3003 vela,
509 2930 555 2985 et
583 2930 1057 2988 consummaverunt
1086 2930 1442 3003 omniaopera
1461 2946 1578 3002 quia
1607 2939 1852 3001 fecerant.

416 3001 482 3056 Et
503 3014 621 3059 ante
640 3007 947 3059 matutinum
966 3015 1297 3075 surrexerunt
1317 3001 1497 3075 quinta
1517 3013 1563 3057 et
1589 3004 1829 3074 vigesima
1851 3003 1934 3060 die

337 3076 532 3157 mensis
557 3077 678 3129 noni
744 3075 829 3130 hic
852 3087 924 3157 est
954 3077 1141 3131 mensis
1164 3073 1351 3132 Casleu
1371 3080 1391 3146 )
1417 3073 1674 3130 centesimi
1706 3077 1935 3146 quadra-

333 3148 522 3218 gesimi
549 3149 712 3201 octavi
741 3149 883 3204 anni.
943 3198 945 3200 _

416 3215 487 3270 Et
534 3219 826 3273 obtulerunt
873 3219 1187 3289 sacri/icium
1241 3218 1522 3274 secundum
1569 3217 1732 3289 legem
1777 3234 1936 3288 super

333 3285 510 3362 altare
535 3291 946 3346 holocaustorum
971 3285 1161 3346 novum
1181 3335 1195 3356 ,
1228 3291 1367 3362 quod
1395 3285 1645 3361 fecerunt.

2036 645 2163 718 ign_i_,
2189 661 2305 699 cum
2332 648 2566 701 omnibus
2591 648 2680 718 qui
2702 648 2756 701 in
2780 649 2852 702 cis
2873 658 3038 703 erant.

2108 714 2176 768 Et
2220 719 2454 772 transivit
2494 719 2565 772 ad
2603 714 2740 788 ﬁlias
2779 721 2998 774 Ammon
3023 764 3037 788 ,
3092 730 3140 775 et
3183 719 3373 775 invenit
3421 735 3630 776 manum

2037 788 2224 868 fortem
2250 829 2264 853 ,
2305 798 2358 843 et
2386 791 2639 862 populum
2667 791 2935 862 copiosum
2960 829 2976 859 ,
3027 802 3073 848 et
3103 792 3424 847 Timotheum
3451 795 3632 849 ducem

2035 875 2266 930 ipsorum
2293 878 2313 914 .-

2107 929 2175 982 Et
2206 933 2454 987 commisit
2481 949 2597 987 cum
2619 934 2692 988 eis
2721 936 2902 1002 praelia
2930 934 3094 990 multa
3119 969 3134 998 .
3187 942 3236 990 et
3277 934 3482 991 contriti
3509 944 3631 991 sunt

2033 1001 2088 1054 in
2119 1013 2405 1077 conspectu
2419 1021 2618 1071 eorum,
2649 1016 2698 1061 et
2721 1001 2971 1077 percussit
2997 1024 3085 1061 eos
3109 1023 3128 1061 :
3292 1025 3298 1031 ”

2107 1073 2174 1148 Et
2206 1075 2332 1148 cepit
2362 1073 2528 1130 Gaser
2555 1073 2808 1132 civitatem
2831 1120 2845 1146 ,
2887 1089 2933 1132 et
2963 1079 3100 1148 ﬁlias
3129 1078 3240 1148 ejus
3261 1121 3276 1147 ,
3320 1085 3365 1132 et
3397 1081 3626 1134 reversus

2035 1154 2111 1199 est
2143 1145 2194 1199 in
2222 1144 2484 1202 Judteam.

2110 1215 2177 1269 Et
2216 1227 2540 1293 congregata:
2569 1228 2893 1293 suntgentes
2916 1260 2932 1286 ,
2980 1236 3098 1293 qua:
3140 1231 3258 1275 sunt
3296 1220 3352 1274 in
3383 1219 3589 1276 Galaad
3611 1261 3628 1288 ,

2034 1286 2277 1360 adversus
2308 1276 2592 1356 lsraelitas,
2625 1276 2883 1360 quiverunt
2915 1276 2966 1345 in
2992 1276 3187 1359 'ﬁnibus
3217 1309 3414 1355 eorum,
3446 1301 3503 1348 ut
3531 1276 3630 1348 tol;

2036 1358 2204 1430 lereut
2227 1377 2334 1425 eos,
2364 1371 2410 1415 et
2433 1358 2679 1430 fugerunt
2701 1363 2754 1415 in
2779 1358 3070 1418 Datheman
3096 1365 3451 1418 munitionem.

2107 1428 2174 1484 Et
2201 1421 2451 1506 miserunt
2482 1421 2678 1489 litteras
2706 1435 2777 1489 ad
2801 1434 3000 1488 ludam
3025 1477 3039 1500 ,
3072 1445 3117 1489 et
3145 1437 3333 1506 fratres
3362 1436 3474 1501 eius
3500 1475 3515 1501 ,
3547 1433 3629 1490 di-

2035 1512 2202 1578 centes
2245 1519 2265 1557 :
2304 1502 2640 1576 Congregata:
2686 1515 2808 1560 sunt
2857 1502 3268 1562 adversum'nos
3315 1515 3487 1578 gentes
3537 1523 3629 1578 per

2030 1576 2320 1648 cirgtitum,
2355 1586 2410 1629 ut
2436 1594 2529 1631 nos
2553 1578 2792 1648 auferant
2814 1593 2834 1630 :

2106 1643 2176 1720 Et
2215 1656 2402 1716 parant
2431 1643 2634 1720 venire;
2673 1659 2721 1720 et
2748 1666 2998 1720 occupare
3022 1649 3358 1704 munitionem
3389 1650 3444 1702 in
3474 1663 3631 1720 quam

2035 1716 2364 1785 confugimus
2390 1734 2410 1772 :
2439 1729 2485 1772 et
2511 1718 2812 1775 Timotheus
2838 1716 2910 1775 est
2932 1722 3040 1775 dum
3068 1723 3324 1775 exercitus
3353 1716 3552 1775 eorum.

2109 1787 2425 1864 l\’unc_ergo
2462 1790 2576 1864 veni
2599 1831 2634 1864 ,_
2659 1801 2726 1864 et
2762 1793 2900 1864 eripe
2929 1809 3021 1847 nos
3049 1792 3112 1846 de
3143 1793 3377 1847 manibus
3403 1808 3577 1847 eorum
3607 1836 3623 1862 ,

2033 1860 2156 1929 quia
2187 1861 2367 1914 cecidit
2392 1861 2667 1916 multitudo
2693 1863 2756 1918 de
2784 1860 2949 1918 nobis.

2111 1929 2177 1983 Et
2205 1948 2378 1987 omnes
2409 1936 2594 2002 fratres
2617 1935 2815 2002 nostri,
2855 1935 2943 2000 qui
2969 1943 3114 1988 erant
3153 1937 3207 1988 in
3252 1935 3378 1988 locis
3420 1934 3586 1988 Tnbin
3614 1975 3629 1998 ,

2039 2000 2292 2071 interfecti
2322 2000 2440 2077 sunt
2467 2021 2485 2058 :
2514 2014 2563 2058 et
2594 2000 2822 2077 captivas
2849 2005 3109 2059 duxerunt
3132 2022 3316 2060 uxores
3337 2022 3514 2059 eorum
3534 2048 3548 2070 ,
3583 2015 3628 2061 et

2038 2082 2205 2148 natgs.
2241 2075 2500 2148 elspoliu,
2532 2085 2582 2130 et
2610 2075 2932 2148 peremerunt
2954 2078 3062 2131 illic
3092 2079 3197 2147 fere
3227 2079 3369 2132 mille
3397 2079 3552 2131 viros.

2111 2127 2179 2197 Et
2198 2127 2392 2200 tatas
2408 2127 2663 2218 cpt-stu
2677 2127 3052 2218 iugasti,"
3070 2127 3152 2203 ἐπ”
3165 2127 3288 2204 ista
3300 2127 3415 2203 aut
3431 2127 3628 2204 "ista

2036 2229 2278 2288 venerunt
2306 2218 2371 2272 de
2399 2217 2620 2274 Galiltea
2651 2217 2924 2275 conscissis
2966 2221 3186 2288 tunicis,
3216 2222 3509 2275 nuntiantes
3537 2236 3624 2276 sc-

2038 2287 2262 2342 cundum
2288 2294 2438 2344 verba
2465 2288 2575 2345 haec
2603 2305 2623 2344 :

2110 2359 2348 2416 Dicentes
2371 2403 2386 2424 ,
2416 2363 2711 2417 convenisse
2736 2362 3010 2418 adversum
3040 2377 3094 2418 se
3121 2379 3153 2416 a
3183 2361 3510 2416 Ptolemaida
3537 2403 3551 2424 ,
3582 2369 3629 2416 et

2037 2428 2198 2506 Tyro,
2233 2441 2282 2486 ct
2313 2431 2510 2488 Sidone
2537 2451 2558 2488 :
2586 2443 2633 2488 et
2662 2433 2860 2506 repleta
2883 2445 2962 2491 est
2985 2437 3151 2489 omnis
3181 2433 3410 2489 Galilwa
3445 2434 3633 2489 alieni-

2036 2503 2202 2572 genis,
2225 2512 2278 2555 ut
2301 2521 2392 2558 nos
2419 2503 2740 2558 consumant.

2113 2572 2180 2628 Ut
2208 2575 2418 2650 audivit
2435 2584 2608 2650 autem
2625 2575 2816 2640 ludas,
2841 2585 2890 2650 et
2915 2577 3160 2650 populus.
3193 2593 3450 2632 sermones
3475 2577 3626 2650 istos,

2039 2646 2274 2721 convenit
2312 2645 2525 2721 ecclesia
2554 2663 2744 2721 magna
2774 2645 3000 2719 cogitare
3041 2650 3165 2721 quid
3202 2653 3427 2717 facerent
3455 2648 3635 2721 fratri-

2037 2714 2129 2840 bzs
2157 2717 2285 2799 suis,
2316 2719 2404 2789 qui
2441 2719 2494 2772 in
2523 2714 2854 2776 tribulatione
2875 2714 3063 2788 erant,
3109 2728 3156 2774 et
3198 2714 3630 2793 expugnabantur

2037 2802 2067 2839 a
2132 2804 2221 2840 eis.
2971 2807 2973 2809 ί

2035 2802 2100 2840 ao
2132 2804 2221 2842 ets.
2971 2807 2973 2809 ’

2112 2858 2358 2936 Dicitque
2371 2858 2540 2936 ludas
2571 2861 2775 2918 Simoni
2805 2863 2959 2933 fratri
2984 2878 3079 2936 suo
3102 2879 3121 2918 :
3155 2861 3304 2936 Elige
3333 2861 3423 2916 tibi
3454 2862 3587 2917 viros
3609 2903 3624 2928 ,

2037 2938 2086 2984 et
2117 2931 2263 3004 vade,
2309 2942 2355 2986 et
2386 2932 2547 3004 libera
2576 2937 2764 3003 fratres
2795 2931 2910 2988 tuos
2936 2937 2987 2988 in
3027 2931 3288 2988 Galiltea':
3317 2950 3410 3004 ego
3435 2943 3627 2998 autem,

2037 3010 2084 3058 ct
2113 3000 2275 3068 frater
2303 3021 2440 3060 meus
2468 3000 2724 3059 Ionathas
2749 3005 2935 3061 ibimus
2965 3006 3019 3060 in
3040 3000 3386 3060 Galaaditini.

2110 3073 2177 3128 Et
2220 3077 2427 3143 reliquit
2467 3075 2756 3146 Josephum
2788 3078 2950 3145 ﬁlium
2973 3076 3243 3132 Zachariae
3267 3118 3280 3140 .
3313 3087 3359 3130 et
3385 3077 3630 3132 Asariam

2037 3145 2191 3271 dlueles
2219 3147 2396 3218 pepuli
2429 3163 2545 3202 cum
2571 3145 2779 3204 residuo
2805 3149 3030 3204 exercitu
3075 3150 3130 3204 in
3179 3147 3369 3204 Judtea
3413 3149 3482 3204 ad
3533 3165 3625 3202 cu-

2037 3235 2060 3271 s
2085 3233 2114 3270 o
2154 3233 2276 3271 tam.

2037 3226 2276 3272 stodiam.

2111 3287 2177 3342 Et
2201 3291 2449 3363 prtecepit
2475 3289 2580 3346 illis
2608 3337 2622 3359 ,
2656 3290 2833 3346 dicens
2861 3309 2880 3346 :
2910 3290 3192 3348 Prazestote
3216 3291 3410 3363 papula
3453 3291 3576 3346 huic
3607 3306 3626 3346 :

411 3360 716 3416 Secundum
743 3372 941 3436 tempus
964 3373 1012 3416 et
1030 3351 1312 3417 secundum
1338 3351 1504 3426 diem,
1538 3362 1591 3414 in
1617 3371 1928 3436 qua_conta-
1959 3351 2004 3424 C
2037 3369 2088 3413 et
2125 3351 2281 3415 uol-ite
2315 3351 2505 3419 bellum
2531 3351 2847 3420 committere
2889 3363 3160 3418 adversum
3204 3351 3374 3436 gentes
3401 3408 3415 3432 ,
3467 3364 3630 3419 donec

333 3434 671 3508 mutaverunt
691 3436 823 3490 illud
846 3433 1039 3508 gentes,
1067 3435 1120 3508 in
1153 3436 1266 3508 ipsa
1294 3443 1592 3508 renovatum
1625 3445 1698 3489 est
1725 3433 1777 3486 in
1809 3450 1931 3488 catt-

332 3503 475 3578 ticis,
505 3515 551 3559 et
579 3505 813 3574 citharis,
845 3503 893 3562 Et
916 3506 1131 3578 cinyris,
1160 3503 1207 3562 et
1233 3507 1285 3560 in
1317 3506 1585 3576 tymbalis.

412 3573 478 3650 Et
508 3579 691 3650 cecidit
721 3579 888 3632 omnis
915 3573 1138 3650 populus
1164 3582 1216 3633 in
1246 3573 1452 3647 faciem,
1486 3587 1532 3630 et
1560 3576 1928 3650 adoraverunt,

333 3654 387 3699 et
413 3647 784 3704 benedia'erunt
814 3651 868 3702 in
894 3647 1076 3704 cwl’um
1099 3667 1214 3704 eum
1239 3651 1329 3717 qui
1359 3647 1675 3717 prosperavit
1701 3647 1790 3701 eis.

409 3718 475 3772 Et
499 3720 738 3787 fecerunt
762 3719 1138 3776 dedicationem
1165 3719 1350 3775 altaris
1371 3721 1551 3774 diebus
1582 3727 1698 3772 octo
1717 3760 1733 3785 ,
1764 3727 1812 3770 et
1841 3717 1934 3772 ob-

330 3791 563 3845 tulerunt
588 3791 891 3848 holocausta
910 3809 1026 3846 cum
1047 3792 1251 3859 lwtitia,
1269 3802 1316 3846 et
1333 3790 1646 3861 sacrificium
1665 3791 1928 3856 salutaris,

328 3872 382 3915 et
412 3863 606 3917 laudis.

404 3932 472 4007 Et
499 3945 811 3990 ornaverunt
837 3936 1021 4006 faciens
1050 3935 1226 4007 templi
1255 3936 1458 3990 coronis
1485 3931 1654 4007 aureis
1675 3973 1691 4002 ,
1719 3942 1768 3988 et
1806 3951 1928 3990 scu-

329 4006 455 4058 tulis
481 4021 498 4059 :
525 4016 573 4060 et
595 4005 960 4062 dedicaverunt
993 4005 1192 4075 portas,
1219 4017 1266 4064 et
1291 4005 1626 4079 pastophoria
1645 4047 1662 4074 ,
1689 4015 1736 4061 et
1762 4007 1934 4077 impo-

326 4087 544 4150 suerunt
573 4080 646 4132 eis
667 4083 890 4150 januas.

407 4147 472 4202 Et
497 4149 638 4219 facta
666 4147 952 4223 estlwtitia
975 4151 1028 4204 in
1058 4147 1253 4223 papula
1274 4166 1462 4221 magna
1488 4151 1669 4218 valde,
1711 4161 1762 4205 et
1784 4167 1930 4208 auer-

324 4235 448 4294 sun_s
467 4233 539 4275 est
571 4222 906 4294 opprobrium
936 4222 1205 4294 gentium:

404 4291 471 4344 Et
492 4295 676 4366 statuit
699 4291 734 4348 Ι
741 4295 897 4360 udas,
929 4291 976 4350 et
1006 4297 1192 4365 fratres
1218 4296 1352 4366 ejus,
1381 4301 1432 4366 et
1460 4295 1695 4350 universa
1715 4297 1930 4354 ecclesia

323 4360 524 4429 Israel,
556 4373 610 4417 ut
637 4377 822 4436 agatur
849 4367 954 4421 dies
977 4360 1316 4421 dedicationis
1337 4363 1518 4420 altaris
1539 4367 1592 4421 in
1615 4371 1930 4436 temporibus

324 4437 437 4510 suis
470 4439 532 4490 ab
555 4452 694 4510 anno
723 4438 777 4491 in
802 4454 993 4510 annum
1018 4477 1033 4502 ,
1062 4454 1151 4510 per
1189 4439 1296 4510 dies
1323 4447 1438 4510 octo
1461 4478 1477 4504 ,
1507 4457 1538 4491 tt
1567 4441 1749 4509 quinta
1776 4452 1823 4497 et
1853 4441 1930 4498 vi-

322 4508 523 4580 gesima
550 4508 637 4561 die
665 4513 850 4563 mensis
872 4507 1078 4576 Casleu,
1107 4526 1222 4563 cum
1248 4509 1433 4562 lwtitia
1459 4520 1505 4562 et
1532 4507 1741 4580 gaudio.

403 4576 470 4631 Et
509 4580 892 4650 cediﬁcaverunt
919 4583 974 4636 in
999 4593 1222 4652 tempore
1263 4579 1355 4634 illo
1397 4576 1619 4636 montem
1661 4581 1790 4638 Sion
1817 4623 1833 4650 ,
1875 4595 1925 4640 et

321 4666 418 4719 per
448 4652 721 4706 circuitum
747 4669 920 4708 muros
947 4655 1105 4716 altos.
1139 4660 1187 4707 et
1210 4663 1379 4706 turres
1403 4653 1600 4721 ﬁrmas,
1636 4670 1697 4707 ne
1716 4655 1924 4725 quando

323 4725 556 4778 renirent
581 4734 776 4795 gentes,
808 4735 857 4780 et
887 4727 1243 4781 conculcarent
1273 4739 1392 4778 eum
1412 4767 1425 4790 ,
1456 4725 1588 4780 sicut
1613 4736 1765 4780 antea
1789 4728 1926 4798 fece-
1952 4753 2002 4814 Β

395 4812 406 4839 ν
453 4833 471 4848 .

319 4810 386 4846 ru
399 4805 471 4918 Et
501 4867 774 4923 collocauit
802 4867 912 4923 illic
941 4868 1220 4923 exercitum
1244 4907 1259 4931 ,
1293 4874 1350 4920 ut
1377 4876 1637 4923 servarent
1668 4884 1786 4923 eum
1808 4909 1824 4934 ,
1872 4879 1923 4926 et

320 4939 544 5014 munivit
564 4956 679 4994 eum
697 4939 768 4993 ad
792 4941 1181 5014 custodiendam
1209 4937 1546 5014 Bethsuram,
1574 4938 1680 5014 [An
1701 4939 1828 5014 add.
1852 4939 1922 5014 et]

320 5019 378 5063 ut
400 5007 611 5067 haberet
639 5013 858 5084 populus
880 5012 1218 5068 munitionem
1239 5022 1422 5067 contra
1443 5007 1630 5083 faciem
1650 5007 1920 5069 Idumam;

956 5125 1184 5184 CAPUT
1225 5125 1292 5184 γ.

397 5218 467 5294 Et
499 5225 694 5289 factum
717 5231 813 5288 est,
846 5231 903 5276 ut
932 5221 1212 5277 audierunt
1239 5230 1414 5294 gentes
1441 5222 1496 5278 in
1527 5217 1772 5290 circuitu,
1802 5225 1924 5294 quia

315 5292 638 5418 cedi/icax’tm
665 5303 738 5349 est
762 5296 948 5365 altare,
980 5306 1027 5349 et
1045 5292 1401 5348 sanctuarium
1421 5295 1554 5350 sicut
1575 5297 1741 5366 prius,
1773 5292 1921 5354 irata:

315 5373 440 5418 sunt
469 5381 530 5418 va
589 5383 616 5418 e
639 5383 659 5418 :

313 5373 440 5418 sunt
469 5373 616 5420 valde
639 5383 659 5421 ἔ

396 5435 466 5490 Et
487 5439 782 5512 cogitabant
800 5438 976 5512 tollere
994 5454 1155 5512 genus
1165 5436 1352 5502 Iacob,
1377 5437 1467 5509 qui
1488 5447 1632 5512 erant
1653 5439 1915 5512 intereas,

313 5517 368 5562 et
392 5509 906 5583 {cpperuntoccidere
931 5509 1231 5583 de'populg,
1265 5520 1314 5564 et
1341 5511 1591 5583 persequi.

392 5579 478 5633 Et
504 5581 791 5637 debellabat
819 5580 989 5637 ludas
1017 5579 1155 5652 filios
1182 5580 1324 5636 Esau
1341 5579 1401 5636 in
1434 5580 1671 5636 ltlumtea
1697 5623 1711 5647 ,
1755 5591 1802 5652 et
1831 5592 1916 5640 ebs

311 5652 408 5723 qui
433 5661 581 5707 erant
611 5659 664 5709 in
686 5651 1046 5708 Acrabathane
1076 5669 1094 5708 :
1125 5653 1249 5725 quia
1278 5653 1715 5709 circumsedebant
1741 5651 1918 5710 Israe-

313 5725 463 5798 lita_s_,
495 5733 546 5778 et
577 5727 827 5794 percussit
851 5743 936 5780 eos
962 5727 1115 5798 plaga
1146 5742 1356 5797 magna.

394 5793 462 5849 Et
489 5793 792 5853 recordatus
819 5809 893 5853 est
923 5793 1176 5852 malitiam
1207 5793 1433 5866 ﬁliorum
1459 5795 1626 5863 Bean,
1655 5797 1742 5868 qui
1770 5809 1915 5854 erant

313 5868 516 5950 papula
557 5869 612 5924 in
643 5870 883 5942 laqueum
924 5880 974 5924 et
1017 5871 1072 5925 in
1110 5869 1454 5942 scandalum,
1513 5869 1822 5926 insidiantes
1859 5871 1907 5926 ei

317 5957 376 5994 tn
407 5957 505 5993 ιἰα.

392 6010 462 6070 Et
492 6011 726 6072 conclusi
753 6021 872 6071 sunt
902 6011 964 6070 ab
992 6029 1050 6072 eo
1080 6013 1135 6071 in
1160 6012 1429 6086 turribus,
1471 6021 1518 6070 et
1560 6012 1816 6085 applicuit
1842 6012 1914 6070 ad

2036 3442 2374 3486 revertamur.

2109 3501 2176 3555 Et
2209 3505 2388 3575 partiti
2427 3515 2546 3560 sunt
2572 3506 2781 3563 Simoni
2811 3506 2905 3560 viri
2946 3507 3045 3562 tria
3084 3507 3285 3571 millia,
3332 3513 3391 3560 ut
3438 3507 3536 3560 iret
3575 3506 3630 3560 in

2037 3573 2309 3630 Galilaeam
2340 3591 2358 3630 :
2384 3577 2544 3633 Iuda:
2572 3588 2742 3632 autem
2770 3588 2885 3632 octo
2915 3578 3084 3632 millia
3111 3579 3164 3632 in
3187 3577 3528 3632 Galaaditim.

2110 3645 2175 3719 Et
2223 3648 2348 3701 abiit
2391 3648 2572 3704 Simon
2604 3651 2655 3703 in
2686 3649 2998 3714 Galilaeam,
3052 3658 3099 3703 et
3145 3649 3399 3702 commisit
3447 3651 3630 3719 praelia

2035 3717 2200 3792 multa
2239 3735 2357 3774 cum
2396 3721 2630 3791 gentibus
2671 3737 2688 3774 :
2730 3731 2779 3776 et
2808 3723 3047 3792 contrita:
3079 3731 3200 3776 sunt
3239 3731 3410 3792 gentes
3440 3717 3471 3774 a
3494 3721 3632 3792 facie

2033 3791 2166 3862 ejus.
2200 3799 2248 3842 et
2275 3802 2566 3860 persecutus
2592 3802 2666 3846 est
2692 3809 2775 3846 eos
2802 3809 2962 3862 usque
2981 3791 3050 3846 ad
3071 3791 3278 3860 portam
3327 3805 3329 3807 ‘

2111 3859 2454 3934 l’tolemaidis
2497 3879 2514 3916 :
2564 3874 2612 3919 et
2659 3859 2952 3918 ceciderunt
2997 3865 3060 3917 de
3104 3864 3336 3934 gentibus
3380 3864 3487 3934 fere
3528 3863 3630 3917 tria

2033 3930 2201 4005 millia
2230 3934 2476 3998 virorum,
2507 3945 2556 3990 et
2585 3937 2778 4005 accepit
2801 3935 2970 4003 spolia
2998 3930 3196 4004 eorum,

2106 4003 2174 4058 Et
2200 4007 2478 4090 assumpsit
2502 4023 2608 4090 eos,
2633 4003 2725 4090 qui
2751 4017 2899 4090 erant
2925 4011 2979 4090 in
3005 4003 3248 4073 Galiltea,
3280 4011 3326 4059 et
3347 4003 3630 4090 ‘Anrbatis

2034 4091 2149 4128 cum
2174 4076 2436 4144 uxoribus,
2479 4087 2526 4134 et
2553 4076 2710 4144 natis,
2751 4089 2798 4133 et
2821 4079 3052 4133 omnibus
3079 4093 3196 4145 quae
3220 4085 3365 4131 erant
3393 4077 3498 4131 illis
3519 4117 3535 4145 ,
3583 4087 3632 4132 et

2033 4147 2250 4223 adduxit
2281 4148 2333 4223 in
2363 4149 2604 4223 Judtcam
2632 4167 2749 4203 cum
2775 4150 2958 4223 Iustitia
2985 4166 3194 4223 magna.

2105 4216 2172 4271 Et
2199 4217 2368 4291 ludas
2391 4221 2744 4288 Machabazus,
2771 4230 2820 4276 et
2847 4216 3110 4276 Jonathtis
3135 4224 3297 4291 frater
3322 4222 3433 4291 ejus
3460 4229 3630 4274 trans-

2033 4290 2202 4416 gerunt
2242 4290 2528 4348 Iordanem
2552 4334 2568 4363 ,
2609 4302 2655 4349 et
2683 4295 2919 4348 abierunt
2953 4295 3092 4349 viam
3120 4290 3279 4347 trium
3304 4290 3509 4348 dierum
3539 4307 3631 4362 per

2071 4372 2311 4416 esertum.

2071 4372 2311 4418 esertum.

2102 4432 2171 4489 Et
2212 4446 2546 4491 occurrerunt
2587 4436 2659 4491 eis
2701 4435 2983 4491 Nabuthtei
3007 4477 3021 4501 ,
3070 4443 3120 4491 et
3164 4444 3504 4504 susceperunt
3545 4450 3631 4490 eos

2033 4506 2247 4580 paciﬁce
2278 4548 2291 4569 ,
2320 4518 2367 4562 et
2392 4517 2729 4580 narraverunt
2754 4508 2826 4563 eis
2847 4508 3023 4563 omnia
3045 4523 3159 4580 quas
3187 4509 3484 4563 acciderant
3515 4507 3628 4579 fra-

2031 4577 2191 4632 tribus
2221 4593 2398 4633 eorum
2425 4581 2476 4634 in
2499 4579 2834 4635 Galaaditide
2857 4621 2871 4648 ,

2103 4648 2171 4720 bit
2204 4651 2328 4720 quia
2353 4653 2502 4706 multi
2530 4668 2593 4706 ea:
2621 4652 2692 4705 eis
2721 4651 3076 4718 comprehensi
3120 4661 3241 4706 sunt
3287 4650 3343 4703 in
3379 4648 3584 4704 Barasa
3611 4689 3626 4711 ,

2031 4729 2078 4774 et
2104 4718 2272 4775 Bosor
2292 4762 2307 4788 ,
2340 4732 2386 4775 et
2416 4723 2470 4776 in
2494 4723 2706 4783 Alimis,
2735 4731 2783 4776 et
2812 4723 2866 4776 in
2915 4723 3146 4792 Casphor
3172 4762 3187 4786 ,
3215 4731 3262 4776 et
3294 4719 3503 4792 Mageth
3528 4761 3546 4787 ,
3577 4727 3627 4776 et

2031 4792 2312 4848 Carnaim:
2343 4792 2426 4850 ha:
2450 4809 2621 4849 omnes
2649 4794 2876 4849 civitates
2903 4796 3113 4849 munita:
3138 4801 3186 4847 et
3211 4808 3434 4864 magna.

2102 4863 2209 4919 Sed
2252 4876 2300 4919 et
2337 4865 2396 4920 in
2429 4866 2627 4921 cwteris
2671 4865 2958 4920 civitatibus
3000 4863 3348 4922 Galaaditidis
3391 4870 3629 4919 tenentur

2031 4935 2424 5005 comprehensi,
2471 4947 2522 4992 et
2560 4939 2615 4994 in
2643 4937 2926 4991 crastinum
2951 4937 3328 4992 constituerunt
3358 4937 3626 4990 admovere

2029 5008 2314 5082 exercitum
2341 5010 2625 5066 civitatibus
2649 5008 2732 5065 his
2755 5047 2773 5078 ,
2813 5018 2863 5066 et
2886 5007 3335 5082 comprehendere,
3366 5015 3416 5062 et
3444 5006 3626 5063 tollere

2029 5095 2114 5134 eos
2142 5080 2198 5134 in
2229 5097 2334 5136 una
2356 5081 2460 5138 die.

2101 5151 2172 5208 Et
2199 5155 2442 5209 convertit
2460 5151 2634 5210 Iudas
2652 5191 2668 5220 ,
2697 5163 2745 5208 et
2765 5152 3019 5208 exercitus
3047 5152 3183 5223 ejus,
3214 5150 3348 5205 viam
3373 5150 3430 5204 in
3450 5149 3628 5223 deser-

2030 5233 2140 5279 tum
2160 5223 2329 5281 Bosor
2352 5236 2560 5294 repente
2580 5267 2595 5290 ,
2626 5234 2676 5279 et
2713 5225 2975 5294 occupavit
3003 5222 3256 5294 ciuitatem
3294 5238 3312 5275 :
3357 5231 3406 5276 et
3435 5222 3622 5277 occidit

2029 5312 2228 5352 omnem
2251 5293 2536 5353 masculum
2559 5300 2612 5352 in
2639 5313 2726 5351 ore
2747 5293 2932 5367 gladii,
2959 5307 3007 5350 et
3035 5293 3228 5366 accepit
3257 5295 3429 5348 omnia
3452 5295 3624 5365 spolia

2025 5384 2221 5434 eorum,
2257 5382 2303 5424 et
2333 5369 2595 5424 succendit
2625 5385 2735 5423 eam
2765 5368 2894 5438 igni.

2097 5440 2166 5496 Et
2196 5449 2528 5497 surrexerunt
2556 5439 2676 5495 inde
2697 5437 2843 5495 nocte
2867 5479 2881 5506 ,
2913 5447 2961 5494 et
3000 5438 3141 5494 ibant
3169 5454 3330 5510 usque
3355 5438 3424 5492 ad
3452 5437 3625 5492 muni-

2025 5512 2236 5566 tionem.

2095 5581 2163 5638 Et
2191 5585 2385 5654 factum
2414 5591 2488 5638 est
2515 5583 2746 5638 diluculo
2768 5623 2784 5652 ,
2817 5598 2935 5637 cum
2962 5581 3244 5638 elevassent
3273 5582 3448 5636 oculos
3477 5596 3622 5643 suos.

2022 5666 2134 5729 ecce
2158 5657 2378 5724 populus
2400 5654 2617 5729 multus,
2642 5659 2791 5729 cujus
2811 5671 2916 5711 non
2939 5664 3046 5729 erat
3057 5670 3327 5729 numerus.
3355 5662 3620 5729 portantes

2022 5728 2191 5782 scalas
2223 5736 2268 5780 et
2301 5726 2590 5797 machinas,
2623 5726 3208 5799 ut'comprehenderent
3234 5726 3573 5780 munitionem
3601 5763 3617 5790 ,

2020 5809 2068 5853 et
2096 5810 2453 5868 expugnarent
2485 5816 2590 5854 eos.

2091 5863 2312 5925 Etuidit
2348 5869 2516 5926 Judas
2545 5873 2668 5941 quia
2706 5873 2855 5938 ccepit
2896 5870 3082 5926 bellum
3109 5915 3123 5936 ,
3174 5879 3224 5925 et
3265 5869 3461 5922 clamor
3499 5863 3620 5941 belli

2020 5943 2247 5996 ascendit
2277 5943 2344 5998 ad
2371 5936 2568 6002 caelum
2594 5944 2728 5999 sicut
2770 5936 2893 5998 tuba
2920 5985 2936 6014 ,
2987 5953 3033 6000 et
3078 5943 3275 5999 clamor
3299 5953 3520 6010 magna!
3552 5936 3617 5991 ἀι

2018 6015 2217 6073 civitate
2248 6030 2268 6072 ε
