4182 6338
501 356 611 417 ι79

1508 363 1569 422 S.
1609 362 1997 424 HIERONYMI
2035 362 2271 425 DIVINA
2309 362 2788 424 BIBLIUTHECA.

3696 370 3810 432 480

575 475 801 573 litdixit
829 478 1076 541 exercitui
1098 497 1237 542 suo:
1274 480 1514 560 Pugnate
1536 482 1691 541 hodie
1714 499 1810 558 pro
1838 483 2093 573 fratribus
2120 487 2178 549 Α
2271 485 2341 541 Et
2370 485 2507 543 dixit
2535 501 2557 573 ί
2595 485 2967 573 Faciamus‘et
2996 485 3098 562 ipsi
3136 486 3284 573 nobis
3314 506 3524 573 nomen,
3555 496 3603 547 et
3632 505 3809 573 eamus

505 551 708 608 vestris.

578 620 648 704 lit
674 624 818 704 venit
839 626 998 681 tribus
1027 629 1294 704 ordinibus
1318 635 1432 704 post
1462 644 1571 698 eos,
1602 636 1653 686 et
1673 628 2091 692 exclamaverunt

506 693 664 763 tubis,
692 704 742 753 et
769 697 1120 756 clamaverunt
1141 702 1197 758 in
1232 693 1485 758 oratione.

581 765 651 820 Et
677 781 1018 845 cognoverunt
1044 783 1213 830 castra
1254 772 1550 841 Timothei,
1601 773 1725 845 quia
1762 772 2098 835 Machameus

506 844 604 905 est,
627 848 676 894 et
695 841 988 922 refugerunt
1008 860 1041 898 a
1062 846 1194 915 facie
1214 848 1327 922 ejus
1346 862 1365 922 ς
1385 853 1432 900 et
1455 841 1817 922 percusserunt
1837 863 1923 901 eos
1942 849 2102 922 plaga

509 925 718 991 magna,
759 913 1129 972 etreciderunt
1155 913 1320 973 ex'iis
1345 919 1400 971 in
1429 917 1513 972 die
1535 914 1634 972 illa
1662 918 1770 989 fere
1788 920 1911 974 'octo
1935 913 2101 979 millia

506 995 752 1039 virorum.

576 1050 647 1133 Ισζι
692 1055 893 1112 divertit
929 1057 1099 1133 ludas
1146 1060 1203 1115 in
1246 1058 1591 1133 Maspha,_et
1634 1062 1991 1133 expugnavit,
2053 1075 2100 1121 et

506 1127 646 1209 cepit
663 1144 772 1209 eam
791 1144 811 1184 :
833 1138 882 1183 et
901 1132 1087 1184 accidit
1108 1146 1307 1209 omnem
1332 1127 1792 1209 masculum'ejus,
1811 1144 1861 1189 et
1876 1127 2100 1209 sumpsit

509 1198 685 1274 spo_lia_
703 1202 834 1273 ejus,
864 1211 912 1255 et
932 1203 1195 1258 succendit
1226 1219 1343 1257 eam
1367 1203 1498 1274 igni.

579 1266 974 1349 Indeperrexit,
997 1284 1045 1328 et
1070 1275 1200 1349 cepit
1222 1266 1421 1349 (λιιξρᾳῇ
1447 1316 1463 1343 ,
1491 1282 1540 1330 et
1566 1273 1801 1346 Magetlt,
1833 1285 1879 1332 et
1905 1277 2098 1349 Bosar,

509 1345 560 1393 et
587 1342 810 1413 reliquas
837 1345 1062 1401 civitates
1084 1342 1457 1402 Galaaditidis.

577 1409 709 1467 Post
726 1413 858 1489 __ha'c
891 1424 1065 1471 autem
1090 1418 1240 1473 verba
1263 1418 1589 1489 congregavit
1612 1418 1912 1477 Timotheus
1951 1438 2100 1479 επεν-
2142 1444 2146 1448 ·

503 1482 665 1605 εἱιιῗη
684 1484 868 1554 alium,
897 1495 943 1542 et
971 1496 1143 1544 castra
1170 1490 1339 1563 posuit
1363 1482 1546 1546 contra
1573 1490 1796 1564 Raphon
1822 1503 1965 1550 trans
1992 1504 2101 1551 tor~

505 1569 596 1605 ren
623 1571 719 1605 em.

505 1569 719 1610 rentem.

580 1623 653 1681 Et
681 1628 823 1706 misit
840 1626 1011 1686 Iudas
1037 1632 1297 1706 speculari
1337 1633 1624 1706 exercitum
1647 1649 1666 1688 :
1689 1641 1735 1689 et
1766 1640 2099 1695 renuntiave-
2134 1616 2141 1623 ⁸

506 1706 630 1782 runt
657 1699 705 1753 ei
726 1700 949 1782 dicentes
973 1719 994 1782 :_
1019 1699 1143 1775 quia
1169 1712 1516 1760 convenerunt
1542 1705 1611 1782 ad
1633 1721 1749 1760 eum
1770 1723 1946 1782 omnes
1974 1728 2102 1782 gen-

508 1775 740 1844 tes,_qu_le
757 1773 813 1844 in
831 1773 1055 1830 circuitu
1074 1785 1247 1831 nostro
1268 1783 1412 1844 sunt,
1439 1778 1692 1832 exercitus
1712 1781 1902 1836 multus
1921 1773 2102 1839 niinis:

572 1837 647 1894 Et
668 1842 866 1899 Arabas
906 1846 1264 1902 conduxerunt
1309 1848 1365 1904 in
1398 1837 1661 1904 auxilium
1696 1849 1814 1919 sibi,
1849 1858 1896 1905 et
1924 1837 2099 1908 castra

501 1922 785 1997 posuerunt
810 1924 957 1997 trans
996 1926 1297 1997 torrentem,
1327 1921 1497 1997 parati
1520 1920 1590 1975 ad
1616 1928 1664 1976 te
1687 1922 1859 1978 venire
1884 1923 1940 1978 in
1961 1941 2100 1997 prte-

504 1983 651 2040 lium.
678 1983 748 2038 Et
769 1986 896 2042 abiit
919 1986 956 2041 Ι
959 1989 1087 2044 udas
1108 1983 1308 2045 obviam
1325 1983 1453 2046 illis.

574 2054 655 2139 Et.
671 2058 747 2111 ait
766 2056 1073 2139 Timotheus
1090 2063 1406 2133 principibus
1426 2063 1684 2139 exercitus
1706 2064 1821 2139 sui:
1851 2064 1982 2121 Cum
2005 2086 2100 2139 ap-

500 2127 920 2208 propinquaverit
952 2127 1154 2208 -Judas,
1185 2142 1235 2187 et
1258 2127 1536 2208 "exercitus
1565 2138 1678 2208 ejus
1711 2135 1780 2190 ad
1798 2127 2099 2208 torrentem

503 2213 652 2265 aqua:
676 2214 697 2254 :
728 2202 774 2255 si
801 2202 1061 2277 transierit
1085 2203 1154 2258 ad
1174 2220 1268 2259 nos
1305 2206 1474 2277 prior,
1497 2202 1601 2260 non
1641 2207 1920 2276 poterimus
1937 2210 2098 2267 susti-

502 2283 762 2348 nereeum
774 2288 794 2327 :
820 2275 941 2348 quia
959 2282 1139 2348 potens
1169 2275 1353 2345 poterit
1378 2275 1650 2331 adversum
1669 2295 1784 2334 nos.
1960 2342 1965 2347 λ

577 2338 643 2395 Si
680 2358 801 2398 vero
833 2338 1064 2401 timu'erit
1105 2338 1346 2414 transire,
1384 2358 1434 2402 et
1473 2351 1702 2417 posuerit
1742 2358 1913 2405 castra
1953 2342 2100 2409 extra

503 2412 719 2535 47mm,
758 2420 1151 2488 transfretemus
1188 2419 1257 2473 ad
1294 2412 1423 2476 eos:
1464 2412 1512 2474 et
1548 2420 1831 2494 poterimus
1855 2423 2099 2499 adversus

503 2498 522 2535 ι
570 2499 677 2535 um.

503 2498 677 2538 suum.

576 2552 845 2637 Utautern
871 2560 1306 2637 appropinquavit
1324 2560 1498 2619 ludas
1522 2563 1594 2618 ad
1623 2571 1902 2621 torrentem
1926 2581 2096 2637 aqum,

501 2631 685 2704 statuit
702 2631 897 2704 scribas
908 2631 917 2704 λ
937 2631 1117 2704 populi
1144 2631 1300 2689 secus
1327 2642 1622 2700 torrentem,
1645 2645 1695 2690 et
1716 2631 1981 2692 mandavit
1998 2631 2099 2702 eis,

502 2694 719 2778 dicens:
767 2694 1041 2778 Neminem
1082 2704 1350 2762 hominum
1386 2694 1736 2778 reliqueritis:
1764 2709 1855 2763 sed
1894 2694 2101 2766 veniant

503 2782 677 2842 omnes
700 2770 754 2826 in
775 2775 1036 2842 praelium.
1348 2832 1351 2839 .

572 2838 645 2894 Et
672 2838 1024 2925 transfretavit
1047 2846 1116 2901 ad
1144 2847 1263 2903 illos
1286 2850 1449 2920 prior,
1475 2857 1523 2905 et
1545 2850 1710 2925 omnis
1740 2848 1960 2925 populus
1985 2864 2098 2925 post

498 2924 639 2994 eum.
670 2922 718 2968 et
747 2919 981 2971 contrita:
1016 2927 1137 2974 sunt
1181 2919 1357 2976 omnes
1392 2928 1567 2994 gentes
1591 2937 1625 2975 a
1657 2919 1791 2993 facie
1808 2919 2017 2993 'eorum',
2050 2934 2102 2981 et

503 2996 831 3070 projecaunt
873 3003 1021 3070 arma
1060 3005 1196 3060 sua,
1235 2999 1285 3047 et
1332 2996 1576 3065 fugerunt
1611 2994 1681 3049 ad
1729 2997 1914 3066 fanum
1959 2999 2099 3070 quod

503 3062 615 3107 erat
646 3056 700 3110 in
727 3056 993 3116 Carnaim.

574 3123 646 3205 Et
684 3131 953 3202 occupavit
980 3132 1164 3205 ipsam
1195 3133 1484 3201 civitatem,
1514 3143 1563 3191 et
1613 3136 1791 3205 fanum
1837 3141 2100 3196 succendit

503 3193 1063 3284 ignincummmnibus
1111 3207 1203 3276 qui
1246 3215 1393 3284 erant
1442 3193 1693 3284 in_ips'o:
1748 3217 1796 3263 et
1844 3193 2100 3284 oppressa

504 3276 577 3341 e_st
606 3267 888 3341 ACarnaim,

502 3333 679 3395 Iudae.

508 3478 521 3497 9
576 3408 648 3497 Et
668 3416 999 3497 congregavit
1027 3416 1199 3497 ludas
1227 3421 1489 3497 universos
1521 3420 1810 3497 Israelitas,
1842 3426 1931 3497 qui
1957 3439 2103 3483 erant

501 3479 557 3534 in
578 3479 933 3554 Galaaditide,
951 3504 984 3542 a
1005 3489 1219 3545 minimo
1241 3507 1401 3561 usque
1419 3493 1488 3547 ad
1518 3479 1821 3561 maximum,
1843 3479 1892 3551 et
1918 3479 2103 3555 uetares

502 3565 701 3637 eorum,
740 3565 789 3637 et
828 3569 998 3637 natos,
1036 3569 1084 3637 et
1104 3563 1386 3618 exercitum
1423 3580 1664 3637 magnum
1692 3567 1863 3637 valde,
1883 3579 1939 3624 ut
1967 3571 2106 3626 veni-

505 3633 619 3679 rent
644 3627 698 3681 in
729 3635 921 3684 terram
939 3627 1103 3689 Iuda.

574 3693 645 3749 Et
668 3712 912 3783 venerunt
949 3721 1107 3773 usque
1127 3704 1381 3783 Ephron:
1402 3715 1450 3761 et
1488 3706 1601 3763 luce
1627 3708 1802 3765 civitas
1827 3727 2017 3783 magna
2046 3714 2115 3769 in'

504 3764 740 3846 ingressu
757 3774 963 3846 posita,
996 3764 1195 3831 munita
1234 3779 1403 3846 valde,
1450 3789 1498 3833 et
1542 3796 1645 3836 non
1689 3764 1800 3836 erat
1832 3764 2105 3840 declinare

504 3838 682 3963 Elimea
731 3838 956 3901 dextera
996 3847 1076 3903 vel
1123 3848 1330 3905 sinistra
1361 3838 1400 3921 ,’
1433 3849 1526 3907 sed
1586 3867 1679 3925 per
1729 3854 1954 3910 mediam
2007 3838 2105 3912 iter

502 3925 630 3966 erat.

575 3981 645 4039 Et
683 3985 1019 4063 incluserunt
1042 4005 1128 4063 se,
1159 3992 1248 4063 qui
1290 4002 1438 4048 erant
1482 3993 1539 4049 in
1563 3993 1788 4061 civitate,
1818 4006 1868 4052 et
1903 3996 2103 4053 obstru-

501 4065 890 4197 zlelgtﬁn‘t‘portas
916 4060 1221 4132 lapidibus:
1272 4073 1322 4121 et
1365 4068 1503 4122 misit
1529 4066 1600 4121 ad
1626 4082 1713 4122 eos
1739 4065 1911 4124 ludas
1939 4069 2103 4126 verbis

502 4142 755 4196 pacificis,

507 4267 519 4279 .
570 4196 768 4279 Diceris
791 4215 811 4255 :
835 4201 1182 4261 Transeamus
1208 4222 1300 4279 per
1334 4214 1526 4263 terram
1554 4218 1797 4279 vestram,
1829 4221 1889 4265 ut
1927 4221 2102 4270 eamus

500 4278 556 4320 in
585 4278 778 4342 terram
816 4284 1049 4330 nostram
1078 4292 1098 4332 .'
1145 4278 1387 4333 et’nemo
1426 4282 1565 4337 vobis
1600 4278 1801 4336 nocebit
1829 4298 1851 4339 :
1900 4293 2103 4342 tantum

503 4340 715 4419 pedibus
746 4346 1100 4419 transibimus.
1127 4347 1194 4402 Et
1222 4350 1460 4406 nolebant
1486 4353 1559 4407 eis
1588 4353 1811 4419 aperire.

576 4410 642 4499 lit
671 4416 913 4499 praecepit
949 4416 1119 4499 ludas
1148 4421 1433 4499 praedicare
1466 4424 1521 4478 in
1550 4410 1755 4490 castris,
1783 4434 1839 4480 ut
1867 4428 2103 4499 applica-

500 4490 980 4563 ren_t_unusq_uisque
1003 4491 1057 4544 in
1085 4507 1188 4563 quo
1214 4500 1324 4563 erat
1354 4492 1487 4548 loco.

573 4552 1024 4651 fitapplicue'runt
1048 4552 1109 4617 se
1126 4562 1223 4651 viri
1245 4562 1493 4651 virtutis:
1514 4576 1563 4621 et
1587 4569 1899 4651 oppugnavit
1921 4570 2103 4651 civita-

500 4634 601 4709 tem
640 4629 785 4684 illam
809 4640 926 4709 tota
951 4632 1037 4688 die
1054 4676 1069 4703 ,
1110 4642 1160 4688 et
1187 4641 1296 4688 tota
1318 4645 1490 4707 nocte,
1520 4648 1569 4694 et
1594 4629 1793 4694 tradita
1817 4648 1893 4697 est
1920 4642 2098 4699 civitas

500 4704 556 4752 in
580 4715 740 4772 manu
771 4704 917 4772 ejus:

569 4767 646 4856 Et.
684 4767 1006 4856 peremerunt
1051 4792 1253 4856 omnem
1277 4781 1567 4856 masculum
1602 4782 1659 4837 in
1702 4797 1790 4837 ore
1835 4784 2019 4856 gladii,
2051 4796 2099 4842 et

498 4842 919 4928 eradicaviteam
939 4888 954 4914 ,
983 4856 1032 4903 et
1060 4853 1257 4928 accepit
1299 4854 1467 4928 spolia
1493 4854 1630 4925 ejus,
1659 4862 1710 4908 ct
1737 4842 1974 4911 transivit
2004 4842 2099 4928 per

499 4920 659 4997 totq‘m
680 4918 946 4997 civitatem
960 4938 1129 4997 super
1150 4918 1470 4997 interfectos.
1516 4918 1530 4925 ⁷
1556 4964 1557 4967 η

574 4984 642 5071 Et
670 4991 973 5071 transgressi
993 4984 1112 5049 sunt
1134 4984 1417 5052 Jordanem
1443 4998 1499 5051 in
1525 5012 1707 5070 campo
1736 5013 1949 5071 magno,
1972 5015 2095 5055 con-

574 5007 642 5040 ut
670 5007 973 5115 transgesst
993 5009 1059 5048 su:

498 5064 581 5110 ira
609 5058 794 5125 faciem
861 5062 1059 5120 ethsan.

569 5126 641 5183 Et
684 5141 792 5186 erat
816 5132 1008 5208 Aludas
1051 5152 1366 5208 congregans
1410 5149 1662 5195 extremos
1688 5180 1706 5208 ,
1758 5148 1808 5196 et
1848 5140 2096 5199 exhorta-

494 5197 648 5326 gatgr
665 5204 913 5276 papulum
932 5223 1026 5279 per
1045 5197 1204 5263 totain
1225 5197 1379 5280 viam,
1392 5211 1558 5266 donec
1578 5197 1806 5268 venirent
1825 5214 1880 5268 in
1904 5197 2092 5272 terram

537 5289 567 5326 ιι
610 5290 643 5326 a
659 5289 680 5326 :

537 5289 643 5327 uaa
659 5289 680 5329 ἔ

540 5415 553 5427 ,
570 5343 642 5432 Et
669 5348 1011 5432 ascenderunt
1031 5349 1087 5432 iu
1111 5362 1336 5432 montem
1364 5354 1496 5412 Sion
1539 5370 1657 5432 cum
1685 5355 1867 5411 ltetitia
1890 5369 1941 5432 et
1960 5376 2091 5432 gau-

499 5416 607 5499 dio,
639 5426 686 5499 et
724 5421 1013 5499 qbtulerunt
1050 5421 1372 5495 holocausta,
1426 5427 1563 5499 quod
1589 5443 1736 5483 nemo
1764 5444 1829 5485 ex
1851 5430 1927 5486 eis
1955 5416 2090 5488 ceci-

498 5486 681 5572 αἰθέριζ
710 5489 873 5572 donec
896 5503 1266 5572 reverterentur
1291 5499 1342 5572 in
1359 5486 1518 5572 'pa'ce.

531 5621 546 5640 ν
562 5557 634 5640 ξι
663 5560 716 5640 in
742 5560 939 5640 diebus,
972 5565 1154 5635 quibus
1180 5577 1288 5623 erat
1306 5557 1502 5638 Ju'das,
1528 5580 1577 5627 et
1601 5569 1859 5630 Jonathas
1876 5576 1932 5630 in
1952 5583 2091 5632 terra

501 5622 1008 5719 gulaadftﬂimon
1036 5639 1199 5709 frater
1224 5622 2091 5719 ejus

422 5732 447 5741 κ
496 5697 863 5761 Ptolemaidis.

537 5742 1080 5865 Eiﬁii'iqsephu}
1123 5780 1396 5865 Zachariae
1423 5787 1593 5865 ﬁlius,
1622 5798 1671 5844 et
1696 5787 1912 5847 Azarias
1948 5792 2094 5865 prin-

501 5841 783 5937 cipesinll:
800 5841 1061 5937 princeps]
1089 5854 1309 5928 virtutis,
1338 5841 1817 5933 res'bene'gestas
1834 5841 2093 5937 éi'pr’e'ii};

501 5927 615 5982 quis
640 5921 786 5987 facta
810 5931 951 5997 sunt,

2129 1891 2177 1953 Β

2184 575 2436 632 pugnare
2487 559 2736 615 adversus
2788 564 2963 632 gentes
3017 559 3150 633 qua:
3224 562 3282 617 in
3336 564 3554 619 circuitu
3630 572 3810 620 nostra

2207 639 2345 687 ιαηι.

2248 701 2345 757 ιΕι
2367 703 2626 776 praecepit
2661 703 2743 760 his
2785 703 2871 776 qui
2901 712 3045 761 erant
3075 704 3132 760 in
3158 707 3387 763 exercitu
3412 722 3509 763 suo
3539 746 3556 775 ,
3588 715 3638 762 et
3663 707 3807 763 abie—

2203 783 2326 830 runt
2353 776 2640 831 Jamniam.

2211 918 2224 930 .
2248 888 2254 894 .
2276 846 2347 901 Et
2370 847 2526 902 exivit
2551 846 2777 923 Gorgias
2797 846 2865 904 de
2890 847 3117 919 civitate,
3142 858 3190 905 et
3210 849 3311 907 viri
3336 851 3447 923 ejus
3476 850 3676 907 obviam
3697 851 3809 908 illis

2203 935 2261 973 ιη
2285 935 2531 973 nuanam.

2566 982 2978 1076 ‘suntjosephus
2997 1000 3045 1047 et
3059 992 3283 1077 .Azarias
3308 1009 3468 1065 usque
3494 995 3551 1049 in
3579 994 3689 1065 [AL
3716 995 3812 1122 ad}

2284 1077 2336 1116 es
2372 1060 2612 1117 ludicre:
2638 1071 2686 1118 et
2715 1063 3011 1119 ceciderunt
3052 1065 3146 1119 illo
3177 1064 3262 1119 die
3305 1066 3371 1119 de
3406 1065 3600 1122 vovulo
3639 1065 3788 1121 Israe

2204 1060 2612 1138 finesludwoe:
2638 1071 2686 1118 et
2712 1060 3029 1138 ceciderunt
3052 1065 3146 1119 illo
3177 1064 3262 1119 die
3305 1060 3600 1138 de'populo
3639 1065 3788 1121 Israe

2204 1133 2276 1200 ad,
2324 1133 2431 1259 dluo
2476 1133 2644 1190 millia
2692 1135 2836 1205 viri,
2901 1143 2950 1191 et
3003 1135 3146 1207 facta
3206 1145 3281 1193 est
3334 1133 3487 1210 fuga'
3514 1154 3702 1211 magna
3751 1140 3812 1194 in

2204 1221 2436 1259 vonuo:
2594 1244 2597 1245 ν

2242 1221 2400 1261 apulo
2417 1221 2436 1260 ἔ
2594 1244 2597 1245 ν

2204 1222 2436 1277 populo:
2594 1244 2597 1245 ν

2279 1277 2418 1344 Quia
2445 1277 2843 1354 nonAaudierunt
2888 1277 2923 1334 J
2932 1278 3107 1347 udam,
3138 1287 3187 1336 et
3224 1280 3411 1353 fratres
3449 1282 3585 1354 ejus,
3623 1281 3809 1337 existi-

2205 1358 2404 1421 mantes
2433 1349 2636 1421 fortiter
2658 1365 2713 1405 se
2741 1350 2991 1421 facturos.

2277 1418 2393 1498 Ipsi
2417 1418 2713 1498 autemnon
2731 1418 2880 1498 erant
2898 1422 2961 1498 de
2983 1424 3178 1498 semine
3202 1424 3433 1480 virorum
3453 1423 3693 1494 illorum,
3715 1441 3812 1498 per

2204 1496 2335 1563 quos
2365 1493 2515 1563 salus
2540 1493 2683 1562 facta
2707 1503 2780 1548 est
2809 1494 2865 1549 in
2894 1492 3085 1551 Israel.

2278 1562 2351 1648 Et
2368 1564 2464 1618 viri
2475 1561 2628 1648 .Juda
2654 1566 2975 1648 magniﬁcati
2997 1575 3117 1648 sunt
3145 1566 3298 1648 valde
3315 1567 3671 1648 in-conspectu
3696 1584 3814 1623 om-

2206 1632 2288 1688 nis
2317 1632 2509 1705 Israel,
2541 1642 2593 1690 et
2619 1632 2846 1708 gentium
2874 1639 3127 1708 omnium,
3163 1638 3251 1694 ubi
3279 1632 3591 1695 audiebatur
3616 1656 3806 1697 nomen

2203 1721 2405 1761 eorum.

2275 1775 2347 1832 Et
2366 1786 2708 1835 convenerunt
2734 1779 2805 1835 ad
2829 1796 2915 1836 eos
2934 1780 3107 1838 fausta
3126 1781 3493 1838 acclamantes.

2277 1780 2347 1832 Et
2366 1786 2708 1835 convenerunt
2734 1780 2805 1835 ad
2829 1796 2915 1836 eos
2954 1788 3107 1837 austa
3126 1781 3493 1838 acclamantes.

2277 1848 2346 1926 Et
2379 1849 2774 1926 exivitludas,
2819 1863 2868 1907 et
2907 1780 3097 1926 [Intres
3143 1855 3296 1920 eius,
3349 1861 3400 1908 et
3438 1853 3811 1926 expugnabant

2203 1919 2340 1997 filios
2371 1919 2514 1976 Esau
2542 1922 2618 1997 in
2638 1930 2777 1978 terra
2812 1919 2930 1993 qua:
2957 1925 3026 1978 ad
3062 1924 3313 1979 Austrum
3334 1932 3453 1992 est,
3484 1919 3534 1980 et
3559 1919 3813 1997 percussit

2203 1990 2437 2068 Chebron
2460 2002 2515 2068 et
2540 1990 2858 2068 ﬁliasejus:
2884 2004 2931 2051 et
2956 2011 3134 2051 muros
3159 1998 3295 2065 eius,
3326 2004 3374 2049 et
3405 1990 3572 2051 turrei
3595 2012 3814 2052 succen-

2202 2061 2418 2135 ditjgni
2451 2065 2507 2119 in
2534 2061 2776 2121 circuitu.

2276 2132 2347 2188 Et
2373 2136 2530 2212 movit
2554 2146 2745 2212 castra.
2776 2146 2835 2212 ut
2859 2138 2956 2194 iret
2982 2139 3038 2194 in
3067 2146 3264 2193 terram
3292 2138 3727 2212 alienigenarum,
3760 2147 3812 2195 ct

2200 2206 2598 2278 perambulabat
2621 2206 2938 2265 Samariam.

2275 2275 2345 2331 In
2398 2279 2482 2333 die
2523 2278 2621 2334 itla
2669 2279 2962 2336 ceciderunt
3015 2280 3309 2337 sacerdotes
3362 2281 3418 2335 in
3465 2280 3629 2348 bello,
3680 2282 3811 2337 dum

2200 2348 2377 2474 volulnt
2427 2349 2629 2421 fortiter
2686 2352 2855 2423 facere
2879 2392 2895 2420 ,
2945 2352 3071 2407 dum
3111 2354 3224 2408 sine
3270 2352 3489 2408 consilio
3527 2363 3716 2410 exeunt
3751 2355 3811 2408 in

2203 2436 2313 2474 vrae
2337 2438 2468 2474 tum.
2617 2431 2623 2437 '

2240 2436 2468 2476 rastrum.

2203 2436 2651 2568 Ρηὲῗᾮῗέιὶηᾳυὶζ
2685 2491 2859 2551 ludas
2897 2495 2950 2550 in
2979 2495 3203 2551 Azotum
3239 2496 3295 2550 in
3318 2502 3530 2568 terram
3557 2495 3812 2568 alienige-

2201 2578 2412 2629 narum,
2435 2572 2484 2618 et
2507 2564 2666 2640 diruit
2689 2582 2812 2640 aras
2837 2582 3037 2640 eorum,
3062 2574 3113 2623 et
3136 2567 3405 2640 sculptilia
3430 2567 3643 2622 deorum
3665 2564 3811 2639 ipsae

2200 2650 2319 2689 rum
2339 2635 2611 2710 succendit
2634 2636 2777 2710 igni:
2801 2646 2850 2710 et
2878 2638 3014 2710 cepit
3040 2639 3213 2710 spolia
3237 2635 3528 2707 civitatum,
3557 2646 3607 2694 et
3634 2635 3812 2694 rever-

2200 2721 2291 2762 sus
2312 2715 2388 2762 est
2414 2707 2471 2763 in
2497 2716 2688 2763 terram
2705 2707 2871 2766 Iuda.

2818 2821 3051 2881 CAPUT
3089 2821 3181 2882 Ἣ.

2272 2932 2346 2988 Et
2369 2949 2463 3011 res:
2483 2934 2767 3011 Antiochus
2793 2935 3185 3011 perambulabat
3226 2936 3809 3011 superioresregiones,

2201 3015 2250 3061 et
2277 3006 2473 3061 audivit
2492 3022 2600 3063 esse
2629 3006 2889 3062 civitatem
2911 3007 3241 3080 Elymaidem
3266 3006 3321 3064 in
3343 3007 3569 3065 Perside
3595 3006 3807 3066 nobilis-

2202 3080 2411 3151 sintam,
2432 3088 2481 3151 et
2510 3080 2773 3148 copiosam
2794 3081 2849 3133 in
2875 3089 3091 3151 argento
3118 3088 3168 3134 et
3196 3095 3351 3138 auro.

2275 3148 2724 3224 Templumque‘in
2750 3167 2813 3206 ea
2850 3148 3078 3224 locuples
3117 3151 3267 3206 valde
3285 3165 3306 3206 :
3333 3158 3383 3207 et
3411 3148 3525 3224 illic
3552 3150 3812 3208 velamina

2203 3237 2362 3294 aurea
2391 3221 2408 3288 ,
2439 3221 2742 3294 _e_t_lorica:
2770 3262 2785 3287 ,
2841 3231 2912 3294 _et
2969 3221 3129 3278 scuta
3158 3261 3201 3294 ,ί
3228 3237 3346 3294 quas
3404 3221 3617 3294 reliquit
3683 3225 3810 3279 Ale-

933 3282 981 3329 et
1023 3290 1129 3330 non
1171 3279 1340 3348 potuit
1386 3278 1639 3334 sustinere
1689 3278 1897 3337 contra'
1916 3278 2102 3356 faciem
2129 3286 2176 3352 C
2204 3278 2407 3368 {under
2430 3290 2665 3366 Philippi
2705 3278 2800 3349 rei:
2829 3291 3084 3366 Macedo,
3115 3278 3205 3366 qui
3238 3278 3469 3368 regnavit
3506 3278 3706 3366 primus
3755 3295 3810 3351 in

2212 3362 2435 3419 Graecia.

2281 3434 2352 3491 Et
2376 3436 2539 3505 venit,
2567 3444 2619 3491 et
2635 3437 2894 3510 qumebat
2922 3451 3107 3510 capere
3125 3436 3404 3510 civitatem,
3437 3444 3487 3490 et
3514 3435 3812 3508 deprmdari

2209 3522 2320 3561 eam
2348 3521 2370 3563 :
2390 3518 2444 3582 et
2474 3524 2578 3582 non
2607 3509 2811 3581 potuit,
2863 3509 3107 3582 quoniam
3142 3509 3369 3565 innotuit
3398 3524 3567 3564 sermo
3606 3510 3686 3564 his
3721 3510 3813 3581 qui

2206 3586 2352 3633 erant
2382 3579 2439 3633 in
2462 3579 2694 3636 civitate:

2280 3649 2350 3726 Et
2390 3650 2784 3726 insurrexerunt
2830 3652 2888 3706 in
2937 3652 3177 3726 praelium
3204 3693 3221 3721 ,
3276 3658 3327 3707 et
3373 3650 3507 3724 fugit
3550 3650 3810 3726 ind5,_et

2205 3720 2333 3848 gbiit
2375 3737 2492 3776 cum
2544 3724 2757 3779 tristitia
2795 3720 3007 3795 magn'a,
3050 3732 3099 3781 et
3146 3720 3384 3780 reversus
3428 3720 3503 3778 Est
3544 3723 3598 3777 in
3636 3721 3812 3796 Baby-

2229 3809 2423 3848 omam.

2229 3809 2423 3848 omam.

2280 3864 2348 3919 Et
2367 3866 2499 3921 venit
2523 3866 2608 3938 qui
2628 3868 2891 3923 nuutiaret
2910 3868 2956 3923 ei
2975 3867 3029 3940 in
3055 3864 3298 3940 Perside,
3320 3865 3443 3936 quia
3463 3865 3652 3940 fugata
3677 3876 3803 3922 sunt

2124 3962 2125 3965 η
2205 3947 2382 4010 castra
2416 3953 2536 4010 qua:
2565 3949 2711 4010 erant
2740 3941 2794 3994 in
2822 3949 2958 3994 terra
2982 3938 3126 3994 Iuda
3146 3953 3166 3992 :

2276 4006 2348 4062 Et
2384 4006 2505 4080 quia
2531 4009 2657 4064 abiit
2687 4009 2868 4082 Lysias
2896 4026 3017 4066 cum
3049 4012 3234 4066 virtute
3260 4010 3389 4082 forti
3416 4009 3472 4063 in
3514 4008 3723 4079 primis,
3756 4018 3807 4065 et

2206 4079 2416 4152 fugatus
2436 4090 2509 4136 est
2540 4098 2571 4135 a
2598 4079 3087 4151 facie'Judteorum,
3119 4092 3166 4137 et
3194 4079 3518 4136 involverunt
3546 4082 3725 4148 armis,
3756 4092 3808 4136 et

2206 4151 2421 4277 viribéls,
2444 4161 2493 4207 et
2514 4152 2693 4225 spoliis
2723 4154 2921 4221 multis,
2946 4169 3063 4227 quin
3089 4160 3335 4225 ceperunt
3358 4152 3423 4207 de
3454 4153 3663 4222 castris,
3688 4169 3808 4225 qua:

2206 4238 2315 4277 exc:
2356 4233 2527 4277 erunt.

2205 4224 2527 4280 exciderunt.

2276 4293 2347 4348 Et
2368 4297 2501 4365 quia
2512 4296 2783 4351 diruerunt
2807 4296 3262 4363 abominationem,
3282 4311 3437 4363 quam
3457 4295 3808 4364 aedificaverat

2201 4382 2355 4440 super
2366 4367 2532 4424 altare
2567 4368 2708 4440 quod
2728 4377 2838 4423 erat
2849 4369 2901 4423 in
2913 4367 2949 4423 ,1
2951 4366 3231 4423 erusalem:
3242 4375 3296 4440 et
3318 4367 3801 4440 sanctiﬁcationem,

2204 4438 2340 4508 sicut
2389 4438 2588 4508 prius,
2621 4440 3069 4496 circumdederunt
3114 4438 3279 4493 muris
3318 4440 3577 4496 excelsis:
3618 4439 3710 4495 sed
3754 4450 3805 4494 et

2203 4507 2513 4564 Bethsuram
2532 4507 2790 4567 civitatem
2815 4528 2985 4566 suam.

2276 4578 2346 4634 Et
2373 4581 2568 4653 factum
2586 4590 2680 4647 est,
2708 4592 2765 4637 ut
2790 4584 2991 4638 audivit
3015 4597 3109 4637 rex
3121 4595 3377 4653 sermones
3398 4580 3550 4651 istos,
3574 4581 3801 4652 expavit,

2204 4660 2253 4707 et
2278 4652 2562 4709 commotus
2594 4663 2669 4709 est
2693 4652 2845 4709 valde
2865 4670 2886 4711 :
2914 4665 2961 4709 et
2988 4653 3181 4710 decidit
3206 4654 3263 4707 in
3300 4652 3508 4718 lectum,
3540 4663 3589 4706 et
3617 4653 3804 4707 incidit

2122 4693 2179 4756 Ι)
2200 4693 2257 4779 ii.
2279 4693 3263 4800 ῖᾶἐὶξίὲἷνὲὧ”ἧὲιὲῗέἷέεὲιῑᾶ,”ἇέιὶἷι’ἇᾶἱὶ
3286 4693 3804 4795 ἰᾶἑὶιῖηέἐὲἱὲἴέἱαὶὶ

2199 4796 2477 4852 cooitabat.

2260 4813 2480 4943 $52;
2507 4868 2616 4925 illic
2635 4885 2727 4943 per
2747 4869 2857 4943 dies
2885 4869 3076 4926 mullos
3094 4885 3114 4925 :
3151 4866 3275 4939 quia
3292 4873 3546 4943 renovata
3564 4875 3639 4922 est
3663 4868 3716 4922 in
3738 4883 3800 4923 eo

2201 4938 2410 5024 tristitia
2434 4938 2646 5024 magna,
2672 4948 2723 4997 et
2741 4942 3024 5024 arbitratus
3045 4949 3121 4997 est
3139 4938 3376 5024 senili-tri:
3581 5010 3617 5024 ﬁ
3766 5011 3779 5023 ι

2269 5008 2339 5064 Et
2359 5008 2556 5067 vocavit
2581 5028 2754 5067 omnes
2779 5014 2973 5068 amicos
3003 5027 3148 5079 suos,
3170 5019 3218 5065 et
3243 5009 3378 5065 dixit
3405 5008 3512 5064 illis
3530 5025 3550 5066 :
3571 5010 3801 5066 Recessit

2196 5098 2407 5137 somnus
2430 5086 2494 5138 ab
2520 5083 2685 5139 oculis
2716 5085 2863 5152 meis,
2894 5095 2942 5141 et
2970 5082 3199 5150 concidi,
3231 5090 3278 5137 et
3306 5082 3481 5136 corrui
3505 5083 3663 5138 corde
3689 5098 3803 5154 pra:

2198 5154 2552 5210 sollicitudine
2571 5170 2593 5211 :
2714 5173 2719 5179 ‘
2880 5158 2886 5164 ’

2270 5225 2340 5310 Iit
2502 5228 2557 5281 in
2581 5229 2734 5310 corde
2757 5244 2871 5284 meo
2889 5243 2909 5284 :
2939 5225 3271 5310 inquantam
3299 5225 3680 5282 tribulationem
3708 5224 3799 5310 de:

2198 5298 2333 5364 veni,
2364 5299 2486 5372 etin
2514 5315 2641 5369 quos
2670 5303 2860 5372 ﬂuctus
2895 5298 3137 5366 tristitiae,
3166 5301 3223 5355 in
3246 5315 3348 5371 qua
3371 5315 3509 5372 nunc
3532 5312 3681 5353 sum:
3706 5298 3797 5370 qui

2187 5371 2461 5444 jucundus
2479 5387 2643 5440 erant,
2668 5370 2715 5426 et
2742 5370 2960 5444 dilectus
2986 5372 3040 5425 in
3070 5380 3317 5443 potestate
3335 5370 3473 5444 mea!

2271 5440 2433 5514 Nunc
2467 5458 2588 5498 vero
2622 5439 2925 5499 reminiscor
2948 5439 3226 5506 malorum,
3254 5457 3372 5514 quia
3409 5441 3510 5513 feci
3548 5440 3603 5494 in
3639 5439 3796 5495 Jeru-

2195 5512 2357 5568 salem
2382 5554 2399 5582 ,
2428 5514 2566 5570 unde
2585 5520 2633 5570 et
2660 5514 2849 5570 abstuli
2874 5517 3048 5570 omnia
3071 5515 3240 5585 spolia
3268 5512 3493 5585 aureaet
3518 5522 3784 5585 argentea,

2193 5601 2310 5657 quae
2333 5595 2481 5641 erant
2500 5588 2553 5642 in
2575 5603 2656 5658 ea,
2677 5595 2728 5642 et
2748 5587 2865 5642 misi
2890 5582 3400 5660 auferre'habitantes
3414 5582 3661 5638 Indicam
3684 5585 3799 5639 sine

2194 5674 2370 5713 causa.

2266 5729 2492 5801 Cognovi
2525 5744 2679 5802 ergo,
2727 5731 3166 5813 quia_propterea
3194 5729 3506 5813 invenerunt
3537 5742 3620 5782 me
3655 5726 3795 5781 mala

2192 5798 2412 5875 ἰδίᾳ-ἴθι
2434 5817 2549 5875 ecce
2569 5798 2717 5875 pereo
2740 5798 2950 5858 tristitia
2974 5798 3163 5875 magna
3188 5802 3243 5856 in
3274 5809 3413 5875 terra
3432 5798 3626 5875 aliena.

2268 5870 2343 5947 Et
2359 5870 2906 5947 vocavit'Philippum,
2939 5870 3099 5929 unum
3128 5872 3391 5929 de‘amicis
3419 5872 3550 5943 suis,
3579 5879 3626 5928 et
3654 5886 3795 5943 prat-
3854 5874 3859 5881 ’

2195 5944 2365 6015 posuit
2384 5960 2499 6003 eum
2521 5949 2673 6017 super
2692 5944 2983 6004 universum
3002 5962 3218 6018 regnum
3238 5959 3389 6002 suum
3410 5959 3432 6000 :
