4182 6338
339 243 448 344 sit

1548 275 1762 338 LIBER
1795 279 1818 338 Ι
1853 275 2428 340 ΜΑΟΙΙΑΒᾹΞΟΒΠΜ.

3541 275 3651 345 482

420 401 487 456 Ει
511 400 655 458 dedit
674 399 724 475 ei
744 397 1286 475 diadema,_e_t-stolam
1312 415 1485 467 suam,
1517 409 1564 456 et
1589 401 1862 468 annulum,
1887 408 1943 456 ut
1973 398 2030 464 Α
2086 399 2194 475 πει
2215 401 2356 456 dedit
2378 417 2460 468 se,
2483 405 2538 455 ut
2559 397 2798 456 liberaret
2818 396 3070 473 populum
3089 415 3260 472 suum,
3293 409 3338 458 et
3364 404 3653 475 acquireret

339 475 624 531 adduceret
651 473 961 529 Antiochum
987 473 1156 543 ﬁlium
1195 488 1364 540 suum,
1391 481 1441 527 et
1481 475 1701 529 nutriret
1731 490 1869 544 eum,
1898 482 1948 528 et

339 557 603 619 regnaret.

419 620 485 673 Et
511 628 750 676 mortuus
775 630 846 676 est
877 619 986 675 illic
1023 617 1306 674 Antiochus
1336 633 1427 674 rex
1456 657 1473 688 ,
1506 635 1644 674 anno
1671 619 1946 675 centesimo

338 691 740 764 quadragesimo
771 708 928 764 nono.

417 760 488 818 Et
525 760 760 834 cognovit
803 762 1020 834 Lysias,
1068 761 1310 830 quoniam
1339 769 1574 818 mortuus
1623 770 1698 818 est
1745 779 1856 829 rex,
1899 769 1947 816 et

338 834 606 908 constituit
635 851 850 908 regnare
874 835 1187 889 Antiochum
1212 835 1380 904 [ilium
1404 837 1538 908 ejus,
1561 849 1708 905 quem
1732 835 1947 908 nutrivit

337 904 722 1032 (Isidolescetlitem
743 923 763 962 :
801 916 851 962 et
889 908 1090 962 vocavit
1119 921 1306 960 nomen
1341 904 1457 978 ejus
1484 904 1807 978 Eupatorem
1836 906 1944 978 [AL

398 988 582 1032 uuator
612 1019 626 1032 .

398 988 582 1044 upator
594 988 626 1044 |.

414 978 713 1119 Igilgilgui
743 1058 890 1105 erant
918 1050 973 1105 in
995 1066 1136 1115 arce,
1167 1049 1523 1106 concluserant
1562 1048 1736 1105 Israel
1762 1049 1816 1103 in
1846 1049 1948 1102 cir-

339 1121 488 1175 cuitu
515 1132 844 1178 sanctorum:
874 1131 922 1177 et
945 1120 1237 1194 quazrebant
1265 1123 1338 1178 eis
1362 1121 1503 1176 mala
1537 1137 1756 1192 semper,
1781 1130 1829 1175 et
1853 1121 1948 1191 fir-

342 1202 661 1265 mamentum
690 1195 940 1265 gentium.

415 1263 486 1339 Et
523 1263 764 1339 cogitavit
809 1265 982 1339 Iudas
1030 1263 1328 1339 disperdere
1372 1281 1460 1320 eos
1494 1281 1515 1322 :
1555 1273 1605 1320 et
1649 1263 1945 1320 convocavit

339 1336 640 1408 universum
667 1337 938 1408 populum,
969 1348 1024 1392 ut
1053 1336 1343 1392 obsiderent
1370 1355 1480 1392 eos.

416 1407 485 1461 Et
513 1407 860 1463 convenerunt
885 1410 1075 1476 simul,
1105 1418 1154 1462 et
1174 1408 1481 1464 obsederunt
1503 1425 1589 1463 eos
1614 1424 1752 1462 anno
1773 1416 1945 1462 cente-

338 1479 476 1554 simo
502 1481 944 1554 quinquagesimo,
973 1492 1020 1535 et
1043 1480 1531 1554 |feceruntbalistas
1571 1490 1618 1534 et
1653 1478 1942 1554 machinas.

415 1549 486 1605 Et
507 1549 974 1617 exieruntquidam
1004 1549 1069 1608 ei
1086 1553 1183 1618 eis,
1215 1552 1305 1622 qui
1332 1549 1741 1622 obsidebantur:
1771 1561 1818 1606 et
1842 1551 1942 1604 ad.

329 1623 629 1694 junaerunt
655 1640 709 1679 se
732 1623 838 1678 illis
868 1624 1030 1694 aliqui
1056 1623 1205 1694 impii
1228 1621 1293 1677 ea:
1313 1621 1506 1690 Israel,

413 1693 484 1747 Et
510 1695 743 1749 abierunt
785 1694 854 1748 ad
892 1693 1084 1765 regem,
1128 1707 1176 1750 et
1216 1695 1494 1749 dixerunt:
1535 1693 1810 1764 Quousque
1837 1709 1942 1749 non

341 1764 475 1838 facis
494 1767 787 1838 judicium,
821 1774 868 1820 et
893 1764 1128 1820 vindicas
1155 1766 1339 1838 fratres
1370 1776 1572 1820 nostros
1598 1767 1622 1819 ?

419 1836 531 1891 Nos
544 1837 860 1892 decrevimus
885 1839 1075 1893 servire
1090 1837 1222 1909 patri
1249 1849 1360 1903 tuo,
1374 1845 1422 1892 et
1442 1837 1708 1894 ambulare
1735 1838 1789 1892 in
1803 1853 1946 1909 pra:-

340 1911 505 1980 cep_tis
527 1911 663 1975 eius,
690 1919 736 1963 et
763 1910 972 1980 obsequi
995 1911 1177 1964 edictis
1197 1910 1306 1978 ejus
1321 1925 1341 1964 :

415 1977 484 2032 Et
503 1980 603 2050 filii
623 1982 804 2053 populi
825 1977 988 2053 nostri
1010 1977 1333 2052 prapterhoc
1348 1981 1645 2053 alienabant
1657 1997 1709 2035 se
1724 1996 1755 2053 a_
1778 1980 1944 2035 nobis:

339 2060 391 2105 et
429 2051 742 2121 quicumque
771 2051 1156 2107 inveniebantur
1196 2069 1260 2107 ea:
1288 2052 1454 2119 nobis,
1481 2051 1943 2124 interﬁciebantur,

340 2132 392 2176 et
425 2123 755 2195 liwreditates
779 2133 968 2179 nostris
997 2123 1396 2195 diripiebantur.

415 2193 485 2248 Et
512 2211 618 2249 non
652 2194 721 2249 ad
743 2212 838 2250 nos
867 2206 1065 2250 tantum
1094 2193 1431 2251 extenderunt
1457 2210 1687 2264 manum,
1710 2195 1800 2251 sed
1824 2203 1872 2250 et
1891 2195 1947 2248 in

343 2281 523 2336 omnes
546 2267 676 2336 ﬁnes
707 2277 930 2322 nostros.
1762 2325 1770 2332 .

415 2335 486 2391 Et
523 2335 639 2392 ecce
672 2340 1040 2410 applicuerunt
1067 2339 1220 2395 hodie
1243 2338 1312 2393 ad
1339 2354 1511 2394 arcem
1541 2336 1836 2394 Jerusalem
1861 2353 1948 2394 oc-

341 2425 540 2477 cupare
563 2427 698 2476 eam,
729 2420 776 2464 et
805 2413 1141 2466 munitionem
1168 2410 1475 2465 Bethsuram
1515 2410 1836 2464 munierunt:

416 2477 480 2555 ει
517 2483 618 2535 nisi
652 2484 958 2552 pm’veneris
985 2499 1068 2538 eos
1093 2483 1336 2550 velocius,
1370 2485 1592 2555 majora,
1625 2498 1782 2552 quam
1811 2481 1942 2550 haec,

339 2551 555 2626 facient,
590 2551 766 2608 etnon
794 2555 985 2626 poteris
1015 2555 1242 2609 obtinere
1270 2570 1371 2608 eos.
1445 2551 1459 2555 ⁷
1580 2551 1595 2564 ⁷

417 2623 484 2678 Et
499 2625 665 2679 iratus
680 2634 754 2680 est
775 2623 888 2690 rex,
912 2637 968 2680 ut
994 2627 1102 2680 haec
1119 2626 1351 2680 audivit:
1381 2633 1431 2680 et
1457 2624 1748 2678 convocavit
1772 2639 1945 2678 omnes

337 2696 532 2750 amicos
553 2713 697 2764 suos,
719 2708 766 2752 et
788 2699 1045 2768 principes
1065 2698 1320 2754 exercitus
1340 2697 1423 2751 sui
1452 2738 1468 2765 ,
1489 2706 1539 2750 et
1563 2713 1649 2751 eos
1667 2697 1769 2767 qui
1793 2711 1946 2766 super

338 2768 535 2836 equites
561 2778 729 2825 erant.
1292 2797 1297 2804 ι
1777 2788 1779 2790 ·

417 2839 524 2894 Sed
544 2848 593 2894 et
619 2840 683 2894 de
701 2840 869 2912 regnis
895 2841 1038 2908 aliis,
1056 2850 1105 2896 et
1121 2841 1184 2896 de
1197 2839 1383 2896 insulis
1404 2838 1680 2894 maritimis
1699 2844 1944 2893 venerunt

339 2909 412 2964 ad
435 2927 554 2965 eum
587 2909 837 2966 exerciius
859 2913 1180 2967 conductitii.

415 2981 485 3036 Et
505 2991 614 3037 erat
639 3001 886 3038 numerus
926 2987 1177 3040 exercitus
1207 2983 1342 3054 ejus,
1377 2993 1580 3038 centum
1600 2979 1769 3036 millia
1795 2982 1943 3052 pedi-

339 3062 544 3129 tum,et
570 3056 752 3129 viginti
775 3056 938 3110 millia
963 3058 1210 3129 equitum,
1227 3063 1274 3111 et
1301 3054 1562 3128 elephanti
1581 3054 1791 3125 triginta
1816 3055 1942 3121 duo,

339 3125 485 3199 doc_ti
512 3127 582 3179 ad
607 3125 870 3199 prazlium.

2053 472 2150 528 sibi
2183 489 2365 528 nomen
2391 483 2663 528 internum.

2126 543 2195 598 Et
2223 546 2448 600 cucurrit
2475 545 2542 598 ad
2569 561 2681 599 eam
2710 545 2958 600 audacter
2981 545 3035 598 in
3062 546 3230 601 medio
3253 546 3470 617 legionis
3492 549 3651 603 inter-

2053 616 2233 687 ﬁciens
2263 634 2292 669 a
2322 617 2538 686 dextris,
2575 628 2622 672 et
2655 634 2685 671 a
2713 618 2958 685 sinistris,
2990 627 3040 673 ct
3076 616 3324 674 cadebant
3363 619 3427 673 ab
3457 637 3514 675 eo
3554 622 3653 676 huc

2051 699 2204 760 atque
2226 688 2378 744 illuc.

2123 760 2194 835 Et
2233 761 2321 814 ivit
2357 762 2450 816 sub
2485 762 2638 835 pedes
2669 761 2973 834 elephantis,
3017 771 3063 816 et
3097 763 3369 834 supposuit
3405 780 3460 818 se
3497 766 3564 829 ei,
3605 774 3655 820 et

2052 833 2236 888 occidit
2263 850 2402 907 eum,
2434 833 2697 889 et'cecidit
2725 833 2781 888 in
2806 845 2997 889 terram
3023 851 3177 907 super
3198 833 3404 907 ipsum,
3434 845 3482 890 et
3512 853 3653 892 mor-

2051 913 2170 960 tuus
2197 913 2270 961 est
2300 904 2430 960 illic.

2126 976 2194 1032 Et
2237 978 2472 1052 videntes
2523 978 2763 1052 virtutem
2808 978 2967 1052 regis,
3014 987 3062 1034 et
3103 978 3349 1052 impetum
3396 980 3652 1036 emercitus

2052 1051 2186 1122 ejus,
2212 1049 2527 1104 diverterunt
2554 1067 2606 1104 se
2633 1050 2696 1104 ab
2719 1049 2811 1103 eis.

2124 1119 2303 1176 Castra
2325 1134 2494 1176 autem
2520 1123 2657 1192 regis
2673 1121 3014 1177 ascenderunt
3042 1132 3222 1178 contra
3249 1139 3335 1178 eos
3364 1124 3414 1177 in
3437 1121 3656 1179 Jerusa-

2051 1191 2170 1268 l_em_,
2209 1203 2259 1246 et
2289 1191 2618 1263 applicerunt
2644 1191 2750 1268 [ΑΙ.
2785 1192 3170 1266 applicuerunt]
3211 1207 3381 1250 castra
3407 1198 3540 1268 regis
3584 1197 3651 1249 ad

2048 1262 2294 1319 Iudaeam
2322 1273 2368 1318 et
2397 1273 2616 1318 montem
2640 1262 2791 1319 Sion.

2024 1368 2025 1371 η
2122 1335 2192 1390 Et
2221 1336 2341 1406 fecit
2392 1352 2570 1408 pacem
2605 1353 2721 1389 cum
2752 1335 2831 1389 his
2875 1337 2964 1408 qui
2999 1347 3145 1392 erant
3179 1339 3232 1392 in
3264 1336 3522 1393 Bethsura
3559 1357 3578 1396 :
3603 1353 3654 1396 et

2049 1409 2280 1462 exierunt
2326 1409 2390 1462 de
2433 1408 2658 1475 civitate,
2690 1408 2811 1477 quia
2851 1425 2955 1462 non
3001 1419 3146 1463 erant
3175 1411 3246 1465 eis
3285 1409 3355 1464 ibi
3401 1411 3651 1466 alimenta

2048 1479 2324 1544 conclusis,
2345 1480 2468 1551 quia
2489 1479 2697 1534 sabbata
2721 1489 2869 1534 erant
2887 1490 3057 1551 terrm.

2122 1551 2188 1606 Iit
2229 1550 2613 1623 comprehendit
2650 1568 2741 1607 rex
2777 1550 3082 1614 Bethsuram
3112 1569 3131 1608 :
3166 1562 3216 1608 et
3247 1554 3512 1609 constituit
3542 1557 3657 1614 illic

2047 1624 2332 1678 custodiam
2361 1639 2566 1679 servare
2591 1640 2722 1676 eam.

2117 1693 2186 1748 Et
2230 1696 2474 1750 convertit
2522 1703 2693 1748 castra
2742 1694 2808 1748 ad
2855 1693 3025 1748 locum
3069 1697 3498 1766 sanctiﬁcationis
3537 1701 3649 1754 dies

1974 1780 2024 1840 B
2049 1769 2237 1842 multos
2269 1783 2286 1820 :
2317 1778 2366 1821 et
2396 1767 2572 1820 statuit
2604 1765 2980 1842 illicqbalistas,
3016 1775 3063 1819 el
3112 1765 3400 1842 machinas,
3439 1782 3484 1825 et
3513 1772 3651 1842 ignis

2040 1839 2250 1912 jacula,
2277 1848 2325 1892 et
2351 1846 2611 1912 tormenta
2628 1837 2696 1890 ad
2725 1839 2921 1912 lapides
2940 1839 3238 1912 jactandos,
3269 1852 3317 1894 et
3349 1837 3573 1912 spicula,
3603 1853 3650 1898 et

2047 1908 2276 1981 scorpios
2301 1910 2369 1963 ad
2399 1908 2671 1964 mittendas
2701 1908 2950 1981 sagittas,
2974 1918 3022 1963 et
3041 1911 3337 1980 fundibula.

2121 1979 2379 2036 Fecerunt
2411 1993 2582 2035 autem
2612 1989 2658 2035 et
2683 1979 2782 2053 ipsi
2808 1979 3073 2053 machinas
3101 1982 3344 2039 adversus
3379 1986 3646 2043 machinas

2049 2069 2248 2126 eorum,
2281 2061 2327 2107 et
2350 2051 2712 2126 pugnaverunt
2731 2054 2841 2126 dies
2868 2051 3082 2126 multos.

2120 2123 2271 2180 Esca:
2297 2123 2465 2179 autem
2495 2141 2599 2197 non
2625 2132 2771 2178 erant
2799 2125 2854 2178 in
2881 2123 3112 2197 civitate,
3137 2142 3194 2179 eo
3220 2126 3358 2197 quod
3401 2127 3648 2197 septimus

2033 2212 2218 2250 annus
2243 2205 2370 2251 esset
2394 2211 2412 2250 :
2441 2205 2489 2250 et
2508 2196 2596 2269 qui
2628 2204 2980 2269 remanserant
3003 2196 3056 2249 in
3081 2196 3272 2251 Judara
3301 2196 3365 2251 de
3384 2196 3618 2269 gentibus
3635 2242 3650 2265 ,

2004 2305 2008 2309 -
2048 2277 2471 2340 consumpserant
2500 2267 2746 2336 reliquias
2776 2283 2972 2340 eorum,
2998 2283 3121 2340 qua:
3158 2267 3399 2339 repositai
3422 2272 3647 2340 fuerant.

2120 2337 2191 2393 Et
2218 2337 2572 2394 remanserunt
2599 2341 2655 2411 in
2684 2340 2873 2393 sanczis
2911 2339 3007 2411 viri
3039 2337 3222 2408 pauci,
3246 2337 3492 2411 quoniam
3513 2343 3647 2397 obti-

2020 2422 2229 2466 nuerat
2267 2429 2354 2467 eos
2391 2411 2554 2481 fames
2577 2409 2602 2465 εΔ
2622 2419 2672 2465 et
2708 2409 2926 2483 dispersi
2955 2421 3078 2465 sunt
3103 2409 3541 2484 unusquisquein
3572 2415 3650 2470 lo-

2051 2499 2166 2536 cum
2187 2500 2360 2538 suum.

2119 2552 2187 2607 Et
2213 2555 2410 2609 audivit
2436 2554 2622 2626 Lysias
2644 2555 2780 2626 quod
2811 2552 3115 2625 Philippus,
3144 2572 3295 2625 quem
3319 2557 3648 2613 constituerat

2046 2641 2139 2680 rea:
2167 2625 2623 2692 Antiochus,’cum
2657 2625 2833 2680 adhuc
2857 2626 3080 2695 viveret,
3123 2639 3177 2682 ut
3208 2629 3429 2683 nutriret
3462 2629 3645 2684 Antio-

2048 2697 2202 2771 chum
2224 2697 2392 2767 ﬁlium
2416 2714 2586 2764 suum,
2608 2707 2655 2771 e_t
2680 2708 2942 2771 regnaret,

2121 2769 2370 2826 Reversus
2393 2778 2523 2824 esset
2553 2785 2586 2822 a
2614 2767 2846 2835 Perside,
2880 2779 2928 2823 et
2957 2767 3152 2833 Media,
3181 2778 3227 2823 et
3246 2771 3526 2836 exercitus,
3555 2773 3644 2840 qui

2047 2840 2243 2914 abierat
2269 2857 2384 2896 cum
2424 2842 2558 2912 ipso,
2589 2850 2634 2896 et
2656 2842 2778 2912 quia
2816 2842 3071 2912 quwrebat
3097 2843 3353 2913 suscipere
3381 2845 3526 2914 regni
3554 2862 3664 2899 ne-.

2085 2913 2190 2967 otia
2219 2927 2240 2966 .'

2048 2931 2408 3041 goggestinavit
2435 2985 2532 3052 ire,
2571 2993 2618 3040 et
2651 2984 2820 3040 dicere
2859 2983 2927 3039 ad
2957 3000 3150 3056 regem,
3181 2992 3229 3039 et
3258 2985 3410 3041 duces
3451 2986 3648 3040 exerci—

2049 3065 2129 3112 tus
2156 3072 2176 3110 :
2215 3055 2498 3128 Deﬁcimus
2523 3056 2771 3128 quotidie,
2814 3064 2862 3111 et
2906 3055 3026 3110 esca
3061 3056 3207 3110 nobis
3240 3058 3448 3128 modica
3475 3068 3568 3123 est,
3597 3068 3646 3112 et

2051 3129 2215 3195 locus,
2245 3146 2396 3199 quem
2417 3127 2723 3196 obsidemus,
2757 3137 2830 3184 est
2858 3129 3108 3195 munitus,
3141 3137 3189 3183 et
3229 3127 3475 3184 incumbit
3503 3130 3650 3185 nobis

418 3176 486 3272 Et
515 3176 933 3271 “ieiéiiiiiimﬁer
990 3197 1280 3272 Idumteam
1308 3241 1324 3265 ,
1377 3207 1426 3253 et
1453 3196 1860 3272 _applicuerunt_
1878 3197 1947 3250 ad
1973 3176 2019 3238 Ο
2051 3176 2395 3257 δνᾎῖἶᾶιῖεᾝέ

339 3266 688 3342 Bethsuram,
721 3279 769 3324 et
801 3262 1151 3342 pugnaverunt
1195 3262 1318 3342 dies
1355 3262 1584 3335 multos,
1620 3278 1677 3342 et
1710 3262 1949 3342 fecei’unt

336 3341 629 3405 machinas,
661 3349 708 3395 et
733 3344 986 3412 exierunt,
1016 3352 1066 3398 et
1098 3341 1471 3415 succenderunt
1500 3357 1586 3394 eas
1609 3341 1742 3411 igni,
1771 3349 1818 3396 et
1846 3357 1946 3412 pu-

337 3421 630 3481 gnaverunt
653 3415 888 3468 viriliter.

420 3483 490 3536 Et
517 3485 726 3538 recessit
750 3483 922 3541 Iudas
951 3484 1014 3540 ab
1046 3501 1186 3550 arce,
1215 3493 1263 3540 et
1299 3485 1455 3539 movit
1481 3493 1651 3537 castra
1688 3483 1759 3537 ad
1789 3483 1948 3540 Beth-

337 3554 626 3630 κερατίνη
657 3567 835 3630 contra
863 3568 1032 3630 castra
1059 3558 1216 3630 regis.

416 3626 483 3679 Et
508 3628 734 3682 surrexit
759 3645 851 3683 rex
871 3639 988 3683 ante
1011 3625 1196 3694 lucem,
1218 3636 1264 3683 et
1294 3625 1570 3681 concitavit
1599 3626 1853 3680 exercitus
1892 3627 1947 3682 in

339 3697 596 3765 impetum
641 3708 824 3754 contra
851 3701 986 3755 viam
1029 3699 1444 3754 Bethzacharam
1473 3713 1492 3752 :
1533 3706 1581 3752 et
1610 3712 1946 3765 comparave-

335 3779 464 3845 runt
489 3785 545 3822 se
567 3773 829 3845 exercitus
852 3774 906 3827 in
933 3772 1194 3845 praelium,
1223 3778 1273 3824 et
1299 3769 1435 3845 tubis
1461 3769 1754 3822 cecinerunt
1783 3785 1803 3824 :

413 3837 485 3892 Et
530 3840 822 3915 elephantis
850 3837 1181 3898 ostenderunt
1213 3842 1518 3914 sanguinem
1561 3855 1674 3893 uvae
1701 3849 1750 3895 et
1790 3844 1943 3915 mori,

337 3910 410 3964 ad
423 3910 697 3984 acuendos
724 3930 809 3969 eos
842 3915 894 3968 in
926 3915 1160 3984 praelium
1183 3929 1203 3968 :

413 3980 484 4056 Et
520 3984 799 4056 diviserunt
827 3980 1014 4040 bestias
1045 4001 1136 4054 per
1156 3983 1379 4056 legiones
1408 3998 1428 4056 ζ
1455 3991 1502 4038 et
1539 3983 1812 4037 astiterunt
1837 3987 1946 4040 sin-

335 4052 479 4124 gulis
512 4054 805 4123 elephantis
850 4056 993 4113 mille
1031 4052 1127 4110 viri
1179 4052 1234 4110 in
1273 4055 1448 4110 loricis
1491 4058 1864 4121 concatenatis,
1898 4066 1946 4113 et

335 4128 503 4200 galea:
528 4141 690 4200 aerem
707 4129 760 4181 in
789 4130 1044 4200 capitibus
1074 4144 1249 4200 eorum
1296 4142 1315 4180 :
1355 4134 1402 4180 et
1440 4125 1706 4196 quingenti
1753 4129 1947 4198 equites

337 4197 574 4270 ordinati
601 4197 877 4270 unicuique
904 4200 1075 4255 bestia:
1099 4199 1245 4253 electi
1271 4205 1442 4253 erant.

415 4267 491 4321 Hi
521 4279 641 4324 ante
671 4267 869 4343 tempus
895 4271 1201 4337 ubicumque
1227 4278 1334 4343 erat
1366 4267 1544 4343 bestia,
1576 4267 1649 4343 ibi
1680 4279 1826 4324 erant
1851 4287 1880 4343 ί
1897 4281 1948 4328 et

337 4355 668 4411 quocumque
691 4338 817 4406 ibat,
846 4343 1010 4410 ibant,
1043 4350 1088 4396 et
1115 4357 1214 4401 non
1241 4338 1572 4395 discedebant
1593 4339 1658 4393 ab
1686 4357 1767 4397 ea.
1856 4339 1880 4345 ”

420 4412 528 4467 Sed
558 4423 622 4486 et
661 4422 829 4468 turres
867 4417 1049 4486 lignea:
1092 4429 1245 4483 super
1271 4428 1357 4466 eos
1402 4412 1945 4486 ﬁrmw_,_protegentes

339 4500 504 4553 super
522 4485 757 4556 singulas
785 4480 972 4540 bestias
997 4501 1014 4540 :
1049 4495 1096 4539 et
1125 4480 1281 4552 super
1309 4499 1397 4556 eas
1438 4480 1695 4556 machina:
1723 4500 1742 4540 :
1768 4480 1815 4539 Et
1855 4505 1946 4541 su-

2125 3271 2281 3326 Nunc
2310 3272 2483 3342 itaque
2514 3272 2690 3326 demus
2716 3271 2926 3328 dextras
2954 3272 3246 3327 hominibus
3275 3272 3387 3326 istis
3412 3313 3427 3338 ,
3477 3281 3526 3327 et
3567 3275 3652 3344 fa--

2049 3343 2244 3416 ciamus
2270 3361 2387 3397 cum
2412 3344 2518 3398 illis
2549 3361 2746 3416 pacem,
2771 3353 2819 3399 et
2841 3361 2959 3398 cum
2982 3346 3122 3416 omni
3151 3354 3298 3416 gente
3323 3360 3498 3416 eorum
3520 3360 3541 3399 .'

2120 3415 2188 3469 Et
2226 3415 2596 3481 constituamus
2625 3415 2752 3481 illis,
2793 3425 2852 3469 ut
2889 3415 3163 3471 ambulent
3181 3419 3234 3469 in
3272 3415 3512 3486 legitimis
3538 3417 3648 3469 suis

2047 3487 2182 3542 sicut
2229 3487 2414 3558 prius:
2448 3487 2655 3558 propter
2681 3487 2912 3559 legitima
2951 3487 3086 3540 enim
3115 3487 3346 3559 ipsorum
3371 3529 3384 3554 ,
3415 3503 3531 3557 qua:
3557 3487 3648 3541 de-

2049 3557 2331 3629 speximus,
2363 3559 2488 3613 irati
2511 3557 2652 3625 sunt,
2681 3557 2984 3628 effecerunt
3010 3557 3181 3612 omnia
3208 3557 3338 3612 htec.

2119 3629 2191 3684 Et
2217 3629 2412 3699 placuit
2441 3646 2608 3685 sermo
2659 3631 2711 3684 in
2755 3638 3031 3698 conspectu
3062 3632 3194 3700 regis
3223 3638 3270 3682 et
3305 3629 3595 3702 principum
3624 3646 3642 3685 :

2047 3709 2096 3756 et
2122 3704 2258 3756 misit
2290 3703 2360 3755 ad
2390 3718 2473 3756 eos
2498 3717 2672 3767 pacem
2692 3706 2864 3772 facere
2886 3717 2905 3755 :
2933 3709 2978 3754 et
3004 3711 3299 3772 receperunt
3328 3700 3497 3772 illam.

2127 3773 2193 3848 Et
2209 3775 2411 3848 juravit
2439 3774 2546 3827 illis
2572 3771 2761 3841 rex,“
2786 3773 3043 3845 principes
3066 3787 3086 3826 :
3109 3781 3153 3826 et
3183 3775 3413 3826 exierunt
3442 3771 3506 3826 de
3531 3790 3644 3827 mu-

2047 3845 2259 3901 nitione.

2122 3916 2188 3970 Et
2232 3917 2442 3972 intravit
2474 3933 2567 3973 rex
2604 3927 2829 3972 montem
2872 3913 3024 3984 Sion,
3072 3923 3117 3969 et
3145 3915 3269 3969 vidit
3313 3916 3644 3970 munitionem

2049 3987 2188 4062 loci:
2211 3999 2256 4044 et
2279 3990 2418 4061 rupit
2441 3991 2590 4043 citius
2601 3993 2956 4062 juramentum
2981 3987 3118 4057 quod
3133 3988 3336 4058 juravit
3381 4003 3399 4042 :
3424 3997 3470 4043 et
3492 4004 3639 4041 man-

2021 4075 2024 4079 '
2047 4059 2187 4114 davit
2209 4059 2470 4116 destruere
2497 4059 2705 4115 murum
2732 4061 2786 4113 in
2812 4076 2959 4130 gyro.

2120 4131 2186 4185 Et
2218 4133 2450 4187 discessit
2479 4133 2800 4202 festinanter,
2833 4141 2880 4183 et
2921 4144 3154 4185 reversus
3189 4141 3262 4186 est
3295 4131 3640 4195 Antiochiam,

2046 4213 2092 4260 et
2109 4204 2310 4276 invenit
2337 4203 2643 4276 Philippum
2670 4203 3021 4276 dominantem
3049 4203 3242 4256 civitati
3273 4220 3290 4259 :
3318 4213 3363 4258 et
3391 4206 3643 4276 pugnavit

2046 4275 2290 4331 adversus
2320 4292 2457 4343 eum,
2487 4274 2532 4330 et
2559 4274 2825 4346 occupavit
2852 4274 3130 4330 civitatem.

2651 4435 2880 4495 CAPUT
2909 4391 3023 4494 vn.

339 4551 436 4624 per
466 4551 830 4628 singulasiviri
857 4557 1058 4611 virtutis
1095 4557 1304 4626 triginta
1341 4554 1469 4620 duo,
1516 4553 1605 4623 qui
1643 4557 1943 4628 pugnabant
1968 4564 2024 4628 Ῑ)
2121 4552 2578 4628 Annocentesimo
2618 4553 3045 4628 quinquagesimo
3082 4553 3249 4625 primo
3289 4553 3412 4628 exiit
3461 4551 3647 4606 Deme-

338 4627 587 4700 desuper,
607 4637 670 4700 et
699 4627 866 4682 Indus
895 4631 1136 4700 magister
1159 4628 1356 4682 bestiw.

416 4698 487 4751 Et
515 4699 778 4771 residuum
807 4696 1090 4771 equilalum
1120 4699 1236 4752 hinc
1263 4706 1312 4752 et
1347 4696 1469 4750 inde
1511 4697 1691 4751 statuit
1723 4700 1777 4753 in
1810 4700 1942 4756 duas

340 4779 538 4840 partes,
573 4770 736 4825 turbis
765 4770 1046 4826 exercitum
1082 4783 1418 4838 commovere,
1449 4775 1495 4822 et
1523 4783 1794 4842 perurgere
1813 4789 1939 4828 con-

337 4843 565 4916 stip_atos
591 4843 645 4896 in
678 4843 966 4916 legionibus
995 4847 1129 4916 ejus.

419 4911 490 4986 Et
519 4923 592 4986 _ut
617 4911 823 4984 refulsit
859 4914 938 4969 sol
978 4911 1030 4968 in
1062 4916 1269 4986 clypeos
1295 4926 1481 4986 aureos
1520 4919 1573 4986 et
1611 4927 1771 4969 cereos
1799 4956 1814 4982 ,
1863 4932 1945 4970 re-

338 4981 712 5056 splenduerunt
750 4997 944 5042 montes
971 4986 1034 5041 ab
1083 4981 1178 5054 eis,
1228 4995 1278 5040 et
1327 4981 1762 5055 resplenduerunt
1800 4981 1945 5044 sicut

340 5056 614 5180 larEpades
639 5057 795 5140 ignis.

457 5138 489 5179 -t
533 5129 779 5180 distincta

457 5126 491 5204 ἔς
533 5126 779 5204 distincta
830 5138 903 5186 est
952 5144 1075 5204 pars
1128 5129 1381 5204 exercitus
1424 5126 1562 5204 regis
1608 5144 1700 5198 per
1750 5140 1947 5186 montes

341 5199 597 5324 secelsos,
629 5211 678 5256 et
702 5200 812 5257 alia
835 5218 925 5275 per
946 5199 1060 5257 loca
1082 5203 1303 5258 humilia
1333 5243 1346 5268 ,
1377 5209 1426 5255 et
1452 5200 1591 5253 ibant
1619 5209 1765 5255 caute
1789 5213 1836 5256 et
1863 5219 1948 5258 or-

386 5281 547 5324 tnate.
1395 5293 1400 5296 ·

386 5281 547 5327 male.
1395 5293 1400 5296 ’

420 5342 493 5396 Et
516 5345 963 5400 commovebantur
993 5361 1164 5401 omnes
1188 5344 1535 5400 inhabitantes
1561 5349 1747 5397 terram
1773 5361 1806 5399 a
1830 5361 1950 5402 voce

341 5415 724 5484 multitudinis,
753 5428 799 5472 et
820 5417 1030 5474 incessu
1052 5418 1236 5482 turbre,
1267 5428 1318 5473 et
1348 5416 1615 5484 collisione
1638 5432 1902 5472 armorum
1927 5434 1947 5474 :

343 5498 468 5561 erat
485 5491 622 5561 enim
655 5483 913 5561 exercitus
943 5506 1162 5561 magnus
1183 5489 1354 5555 valde,
1383 5497 1434 5543 et
1465 5491 1532 5557 for
1548 5483 1632 5561 tis.

421 5557 491 5612 Et
519 5555 848 5645 appmpiavit
876 5555 1072 5644 ludas,
1095 5571 1145 5614 et
1167 5562 1418 5644 exercitus
1445 5555 1556 5645 ejus
1578 5559 1641 5645 in
1669 5560 1906 5630 praelium
1929 5575 1948 5617 :

343 5639 397 5686 et
427 5633 724 5686 ceciderunt
750 5634 814 5687 de
833 5633 1061 5687 exercitu
1089 5634 1222 5702 regis
1244 5633 1472 5687 sexcenti
1492 5633 1610 5690 viri.

424 5704 492 5757 Et
519 5704 646 5756 vidit
678 5703 898 5758 Eleazar
924 5702 1068 5772 ﬁlius
1090 5701 1263 5760 Sdura
1290 5721 1445 5758 unam
1475 5703 1539 5759 de
1559 5701 1731 5760 bestiis
1755 5702 1948 5758 lorica-

343 5783 452 5828 tam
469 5775 645 5830 loricis
664 5776 800 5847 regis
822 5791 842 5830 :
867 5784 922 5849 et
943 5785 1054 5830 erat
1083 5777 1309 5829 eminens
1327 5791 1482 5847 super
1503 5785 1710 5836 cwteras
1739 5774 1948 5849 bestias,

348 5856 398 5902 et
424 5849 590 5904 visum
619 5857 692 5904 est
719 5850 764 5904 ei
788 5848 925 5922 quod
953 5849 1005 5904 in
1028 5865 1086 5905 ea
1115 5857 1242 5905 esset
1269 5863 1383 5906 rex.

2049 4628 2181 4683 trius
2206 4626 2409 4681 Seleuci
2439 4625 2578 4694 ﬁlius
2600 4626 2662 4678 ab
2688 4625 2812 4679 urbe
2841 4626 3024 4689 Roma,
3054 4634 3102 4678 et
3129 4627 3355 4679 ascendit
3378 4640 3492 4676 cum
3516 4640 3647 4693 pau-

2048 4700 2124 4754 cis
2153 4701 2273 4753 viris
2297 4698 2352 4750 in
2377 4698 2628 4751 civitatem
2659 4697 2990 4761 maritimam,
3014 4706 3062 4750 et
3090 4698 3323 4767 regnavit
3346 4696 3472 4750 illic.

2122 4769 2190 4823 Et
2224 4770 2417 4840 factum
2444 4777 2538 4829 est.
2567 4779 2620 4822 ut
2644 4768 2903 4840 ingressus
2927 4779 3002 4821 est
3039 4769 3248 4840 domum
3274 4767 3644 4840 regni_pat_rum

2050 4837 2281 4904 suorum,
2306 4840 2689 4912 comprehendit
2707 4837 2962 4893 exercitus
2988 4839 3320 4905 Antiochum,
3339 4837 3392 4890 et
3413 4837 3645 4907 Lysiam,

2052 4923 2106 4969 ut
2137 4911 2451 4966 adducerent
2472 4927 2558 4965 eos
2580 4911 2648 4964 ad
2675 4927 2811 4965 eum.

2124 4983 2192 5038 Et
2226 5001 2308 5039 res
2353 4985 2398 5038 ei
2430 4984 2687 5053 innotuit,
2734 4991 2781 5037 et
2813 4985 2886 5037 ait
2929 4998 2947 5037 :
2995 4981 3174 5038 Nolite
3217 4979 3344 5034 mihi
3383 4978 3650 5034 ostendere

2053 5052 2236 5129 faciem
2266 5073 2462 5129 eorum.

2127 5128 2194 5182 Et
2233 5127 2418 5183 occidit
2445 5143 2530 5183 eos
2570 5127 2842 5184 exercitus.
2889 5124 2959 5180 Et
2997 5125 3127 5180 sedit
3175 5121 3468 5178 Demetrius
3495 5137 3650 5194 super

2052 5202 2222 5258 sedem
2247 5201 2393 5270 regni
2420 5201 2506 5254 sui
2533 5216 2552 5254 :

2125 5270 2195 5325 Et
2225 5264 2468 5327 uerierunt
2505 5271 2573 5325 ad
2596 5286 2715 5326 eum
2749 5270 2844 5325 viri
2873 5269 3035 5338 iniqui
3064 5275 3112 5322 et
3145 5267 3294 5336 impii
3331 5282 3396 5320 ea:
3436 5264 3602 5321 Israel
3630 5279 3650 5320 :

2055 5353 2105 5400 et
2132 5343 2360 5397 Alcimus
2388 5343 2498 5397 dua:
2513 5359 2711 5407 eorum,
2733 5342 2821 5412 qui
2840 5339 3036 5396 volebat
3063 5339 3174 5406 ﬁeri
3193 5338 3456 5412 sacerdos.

2132 5414 2201 5469 Et
2248 5425 2615 5485 accusaverunt
2662 5409 2908 5485 populum
2943 5412 3084 5481 apud
3123 5427 3318 5485 regem,
3377 5409 3598 5463 dicentes
3629 5422 3649 5462 .'

2052 5486 2290 5542 Perdidit
2319 5484 2507 5550 ludas,
2545 5495 2592 5538 et
2625 5483 2806 5555 fratres
2837 5484 2951 5556 ejus
2984 5499 3158 5538 omnes
3191 5483 3385 5538 amicos
3421 5490 3559 5548 tuos,
3601 5488 3648 5534 et

2053 5575 2146 5614 nos
2175 5559 2412 5628 dispersit
2433 5556 2498 5609 de
2522 5563 2670 5628 terra,
2688 5565 2885 5612 nostra.

2127 5623 2282 5682 Nunc
2309 5644 2430 5698 ergo
2461 5627 2602 5682 mitte
2625 5627 2814 5692 virum,
2849 5627 2930 5680 cui
2955 5627 3144 5691 credis,
3171 5633 3235 5691 _ut
3257 5633 3358 5698 eat,
3390 5623 3652 5698 et_videat

2052 5695 2410 5757 exterminium
2439 5714 2608 5765 omne,
2649 5698 2787 5768 quod
2813 5699 2934 5770 fecit
2973 5699 3139 5766 nobis,
3165 5707 3213 5753 et
3244 5695 3535 5768 regionibus
3564 5710 3648 5749 re-

2053 5776 2132 5848 gis
2137 5790 2177 5848 _:
2202 5774 2457 5848 etpuniat
2485 5787 2656 5826 omnes
2686 5771 2885 5848 amicos
2907 5774 3042 5848 ej_us,
3076 5779 3133 5848 et
3151 5770 3644 5848 adjutores-eorum.

2127 5844 2195 5905 Et
2221 5837 2370 5918 elegit
2399 5858 2490 5901 rex
2513 5859 2578 5900 ex
2600 5843 2778 5900 amicis
2803 5843 2911 5900 suis
2929 5837 3270 5910 'Bacehidem,
3303 5839 3391 5913 qui
3409 5837 3648 5894 domi:.a-
