4182 6338
345 302 458 389 iss

1533 301 1766 375 ,LIBER
1806 303 1824 362 l
1864 296 2438 366 MACIIABEOBUM.

3547 293 3656 360 £86

342 435 486 484 rum,
516 425 563 473 et
589 418 642 472 in
663 415 958 472 servitutem
1000 413 1118 472 illos
1147 412 1452 488 redegerunt
1507 431 1666 488 usque
1703 417 1756 470 in
1809 415 1950 471 hunc
1978 421 2023 479 Λ
2133 413 2198 469 Et
2232 414 2423 488 dullas
2460 421 2704 488 posuerat
2745 419 2914 471 castra
2951 413 3005 471 in
3037 413 3215 488 Laisa,
3251 423 3300 472 et
3340 415 3441 471 tria
3487 419 3654 474 millia

343 491 483 544 diem
517 507 538 545 .'

419 560 488 615 Et
515 560 725 616 residua
758 576 937 632 regna,
965 567 1012 615 et
1045 559 1267 628 insulas,
1300 575 1417 632 quw
1435 558 1719 627 aliquando
1749 559 1953 628 restite-

339 644 464 687 rant
505 634 636 703 illis,
689 636 1176 701 exterminaverunt,
1219 643 1265 686 et
1293 635 1347 688 in
1391 640 1694 705 potestatem
1743 633 1953 704 redege-

341 717 489 761 runt.

423 775 552 830 Cum
578 775 759 830 amicis
788 783 959 830 autent
981 774 1110 842 suis,
1139 786 1184 829 et
1211 775 1298 846 qui
1322 776 1371 829 in
1399 776 1525 848 ipsis
1553 775 1776 848 requiem
1800 774 1953 831 habe-

346 846 494 911 bant,
525 856 953 902 conservaverunt
977 848 1097 920 [ΔΙ.
1127 858 1172 901 et
1197 846 1604 920 coitservarmtt]
1637 848 1947 907 amicitiam.

348 929 398 972 et
423 920 749 972 obtinuerunt
778 935 938 989 regna
964 919 1114 990 {quae
1144 929 1289 972 erant
1321 919 1557 985 proxima
1583 930 1635 972 et
1663 935 1780 990 qua:
1807 927 1952 973 erant

345 991 499 1061 longe
532 1006 549 1044 :
580 992 705 1061 quia
732 992 1041 1062 quicumque
1061 990 1337 1044 audiebant
1365 1007 1548 1044 nomen
1577 1005 1777 1057 eorum,
1808 991 1953 1045 time-

346 1061 471 1115 bant
502 1078 586 1115 eos
612 1079 630 1115 :

425 1133 620 1200 Quibus
644 1148 764 1188 vero
787 1131 967 1187 vellent
988 1133 1184 1187 auxilio
1215 1149 1326 1187 esse
1354 1142 1411 1186 ut
1441 1140 1738 1204 regnarent,
1770 1149 1955 1204 regna-

347 1203 466 1258 bant
498 1220 516 1258 :
543 1221 673 1276 quos
696 1215 866 1258 autem
897 1203 1104 1272 vellent,
1135 1221 1291 1276 regno
1318 1203 1658 1260 deturbabant
1687 1219 1706 1259 .'
1735 1215 1783 1258 et
1811 1203 1955 1259 exal-

347 1276 444 1329 tati
471 1286 617 1328 sunt.

428 1346 492 1420 Et
517 1347 569 1399 in
595 1347 830 1401 omnibus
868 1347 978 1402 istis
1010 1363 1156 1402 nemo
1185 1346 1423 1420 portabat
1465 1347 1724 1412 diadema,
1751 1364 1844 1404 nec
1874 1348 1956 1402 in-

347 1418 608 1489 duebatur
637 1435 868 1486 purpura
898 1428 953 1472 ut
985 1418 1406 1489 magni/icaretur
1434 1421 1486 1474 in
1511 1437 1588 1473 ea.

425 1487 491 1541 Et
514 1491 636 1556 quia
666 1491 867 1543 curiam
889 1487 1119 1561 fecerunt
1148 1487 1274 1555 sibi,
1295 1503 1341 1545 et
1369 1491 1599 1562 quotidie
1622 1491 1954 1547 consulebant

348 1569 601 1634 trecentos
632 1561 830 1634 viginti,
864 1561 1138 1616 consilium
1167 1561 1596 1634 agentessempcr
1625 1563 1689 1618 tle
1712 1563 1953 1619 multitu-

348 1629 493 1706 dine,
539 1641 594 1685 ut
618 1647 731 1706 qua:
761 1632 920 1705 digna
943 1643 1061 1706 sunt
1087 1629 1288 1706 gera'nt.

425 1702 493 1756 Et
517 1702 846 1757 committunt
893 1704 984 1758 uni
1027 1702 1222 1760 homini
1261 1705 1624 1776 magistratum
1663 1721 1815 1760 suum
1867 1725 1956 1775 per

349 1774 586 1843 singulos
608 1790 790 1839 annos,
817 1777 1070 1830 dominari
1098 1774 1520 1831 universafterrte
1541 1794 1668 1843 suae,
1700 1787 1746 1831 et
1778 1774 1950 1833 omnes

348 1845 594 1919 abelliitnt
616 1847 731 1919 uni,
763 1858 807 1919 et
831 1863 934 1919 non
962 1857 1036 1901 est
1064 1847 1278 1906 invidia.
1304 1865 1465 1919 neque
1491 1847 1633 1919 _zelus
1686 1847 1816 1903 inter
1843 1866 1949 1907 eos.

425 1916 493 1990 Et
520 1919 672 1990 elegit
699 1916 868 1972 Judas
891 1917 1254 1990 Eupolemum,
1278 1916 1445 1987 ﬁlium
1470 1917 1713 1989 Joannis,
1740 1920 1836 1985 filii
1857 1920 1954 1975 Ja-

351 1989 466 2052 cob,
501 1998 546 2042 et
567 1988 834 2059 Iasonem,
867 1989 1033 2060 filium
1062 1989 1327 2054 Eleazari,
1371 2001 1417 2044 et
1449 1991 1586 2045 misit
1617 1988 1706 2046 eos
1733 1990 1952 2048 Romam

348 2063 664 2114 constituere
692 2077 809 2114 cum
837 2064 942 2114 illis
967 2061 1251 2115 amicitiam
1281 2072 1331 2116 et
1358 2063 1675 2118 societatem.

426 2130 496 2185 Et
520 2143 573 2188 ut
602 2132 865 2203 auferrent
905 2135 967 2186 ab
991 2133 1062 2187 eis
1082 2137 1272 2205 jugum
1299 2133 1776 2205 ercorum,_quia
1806 2136 1948 2192 vide-

348 2214 474 2274 runt
502 2205 640 2272 quod
661 2207 712 2257 in
733 2207 1027 2258 servitutem
1059 2203 1340 2274 premerent
1372 2222 1584 2274 regnum
1615 2203 1802 2262 Israel.

424 2273 495 2329 Et
523 2278 754 2329 abierunt
782 2276 999 2330 Romam
1040 2273 1174 2330 viam
1208 2273 1622 2344 multam’valde,
1655 2288 1703 2334 ct
1741 2281 1953 2336 introie-

349 2361 476 2400 runt
499 2348 719 2410 curiam,
749 2359 794 2400 et
818 2348 1062 2401 dixerunt
1099 2362 1116 2400 :
1763 2378 1769 2390 -

423 2418 601 2492 Judas
626 2417 678 2470 Μ
685 2417 976 2492 achabteus,
997 2429 1043 2472 et
1069 2420 1254 2490 fratres
1277 2421 1407 2487 eius,
1428 2428 1476 2473 et
1502 2423 1725 2492 populus
1742 2422 1952 2477 Judceo-

348 2506 470 2543 rum
501 2491 745 2543 miserunt
778 2505 872 2543 nos
907 2489 974 2542 ad
1005 2489 1092 2545 vos
1121 2501 1344 2545 statuere
1369 2489 1628 2545 vobiscum
1655 2496 1948 2550 societatem

350 2570 404 2615 et
431 2577 629 2628 pacem,
664 2570 711 2614 et
737 2561 1054 2615 conscribere
1076 2578 1166 2614 nos
1185 2563 1350 2616 socios
1374 2573 1420 2615 et
1449 2564 1640 2620 amicos
1662 2577 1873 2621 vestros.

426 2629 496 2705 Et
525 2633 716 2701 placuit
747 2649 913 2686 sermo
943 2635 994 2685 in
1025 2641 1301 2705 conspectu.
1327 2649 1522 2688 eorum.

429 2703 492 2756 Et
525 2706 622 2757 hoc
641 2704 949 2775 rescriptum
979 2715 1073 2767 est,
1107 2703 1243 2774 quod
1264 2707 1638 2774 rescripseruut
1682 2709 1734 2762 in
1763 2708 1950 2764 tabulis

344 2775 524 2839 cereis,
548 2777 876 2852 et_miser_unt
906 2777 960 2829 in
991 2775 1304 2852 Jerusalem,
1340 2786 1394 2830 ut
1424 2787 1552 2832 esset
1574 2780 1716 2852 apud
1765 2797 1848 2836 eos
1881 2782 1949 2836 ibi

343 2847 648 2918 memoriale
671 2847 812 2918 pacis
839 2856 887 2901 et
908 2848 1194 2902 societatis.

420 2917 570 2992 Busa
593 2917 680 2973 sn"
704 2919 964 2992 Βοιιλικιε2
993 2929 1039 2992 et
1068 2917 1531 2992 gentiludaeorum
1553 2921 1606 2975 in
1633 2923 1788 2991 mari,
1817 2932 1864 2977 et
1894 2923 1947 2978 in

342 2991 571 3069 terrain
594 2999 844 3045 cternum
870 3006 888 3045 :
909 2990 1222 3063 gladiusque
1271 2999 1320 3045 et
1368 2992 1531 3046 hostis
1568 2995 1754 3066 procul
1777 2990 1846 3050 sit
1884 2997 1948 3050 ab

344 3075 445 3113 818.

423 3131 580 3206 Quod
615 3134 661 3188 si
679 3132 923 3188 institerit
954 3133 1147 3206 bellum
1184 3132 1436 3189 Romanis
1457 3135 1624 3206 prius,
1654 3146 1744 3192 aut
1773 3139 1936 3193 omni-

344 3203 441 3256 bus
466 3205 620 3259 sociis
646 3220 826 3259 eorum
854 3206 906 3259 in
935 3207 1074 3258 omni
1102 3203 1648 3262 dominatione'eorum
1689 3223 1707 3260 :

418 3275 688 3353 {Iamiam
717 3277 842 3353 feret
873 3292 995 3349 gens
1022 3277 1346 3348 Judteorum,
1375 3289 1527 3350 prout
1554 3289 1750 3353 tempus
1773 3281 1943 3337 dicta-

342 3349 495 3419 verit,
525 3350 678 3401 corde
707 3349 858 3419 pleno
885 3364 905 3403 :

416 3416 486 3492 Et
518 3416 878 3488 praeliantibus
906 3437 1007 3474 non
1029 3419 1248 3483 dabunt,
1279 3437 1441 3492 neque
1480 3421 1944 3481 subministrabant

340 3490 596 3564 triticum,
622 3506 794 3564 arma,
827 3493 1124 3562 pecuniam,
1159 3509 1332 3560 naves,
1356 3490 1495 3547 sicut
1522 3495 1716 3564 placuit
1747 3496 1942 3552 Roma-

340 3561 426 3642 nis
456 3576 477 3615 :
524 3571 572 3615 et
610 3561 898 3618 custodient
949 3564 1198 3618 mandata
1223 3580 1425 3629 eorum,
1468 3561 1600 3620 nihil
1621 3567 1685 3620 ab
1706 3568 1777 3622 eis
1799 3570 1940 3624 acci-

381 3642 560 3686 tentes.

337 3648 679 3781 {mgiien‘iliter
699 3714 868 3781 autem
889 3716 938 3760 et
950 3706 1012 3781 _si
1032 3707 1173 3781 genti
1191 3704 1497 3781 Iudaeorum
1519 3710 1666 3781 prius
1697 3709 1942 3766 acciderit

339 3771 555 3839 bellum,
587 3776 909 3844 adjuvabunt
942 3771 1164 3833 Romani
1193 3795 1256 3834 ex
1283 3779 1476 3848 animo,
1519 3771 1671 3849 prout
1713 3782 1784 3836 eis
1817 3793 1940 3840 lem-

340 3861 456 3915 pusﬁ
470 3849 758 3915 permiserit
785 3864 805 3902 :

415 3914 484 3970 Et
506 3916 577 3970 ad
576 3918 989 3996 juvantibusnon
1011 3920 1218 3996 dabitur
1239 3923 1490 3991 triticum,
1505 3939 1672 3992 arma,
1691 3927 1938 3996 pecunia,

337 4003 519 4055 nares,
545 3991 675 4044 sicut
709 3992 905 4058 placuit
935 3992 1182 4048 Romanis
1209 4009 1226 4048 :
1250 4003 1299 4048 et
1349 3991 1663 4050 custodienti
1691 3991 1939 4052 mandata

338 4073 522 4132 eorum
545 4062 735 4132 absque
765 4063 903 4117 dolo.

416 4130 720 4212 Secundam
750 4132 860 4188 hcce
890 4136 1040 4189 verba
1061 4137 1440 4192 constituerunt
1480 4135 1708 4212 Romani
1744 4142 1938 4212 papula

334 4198 672 4258 Judccorum.
1635 4204 1641 4212 ”

414 4274 646 4349 Quodsi
675 4287 786 4343 post
813 4280 922 4332 htcc
964 4278 1116 4334 verba
1159 4280 1212 4332 hi
1241 4289 1332 4334 aut
1361 4279 1442 4334 illi
1470 4280 1680 4349 addere,
1715 4296 1807 4339 aut
1846 4288 1937 4342 de-

335 4361 482 4399 mere
523 4346 592 4398 ad
643 4350 750 4402 hcce
779 4349 976 4418 aliquid
1021 4353 1299 4427 voluerint,
1339 4353 1532 4427 facient
1578 4346 1937 4427 ex'proposito

334 4433 431 4470 suo
464 4432 483 4470 :
513 4426 560 4471 et
592 4435 924 4491 qua'cumque
963 4421 1261 4478 addiderint
1302 4421 1380 4478 vel
1423 4421 1735 4496 dempserint
1819 4441 1935 4485 rata

335 4500 510 4542 erunt.

1983 1809 2030 1870 B

2056 488 2155 542 viri
2194 486 2345 542 electi
2377 486 2493 541 cum
2515 502 2617 542 eo:

2130 557 2196 632 Et
2223 559 2460 614 viderunt
2490 557 2875 632 multitudinem
2899 557 3172 632 exercitus,
3189 561 3314 632 quia
3341 559 3490 615 multi
3511 571 3650 631 sunt,

2054 639 2101 685 et
2131 631 2411 686 tintueruut
2437 630 2586 686 valde
2618 649 2630 688 :
2655 641 2699 686 et
2729 632 2880 686 multi
2902 630 3267 687 subtraxerunt
3291 649 3343 687 se
3364 634 3426 687 de
3446 630 3651 702 castris,

2053 713 2104 757 et
2138 719 2240 773 non
2268 711 2624 757 remanserunt
2649 719 2711 758 ea:
2741 705 2812 756 eis
2835 705 2932 757 nisi
2953 704 3230 773 octingenti
3259 705 3373 756 viri.

2129 772 2198 828 Et
2237 775 2362 828 vidit
2388 773 2559 828 Iudas
2591 774 2735 845 quod
2765 775 2987 846 deﬂuxit
3017 772 3276 829 exercitus
3297 792 3442 844 suus,
3476 784 3524 829 et
3550 774 3655 832 bel-

2055 844 2164 900 lum
2208 846 2514 916 perurgebat
2559 844 2698 908 cum,
2743 854 2789 898 et
2833 844 3132 912 confractus
3177 856 3252 900 est
3299 849 3459 900 cortle
3491 849 3654 915 :quia

2054 917 2392 989 non_habebat
2412 926 2620 989 tempus
2643 917 2996 987 congregandi
3021 935 3127 982 eos,
3159 928 3205 972 et
3231 918 3513 972 dissolutus
3545 929 3638 974 est.

2133 986 2201 1041 Et
2252 989 2384 1061 dixit
2419 986 2625 1055 ltis'qui
2666 986 2862 1042 residui
2893 999 3038 1061 erant
3069 1005 3087 1042 :
3118 989 3407 1061 Surgamus
3435 1030 3450 1054 ,
3478 999 3526 1043 et
3560 1006 3646 1044 ea-

2055 1074 2170 1111 mus
2200 1058 2270 1112 ad
2301 1059 2626 1114 adversarios
2653 1069 2877 1126 nostros,
2905 1060 2950 1114 si
2979 1058 3264 1133 poterimus
3298 1078 3531 1134 pugnare
3559 1063 3652 1115 ad-

2053 1146 2166 1183 vers
2174 1148 2233 1184 us
2262 1147 2348 1184 €08
2358 1168 2371 1183 ο

2131 1200 2196 1255 Ει
2238 1201 2536 1256 avertebant
2577 1217 2716 1270 eum,
2741 1202 2966 1257 dicentes
2998 1219 3017 1258 :
3050 1201 3172 1258 Non
3219 1205 3520 1274 poterimus,
3560 1206 3653 1259 sed

2054 1269 2332 1327 liberemus
2369 1276 2569 1329 animas
2606 1283 2808 1329 nostras
2848 1275 3022 1339 modo,
3045 1285 3090 1328 ct
3121 1269 3435 1329 revertamur
3457 1277 3525 1330 ad
3557 1293 3652 1346 pa-

2055 1350 2158 1398 tres
2211 1354 2435 1418 nostros.
2479 1356 2527 1398 et
2570 1355 2690 1399 tunc
2736 1347 3082 1418 pugnabimus
3109 1347 3352 1401 adversus
3401 1363 3651 1402 eos:nos

2053 1426 2230 1470 autem
2262 1417 2420 1484 pauci
2445 1432 2643 1472 sumus.

2128 1487 2196 1562 Et
2229 1487 2303 1540 ait
2348 1485 2558 1562 ludas:
2592 1489 2744 1562 Absit
2769 1489 2921 1543 istam
2951 1505 3056 1543 rem
3093 1492 3264 1560 facere
3304 1499 3359 1544 ut
3385 1490 3649 1562 fugiamus

2054 1557 2120 1632 ab
2143 1560 2213 1632 eis
2252 1574 2269 1611 :
2300 1561 2408 1613 etsi
2440 1560 2768 1632 appropiavit
2818 1571 3020 1631 tempus
3063 1557 3292 1614 nostrum
3318 1602 3330 1624 ,
3366 1557 3650 1616 moriamur

2053 1629 2126 1704 in,
2162 1631 2349 1704 virtute
2401 1629 2614 1704 propter
2635 1635 2822 1701 fratres
2870 1629 3091 1699 nostros,
3118 1643 3165 1687 et
3210 1647 3312 1686 non
3364 1633 3649 1704 inferamus

2055 1703 2249 1755 crimen
2274 1702 2456 1772 gloriw
2478 1710 2687 1757 nostra.

2133 1772 2198 1826 Et
2225 1776 2382 1826 movit
2415 1774 2674 1827 exercitus
2708 1775 2770 1827 de
2800 1775 3007 1845 castris,
3037 1785 3086 1830 et
3126 1783 3379 1829 steterunt
3414 1774 3520 1830 illis
3555 1775 3646 1830 ob-

2056 1842 2191 1918 viarn
2224 1859 2242 1898 :
2271 1853 2320 1897 et
2335 1845 2484 1918 divisi
2504 1855 2628 1918 sunt
2654 1845 2846 1918 equites
2871 1846 2924 1900 in
2956 1842 3084 1900 duas
3110 1856 3298 1918 partes,
3323 1853 3372 1898 et
3398 1846 3648 1916 fundibu-

2058 1916 2201 1987 larii,
2235 1922 2283 1968 et
2307 1916 2566 1986 sagittarii
2591 1916 2843 1987 pra‘ibant
2886 1916 3189 1986 exercitum,
3223 1927 3268 1971 et
3299 1918 3449 1986 primi
3477 1929 3643 1973 certa-

2055 1986 2210 2040 minis
2237 2001 2409 2040 omnes
2439 1986 2689 2056 potentes.

2129 2056 2429 2132 Bacchides
2444 2068 2610 2132 autem
2641 2059 2833 2132 eratin
2875 2059 3058 2113 dextro
3089 2075 3270 2127 cornu,
3302 2070 3349 2114 et
3384 2059 3649 2132 proxima-

2053 2129 2125 2182 vit
2140 2128 2286 2201 legio
2308 2145 2373 2183 ex
2395 2129 2591 2183 duabus
2616 2130 2876 2201 partibus,
2903 2141 2952 2201 et
2975 2132 3266 2186 clamabant
3298 2128 3429 2186 tubis
3460 2148 3479 2185 :

2130 2199 2572 2274 Eae/amaverunt
2611 2199 2785 2254 autem
2833 2207 2884 2256 et
2937 2200 3012 2266 hi,
3049 2202 3140 2273 qui
3197 2212 3339 2257 erant
3390 2220 3454 2258 ex
3501 2211 3648 2274 parte

2051 2268 2236 2336 ludar,
2269 2274 2427 2326 etiam
2454 2273 2578 2341 ipsi,
2603 2282 2648 2325 et
2689 2282 2944 2326 commota
2965 2283 3037 2327 est
3061 2268 3210 2328 terra
3236 2290 3268 2328 a
3295 2291 3414 2329 voce
3447 2268 3644 2328 cierei-

2054 2352 2239 2395 tuum;
2282 2353 2330 2397 et
2377 2344 2705 2398 commissum
2747 2352 2820 2398 est
2864 2343 3102 2415 prwlium
3133 2364 3164 2401 a
3194 2362 3346 2400 mane
3391 2363 3550 2415 usque
3579 2347 3648 2402 ad

2051 2429 2260 2468 vespera
2267 2431 2335 2468 ιη.

2125 2432 2133 2465 ε
2267 2432 2335 2468 m.

2125 2432 2374 2558 Eiravidit
2405 2483 2786 2558 Judas,rquod
2845 2485 3048 2556 firmior
3089 2497 3164 2541 est
3214 2504 3338 2558 pars
3391 2489 3646 2544 exercitus

2052 2553 2335 2610 Bacchidis
2365 2558 2416 2611 in
2452 2557 2670 2632 dextris,
2703 2567 2748 2612 et
2777 2553 3122 2613 convenerunt
3163 2553 3278 2612 cum
3324 2561 3438 2632 ipso
3471 2578 3648 2616 omnes

2051 2637 2344 2682 constantes
2370 2629 2524 2682 corde
2553 2643 2570 2681 :

2122 2695 2192 2752 Et
2222 2700 2446 2776 contrita
2475 2709 2550 2754 est
2574 2700 2786 2776 dextera
2813 2717 2934 2776 pars
2959 2700 3022 2755 ab
3052 2701 3146 2768 eis,
3175 2712 3222 2756 et
3251 2713 3546 2776 persecutus
3573 2713 3647 2759 cst

2049 2786 2138 2825 eos
2168 2786 2329 2838 usque
2357 2772 2426 2824 ad
2449 2781 2672 2824 montem
2703 2769 2872 2826 AzOti.

2124 2837 2192 2893 Et
2229 2843 2320 2910 qui
2345 2842 2399 2916 in
2431 2841 2646 2896 sinistro
2679 2859 2843 2896 cornu
2877 2853 3044 2905 erant.
3078 2844 3316 2900 viderunt
3345 2845 3489 2916 quod
3521 2862 3644 2902 con-

2050 2915 2224 2966 tritum
2263 2922 2336 2990 est
2367 2914 2605 2990 dextrum
2647 2929 2829 2979 cornu,
2865 2923 2916 2968 et
2943 2917 3104 2969 secuti
3129 2926 3251 2970 sunt
3281 2914 3394 2990 post
3423 2915 3643 2989 ludam,

2049 2991 2096 3038 et
2129 2984 2326 3057 eost/ui
2357 3001 2472 3038 cum
2501 2986 2613 3049 ipso
2642 2995 2808 3048 erant,
2835 3004 2865 3040 a
2895 2995 3038 3057 tergo
3061 3003 3081 3042 .'

2122 3053 2189 3111 Et
2215 3055 2546 3132 ingravatum
2571 3067 2645 3111 est
2665 3057 2930 3132 prcclium,
2966 3053 3014 3111 et
3042 3057 3344 3132 ceciderunt
3367 3058 3477 3132 [AL
3503 3060 3640 3115 occi-

2050 3125 2257 3190 derunt]
2280 3125 2540 3182 vulnerati
2565 3129 2716 3182 multi
2741 3145 2810 3182 ea:
2842 3129 2942 3190 his,
2972 3141 3020 3182 et
3052 3131 3269 3185 eosillis.

1973 3196 2017 3260 C
2122 3196 2190 3271 Et
2220 3196 2627 3271 Judas'cecidit,
2657 3211 2704 3271 et
2731 3201 2903 3254 ueteri
2925 3200 3182 3271 fugerunt.

2121 3266 2192 3322 Et
2241 3268 2530 3345 Jonathas,
2574 3266 2622 3324 et
2671 3270 2856 3345 Simon
2903 3266 3131 3326 tuIErnnt
3183 3270 3378 3327 Iudam
3426 3277 3644 3345 fratrem

2048 3356 2226 3416 suum,
2251 3351 2298 3395 et
2341 3341 2651 3416 sepelierunt
2679 3359 2796 3397 eum
2838 3343 2892 3398 in
2925 3345 3161 3416 sepulcro
3192 3354 3399 3416 patrum
3427 3341 3640 3401 suorum

2044 3412 2101 3466 in
2133 3413 2336 3466 civitate
2375 3412 2428 3466 Μ
2439 3414 2583 3467 odiu.

2119 3481 2189 3538 Et
2210 3484 2462 3560 ﬂeuerunt
2489 3501 2609 3560 eum
2639 3485 2805 3560 omnis
2832 3484 3059 3558 p0pulus
3097 3485 3270 3542 Israel
3299 3488 3506 3560 planctu
3535 3504 3646 3543 ma-

2045 3570 2172 3627 gno_.
2207 3565 2254 3608 et
2283 3557 2524 3626 lugebant
2553 3555 2661 3627 dies
2688 3555 2899 3620 multos,

2117 3623 2466 3704 Etdixeruut
2497 3642 2515 3682 :
2551 3625 2825 3704 Quomodo
2862 3627 3046 3682 cecidit
3075 3639 3279 3700 potens,
3307 3631 3398 3704 qui
3437 3633 3645 3686 salvum

2045 3697 2266 3769 faciebat
2293 3698 2544 3769 populum
2572 3695 2783 3753 Israel?

2118 3767 2186 3846 _Et
2229 3767 2417 3823 caétera
2447 3769 2602 3846 verba
2633 3769 2890 3846 bellorum
2929 3769 3084 3824 ludar
3114 3811 3127 3835 ,
3155 3780 3203 3846 et
3233 3773 3482 3826 virtutum
3512 3792 3643 3846 quas

2044 3839 2185 3916 fecit,
2218 3850 2266 3895 et
2288 3841 2670 3916 magnitudinis
2693 3844 2823 3914 ejus,
2861 3859 2964 3896 non
2991 3852 3108 3897 sunt
3134 3844 3403 3916 descripta
3429 3861 3450 3912 ;
3477 3839 3637 3900 m'ulta

2043 3912 2174 3966 enim
2203 3921 2346 3966 erant
2376 3911 2548 3965 valde.

2115 3981 2183 4036 Et
2212 3983 2516 4058 factumest
2537 4000 2556 4040 :
2579 3992 2693 4058 post
2723 3984 2922 4058 obitum
2948 3983 3104 4039 Juda:
3128 3995 3450 4058 emerserunt
3479 3987 3642 4058 iniqui

2042 4054 2095 4108 in
2134 4053 2371 4132 omnibus
2401 4053 2594 4132 finibus
2637 4053 2836 4126 Israel,
2879 4065 2928 4110 et
2969 4057 3134 4111 exorti
3183 4067 3305 4111 sunt
3345 4073 3518 4114 omnes
3551 4053 3643 4132 qui

2041 4127 2390 4194 operabantur
2413 4126 2756 4196 iniquitatem.

2115 4197 2178 4271 ln
2209 4198 2390 4271 diebus
2421 4197 2527 4271 illis
2548 4199 2689 4268 facta
2721 4209 2796 4253 est
2819 4199 2982 4270 fames
3011 4215 3200 4271 magna
3223 4199 3374 4254 valde
3398 4241 3413 4270 ,
3447 4213 3492 4255 et
3527 4214 3635 4257 tra-

2041 4268 2178 4344 didit
2207 4267 2542 4344 se_Bacchidi
2551 4267 2731 4344 omnis
2759 4267 2903 4344 regio
2923 4267 3246 4344 eorum'cum
3275 4267 3423 4344 ipsis.

2119 4340 2182 4394 Et
2226 4340 2382 4413 elegit
2423 4339 2707 4398 Bacchides
2748 4339 2885 4396 vir'os
2927 4343 3134 4412 impios,
3161 4353 3208 4397 et
3250 4339 3515 4399 constituit
3556 4362 3640 4400 eos
3692 4359 3703 4366 ’

2040 4411 2278 4498 dominos
2302 4411 2529 4498 regionis
2553 4428 2573 4469 .'

2117 4484 2180 4538 Et
2219 4483 2648 4555 exquirebant,'et
2683 4484 3146 4555 perscrutabautur
3166 4487 3359 4540 amicos
3388 4485 3562 4555 Juda',
3590 4500 3640 4544 et

412 4560 521 4643 Sed
543 4545 678 4644 erile
699 4564 849 4644 malis
874 4561 1303 4650 qutanemetrius
1334 4583 1425 4650 res;
1449 4567 1567 4638 fecit
1585 4568 1638 4620 in
1669 4582 1774 4636 eos,
1809 4567 1937 4620 scri-

2053 4545 2374 4650 adtl't'tcelbqnt
2402 4571 2490 4610 eos
2529 4545 2600 4608 ad
2627 4545 2957 4622 Bacchidem,
2989 4568 3037 4611 et
3065 4558 3362 4612 vindicabat
3409 4561 3461 4612 in
3494 4545 3636 4629 illos,

336 4633 540 4711 psimus
561 4634 625 4698 ei,
659 4633 893 4691 dicentes
915 4653 933 4690 :
967 4638 1140 4711 Quare
1160 4641 1382 4709 gravasti
1395 4633 1584 4711 jugum
1609 4633 1934 4708 tuum’supcr

333 4704 535 4758 amicos
562 4714 766 4760 nostros
799 4717 844 4761 et
882 4704 1048 4762 sociOs
1078 4704 1331 4764 Iudaeos?

414 4774 634 4853 _Si_er_g_o_
649 4777 835 4832 iterum
882 4780 1102 4853 adierint
1134 4799 1227 4835 nos
1265 4781 1540 4836 adversum
1570 4792 1639 4852 te,
1687 4782 1936 4853 faciemus

336 4846 449 4902 illis
460 4847 746 4921 judicium,
777 4858 826 4905 et
853 4852 1196 4924 pugnabimus
1219 4863 1383 4907 tecum
1423 4855 1553 4909 mari
1582 4846 1835 4924 terraque.

957 4990 1185 5049 CAPUT
1233 4991 1326 5048 IX.

410 5117 619 5199 Interea
639 5133 694 5199 ut
713 5125 910 5199 audivit
938 5125 1229 5181 Demetrius
1255 5128 1378 5199 quia
1407 5129 1591 5184 cecidit
1620 5127 1856 5185 Nicanor
1894 5137 1942 5184 et

332 5195 591 5248 exercitus
620 5196 732 5264 ejus
761 5197 814 5250 in
845 5195 1320 5269 prwlio,_opposuit
1358 5198 1672 5255 Bacchidem
1715 5211 1760 5256 et
1795 5201 1938 5254 Alci-

335 5281 481 5390 sglum
506 5282 717 5320 rursum
741 5267 941 5325 mittere
965 5272 1016 5325 in
1039 5267 1297 5340 Iudicum,
1313 5280 1363 5327 et
1383 5273 1624 5327 dextrum
1643 5287 1805 5328 cornu
1822 5289 1940 5326 cum

335 5353 354 5390 s
396 5353 463 5390 ss.

334 5353 463 5390 πω.

409 5406 478 5462 Et
507 5408 906 5488 abieruntpiam
943 5430 1060 5488 qua:
1107 5415 1249 5470 ducit
1278 5416 1331 5470 in
1370 5414 1620 5488 Galgala,
1666 5425 1716 5472 et
1766 5423 1936 5471 castra

334 5492 622 5549 posuerunt
646 5485 698 5539 in
730 5483 1014 5550 Masaloth,
1045 5503 1162 5558 quae
1189 5496 1261 5542 est
1299 5489 1354 5542 in
1382 5483 1614 5542 Arbellis'
1648 5505 1667 5543 :
1697 5497 1744 5542 et
1778 5505 1931 5542 occu-

333 5563 588 5628 paverunt
607 5570 747 5624 eum,
775 5566 824 5612 et
848 5571 1172 5628 peremerunt
1194 5560 1394 5614 animas
1419 5561 1689 5615 hominum
1720 5560 1930 5613 multas.

410 5622 867 5702 Intuenseprimo
888 5631 1015 5683 anni
1040 5633 1300 5685 centesimi
1325 5640 1373 5685 et
1397 5633 1804 5702 quinquagesimi
1847 5647 1930 5685 se-

329 5695 515 5770 cundi,
545 5698 910 5770 applicuerunt
933 5705 1213 5756 exercitum
1242 5705 1311 5755 ad
1346 5695 1682 5758 Je'rusa'leni:

367 5837 380 5848 .
409 5765 474 5820 Et
495 5765 860 5851 surrexerunt,
881 5773 1201 5851 _el_abierutit
1229 5775 1280 5829 in
1309 5773 1525 5832 Bcrcam
1556 5775 1738 5851 viginti
1765 5773 1935 5831 millia

326 5843 581 5910 virorum,
605 5851 653 5897 et
684 5843 792 5901 duo
823 5843 992 5900 millia
1020 5847 1265 5917 equitum.

2041 4636 2090 4681 et
2120 4626 2390 4681 illudebat.

2115 4695 2183 4772 _Et
2207 4703 2349 4772 facta
2389 4705 2464 4752 est
2500 4697 2770 4752 tribulatio
2789 4713 2985 4772 magna
3023 4699 3074 4772 in
3110 4698 3299 4772 Israel,
3319 4701 3498 4772 qualis
3530 4718 3636 4757 non

2042 4766 2238 4842 fuit_ea:
2267 4770 2352 4824 die
2376 4785 2480 4841 qua
2498 4785 2613 4842 non
2647 4782 2721 4824 est
2749 4766 3161 4842 visus'propheta
3194 4773 3244 4824 in
3280 4766 3462 4825 lsrael.

2041 4909 2079 4967 J
2118 4839 2184 4894 Et
2209 4839 2508 4963 gangregati
2543 4851 2665 4895 sunt
2709 4857 2886 4896 omnes
2909 4839 3084 4896 'am'ici
3110 4840 3288 4910 Judtc,
3320 4853 3367 4898 et
3399 4843 3637 4898 dixerunt

2084 4920 2204 4966 onat
2225 4928 2329 4967 uc:

2084 4920 2290 4966 onatha!
2309 4928 2329 4968 .'

2117 4981 2202 5038 Ex
2229 5001 2333 5056 quo
2372 4985 2541 5051 frater,
2565 4993 2684 5038 tuus
2713 4981 2887 5037 ludas
2915 4984 3194 5054 defunctus
3220 4993 3318 5050 est,
3344 4985 3635 5056 virisimilis

2043 5056 2092 5110 ei
2121 5072 2224 5109 non
2252 5067 2349 5123 est,
2379 5057 2471 5127 qui
2500 5067 2649 5110 exeat
2681 5065 2859 5110 contra
2890 5057 3126 5109 inimicos
3153 5066 3375 5124 nostros,
3410 5055 3634 5111 Bacchi-

2045 5129 2184 5198 dem,
2213 5136 2262 5181 et
2289 5144 2376 5184 eos
2402 5128 2492 5198 qui
2512 5128 2712 5181 inimici
2738 5136 2860 5182 sunt
2881 5129 3044 5196 gentis
3068 5136 3282 5181 nostrte.

2123 5197 2276 5252 Nunc
2317 5197 2490 5266 itaque
2517 5209 2566 5254 te
2593 5199 2748 5254 hodie
2785 5198 3034 5268 elegimus
3069 5214 3177 5252 esse
3207 5215 3300 5268 pro
3323 5214 3383 5253 eo
3405 5199 3551 5254 nobis
3579 5201 3633 5255 in

2040 5271 2350 5343 principem,
2379 5280 2426 5343 et
2449 5271 2630 5343 ducem
2661 5271 2728 5343 ad
2758 5270 3058 5324 bellandum
3082 5269 3275 5343 bellum
3306 5279 3559 5326 nostrum.

2113 5342 2181 5396 Et
2213 5339 2455 5415 suscepit
2489 5341 2749 5415 Ionathas
2789 5349 3020 5415 tempore
3053 5339 3149 5394 illo
3183 5343 3556 5415 principatum,
3585 5353 3634 5400 et

2040 5415 2264 5470 surrexit
2287 5413 2402 5468 loco
2421 5413 2580 5468 Iuda:
2603 5413 2786 5483 fratris
2808 5413 2909 5466 sui.

2117 5487 2184 5556 Et
2214 5486 2449 5556 cognovit
2475 5484 2781 5556 Bacchides,
2815 5493 2864 5538 et
2879 5483 3142 5556 quaerebat
3163 5501 3278 5538 eum
3307 5487 3558 5541 occidere.

2114 5555 2182 5610 Et
2214 5554 2448 5630 cognovit
2471 5555 2753 5621 Jonathas,
2783 5564 2842 5630 et_
2863 5554 3044 5610 Simon
3077 5559 3239 5626 frater
3272 5559 3406 5630 ejus,
3439 5568 3487 5613 et
3507 5574 3635 5630 gom-

2041 5645 2132 5683 nes
2173 5627 2404 5696 quicum
2433 5643 2491 5682 eo
2521 5635 2664 5682 erant
2691 5641 2712 5681 :
2739 5635 2787 5681 et
2815 5627 3058 5697 fugerunt
3107 5634 3161 5682 in
3196 5627 3456 5685 desertum
3505 5627 3636 5684 The-

2040 5716 2171 5772 ικαὶ,
2207 5707 2252 5752 et
2277 5702 2618 5772 consederunt
2634 5699 2718 5772 ad
2739 5713 2928 5770 aquam
2951 5699 3094 5772 lacus
3117 5699 3340 5772 Asphar.

2113 5769 2182 5825 Et
2213 5768 2793 5845 cognovitBacchides,
2817 5781 2865 5825 et
2895 5772 2978 5845 die
3011 5768 3343 5845 sabbatorum
3370 5772 3505 5829 venit
3527 5771 3637 5845 ipse

2039 5850 2089 5900 et
2109 5840 2290 5900 omnis
2303 5843 2558 5900 exercitus
2579 5847 2693 5918 ejus
2717 5852 2866 5901 trans
2883 5840 3197 5900 Iordanem.
