4182 6338
517 320 626 386 487

1482 384 1487 389 ,
1517 318 1580 380 S.
1617 312 2006 381 HIERONYMI
2044 319 2280 385 DIVINA
2317 313 2792 382 BIBLIOTIIECA.

3704 314 3815 382 488

593 443 665 499 Et
690 516 702 523 _
727 442 983 523 Ionathas
1020 440 1159 499 misit
1197 443 1414 523 fratrem
1440 455 1592 523 suum
1629 440 1828 523 ducens
1850 441 2129 523 populi,_et
2155 443 2214 507 Α
2307 438 2377 497 Et
2392 440 2551 523 venit,
2577 449 2626 495 et
2653 448 2822 523 castra
2842 438 3018 523 posuit
3043 410 3601 523 desuper'Be-thbessen
3626 452 3646 493 :
3665 446 3713 492 et
3728 454 3814 510 ap-

524 516 725 588 rogavit
754 514 1084 572 Nabuthatos
1108 512 1303 588 amicos
1321 529 1466 583 suos,
1495 522 1552 586 ut
1591 512 1978 570 commodarent
2008 513 2121 571 illis

527 596 840 663 apparatum
868 587 1160 663 suum_,_qui
1189 596 1299 663 erat
1322 589 1581 663 capiosus.

598 655 666 713 Et
696 659 930 715 exierunt
956 659 1055 729 ﬁlii
1088 658 1295 713 Iambri
1321 655 1393 713 ex'
1423 655 1681 729 Madaba,
1712 664 1760 711 et
1781 655 2121 723 comprehen-

527 733 719 857 fezunt
743 727 1026 799 Joannem,
1065 739 1114 786 et
1162 730 1358 799 omnia,
1381 743 1496 800 qua:
1532 727 1772 798 habebat,
1796 738 1842 783 et
1882 729 2123 783 abierunt

544 822 596 857 ia
630 812 768 857 entes
795 819 875 857 ea.

527 806 768 859 habentes
795 819 875 858 ea.

601 873 727 929 Post
755 874 866 930 hwc
885 872 1058 939 verba,
1082 872 1436 929 renuntiatum
1460 880 1537 928 est
1561 868 1828 936 Ionathce,
1843 879 1890 925 et
1914 868 2124 942 Simoni

528 945 686 1017 fratri
714 950 848 1019 ejus,
877 946 1001 1018 quia
1023 945 1119 1012 filii
1154 943 1372 1019 Iambri
1389 944 1589 1019 fagi‘unt
1634 942 1858 1019 nuptias.
1885 958 2122 1019 magnas,

532 1012 579 1073 et
604 1012 800 1072 ducunt
829 1012 1073 1089 sponsam
1093 1032 1158 1070 ex
1187 1012 1425 1089 Iladaba
1443 1014 1609 1089 filiam
1638 1012 1794 1067 unius
1824 1012 1888 1080 de
1918 1012 2123 1085 magnis

520 1086 1119 1162 ‘principibus'Chanaan
1149 1102 1266 1141 cum
1292 1086 1566 1162 ambitione
1589 1101 1799 1162 magna.

602 1159 673 1216 Et
704 1155 973 1216 recordati
1001 1167 1120 1231 sunt
1157 1157 1427 1231 sanguinis
1453 1155 1688 1231 Ioannis
1709 1156 1890 1225 fratris
1920 1155 2001 1210 sui
2032 1162 2124 1231 :‘et

532 1232 895 1301 ascenderunt,
927 1240 973 1284 et
1002 1226 1382 1284 absconderunt
1403 1245 1457 1284 se
1482 1228 1574 1302 sub
1598 1237 1889 1302 tegumenta
1912 1226 2123 1281 montis.

606 1302 673 1356 Et
711 1299 1035 1357 elevav'erunt
1066 1301 1241 1355 oculos
1270 1316 1414 1365 suos,
1450 1309 1497 1354 et
1525 1299 1805 1356 viderunt:
1832 1308 1877 1353 et
1900 1316 2016 1353 ecce
2049 1307 2129 1352 tu-

534 1373 746 1441 multus,
778 1383 826 1427 et
853 1380 1138 1445 apparatus
1184 1373 1377 1426 multus
1402 1387 1420 1445 ξ
1450 1382 1495 1445 et
1531 1387 1751 1445 sponsus
1770 1369 2057 1445 processit,
2079 1377 2126 1423 et

541 1447 696 1500 amici
720 1439 855 1516 ejus,
883 1439 933 1498 et
973 1446 1168 1516 fratres
1203 1446 1318 1515 ejus
1363 1439 1701 1516 iobviam‘illis
1731 1442 1841 1516 [AL
1870 1439 1975 1511 illi]
2010 1456 2129 1495 cum

537 1513 816 1589 tympanis,
843 1524 890 1570 et
911 1515 1143 1589 musicis,
1170 1513 1399 1589 etiarmis
1430 1513 1630 1589 multis.
1736 1513 1753 1516 ’
1787 1586 1796 1589 _
1825 1585 1834 1589 _
1970 1562 1995 1589 ,

604 1586 674 1642 Ει
703 1593 1046 1642 surrexerunt
1071 1585 1140 1640 ad
1163 1602 1248 1640 eos
1266 1602 1333 1640 ex
1358 1585 1588 1654 insidiis,
1611 1593 1659 1640 et
1689 1585 1988 1640 occiderunt
2020 1598 2128 1649 eos,

537 1669 587 1715 et
639 1657 936 1713 ceciderunt
973 1657 1231 1712 vulnerati
1273 1656 1448 1722 multi,
1476 1665 1530 1729 et
1555 1656 1750 1711 residui
1781 1658 2026 1729 fugerunt
2074 1656 2131 1709 in

538 1740 734 1802 montes
758 1745 775 1783 :
805 1739 854 1785 et
884 1739 1192 1802 acceperunt
1213 1729 1386 1802 omnia
1415 1726 1585 1802 spolia
1612 1726 1791 1783 eorum
1829 1726 1850 1784 ἐ

2233 513 2609 586 pugnaviteam
2636 513 2746 586 dies
2776 510 2988 586 multos,
3015 521 3061 566 et
3083 510 3218 586 fecit
3234 510 3523 566 machinas.

2226 579 2246 603 ’⁷
2304 579 2373 639 Et
2396 583 2605 655 reliquit
2625 582 2883 638 Ionathas
2905 579 3172 640 Simonem
3191 583 3403 653 fratrem
3430 597 3583 636 suum
3610 580 3665 635 in
3686 579 3812 636 civi-

2225 664 2354 722 tate,
2380 666 2429 711 et
2457 657 2582 710 exiit
2607 656 2662 710 in
2691 656 2971 724 regionem,
3004 665 3051 708 et
3081 656 3215 711 venit
3235 671 3352 709 cum
3383 669 3619 717 numero,

2299 728 2370 782 Et
2400 728 2655 798 percussit
2687 722 2916 793 Udaren,
2946 734 2993 780 et
3023 726 3211 797 fratres
3251 726 3386 797 ejus,
3410 734 3457 798 et
3491 725 3631 798 ﬁlios
3665 722 3814 778 Pha-

2224 815 2377 855 seron
2404 796 2496 871 in,
2527 796 2872 871 tabernaculis
2918 796 3152 871 ipsorum
3188 796 3282 852 :et
3324 797 3477 869 caspit
3526 796 3745 865 ccedere,
3768 802 3816 850 et

2226 887 2451 928 crescere
2480 870 2535 923 in
2562 869 2854 924 virtutibus.

2300 942 2488 999 Simon
2510 957 2655 1007 vero,
2685 950 2732 1015 et
2756 942 2845 1013 qui
2877 958 2995 996 cum
3035 942 3148 1015 ipso
3182 947 3351 1009 erant,
3383 939 3620 996 exierunt
3650 939 3715 995 de
3745 939 3821 994 ci-

2227 1014 2406 1082 vitate,
2426 1024 2475 1069 et
2504 1012 2882 1068 succenderunt
2908 1012 3174 1068 machinas
3198 1030 3217 1069 :

2303 1086 2370 1140 Et
2401 1094 2760 1158 pugnaverunt
2793 1094 2973 1139 contra
3011 1083 3349 1151 Bacchidem,
3383 1095 3432 1142 et
3461 1084 3725 1158 contritus
3743 1093 3821 1138 est

2229 1157 2294 1213 ab
2325 1155 2407 1212 eis
2437 1155 2525 1212 :et
2557 1157 2863 1228 afﬂixerunt
2898 1174 3013 1211 eum
3053 1157 3225 1224 valde,
3255 1159 3502 1229 quoniam
3543 1155 3820 1212 consilium

2228 1233 2364 1304 ejus,
2386 1237 2435 1304 et
2459 1244 2763 1300 congressus
2790 1230 2903 1304 ejus
2928 1240 3038 1304 erat
3067 1229 3257 1284 inanis.

2302 1299 2371 1355 Et
2397 1299 2565 1354 iratus
2592 1309 2776 1372 contra
2800 1299 2938 1354 viros
2959 1301 3187 1372 iniquos.
3217 1301 3306 1372 qui
3334 1301 3384 1354 ei
3415 1299 3697 1354 consilium
3725 1299 3823 1372 de-

2230 1371 2432 1437 derant,
2459 1380 2514 1445 ut
2540 1371 2733 1426 veniret
2761 1373 2816 1427 in
2847 1370 3115 1445 regionem
3151 1370 3407 1445 ipsorum,
3428 1371 3631 1445 multos
3659 1386 3725 1445 ex
3750 1370 3824 1423 eis

2231 1444 2420 1499 occidit
2453 1443 2606 1515 :ipse
2632 1453 2805 1498 autem
2831 1441 3076 1515 cogitavit
3099 1441 3215 1500 cum
3249 1443 3466 1515 reliquis
3500 1442 3643 1497 abire
3665 1441 3718 1495 in
3740 1458 3823 1497 reo

2228 1516 2434 1590 gionem
2455 1530 2623 1590 suam.

2302 1585 2373 1641 Et
2402 1587 2639 1658 cognovit
2659 1584 2921 1642 Ivnathas
2948 1597 3038 1643 :et
3059 1586 3196 1641 misit
3224 1586 3293 1642 ad
3313 1603 3431 1642 eum
3458 1585 3655 1659 legatos
3681 1602 3825 1641 com-

2231 1674 2435 1732 pon_ere_
2446 1674 2625 1732 pacem
2655 1676 2768 1714 cum
2800 1660 2938 1732 ipso,
2970 1667 3017 1732 et
3048 1658 3269 1732 reddere
3294 1659 3339 1714 ei
3368 1658 3748 1732 captivitatem.

2305 1729 2376 1784 Et
2399 1729 2613 1802 libenter
2637 1730 2860 1802 accepit,
2885 1739 2931 1785 et
2958 1731 3078 1802 fecit
3114 1731 3400 1786 secundum
3424 1729 3576 1802 verba
3599 1732 3739 1802 ejus,
3776 1738 3826 1784 et

611 1800 962 1885 Et.converste_
999 1792 1121 1895 spnt
1151 1801 1345 1872 nitptia:
1369 1799 1422 1854 in
1445 1798 1666 1871 luctum,
1693 1810 1875 1856 et-vox
1902 1797 2130 1854 musico-
2156 1832 2206 1895 Β
2227 1802 2431 1888 juravit
2450 1818 2503 1857 se
2528 1800 2664 1857 nihil
2689 1792 3021 1873 facturum'ei
3050 1803 3179 1857 mali
3211 1792 3449 1858 omnibus
3498 1792 3682 1856 diebus
3709 1792 3830 1856 vita:

537 1889 658 1945 rum
685 1873 917 1945 ipsorum
947 1873 1001 1925 in
1022 1871 1326 1945 Iumentum.

607 1942 679 1999 Et
707 1942 1086 1998 vindicaverunt
1110 1943 1392 2015 vindictam
1419 1942 1690 2015 sanguinis
1717 1943 1901 2015 fratris
1922 1942 2005 1998 sui
2037 1956 2057 1997 :
2078 1949 2126 1996 et

534 2016 725 2073 reversi
749 2024 867 2069 sunt
894 2015 962 2084 ad
987 2015 1156 2084 ripam
1178 2012 1452 2070 Iordanis.

522 2144 523 2153 χ
612 2086 678 2143 Et
702 2087 899 2157 audivit
927 2083 1235 2157 Bacchides,
1261 2096 1308 2141 et
1339 2086 1472 2141 venit
1503 2084 1585 2140 die
1610 2086 1941 2143 sabbatorum
1969 2101 2129 2157 usque

538 2158 608 2215 ad
637 2174 781 2228 oram
801 2155 1053 2228 Iordanis
1079 2158 1133 2228 in
1153 2160 1339 2213 virtute
1364 2173 1576 2228 magna.

608 2227 687 2293 Et
707 2223 837 2302 dixit
868 2227 935 2302 ad
957 2243 1077 2283 suos
1097 2226 1354 2284 Ionathas
1377 2244 1396 2282 :
1422 2223 1731 2302 Surgamus,
1756 2237 1812 2302 et
1839 2244 2130 2302 pugnemus

539 2311 720 2357 contra
746 2301 983 2355 inimicos
1009 2310 1213 2355 nostros
1237 2317 1257 2357 :
1275 2316 1377 2355 non
1404 2310 1480 2357 est
1506 2299 1642 2356 enim
1659 2299 1816 2356 hodie
1840 2299 1975 2356 sicut
1992 2299 2126 2366 heri,

534 2382 582 2430 et
610 2370 1003 2429 nudiustertius.
1435 2401 1464 2409 —
1902 2417 1912 2424 .
2006 2418 2011 2423 _

613 2444 748 2499 Ecce
772 2444 909 2517 enim
949 2442 1138 2517 bellum
1163 2459 1229 2499 ex
1267 2443 1480 2499 adverso
1511 2461 1530 2500 :
1560 2460 1694 2517 aqua
1722 2455 1841 2499 vero
1876 2441 2131 2499 Iordanis

544 2515 667 2571 hinc
689 2515 906 2587 etinde,
935 2514 1157 2587 θεν-ἱραί,
1188 2525 1241 2570 et
1265 2516 1508 2587 paludes,
1531 2526 1575 2573 et
1601 2514 1767 2572 saltus
1797 2530 1815 2571 :
1841 2525 1891 2571 et
1926 2531 2030 2571 non
2056 2522 2133 2568 est

543 2588 687 2643 locus
717 2585 1022 2642 divertendi.

617 2658 774 2731 Nunc
794 2673 917 2731 ergo
947 2658 1162 2714 clamate
1192 2658 1262 2731 in_
1274 2659 1477 2726 coelum,
1503 2668 1561 2714 ut
1589 2658 1873 2716 liberemini
1896 2658 1960 2714 de
1976 2672 2133 2713 manu

543 2728 867 2786 inimicorum
887 2738 1191 2785 vestrorum.
1215 2728 1285 2785 Et
1315 2732 1646 2787 commissum
1670 2741 1747 2786 est
1777 2731 1987 2786 bellum.

612 2801 683 2875 Et
719 2801 948 2875 extendit
975 2798 1234 2875 Ionathas
1275 2819 1487 2857 manum
1514 2818 1665 2859 suam
1701 2811 1970 2875 percutere
1999 2800 2135 2856 Bac-

544 2872 771 2933 chidem.
803 2881 852 2929 et
875 2872 1085 2928 diuertit
1111 2872 1174 2928 ab
1197 2890 1255 2929 eo
1279 2884 1415 2929 retro
1438 2889 1457 2928 :

612 2944 683 3001 Et
715 2944 925 3000 dissiliit
956 2941 1215 3000 Ionathas
1248 2988 1263 3014 ,
1296 2954 1344 3001 et
1373 2946 1462 3017 qui
1493 2962 1611 3017 cum
1646 2962 1707 3002 eo
1735 2953 1883 3001 erant
1912 2945 1968 3000 in
2005 2940 2133 3000 Ior-

548 3016 757 3084 danem,
780 3024 829 3070 et
860 3024 1313 3072 transnataverunt
1343 3015 1415 3070 ad
1436 3033 1521 3072 eos
1539 3015 1848 3074 Iordanem.

620 3087 687 3142 Et
716 3088 1009 3143 ceciderunt
1038 3090 1105 3157 de
1129 3097 1272 3157 parte
1293 3086 1573 3145 Bacchidis
1615 3088 1699 3144 die
1725 3090 1822 3145 illa
1847 3087 1988 3144 mille
2015 3087 2131 3144 viri.

546 3158 617 3215 Et
642 3159 829 3216 reversi
855 3168 974 3214 sunt
994 3157 1049 3212 in
1070 3156 1385 3215 Ierusalem.

617 3229 688 3285 Et
718 3231 1100 3301 mdificaverunt
1131 3231 1361 3287 civitates
1389 3232 1615 3287 munitas
1640 3230 1697 3286 in
1723 3230 1938 3300 Iudam,
1963 3230 2141 3286 muni-

547 3303 759 3368 tionem,
783 3317 899 3373 qua:
927 3310 1036 3373 erat
1066 3302 1120 3373 in
1145 3301 1374 3373 Iericho,
1406 3311 1454 3358 et
1481 3304 1535 3357 in
1559 3302 1853 3371 Ammaum,
1884 3311 1933 3358 et
1960 3303 2013 3373 in
2043 3301 2141 3358 Be-

548 3375 758 3447 thoron,
785 3371 830 3427 et
852 3371 1137 3447 inBethel,
1168 3383 1216 3447 et
1249 3371 1558 3447 Thamnata,
1584 3383 1632 3430 et
1662 3372 1931 3443 Phara,et
1957 3372 2141 3447 Thopo

548 3446 712 3501 muris
742 3442 975 3512 excelsis,
998 3452 1046 3499 et
1074 3446 1259 3512 portis,
1285 3456 1333 3501 et
1359 3445 1510 3500 seris.

548 3588 563 3602 .
617 3515 686 3643 ft
709 3514 879 3642 polsuit
902 3516 1193 3571 custodiam
1228 3516 1283 3571 in
1312 3517 1405 3585 eis,
1430 3528 1486 3571 ut
1512 3517 1819 3574 inimicitias
1846 3527 2143 3575 exercerent

548 3606 599 3643 m
653 3604 768 3643 srae
794 3628 808 3642 .

542 3606 599 3644 ιη
617 3604 643 3643 1
653 3604 808 3643 sraet.

621 3658 691 3714 Et
733 3657 948 3714 munivit
1000 3658 1257 3715 civitatem
1292 3657 1629 3726 Bethsuram,
1671 3671 1718 3717 et
1777 3658 2061 3727 Casuram,
2095 3669 2142 3717 et

542 3746 740 3803 arcem,
771 3740 818 3785 et
844 3731 1095 3803 posuitin
1116 3731 1192 3787 eis
1212 3732 1437 3799 auxilia,
1466 3741 1515 3788 et
1543 3743 1855 3803 apparatum
1883 3749 2136 3789 escarum.

622 3801 694 3877 _Et
732 3801 927 3877 accepit
957 3802 1095 3877 ﬁlios
1119 3804 1425 3877 principum
1468 3801 1941 3877 regionisobsides,
1980 3813 2026 3860 et
2051 3821 2143 3877 po-

554 3874 658 3931 suit
686 3889 772 3929 eos
797 3873 862 3929 in
882 3890 1003 3929 arce
1026 3875 1080 3929 in
1103 3873 1401 3930 Ierusalem
1427 3877 1482 3930 in
1512 3873 1823 3932 custodiam.

619 3944 692 4001 Et
719 3961 860 4001 anno
907 3947 1185 4019 centesimo
1212 3946 1641 4019 quinquagesimo
1668 3948 1841 4019 tertio,
1862 3963 2034 4002 mense
2062 3963 2140 4002 se-

554 4018 749 4083 cundo,
774 4017 1020 4086 prtecepit
1043 4017 1272 4073 Alcimus
1297 4017 1491 4075 destrui
1530 4035 1704 4074 muros
1735 4018 1917 4072 domus
1943 4030 2143 4073 sancta:

553 4089 846 4158 interioris,
876 4097 924 4144 et
957 4089 1155 4145 destrui
1176 4105 1336 4162 Opera
1362 4090 1730 4162 prophetarum
1760 4105 1779 4144 :
1811 4099 1859 4145 et
1880 4090 2030 4162 capit
2050 4091 2142 4146 deo

555 4171 776 4218 struere.

624 4233 695 4287 In
724 4229 1071 4305 temporeillo
1099 4248 1373 4301 percussus
1410 4243 1490 4290 est
1529 4231 1785 4297 Alcimus,
1806 4242 1855 4289 et
1894 4232 2143 4303 impedita

554 4313 677 4359 sunt
706 4303 1058 4377 aperaillius,
1086 4313 1135 4377 et
1162 4305 1422 4377 occlusum
1449 4314 1522 4360 est
1546 4321 1599 4360 os
1628 4307 1760 4377 ejus,
1788 4314 1833 4358 et
1859 4305 2142 4360 dissolutus

549 4382 625 4500 flst
643 4375 904 4500 (paralysi,
930 4390 1020 4431 nec
1045 4375 1183 4430 ultra
1210 4379 1376 4449 potuit
1405 4375 1547 4448 loqui
1568 4375 1793 4445 verbum,
1822 4386 1869 4431 et
1893 4378 2143 4432 mandare

593 4462 620 4500 e
682 4462 799 4500 omo
828 4463 944 4500 sua.

593 4462 620 4501 ε
643 4462 799 4500 aomo
828 4463 944 4502 sua.

625 4514 695 4573 Et
721 4525 953 4574 mortuus
973 4528 1049 4575 est
1077 4518 1310 4576 Alcimus
1335 4521 1390 4576 in
1419 4515 1645 4592 tempore
1663 4520 1756 4576 illo
1776 4536 1893 4576 cum
1911 4528 2138 4577 tormen-

555 4597 607 4644 to
632 4605 842 4660 magno.

622 4661 692 4716 Et
726 4661 851 4716 vidit
877 4660 1166 4717 Bacchides
1202 4663 1448 4731 quoniam
1485 4671 1719 4719 mortuus
1745 4672 1820 4719 est
1858 4664 2134 4721 Alcimus:

560 4742 609 4787 et
630 4748 855 4805 r_eversus
893 4743 966 4789 est
1002 4734 1072 4788 ad
1099 4749 1294 4805 regem,
1317 4745 1365 4790 et
1387 4735 1531 4790 siluit
1562 4746 1699 4791 terra
1728 4735 1877 4790 annis
1907 4737 2131 4793 duobus.

623 4801 695 4857 Et
738 4804 1094 4876 cogitaverunt
1115 4801 1291 4862 anines
1319 4806 1485 4874 iniqui
1506 4807 1730 4862 dicentes
1762 4822 1780 4860 :
1811 4805 1946 4862 Ecce
1970 4808 2133 4862 Iana-

551 4872 686 4942 tltas,
714 4884 762 4931 et
791 4872 879 4947 qui
905 4893 1021 4931 cum
1045 4892 1103 4949 eo
1129 4887 1271 4946 sunt,
1299 4878 1351 4932 in
1374 4872 1580 4949 silentio
1606 4880 1838 4933 habitant
1867 4878 2136 4949 conﬁden-

552 4954 630 5023 ter
660 4961 680 5001 :
707 4963 845 5002 nunc
875 4964 999 5021 ergo
1022 4947 1345 5023 adducamus
1364 4948 1699 5015 Bacchidem,
1721 4960 1768 5005 et
1796 4947 2133 5023 comprehen-

556 5017 641 5073 det
670 5035 758 5074 eos
783 5017 960 5074 omnes
986 5037 1090 5075 una
1116 5020 1280 5076 nocte.

623 5084 695 5143 Et
714 5091 973 5155 abierunt.
1003 5101 1051 5147 et
1076 5092 1349 5148 consilium
1368 5093 1414 5149 ei
1442 5092 1716 5148 dederunt.

624 5158 696 5214 Et
721 5163 965 5227 surrexit,
997 5171 1054 5218 ut
1076 5165 1267 5219 veniret
1278 5181 1400 5220 cum
1420 5166 1650 5221 exercitu
1678 5163 1845 5220 multo
1876 5180 1895 5219 :
1922 5173 1970 5221 et
1996 5165 2134 5222 misit

555 5237 753 5288 occulte
780 5234 1036 5306 epistolas
1076 5236 1230 5306 sociis
1270 5237 1402 5303 suis,
1437 5237 1525 5306 qui
1558 5244 1712 5291 erant
1752 5237 1809 5290 in
1839 5234 2050 5304 Iudaea,
2078 5248 2136 5294 ut

553 5304 1047 5378 comprehenderent
1072 5304 1341 5363 Ionathan
1363 5346 1380 5375 ,
1408 5304 1459 5362 et
1482 5323 1568 5363 eos
1590 5309 1678 5378 qui
1699 5323 1817 5362 cum
1853 5325 1912 5364 eo
1944 5319 2094 5365 erant
2116 5325 2135 5364 :

554 5374 776 5448 sedunon
806 5385 1106 5448 potuerunt,
1146 5381 1265 5448 quia
1285 5374 1508 5434 innotuit
1530 5374 1613 5433 eis
1632 5380 1908 5435 consilium
1937 5397 2134 5436 eorum.

627 5444 709 5525 fit.
723 5444 1064 5525 apprehendit
1076 5444 1169 5525 de
1182 5451 1301 5525 viris
1324 5451 1571 5525 regionis,
1587 5451 1676 5525 qui
1700 5453 1964 5525 principes
1993 5461 2139 5510 erant

554 5516 773 5593 militiae,
802 5520 1181 5593 quinquaginta
1210 5516 1443 5593 viros,'et
1463 5521 1648 5577 occidit
1673 5516 1781 5578 eos.

559 5658 573 5672 .
625 5586 696 5672 lit
719 5586 923 5672 secessit
940 5586 1226 5661 Ionathas,
1256 5601 1306 5672 et
1328 5592 1533 5672 Simon,
1561 5600 1611 5648 et
1638 5594 1729 5666 qui
1757 5611 1877 5651 cum
1900 5612 1962 5672 eo
1990 5606 2142 5672 erant

553 5658 610 5734 in
636 5657 967 5732 Bethbessen,
997 5680 1113 5734 qua:
1140 5657 1221 5719 est
1250 5664 1307 5719 in
1335 5657 1538 5722 deserto
1568 5681 1587 5722 :
1615 5657 1662 5722 ei
1684 5671 1936 5725 exstruxit
1962 5671 2141 5725 diruta

554 5733 689 5805 eju_s.
719 5742 767 5788 et
796 5733 1132 5804 firmaverunt
1158 5752 1295 5792 eam.

612 5801 681 5879 Et
694 5801 928 5879 cognovit
940 5804 1246 5879 Bacchides,
1261 5817 1308 5864 et
1328 5811 1653 5879 congregavit
1673 5811 1964 5867 universam
1980 5812 2152 5870 multi-

561 5875 786 5935 tudinem
807 5893 954 5936 suam
974 5894 996 5937 :
1022 5887 1068 5938 et
1096 5879 1195 5955 his,
1218 5875 1307 5957 qui
1332 5882 1398 5940 de
1423 5875 1611 5942 Iuda'a
1632 5897 1796 5957 erant,
1813 5883 2149 5945 denuntiarit.

2235 1891 2368 1929 (³1118.

2253 1894 2373 2000 Julii
2397 1942 2627 2019 reddidit
2655 1948 2703 2019 et
2726 1944 3100 2018 captivitatem,
3130 1961 3289 2019 quam
3319 1944 3461 2019 prius
3490 1953 3599 1999 erat
3618 1945 3832 2017 prccda—

2231 2027 2311 2072 tus
2341 2019 2404 2071 de
2432 2027 2570 2072 terra
2595 2015 2738 2071 Iuda
2769 2015 2801 2072 ε’
2819 2026 2865 2070 et
2894 2015 3170 2072 conversus
3197 2015 3329 2073 abiit
3351 2020 3406 2072 in
3435 2015 3627 2070 terram
3655 2033 3831 2085 suam,

2230 2097 2280 2145 et
2308 2106 2410 2162 n_on
2438 2089 2675 2162 apposuit
2698 2088 2932 2162 amplius
2957 2088 3209 2162 venirein
3235 2090 3363 2162 ﬁnes
3392 2092 3528 2162 ejus.

2312 2160 2380 2215 Et
2407 2156 2621 2215 cessavit
2652 2156 2861 2231 gladius
2889 2176 2952 2231 ex
2980 2156 3149 2215 Israel
3182 2177 3203 2215 :
3233 2156 3279 2214 et
3304 2156 3554 2215 habitavit
3570 2159 3836 2214 Ionathas

2230 2230 2287 2286 in
2327 2229 2712 2307 blacliiitaspet
2738 2232 2887 2307 erupit
2914 2229 3173 2307 Ioa_athas_
3201 2231 3271 2287 ibi
3292 2232 3534 2307 judicare
3556 2233 3833 2304 populum,

2232 2311 2281 2359 et
2312 2303 2667 2361 exterminavit
2694 2303 2883 2374 impios
2912 2318 2974 2358 ex
3004 2300 3194 2361 Israel.

2306 2509 2377 2567 Et
2417 2414 3229 2584 anno_centesi_mocs::iijg1e‘si)rfio
3270 2511 3501 2584 ascendit
3542 2508 3841 2567 Alexander

2201 2647 2207 2658 _
2240 2583 2483 2658 Antiochi
2508 2581 2674 2658 filius,
2701 2581 2792 2658 qui
2819 2580 3208 2654 cognominatus
3230 2592 3304 2638 est
3332 2580 3537 2638 Nobilis
3567 2598 3587 2638 :
3616 2592 3664 2638 et
3685 2600 3842 2638 occu-

2235 2656 2376 2782 pltlivit
2417 2652 2802 2710 Ptolemaidam

2235 2744 2251 2782 ι
2298 2743 2366 2782 tc.

2235 2743 2366 2783 ιιιισ.

2308 2795 2380 2872 Et
2417 2797 2617 2872 audivit
2641 2794 2950 2872 Demetrius
2976 2812 3104 2872 rex,
3121 2806 3170 2853 et
3194 2797 3841 2872 congregavit_exercitum

2237 2870 2515 2943 copiosum,
2529 2869 2701 2943 valde,
2733 2877 2789 2943 et,
2809 2870 2964 2943 exivit
2994 2869 3195 2943 obviam
3220 2868 3668 2943 illiin'prtelium.

2312 2939 2381 2997 Et
2402 2942 2541 2996 misit
2564 2941 2855 3013 Demetrius
2876 2941 3144 3013 epistolam
3166 2942 3236 2996 ad
3255 2939 3541 2996 Ionatham
3561 2940 3722 2996 verbis
3745 2958 3842 3011 pa-

2238 3013 2434 3086 cificis,
2449 3021 2507 3066 ut
2539 3012 2893 3086 magni/icaret
2908 3012 3068 3086 eums
3377 3031 3382 3036 ‘

2310 3083 2460 3158 Dixit
2478 3087 2611 3139 enim
2628 3083 2651 3140 ἓ
2672 3085 3022 3158 Anticipemus
3041 3084 3213 3154 facere
3231 3101 3409 3158 pacem
3429 3101 3545 3140 cum
3562 3100 3644 3153 eo,
3666 3084 3842 3157 prius-

2237 3172 2393 3229 quam
2433 3155 2594 3229 faciat
2621 3172 2739 3211 cum
2764 3155 3061 3229 Alexandro
3084 3155 3356 3229 adversum
3383 3174 3475 3213 nos
3498 3173 3519 3212 :
3668 3155 3678 3157 ἡ
3806 3216 3807 3219 η

2315 3227 2692 3284 Recordabitur
2730 3228 2866 3282 enim
2901 3229 3129 3283 omnium
3160 3228 3437 3294 malorum,
3474 3243 3591 3298 qua:
3620 3229 3840 3299 fecimus

2240 3299 2297 3355 in
2320 3315 2458 3373 eum,
2490 3308 2536 3373 et
2565 3300 2619 3373 in
2644 3300 2858 3372 fratrem
2887 3301 3023 3372 ejus,
3053 3310 3100 3355 et
3125 3300 3180 3355 in
3208 3310 3406 3373 gentem
3426 3304 3562 3373 ejus.

2317 3371 2382 3427 Et
2411 3371 2549 3427 dedit
2573 3372 2621 3427 ei
2646 3370 2947 3444 potestatem
2972 3371 3323 3444 congregandi
3348 3370 3654 3444 exercitum,
3677 3380 3726 3425 et
3757 3370 3842 3441 fa-

2244 3443 2442 3499 bricare
2461 3460 2631 3512 arma,
2649 3441 2703 3516 et
2724 3459 2832 3516 esse
2857 3441 3029 3516 ipsum
3046 3441 3247 3516 socium
3268 3444 3379 3516 ejus
3400 3460 3421 3500 :
3441 3452 3487 3499 et
3507 3441 3729 3512 obsides,
3753 3445 3845 3513 qui

2239 3523 2387 3586 erant
2414 3516 2469 3570 in
2497 3530 2637 3586 arce,
2657 3514 2818 3586 jussit
2848 3513 3077 3586 tradi‘ei.

2314 3585 2383 3641 Et
2422 3587 2559 3641 venit
2594 3582 2854 3659 Io'nathas
2877 3585 2942 3659 in
2977 3582 3270 3640 Ierusalem
3307 3602 3326 3659 ς
3358 3594 3408 3659 et
3446 3585 3567 3659 legit
3593 3584 3839 3654 epistolas

2240 3658 2297 3714 in
2322 3659 2505 3729 auditu
2535 3657 2701 3713 omnis
2726 3656 2927 3729 populi,
2961 3667 3007 3713 et
3035 3674 3210 3713 eorum
3234 3658 3322 3729 qui
3350 3657 3405 3711 in
3430 3656 3548 3729 arce
3569 3667 3737 3712 erant.

2315 3727 2385 3785 Et
2405 3730 2684 3785 timuerunt
2708 3727 2889 3783 timore
2906 3744 3117 3799 magno,
3139 3727 3384 3800 quoniam
3402 3728 3682 3783 audierunt
3702 3728 3841 3798 quod

2242 3800 2385 3874 ded_it
2406 3804 2455 3857 ei
2479 3817 2572 3874 rex
2595 3808 2899 3874 potestatem
2927 3801 3277 3874 congregandi
3300 3801 3602 3874 exercitum.

2315 3869 2606 3999 lftbtraditi
2620 3880 2738 3927 sunt
2760 3869 3005 3929 Ionathw
3026 3869 3250 3943 obsides,
3279 3880 3336 3928 et
3358 3870 3590 3927 reddidit
3620 3886 3709 3925 eos
3736 3888 3840 3943 pa-

2315 3964 2333 3999 'l
2360 3964 2377 3999 ι
2413 3962 2475 3999 us
2498 3960 2604 3999 suis
2635 3961 2651 3999 :

2242 3944 2475 4003 rentibus
2498 3943 2604 3999 suis
2635 3961 2651 3999 :

2314 4014 2383 4071 Et
2424 4015 2675 4071 habitavit
2714 4013 2974 4072 Ionathas
3012 4014 3067 4071 in
3087 4012 3405 4082 Ierusalem,
3429 4023 3476 4070 et
3498 4013 3839 4087 caepitcediﬁ-

2243 4104 2383 4156 care,
2407 4096 2459 4143 et
2485 4089 2732 4143 innovare
2753 4088 3029 4144 civitatem.

2315 4159 2384 4216 Et
2417 4159 2550 4232 dixit
2579 4159 2883 4232 facientibus
2913 4175 3102 4232 opera,
3124 4167 3182 4232 ut
3215 4166 3532 4232 exstruerent
3561 4173 3758 4232 muros,
3792 4167 3844 4232 et

2242 4241 2467 4287 montem
2496 4228 2627 4288 Sion
2656 4230 2713 4303 in
2743 4228 2965 4287 circuitu
2998 4230 3255 4303 lapidibus
3280 4230 3553 4301 quadratis
3578 4229 3648 4284 ad
3668 4228 3841 4284 muni-

2244 4304 2431 4375 tionem
2456 4318 2474 4357 :
2497 4312 2547 4359 et
2566 4303 2642 4358 ita
2664 4302 2915 4375 fecerunt.

2314 4373 2384 4429 Et
2404 4371 2994 4449 fugerunt'alienigena:
3019 4421 3034 4445 ,
3075 4377 3163 4449 qui
3202 4382 3353 4432 erant
3386 4376 3443 4430 in
3475 4371 3843 4429 munitionibus

2240 4463 2369 4518 quas
2398 4445 2679 4518 Bacchides
2701 4445 3066 4516 wdiﬁcaverat.

2313 4518 2385 4573 Et
2410 4516 2621 4590 reliquit
2651 4520 3000 4592 unusquisque
3028 4520 3201 4577 locum
3230 4535 3405 4588 suum,
3439 4526 3487 4574 et
3514 4516 3640 4573 abiit
3660 4518 3713 4571 in
3735 4525 3841 4572 ter-

2243 4606 2355 4645 ram
2378 4606 2548 4646 suam.

2314 4659 2535 4734 Tantum
2572 4661 2627 4734 in
2653 4659 2914 4718 Bethsura
2942 4670 3300 4719 remanserunt
3326 4660 3493 4734 aliqui
3517 4677 3583 4716 ex
3634 4658 3718 4734 his
3747 4659 3839 4734 qui

2241 4732 2556 4859 reiliqurerant
2592 4732 2760 4805 legem
2795 4743 2842 4790 et
2868 4745 3127 4809 praecepta
3152 4735 3290 4791 Dei:
3314 4732 3425 4791 erat
3462 4734 3599 4789 enim
3632 4732 3741 4787 haec
3767 4732 3844 4786 eis

2241 4822 2272 4859 a
2336 4821 2391 4859 re
2418 4823 2615 4859 uatum.

2240 4809 2311 4859 ad
2336 4809 2615 4881 refugium.

2314 4873 2391 4952 Et
2408 4878 2606 4952 audivit
2644 4877 2937 4952 Alexander
2955 4896 3049 4936 rex
3068 4878 3321 4952 promissa
3340 4892 3456 4952 qua;
3477 4872 3709 4952 promisit
3732 4871 3812 4929 De
3826 4906 3841 4917 -

2242 4950 2454 5003 ntetrius
2482 4947 2728 5006 Ionatha:
2757 4966 2778 5006 :
2806 4960 2852 5005 et
2876 4947 3217 5006 narraverunt
3238 4952 3286 5006 ei
3309 4947 3510 5020 proelia,
3533 4956 3581 5003 et
3600 4948 3838 5020 virtutes,

2242 5036 2369 5090 Quas
2398 5021 2509 5093 ipse
2539 5022 2696 5093 fecit,
2728 5030 2777 5079 et
2804 5021 2991 5092 fratres
3015 5022 3129 5094 ejus
3146 5061 3163 5091 ,
3186 5032 3236 5077 et
3259 5016 3458 5079 labores
3474 5034 3601 5091 quos
3624 5016 3839 5074 labora-

2240 5104 2443 5148 verunt.

2308 5162 2379 5218 Et
2406 5164 2481 5219 ait
2512 5180 2531 5219 :
2564 5164 2838 5238 Numquid
2864 5166 3180 5222 inveniemus
3202 5165 3429 5234 aliquem
3446 5161 3618 5218 'virum
3639 5161 3797 5218 talem
3816 5162 3843 5218 7

2843 2669 2863 2711 :
2906 2662 2955 2709 et
2990 2662 3289 2726 receperunt
3328 2672 3445 2710 eum
3467 2696 3483 2723 ,
3522 2664 3572 2710 et
3605 2658 3840 2727 regnavit

2236 5246 2285 5295 et
2312 5252 2446 5308 nunc
2478 5238 2726 5308 faciemus
2746 5255 2859 5293 eum
2880 5239 3106 5294 amicum
3126 5245 3172 5293 et
3190 5238 3389 5293 socium
3410 5242 3664 5308 nostrum.

2240 5380 2297 5436 ά.
2311 5306 2380 5362 Et
2400 5305 2607 5381 scripsit
2629 5310 2922 5382 epistolam,
2936 5321 2983 5366 et
3004 5311 3143 5367 misit
3165 5310 3211 5367 ei
3231 5308 3514 5365 secundum
3535 5305 3648 5361 hwc
3666 5305 3842 5375 verba,

2280 5396 2416 5436 icens
2444 5397 2465 5436 :

2280 5396 2416 5437 168M
2444 5397 2465 5437 .'

2316 5453 2433 5510 Rex
2457 5452 2748 5510 Alexander
2773 5452 2928 5524 fratri
2952 5450 3195 5511 Ionathte
3213 5453 3453 5509 salutem.

2316 5525 2619 5609 Audiuimus
2644 5527 2708 5581 de
2731 5523 2806 5593 te,
2826 5525 2966 5599 quod
2992 5526 3068 5581 vir
3086 5534 3267 5600 potens
3285 5527 3356 5599 sis
3379 5523 3592 5590 viribus,
3618 5528 3665 5577 et
3687 5529 3848 5594 aptus

2245 5612 2300 5652 es
2329 5608 2386 5651 ut
2408 5598 2479 5651 sis
2500 5598 2698 5653 amicus
2719 5598 2914 5653 noster.

2320 5665 2390 5721 Et
2432 5684 2567 5723 nunc
2602 5670 2965 5725 constituimus
2990 5678 3039 5726 te
3065 5667 3220 5724 hodie
3247 5682 3508 5724 summum
3526 5663 3847 5721 sacerdotem

2249 5740 2414 5812 gentis
2439 5748 2562 5807 tua,
2590 5749 2638 5795 et
2665 5751 2719 5797 ut
2741 5742 2936 5796 amicus
2957 5743 3149 5814 voceris
3171 5744 3303 5812 regis
3323 5740 3393 5814 (et
3416 5738 3555 5794 misit
3579 5737 3627 5793 ei
3646 5752 3847 5814 purpu-

2250 5807 2384 5884 ram,
2417 5820 2464 5866 et
2489 5827 2732 5867 coronam
2760 5812 3020 5883 auream),
3060 5824 3107 5868 et
3144 5807 3261 5884 qud:
3298 5807 3477 5868 nostra
3502 5819 3623 5870 sunt
3648 5807 3847 5867 sentias

2255 5882 2539 5956 nobiscum,
2574 5895 2621 5944 et
2648 5902 2909 5946 conserves
2935 5882 3189 5942 amicitias
3215 5884 3283 5942 ad
3312 5900 3449 5943 nos.-
