4182 6338
320 347 432 409 ιω

1553 360 1758 418 LIBER
1798 362 1821 418 ι
1857 360 2432 422 MACHAIM‘IORUM.

3473 331 3626 434 Isso

400 471 469 526 Et
509 469 678 564 induit
716 487 770 529 se
806 472 1064 560 Jonatltas
1104 478 1453 564 stola-sancta
1491 481 1705 564 septimo
1730 499 1922 564 mense,
1949 485 2004 547 Α
2028 487 2104 541 eis
2132 486 2367 564 princeps
2384 499 2685 564 sermonum
2727 487 2893 556 pacis,
2915 495 2964 544 et
2987 488 3087 560 ipsi
3112 489 3368 546 auxilium
3398 492 3628 564 ferebant

324 559 467 596 anno
494 545 763 628 centisimo
789 549 1104 628 sexagesimo
1130 547 1183 628 in
1205 549 1287 628 die
1306 549 1524 606 solemni
1545 545 1924 628 διεπορεῃὶωὲ

325 625 376 668 et
406 620 733 697 cengregavit
761 619 1060 697 exercitum,
1083 630 1130 674 et
1155 621 1273 697 fecit
1293 639 1439 676 arma
1461 627 1689 697 capiosa.

372 686 470 769 _l:‘t
511 686 713 770 audivit
752 689 1044 747 Demetrius
1071 686 1220 747 verba
1245 693 1367 761 ista,
1411 705 1458 749 et
1490 686 1821 753 contristatus
1851 692 1926 755 est

325 768 510 821 nimis,
539 769 588 812 et
611 768 686 812 ait
710 777 730 816 .·

403 829 542 911 Quid
569 829 668 911 hoc
696 833 938 911 fecimus,
959 837 1103 911 quod
1126 841 1497 911 prteoccupavit
1521 857 1614 895 nos
1635 840 1926 897 Alexander
1975 872 1980 876 -

323 903 712 973 apprehendere
749 903 1030 962 amicitiam
1068 903 1374 964 Judworuni
1413 912 1480 965 ad
1509 914 1769 966 munimen
1801 915 1929 969 sui?

404 974 641 1057 scribam
671 985 719 1032 et
745 993 838 1057 ego
860 977 967 1035 illis
987 981 1139 1057 verba
1159 983 1534 1057 deprecatoria,
1557 993 1607 1039 et
1627 985 1922 1057 dignitates,

327 1054 377 1100 et
412 1046 558 1122 dona
588 1065 614 1122 :_
636 1057 696 1122 ut
720 1046 823 1122 sint
853 1067 1051 1122 mecum
1076 1053 1127 1106 in
1157 1046 1496 1122 adjutorium.

406 1116 472 1201 ιῇι
511 1119 827 1201 scripsit_eis
877 1124 930 1177 in
962 1121 1072 1179 haec
1101 1116 1253 1180 verba
1282 1141 1300 1179 :
1327 1126 1443 1183 Rex
1467 1127 1759 1183 Demetrius
1787 1130 1928 1201 genti

323 1187 636 1244 Judicorum
662 1192 884 1248 salutem
915 1210 934 1247 :

403 1261 663 1339 Quoniam
700 1268 941 1323 servastis
975 1267 1043 1321 ad
1084 1284 1176 1322 nos
1223 1277 1452 1339 pactum,
1494 1281 1540 1324 et
1572 1273 1834 1326 mansistis
1873 1273 1928 1326 in

323 1335 562 1415 amicitia
590 1345 788 1401 nostra,
821 1347 872 1415 et
898 1356 1002 1415 non
1031 1335 1316 1396 accessistis
1341 1343 1409 1394 ad
1431 1342 1664 1398 inimicos
1702 1355 1925 1415 nostros,

323 1407 619 1483 audivimus
636 1451 650 1475 ,
681 1419 730 1463 et
757 1411 920 1483 gavisi
945 1428 1143 1467 sumus.

404 1477 468 1532 Et
493 1495 632 1557 nunc
663 1477 978 1557 perseverate
1002 1484 1175 1539 adhuc
1205 1501 1504 1557 conservare
1530 1487 1599 1540 ad
1630 1503 1725 1542 nos
1747 1487 1924 1557 ﬁdem,

324 1559 373 1604 et
405 1551 741 1608 retribuemus
770 1557 910 1610 vobis
958 1555 1091 1611 bona
1134 1573 1227 1625 pro
1256 1555 1338 1612 liis
1376 1575 1492 1628 quae
1537 1559 1730 1629 fecistis
1747 1551 1930 1616 nobis;

325 1639 448 1676 cum
472 1637 494 1677 ἔ

402 1693 468 1772 βε
495 1697 812 1772 remittemus
837 1701 983 1756 vobis
1015 1701 1370 1772 prwstationes
1392 1701 1601 1770 multas,
1625 1711 1672 1756 et
1691 1701 1930 1758 dabimus

324 1765 469 1821 vobis
491 1768 816 1827 donationes.

2032 558 2269 612 omnibus
2290 557 2490 612 diebus.

2100 627 2167 684 Et
2194 631 2518 706 congregavit
2539 645 2633 684 rex
2656 628 2951 706 Alexander
2977 633 3258 688 exercitum
3283 651 3552 706 magnum,
3581 647 3628 693 et

2027 700 2252 755 admovit
2276 700 2446 756 castra
2471 711 2651 756 contra
2676 702 3016 758 Demetrium.

2095 770 2166 825 Et
2191 774 2554 849 commiserunt
2585 774 2824 846 prwlium
2854 779 2956 829 duo
2977 792 3139 849 reges,
3164 788 3211 831 et
3229 777 3362 849 fugit
3383 780 3634 836 exercitus

2027 841 2299 910 Demetrii,
2334 854 2381 898 et
2409 841 2675 901 insecutus
2703 855 2774 900 est
2808 862 2926 901 eum
2964 841 3370 917 Aléxa'nde'rfet
3403 852 3632 906 incubuit

2026 931 2183 971 super
2207 932 2315 971 €08.

2090 933 2410 1060 Eamus:
2433 989 2672 1060 praelium
2696 990 2867 1054 nimis,
2892 989 3055 1045 donec
3076 992 3265 1046 occidit
3287 994 3366 1049 sol
3389 1011 3408 1049 :
3431 1003 3477 1050 et
3501 995 3632 1052 ceci-

2029 1058 2104 1112 dit
2137 1056 2441 1114 Demetriusv
2455 1063 2509 1115 in
2531 1061 2618 1115 die
2638 1063 2750 1116 illa.

2102 1129 2170 1213 Et
2208 1131 2345 1186 misit
2379 1132 2674 1213 Alexander
2712 1132 3161 1213 ad‘Ptotemceum
3196 1151 3369 1209 regem
3415 1137 3638 1213 ngypti

2032 1201 2230 1274 legatos
2259 1205 2542 1258 secundum
2567 1204 2678 1260 haec
2702 1204 2876 1271 verba,
2909 1206 3084 1260 dicens
3115 1223 3133 1260 :

2103 1273 2362 1347 Quoniam
2387 1292 2654 1346 regressus
2679 1293 2792 1332 sum
2823 1278 2877 1331 in
2905 1293 3121 1345 regnum
3153 1295 3338 1347 meum,
3370 1290 3416 1336 et
3445 1283 3560 1338 sedi
3583 1283 3638 1338 in

2029 1345 2152 1424 sede
2175 1356 2399 1424 patrum
2441 1345 2692 1413 meorum,
2727 1349 3008 1424 etnobtinui
3036 1345 3409 1424 principatum,
3438 1365 3484 1410 et
3509 1371 3634 1411 con-

2029 1417 2153 1493 trivi
2165 1414 2503 1493 Demetrium,
2526 1429 2574 1473 et
2597 1421 2797 1490 possedi
2818 1414 3078 1493 regionem
3099 1414 3350 1491 nostram,

2102 1486 2173 1542 Et
2218 1491 2448 1570 commisi
2497 1486 2722 1570 pugnam
2770 1486 2896 1546 cuni
2929 1506 2990 1544 eo
3009 1504 3107 1570 ,het
3129 1486 3480 1570 contritusest
3508 1499 3638 1570 ipse,

2030 1569 2083 1644 et
2136 1571 2307 1614 castra
2343 1564 2458 1634 ejus
2517 1580 2548 1616 a
2599 1563 2741 1617 nobis
2770 1607 2786 1633 ,
2836 1575 2882 1618 et
2937 1563 3163 1621 sedimus
3213 1567 3268 1620 in
3319 1568 3438 1624 sede
3497 1563 3642 1642 regni

2032 1646 2146 1702 ejus
2179 1648 2198 1685 :

2103 1702 2173 1756 Et
2200 1719 2339 1758 nunc
2360 1714 2650 1762 statuamus
2678 1706 2748 1760 ad
2771 1707 2986 1763 invicem
3015 1709 3298 1766 amicitiam
3314 1725 3334 1766 :
3354 1721 3399 1766 et
3421 1712 3490 1766 da
3514 1713 3640 1766 mihi

2032 1773 2196 1852 filiam
2240 1785 2385 1829 tuam
2426 1793 2647 1852 uxorem
2676 1819 2690 1843 ,
2731 1787 2778 1833 et
2824 1796 2918 1850 ego
2962 1797 3046 1836 ero
3084 1797 3239 1852 gener
3276 1792 3415 1850 tuus,
3440 1793 3486 1839 et
3511 1784 3644 1839 dabo

401 1837 469 1931 Ital
511 1857 647 1931 nunc
673 1844 884 1931 absolvo
911 1861 1018 1910 vos,
1049 1855 1095 1900 et
1125 1862 1296 1902 omnes
1325 1845 1539 1929 Judcvos
1569 1862 1609 1931 a_
1626 1845 1854 1931 tributis,
1883 1855 1930 1902 et
1959 1869 2007 1931 Β
2032 1837 2156 1931 libi“
2156 1846 2313 1931 dona,
2339 1859 2386 1901 et
2416 1851 2520 1931 ipsi
2536 1888 2554 1917 ,
2596 1837 2767 1931 digna
2786 1860 2853 1905 te.

324 1911 499 1994 pretia
534 1911 662 1968 salis
682 1915 944 1989 indulgeo,
988 1928 1036 1972 et
1064 1933 1280 1974 coronas
1310 1919 1534 1985 remitto,
1563 1927 1610 1972 et
1640 1920 1817 1972 tertias
1844 1935 1928 1973 se-

327 1998 486 2037 minis
513 1999 532 2038 ἔ

401 2053 474 2107 Et
500 2055 773 2134 dimidiam
798 2071 1002 2134 partem
1028 2061 1224 2134 fructus
1254 2061 1403 2132 tigni,
1427 2062 1563 2133 quod
1585 2069 1659 2134 est
1678 2063 1929 2134 partionis

325 2142 497 2205 meae,
517 2129 750 2199 relinquo
786 2129 928 2188 vobis
972 2129 1036 2188 ex
1077 2129 1328 2189 hodierno
1357 2129 1462 2200 die,
1501 2143 1546 2188 et
1575 2129 1838 2205 deinceps,
1869 2151 1931 2190 ne

325 2199 616 2282 accipiatur
651 2213 867 2282 auterra
898 2205 1166 2282 _._luda,_et
1204 2223 1236 2259 a
1258 2206 1438 2282 tribus
1476 2199 1791 2282 civitatibus,
1819 2221 1933 2282 qua:

325 2270 529 2346 addin
552 2283 670 2328 sunt
695 2275 776 2328 illi
799 2293 863 2332 ex
889 2270 1156 2346 Samaria,
1178 2287 1225 2331 et
1247 2275 1472 2332 Catilina
1495 2293 1558 2331 ex
1578 2270 1934 2333 hodierna'die

327 2351 380 2396 et
406 2342 462 2420 in
487 2353 652 2420 totum
675 2357 894 2420 tempus.

404 2413 474 2468 Et
505 2413 800 2474 Jerusalem
826 2422 892 2476 sit
920 2429 1123 2486 sancta,
1150 2430 1199 2476 et
1229 2421 1392 2476 libera
1420 2437 1537 2475 cum
1562 2421 1754 2486 ﬁnibus
1779 2420 1885 2476 suis
1913 2435 1931 2474 :

331 2493 384 2541 et
410 2486 642 2565 decimis,
666 2501 712 2546 et
737 2492 929 2548 tributa
949 2493 1112 2565 ipsius
1134 2493 1257 2548 sint.

407 2555 635 2636 Remitto
666 2565 821 2618 etiam
849 2555 1148 2632 potestatem
1188 2565 1345 2629 arcis,
1381 2579 1498 2636 quae
1531 2573 1605 2620 est
1643 2563 1696 2618 in
1717 2563 1936 2620 Jerusa-

332 2630 439 2685 lem
459 2647 480 2685 :
501 2641 547 2686 et
571 2634 637 2687 do
666 2650 778 2690 eam
799 2630 1000 2691 summo
1021 2637 1297 2705 sacerdoti,
1324 2630 1681 2691 ut'constituat
1704 2637 1760 2690 in
1782 2653 1842 2690 ea
1865 2637 1940 2689 vi-

334 2718 802 2780 ros_quoscumque
841 2710 952 2777 ipse
972 2708 1202 2780 elegerit,
1225 2709 1315 2780 qui
1336 2708 1631 2763 custodiant
1658 2725 1790 2762 eam.

411 2772 481 2828 Et
521 2772 727 2852 omnem
761 2772 990 2834 animam
1027 2772 1354 2848 Judworum,
1398 2796 1513 2848 qua:
1552 2781 1753 2852 captiva
1793 2787 1879 2852 est,
1906 2795 1940 2833 a

341 2855 486 2900 terra
509 2847 654 2902 Juda
680 2851 733 2904 in
755 2853 894 2924 omni
913 2869 1071 2924 regno
1093 2867 1225 2920 meo,
1252 2847 1486 2924 relinquo
1513 2847 1728 2906 liberam
1749 2851 1936 2922 gratis,

336 2927 399 2972 ut
421 2935 597 2995 amnes
621 2938 652 2974 a
676 2923 880 2995 tributis
908 2923 1198 2992 solvantur,
1227 2925 1379 2979 etiam
1409 2939 1653 2995 pecorum
1672 2938 1902 2995 suorum.

413 2988 486 3044 Et
510 3008 686 3049 omnes
714 2994 823 3050 dies
852 2995 1123 3059 solemnes,
1152 2988 1199 3049 et
1223 2988 1458 3060 sabbata,
1491 3004 1538 3048 et
1565 2994 1862 3059 neomeniai,
1892 3002 1942 3048 et

340 3061 453 3116 dies
494 3063 704 3127 decreti,
751 3078 799 3122 et
835 3077 938 3121 tres
985 3068 1092 3122 dies
1123 3078 1241 3122 ante
1268 3068 1403 3121 diem
1431 3066 1733 3131 solemnem,
1762 3076 1809 3119 et
1841 3077 1942 3121 tres

339 3134 454 3189 dies
485 3144 601 3203 post
635 3137 771 3193 diem
809 3138 1086 3193 solemnem
1114 3139 1216 3194 sint
1238 3155 1410 3194 onmes
1432 3137 1774 3192 immanitatis
1795 3145 1842 3191 et
1863 3153 1943 3192 re-

339 3207 607 3281 mis_sionis
645 3210 877 3265 omnibus
903 3208 1129 3277 Judatis,
1158 3212 1244 3276 qui
1269 3221 1384 3266 sunt
1405 3211 1459 3264 in
1484 3225 1642 3281 regno
1663 3225 1798 3264 meo.

2108 1917 2176 1972 Et
2217 1917 2484 1991 respondit
2518 1936 2610 1976 rex
2643 1917 2958 1978 Ptolemwus
2999 1925 3176 1979 dicens
3201 1941 3220 1979 :
3249 1923 3404 1981 Felix
3425 1927 3560 1992 dies,
3586 1928 3642 1981 in

2034 2006 2137 2065 qua
2159 2006 2404 2065 reversus
2431 2008 2483 2046 es
2521 1993 2590 2045 ad
2635 2001 2828 2049 terram
2879 2005 3087 2065 patrum
3133 2005 3361 2064 tuorum,
3389 2007 3436 2053 et
3461 1999 3644 2053 sedisti

2033 2061 2090 2115 in
2117 2062 2239 2134 sede
2262 2064 2410 2134 regni
2434 2080 2634 2118 eorum.

2107 2131 2179 2208 Et
2198 2131 2338 2208 nunc
2362 2135 2556 2206 faciam
2579 2137 2671 2190 tibi
2690 2137 2829 2208 quod
2850 2137 3107 2206 scripsisti
3130 2153 3150 2194 :
3169 2138 3262 2193 sed
3283 2155 3499 2198 occurre
3517 2141 3645 2195 mihi

2035 2203 2444 2283 Ptolemaidam,
2474 2217 2536 2283 ut
2578 2203 2844 2264 videamus
2887 2203 3104 2265 invicem
3143 2227 3261 2280 nos,
3291 2221 3338 2265 et
3365 2213 3648 2283 spondeam

2036 2277 2126 2331 tibi
2152 2280 2285 2332 sicut
2305 2279 2504 2334 dixisti.

2110 2348 2177 2428 βε
2210 2349 2368 2428 exivit
2399 2350 2718 2428 Ptotenyeu‘s
2758 2353 2833 2428 de_
2858 2350 3118 2428 {Egyptm
3151 2354 3262 2425 ipse
3297 2364 3345 2428 et
3368 2355 3649 2428 Cleopatra

2037 2420 2151 2501 [ilia
2174 2422 2309 2491 ejus,
2341 2430 2389 2501 et
2409 2424 2544 2478 venit
2570 2420 2958 2479 Ptolemaidam
2971 2420 3115 2480 anno
3138 2420 3417 2483 centesimo
3435 2420 3649 2501 sexage-

2039 2492 2170 2546 simo
2193 2494 2444 2549 secundo.

2111 2561 2179 2643 _Et
2219 2567 2442 2620 occurrit
2463 2568 2511 2622 ei
2535 2565 2831 2643 Alexander
2849 2584 2965 2643 rex,
2995 2577 3046 2643 et
3071 2568 3214 2643 de_dit
3233 2569 3292 2643 ei
3323 2569 3652 2643 CleOpatram

2039 2635 2204 2703 ﬁliam
2241 2653 2419 2712 suam,
2465 2649 2511 2692 et
2549 2639 2668 2712 fecit
2711 2639 2918 2710 nuptias
2960 2642 3073 2712 ejus
3115 2635 3481 2712 Ptolemaidté,
3514 2645 3650 2698 sicut

2041 2723 2208 2779 reges,
2241 2709 2294 2760 in
2323 2726 2512 2779 magna
2539 2709 2729 2779 gloria.

2213 2777 2428 2852 scripsit
2441 2777 2852 2837 rex—Alexander
2869 2780 3136 2851 Jonatliaa,
3161 2792 3218 2837 ut
3240 2784 3432 2838 veniret
3452 2785 3651 2841 obviam

2079 2868 2088 2903 ι
2127 2868 2162 2905 ι.

2045 2867 2162 2905 8101.

2115 2922 2184 2998 Et
2229 2924 2354 2978 abiit
2393 2939 2512 2998 cum
2552 2925 2721 2998 gloria
2763 2924 3182 2992 Ptolemaidam,
3224 2936 3272 2981 et
3314 2929 3538 2982 occurrit
3578 2930 3652 2984 ibi

2045 2993 2246 3048 duobus
2294 2993 2624 3070 regibusfet
2667 2998 2810 3051 dedit
2848 2999 2953 3052 illis
2995 3007 3266 3070 argentum
3305 3002 3561 3066 multum,
3605 3009 3652 3054 et

2045 3081 2255 3140 aurum,
2273 3077 2322 3120 et
2347 3069 2507 3134 dona,
2537 3078 2586 3121 et
2607 3068 2799 3123 invenit
2827 3068 3125 3140 gratiamin
3145 3081 3420 3139 conspectu
3446 3087 3648 3130 eorum.

2121 3137 2187 3210 Et
2220 3149 2565 3194 convenerunt
2595 3137 2844 3194 adversus
2869 3157 2985 3194 eum
3017 3141 3114 3194 viri
3141 3137 3437 3210 pestilentes
3467 3159 3530 3198 ex
3557 3142 3643 3198 Is-

2048 3207 2156 3283 rael
2181 3250 2196 3276 ,
2223 3211 2341 3283 viri
2366 3211 2545 3283 iniqui
2581 3211 2971 3283 interpellantes
3001 3207 3252 3268 adversus
3277 3230 3393 3268 eum
3421 3229 3438 3266 :
3466 3223 3515 3267 et
3550 3232 3653 3271 non

416 3259 1946 3354 Et*_seu;'iii‘igiuftaiaiagu'ita;antiit,nam“
1973 3259 2020 3324 C
2050 3259 2486 3354 ungulatis;
2515 3299 2627 3336 rex.

339 3351 552 3423 negotia
595 3354 838 3408 adversus
873 3353 1099 3423 aliquem
1127 3351 1342 3408 illorum
1370 3355 1424 3407 in
1452 3353 1592 3407 omni
1619 3369 1800 3406 causa.

417 3422 485 3497 Et
511 3426 840 3480 ascribantur
863 3442 925 3480 ex
947 3422 1217 3497 Juda’islin
1244 3427 1468 3480 exercitu
1493 3425 1628 3496 regis
1648 3424 1716 3478 ad
1734 3424 1949 3497 triginta

339 3495 518 3567 millia
546 3497 794 3560 virorum,
825 3507 872 3551 et
903 3496 1163 3552 dabuntur
1193 3497 1299 3552 illis
1321 3498 1504 3566 capite,
1529 3495 1586 3548 ut
1616 3495 1819 3567 Oportet
1839 3513 1949 3551 om-

341 3566 497 3650 nibus
537 3570 842 3652 exercitibus
872 3569 1028 3652 regis,
1059 3577 1105 3623 et
1135 3585 1197 3652 ex
1219 3569 1293 3624 eis
1325 3567 1702 3622 ordinabuntur
1730 3569 1818 3638 qui
1843 3570 1949 3622 sint

340 3638 403 3693 in
429 3640 804 3714 munitionibus
831 3638 965 3714 regis
992 3641 1164 3710 magni
1193 3657 1212 3695 ,ο

419 3707 494 3764 Et
533 3726 600 3764 ex
639 3707 1136 3785 hisconsiituentur
1175 3728 1332 3785 super
1377 3711 1580 3785 negotia
1620 3710 1796 3785 regni,
1833 3727 1950 3782 quae

343 3789 574 3854 aguntur
605 3799 671 3838 ex
710 3783 835 3854 ﬁde,
883 3795 930 3839 et
976 3785 1238 3852 principes
1266 3783 1367 3837 sint
1397 3781 1461 3838 ex
1489 3784 1583 3851 eis,
1615 3792 1661 3837 ct
1684 3781 1950 3854 ambulent

343 3853 402 3907 in
431 3853 629 3927 l_egibus
651 3853 780 3921 suis,
810 3856 942 3910 sicut
971 3856 1210 3927 praecepit
1240 3871 1329 3908 rex
1357 3855 1413 3908 in
1444 3864 1581 3927 terra
1609 3853 1775 3908 Juda.

419 3923 496 3978 Et
520 3934 622 3982 tres
652 3927 903 3996 civitates,
934 3943 1048 3996 qua:
1073 3923 1266 3982 additae
1283 3935 1402 3980 sunt
1432 3924 1634 3981 Ιιιάιειυ
1660 3941 1723 3979 ex
1745 3925 1950 3995 regione

345 3997 631 4066 Samarite,
665 4015 781 4053 cum
809 3995 998 4053 Juda'a
1035 4007 1334 4068 reputentur
1367 4013 1384 4050 :
1418 4008 1472 4051 ut
1509 3999 1610 4051 sint
1639 3995 1730 4050 sub
1751 4012 1876 4060 uno,
1901 4006 1950 4050 et

344 4086 456 4122 non
497 4069 738 4125 obediant
776 4070 964 4125 alienat
998 4067 1260 4134 potestati,
1299 4069 1398 4123 nisi
1431 4067 1616 4123 summi
1647 4069 1948 4122 sacerdotis.

422 4088 456 4122 η
497 4088 738 4125 ooeaiant
776 4088 964 4125 auena:
1035 4088 1260 4134 otestau,
1299 4088 1397 4123 nisi
1431 4088 1615 4123 summi
1647 4088 1948 4122 saceraous.

420 4139 776 4206 Ptolemaida,
808 4151 853 4216 et
882 4088 1106 4216 conﬁnes
1124 4145 1267 4216 ejus,
1293 4157 1422 4216 quas
1450 4140 1570 4196 dedi
1598 4140 1794 4216 donum
1821 4157 1950 4195 san-

345 4211 482 4281 ctis,
531 4217 621 4285 qui
663 4221 786 4270 sunt
826 4215 881 4268 in
923 4211 1216 4270 Jerusalem
1252 4211 1320 4266 ad
1361 4211 1673 4268 necessarios
1717 4219 1952 4283 sumptus

344 4293 676 4342 sanctorum.

423 4353 497 4410 Et
535 4373 627 4428 ego
667 4359 733 4414 do
771 4357 992 4428 singulis
1020 4357 1169 4413 annis
1193 4357 1488 4429 quindecim
1515 4355 1683 4411 millia
1705 4355 1951 4410 siclorum

350 4429 556 4504 argenti
581 4429 644 4484 de
667 4431 952 4504 rationibus
978 4432 1133 4504 regis,
1166 4446 1284 4502 quae
1312 4445 1390 4504 me
1419 4429 1720 4504 contingunt
1749 4442 1768 4479 :

424 4497 497 4552 Et
534 4517 703 4570 omne,
746 4502 884 4574 quod
923 4497 1189 4574 reliquum
1209 4502 1386 4574 fuerit,
1419 4501 1557 4574 quod
1580 4497 1683 4552 non
1710 4498 1952 4574 reddide-

348 4581 472 4647 rant
499 4574 588 4642 qui
613 4567 769 4647 super
792 4574 1002 4647 negotia
1024 4567 1171 4628 erant
1192 4567 1343 4647 annis
1363 4573 1417 4627 in
1432 4567 1547 4644 [AL
1574 4578 1680 4626 lac.
1706 4567 1784 4640 in]
1808 4571 1951 4640 prio-

348 4645 519 4717 ribus.
552 4661 616 4700 ex
643 4644 739 4700 hoc
766 4646 962 4700 dabunt
988 4646 1046 4700 in
1075 4661 1230 4717 Opera
1259 4644 1462 4717 domus.

426 4714 497 4769 Et
524 4734 684 4787 super
707 4718 817 4773 haec
845 4720 1068 4788 quinque
1103 4713 1273 4772 millia
1306 4716 1553 4788 siclorum
1587 4713 1807 4788 argenti,
1839 4729 1958 4785 qua:

351 4788 675 4866 accipiebant
703 4790 767 4844 de
795 4787 1111 4866 sanctorum
1135 4789 1338 4842 ratione
1376 4803 1466 4866 per
1485 4787 1716 4866 singulos
1739 4803 1904 4866 annos
1938 4802 1957 4840 :

352 4870 403 4914 et
435 4859 544 4915 hinc
569 4861 638 4915 ad
665 4863 955 4916 sacerdotes
982 4861 1292 4932 pertineant,
1315 4862 1404 4930 qui
1426 4858 1712 4911 ministerio
1732 4859 1958 4928 fungun-

355 4941 467 4986 tur.

428 5000 502 5084 Et
539 5003 1281 5084 quicumque'contugerint
1310 5000 1581 5084 templum,
1605 4999 1741 5084 quod
1771 5010 1842 5053 est
1862 4998 1959 5084 Je-

353 5074 658 5155 rosotginis,
699 5074 830 5155 etin
863 5074 1095 5155 omnibus
1131 5075 1323 5155 ﬁnibus
1352 5077 1488 5147 ejus,
1529 5074 1738 5128 obnoxii
1767 5074 1875 5155 regi
1904 5074 1959 5155 in

356 5145 521 5201 omni
542 5147 744 5219 negotio
770 5145 1202 5214 dimittantur,et
1228 5145 1492 5213 universa,
1518 5161 1632 5217 qua:
1659 5156 1778 5201 sunt
1807 5145 1878 5198 eis
1906 5145 1960 5198 in

357 5234 520 5288 regno
544 5235 677 5283 meo,
705 5220 866 5274 libera
894 5221 1136 5275 habeant.

432 5289 504 5345 Et
528 5291 600 5344 ad
626 5291 959 5363 aediﬁcanda,
984 5293 1060 5346 vel
1088 5290 1429 5346 restauranda
1458 5305 1614 5363 Opera
1637 5297 1957 5356 sanctorum,

356 5374 598 5434 sumJnus
632 5362 894 5417 dabuntur
928 5365 991 5416 de
1016 5363 1216 5417 ratione
1242 5363 1379 5434 regis
1403 5378 1422 5417 :

477 5431 506 5487 ἴι
535 5434 605 5487 ad
629 5435 969 5490 exstruendos
989 5450 1164 5489 muros
1182 5435 1236 5488 in
1261 5431 1370 5506 [AL
1388 5443 1492 5490 lac.
1508 5434 1580 5506 in]
1601 5431 1896 5506 Jerusalem
1915 5439 1963 5485 et

359 5506 788 5561 communiendos
828 5508 883 5561 in
926 5507 1170 5573 circuitu,
1210 5503 1448 5574 sumptus
1485 5503 1745 5559 dabuntur
1785 5503 1850 5559 de
1877 5519 1964 5556 ra-

360 5577 501 5650 tione
530 5579 685 5650 regis,
717 5588 762 5631 et
791 5579 859 5632 ad
885 5578 1258 5650 constt-vendas
1284 5593 1458 5632 muros
1484 5580 1535 5630 in
1564 5575 1775 5650 Judwa.

439 5647 511 5705 Ut
554 5647 752 5702 audivit
790 5659 963 5705 autem
1004 5648 1297 5717 Jouathas,
1347 5661 1394 5704 et
1438 5649 1662 5720 populus
1701 5661 1960 5702 sermones

364 5721 516 5785 istos,
539 5736 642 5774 non
667 5722 998 5776 crediderunt
1028 5723 1124 5786 eis,
1155 5737 1246 5775 nec
1266 5730 1565 5793 receperunt
1588 5736 1670 5775 eos
1699 5721 1966 5793 :_quia_re-

364 5793 573 5847 cordati
607 5801 729 5846 sunt
757 5795 971 5848 malitia:
994 5808 1216 5864 magnas,
1242 5789 1398 5863 quam
1419 5793 1607 5863 fecerat
1631 5793 1684 5846 in
1706 5789 1896 5858 Israel,
1919 5796 1966 5843 et

366 5864 815 5940 trilnilavequteos
835 5865 1005 5940 valde.

441 5934 514 5990 Et
549 5934 866 6007 contplacuit
903 5938 976 5993 eis
1013 5937 1068 5990 in
1105 5935 1480 6008 Alexandrum,
1506 5936 1630 6008 quia
1656 5934 1765 6007 ipse
1794 5935 1967 6006 fuerat

660 6029 937 6093 PATROL.
988 6027 1214 6092 XXIX
1231 6068 1251 6092 .

2125 3351 2192 3406 Et
2205 3355 2372 3424 jussit
2399 3355 2617 3424 spatiari
2643 3353 2936 3409 Ionatham
2983 3355 3206 3410 vestibus
3245 3356 3354 3410 suis
3379 3396 3394 3420 ,
3427 3365 3478 3411 et
3503 3357 3657 3412 indui

2052 3440 2168 3478 eum
2195 3442 2434 3496 purpura
2462 3441 2482 3478 :
2512 3435 2561 3480 et
2595 3429 2669 3479 ita
2693 3428 2947 3496 fecerunt.
2995 3427 3061 3480 Et
3091 3425 3370 3482 collocavit
3404 3445 3523 3483 eum
3567 3445 3660 3484 rex

2051 3497 2232 3550 sedere
2260 3513 2458 3550 secum.

2124 3565 2376 3638 Dixitque
2422 3567 2744 3638 principibus
2789 3570 2942 3623 suis:
2993 3567 3147 3624 Exite
3184 3587 3302 3624 cum
3334 3587 3394 3626 eo
3426 3571 3656 3626 medium

2053 3639 2276 3710 civitatis
2296 3680 2312 3703 ,
2363 3652 2409 3694 et
2431 3641 2721 3710 prwdicate
2743 3683 2758 3708 ,
2809 3652 2865 3694 ut
2893 3657 3042 3695 nemo
3071 3642 3318 3697 adversus
3347 3659 3464 3696 eum
3493 3644 3658 3697 inter-

2053 3709 2222 3784 pellet
2253 3711 2316 3764 de
2340 3709 2450 3766 ullo
2481 3714 2688 3782 negotio
2711 3753 2727 3780 ,
2777 3728 2871 3766 nec
2912 3713 3187 3784 quisquam
3223 3715 3269 3767 ei
3314 3716 3557 3769 molestus
3587 3716 3655 3769 sit

2053 3782 2117 3836 de
2147 3782 2258 3836 ulla
2285 3784 2511 3836 ratione.

2126 3851 2192 3906 Et
2222 3857 2418 3930 factum
2448 3863 2524 3908 est
2551 3899 2564 3922 ,
2599 3855 2936 3930 ut__viderunt
2969 3855 3059 3926 qui
3094 3855 3498 3924 interpellabant
3535 3858 3654 3930 glo-

2052 3925 2346 4000 riamejus,
2379 3941 2497 3993 qua:
2526 3926 2936 3997 prtedicabatur,
2961 3925 3010 3980 et
3041 3937 3277 3999 Opertum
3309 3945 3422 3982 eum
3456 3925 3657 4000 pur'pu-

2054 4013 2146 4062 ra,
2182 3997 2425 4067 fugerunt
2457 4012 2635 4051 omnes
2666 4013 2686 4050 :

2125 4067 2194 4121 Et
2221 4068 2570 4138 magniﬁcavit
2601 4084 2718 4122 eum
2752 4084 2846 4122 rex
2869 4114 2895 4141 ,γ
2915 4078 2961 4120 et
2993 4070 3202 4139 scripsit
3232 4087 3349 4124 eum
3381 4072 3516 4125 inter
3545 4075 3654 4141 pri-

2054 4155 2165 4215 mos
2194 4141 2419 4203 amicos,
2451 4147 2498 4192 et
2525 4141 2697 4210 posuit
2727 4156 2841 4193 eum
2863 4140 3071 4206 ducem,
3102 4154 3146 4195 rt
3171 4143 3477 4213 participem
3507 4140 3657 4215 prin-

2053 4228 2099 4265 ει
2109 4223 2256 4265 natus
2281 4229 2300 4265 ἔ

2123 4230 2256 4265 talus
2281 4230 2300 4265 :

2106 4230 2204 4358 {Et
2226 4299 2457 4338 reversus
2485 4292 2559 4336 est
2585 4279 2846 4338 Jonatlias
2874 4282 2928 4336 in
2959 4281 3256 4338 Jerusalem
3292 4301 3408 4339 cum
3450 4303 3576 4358 pace
3610 4295 3657 4344 et

2054 4354 2260 4410 twtitia.

2132 4425 2200 4480 In
2229 4442 2369 4480 anno
2405 4426 2720 4498 centesimo’
2742 4426 3063 4498 sexagesimo
3083 4428 3262 4498 quinto
3289 4431 3424 4482 venit
3470 4429 3655 4486 Dente.

2057 4498 2188 4572 tritis
2217 4498 2359 4572 ﬁlius
2392 4497 2641 4572 Demetrii
2669 4513 2702 4572 a
2728 4495 2884 4552 Creta
2904 4499 2956 4551 in
2979 4495 3164 4554 terram
3187 4512 3392 4572 patrum
3418 4518 3651 4556 suorum.

2130 4569 2199 4623 Et
2225 4569 2423 4622 audivit
2454 4569 2752 4640 Alexander
2779 4586 2872 4624 rex
2891 4611 2905 4636 ,
2936 4580 2983 4623 et
3012 4569 3349 4625 contristatus
3375 4581 3450 4624 est
3479 4573 3651 4640 valde,

1980 4658 2036 4720 Ῑ)
2060 4649 2109 4696 et
2138 4648 2473 4720 recentisest
2515 4639 2866 4720 Antiochiam.

2131 4712 2200 4766 Et
2227 4711 2498 4786 constituit
2529 4708 2828 4786 Demetrius
2857 4728 2948 4766 rex
2967 4711 3304 4784 Apollonium
3327 4714 3530 4782 ducem,
3561 4716 3652 4786 qui

2060 4792 2282 4858 prwerat
2335 4780 2630 4858 Caelesgrite
2655 4793 2780 4858 _:_et
2827 4780 3180 4858 congregavit
3209 4786 3491 4858 exercitum
3518 4780 3652 4858 ma-

2060 4851 2251 4928 gnum,
2279 4865 2327 4908 et
2363 4851 2575 4928 accessit
2598 4853 2665 4906 ad
2689 4851 2958 4909 Jamniarn
2981 4851 3080 4912 :Vet
3112 4856 3249 4910 misit
3284 4857 3355 4908 ad
3384 4856 3655 4912 Jonatlian

2061 4925 2318 4984 summum
2346 4925 2687 4980 sacerdotem.

2134 4996 2364 5072 Dicens:
2391 4996 2474 5072 _Tu
2512 4996 2890 5072 solusiresistis
2929 4999 3084 5072 nobis
3108 5015 3126 5054 :
3153 5016 3247 5072 ego
3277 5008 3451 5053 autem
3484 5002 3654 5070 factus

2062 5087 2179 5127 sum
2207 5073 2262 5126 in
2289 5069 2518 5124 derisum
2545 5113 2560 5138 ,
2593 5080 2640 5124 et
2667 5071 2722 5131 in
2751 5071 3113 5141 opprobrium,
3150 5069 3421 5142 propterea
3445 5069 3569 5140 quia
3599 5082 3654 5126 tu

2063 5150 2366 5216 potestatem
2391 5143 2798 5216 adversum_n_os
2826 5157 3029 5216 exerces
3055 5142 3110 5216 i_n_
3134 5141 3388 5216 montibus
3413 5158 3432 5216 .f

2138 5213 2298 5270 Nunc
2325 5230 2442 5285 ergo
2486 5215 2529 5268 si
2558 5213 2782 5282 confidis
2821 5215 2876 5266 in
2909 5213 3183 5267 virtutibus
3224 5213 3366 5285 tuis,
3401 5213 3655 5271 descende

2065 5287 2135 5342 ad
2165 5303 2258 5341 nos
2302 5287 2355 5339 in
2386 5284 2636 5358 campum
2657 5325 2693 5358 ,_
2717 5300 3070 5354 comparemus
3097 5285 3210 5338 illic
3242 5284 3498 5341 invicem:
3530 5289 3656 5358 quia

2067 5375 2266 5413 mecum
2293 5366 2368 5412 est
2402 5354 2562 5410 virtus
2590 5354 2863 5410 bellorum.

2140 5429 2414 5501 Interroga
2441 5469 2456 5494 ,
2513 5437 2574 5501 ct_
2598 5427 2747 5501 disce
2769 5429 2908 5501 quis
2939 5442 3068 5501 sum
3092 5443 3187 5498 ego
3213 5472 3228 5497 ,
3260 5437 3311 5482 et
3336 5430 3540 5496 centeri,
3569 5430 3667 5500 qui

2070 5500 2267 5556 auxilio
2313 5497 2431 5553 sunt
2479 5497 2638 5565 mihi,
2690 5499 2794 5572 qui
2827 5509 2874 5551 et
2914 5499 3133 5553 dicunt:
3176 5501 3302 5572 quia
3349 5517 3454 5555 non
3491 5497 3668 5570 potest

2063 5584 2204 5627 stare
2231 5588 2318 5642 pes
2347 5580 2512 5625 vester
2539 5579 2661 5623 ante
2691 5570 2876 5641 faciem
2908 5579 3135 5624 nostram
3163 5570 3196 5638 ,“
3219 5573 3338 5640 quia
3367 5572 3444 5626 bis
3483 5576 3534 5626 in
3567 5575 3654 5642 fu-

2067 5661 2190 5717 gant
2213 5643 2438 5697 conversi
2465 5651 2584 5696 sunt
2612 5651 2784 5717 patres
2811 5642 2886 5696 tui
2907 5642 2959 5696 in
2985 5649 3126 5717 terra
3149 5659 3263 5698 sua.

2141 5713 2210 5768 Et
2255 5731 2393 5768 nunc
2431 5714 2692 5782 quomodo
2748 5718 2940 5784 poteris
2989 5715 3244 5769 sustinere
3287 5715 3568 5784 equitatum
3606 5726 3657 5770 et

2072 5789 2352 5842 exercitum
2388 5793 2590 5858 tantum
2619 5785 2674 5839 in
2693 5801 2917 5858 campo,
2945 5785 3032 5840 ubi
3071 5801 3175 5840 non
3205 5797 3279 5842 est
3309 5787 3466 5857 lapis,
3497 5803 3657 5858 neque

2073 5875 2287 5922 saxum,
2314 5873 2478 5925 neque
2502 5857 2646 5910 locus
2676 5857 2911 5927 fugiendi
2934 5860 2958 5912 Ρ

2156 5929 2223 5986 Ut
2249 5929 2449 5986 audivit
2471 5939 2643 5985 autem
2669 5927 2926 5985 Jonatlias
2952 5945 3210 5986 sermones
3234 5927 3523 6002 Apollonii,
3554 5944 3668 5985 mo-

3190 6021 3261 6079 16
