4182 6338
293 354 398 414 ιθδ

291 553 337 620 et
370 546 671 620 inimicitias
702 547 1019 620 exercituum
1041 550 1155 620 ejus
1177 547 1424 600 adversus
1445 547 1614 601 illum.
1652 546 1718 602 Et
1747 565 1890 604 man-

291 614 359 667 sit
386 617 454 668 ibi
486 617 662 672 diebus
690 619 890 673 multis.

364 685 436 740 Et
464 689 601 767 misit
629 687 884 745 Jonathas
911 689 980 767 ad
1011 686 1328 767 Qemetrium
1355 705 1566 767 regem,
1597 700 1652 745 ut
1684 691 1892 767 ejiceret

290 774 400 824 cos,
431 761 519 830 qui
550 762 603 814 in
633 778 752 816 arce
780 762 1000 834 erantin
1020 759 1335 834 Jerusalem,
1368 759 1523 833 et’qui
1549 763 1601 817 in
1631 759 1895 834 privsidiis

289 840 443 905 erant
473 849 492 886 :
521 834 652 905 quia
671 832 1063 905 impugnabant_
1079 831 1270 905 Israel.

368 901 436 955 Et
459 901 596 958 misit
619 901 915 960 Demetrius
939 906 1008 959 ad
1027 902 1343 974 Jonatham,
1377 906 1555 961 dicens
1585 923 1603 962 :
1633 905 1754 963 Non
1782 907 1894 964 htec

293 981 497 1028 tantum
531 976 723 1045 faciam
760 977 873 1045 tibi,
907 985 954 1030 et
985 979 1124 1050 genti
1155 987 1274 1042 tute,
1306 979 1397 1033 sed
1429 979 1595 1050 gloria
1620 979 1893 1037 illustrabo

293 1055 443 1119 tc,_et
474 1058 673 1119 gentem
700 1059 841 1104 tuam
872 1065 987 1103 cum
1015 1051 1175 1119 fuerit
1199 1059 1571 1118 opportunum.

368 1116 530 1172 Nunc
560 1137 683 1193 ergo
708 1133 843 1177 recte
867 1116 1071 1190 feceris,
1104 1123 1149 1176 si
1177 1116 1377 1176 miseris
1403 1123 1458 1176 in
1483 1122 1740 1178 auxilium
1769 1123 1896 1178 mihi

291 1190 432 1262 viros
455 1207 473 1243 :
502 1190 636 1262 quia
652 1193 886 1248 discessit
915 1194 1080 1247 omnis
1105 1193 1356 1249 exercitus
1380 1205 1542 1250 meus.

367 1261 438 1337 Et
483 1265 623 1337 misit
671 1267 716 1319 ei
763 1264 1018 1320 Jonathas
1065 1267 1166 1337 tria
1209 1265 1379 1320 millia
1427 1267 1654 1322 virorum
1683 1267 1895 1337 fortium

295 1333 670 1411 Antiochiam:
700 1344 747 1390 et
789 1345 1037 1391 venerunt
1081 1335 1149 1391 ad
1191 1352 1384 1411 regem,
1418 1349 1467 1394 et
1497 1333 1780 1394 delectatus
1821 1349 1897 1394 est

289 1421 387 1460 rex
414 1407 467 1459 in
500 1408 720 1464 adventu
748 1425 944 1463 eorum.

368 1477 438 1554 [fit
469 1490 832 1554 convenerunt,
865 1481 1128 1554 quierant
1153 1481 1216 1535 de
1245 1482 1452 1554 civitate
1479 1489 1684 1536 centum
1712 1481 1896 1554 viginti

294 1549 464 1623 ntil_lia
483 1552 743 1623 virorum,
773 1560 821 1605 et
851 1551 1085 1607 volebant
1104 1553 1396 1622 interﬁcere
1425 1570 1616 1623 regem.

367 1619 438 1698 Et
465 1621 710 1698 fug-itrex
735 1625 790 1677 in
808 1625 992 1698 aulam
1017 1641 1035 1679 :
1063 1635 1110 1678 et
1140 1619 1519 1698 occupaverunt
1546 1625 1636 1698 qui
1660 1634 1807 1680 erant
1834 1626 1898 1682 de

297 1693 539 1770 civitate,
558 1695 745 1770 itinera
774 1695 1012 1770 civitatis,
1042 1705 1089 1751 et
1119 1693 1379 1770 coeperunt
1407 1693 1664 1770 pugnare.

366 1763 440 1819 Et
479 1768 676 1820 vocavit
709 1783 803 1822 rex
829 1768 1042 1822 Judteos
1083 1769 1138 1822 in
1166 1763 1443 1834 auxilium,
1476 1763 1523 1822 et
1551 1779 1896 1824 convenerunt

295 1853 474 1891 omnes
504 1838 660 1893 simul
691 1840 761 1892 ad
795 1855 933 1908 eum,
965 1850 1013 1894 et
1049 1841 1269 1912 dispersi
1300 1850 1419 1894 sunt
1448 1856 1622 1896 omnes
1650 1857 1741 1912 per
1774 1842 1897 1895 civi-

291 1916 452 1962 tatem
477 1924 495 1962 .'

370 1979 439 2032 Et
467 1981 766 2036 occiderunt
795 1981 851 2036 in
870 1980 971 2037 illa
998 1982 1083 2036 die
1113 1992 1312 2037 centum
1339 1981 1509 2038 millia
1534 1983 1822 2052 hominum,
1849 1993 1898 2038 et

294 2053 675 2127 succenderunt
697 2053 973 2122 civitatem,
1007 2063 1052 2108 et
1081 2064 1326 2127 ceperunt
1353 2057 1522 2127 spolia
1544 2057 1709 2110 multa
1735 2060 1789 2110 in
1813 2058 1898 2111 die

292 2123 420 2198 illa_,_
440 2134 490 2179 et
519 2125 860 2180 liberaverunt
881 2142 1070 2198 regem.

369 2194 440 2269 Et
473 2198 708 2269 viderunt
742 2199 829 2269 qui
863 2194 1010 2253 erant
1040 2199 1103 2253 de
1127 2199 1354 2268 civitate,
1390 2200 1528 2264 quod
1558 2199 1898 2254 obtinuissent

295 2264 480 2322 Judaei
525 2264 781 2325 civitatem
799 2309 821 2341 ,ί
866 2270 997 2324 sicut
1044 2270 1283 2326 volebant
1310 2264 1422 2326 :Vet
1476 2272 1725 2341 infirmati
1779 2280 1898 2326 sunt

297 2353 466 2464 gente
518 2356 634 2411 sua,
683 2350 728 2396 et
773 2340 1124 2397 clamaverunt
1168 2343 1237 2396 atl
1283 2359 1454 2414 regem
1503 2340 1617 2397 cum
1663 2342 1898 2414 precibus

339 2422 531 2464 tcentes
556 2427 574 2464 :

339 2422 531 2466 tcentes
556 2427 574 2465 .'

372 2480 634 2566 Danobis
661 2483 872 2541 dextras
891 2527 906 2552 ,
937 2493 982 2540 et
1015 2495 1207 2542 cessent
1242 2483 1417 2542 Judaei
1449 2502 1752 2560 Oppugnare
1781 2501 1895 2556 nos,

296 2563 347 2608 et
380 2563 662 2614 civitatem.

372 2625 441 2703 Et
469 2628 796 2703 proiecerunt
829 2643 974 2703 arma
1000 2647 1120 2698 sua,
1149 2639 1196 2686 et
1225 2633 1452 2702 fecerunt
1478 2646 1677 2703 pacem,
1711 2637 1758 2686 et
1785 2629 1901 2702 glo-

295 2698 499 2776 riﬁcati
526 2698 847 2776 sunt‘Judtei
861 2702 925 2776 in
955 2698 1234 2776 conspectu
1254 2703 1393 2775 regis
1413 2745 1427 2768 ,
1456 2698 1506 2776 et
1535 2701 1587 2776 in
1623 2698 1900 2776 conspectu

304 2772 558 2836 omnium,
575 2773 663 2842 qui
685 2784 830 2847 erant
853 2774 905 2826 in
927 2772 1088 2847 regno
1102 2778 1235 2847 ejus,
1253 2784 1298 2829 et
1314 2772 1576 2828 nominati
1600 2781 1719 2847 sunt
1745 2772 1797 2829 in
1813 2789 1903 2847 ire-

304 2857 410 2913 gito
426 2858 443 2895 :
461 2853 505 2896 et
523 2845 741 2913 regressi
761 2854 880 2898 sunt
897 2847 948 2899 in
959 2844 1250 2901 Jerusalem
1269 2847 1509 2900 habentes
1524 2845 1696 2913 spolia
1716 2844 1896 2900 multa.
1959 2895 1965 2902 .

377 2913 446 2966 Et
478 2916 615 2989 sedit
658 2915 948 2971 Demetrius
989 2935 1079 2973 res;
1107 2919 1160 2972 in
1199 2917 1319 2973 sede
1347 2918 1492 2989 regni
1525 2917 1605 2972 sui
1638 2927 1726 2972 :et
1755 2917 1902 2974 siluit

299 2994 441 3059 terra
471 2987 525 3039 in
555 2995 826 3056 conspectu
857 2991 985 3059 ejus.

376 3057 446 3111 Et
476 3059 811 3132 mentitusest
837 3057 1009 3114 omnia
1034 3075 1366 3132 quaecumque
1387 3059 1542 3127 dixit,
1569 3069 1614 3114 et
1638 3060 1903 3116 abaliena-

299 3129 374 3182 vit
408 3145 462 3184 se
493 3147 523 3181 a
552 3128 813 3199 Ionatha,
858 3141 909 3185 et
939 3128 1056 3186 non'
1070 3128 1310 3187 retribuit
1341 3132 1387 3186 ei
1417 3131 1701 3186 secundum
1746 3136 1901 3187 bene-

302 3201 449 3270 ficia,
493 3217 609 3278 qutv
637 3201 734 3256 sibi
772 3204 1071 3258 retribuet-at
1104 3205 1209 3278 [AL
1243 3202 1553 3274 tribuerat],
1597 3212 1644 3258 et
1687 3205 1904 3259 vexabat

291 3286 422 3326 eum
448 3273 620 3327 valde.

383 3344 510 3400 Post
539 3344 648 3400 ha'c
683 3355 854 3420 autem
880 3363 1110 3404 reversus
1137 3357 1209 3402 est
1238 3346 1511 3420 Tryphon,
1537 3355 1582 3401 et
1615 3347 1901 3420 Antiochus

305 3433 431 3493 cum
455 3434 515 3470 eo
545 3433 672 3489 puer
714 3419 1032 3490 adolescens,
1064 3431 1111 3474 et
1141 3419 1393 3493 regnavit,
1442 3430 1488 3475 et
1532 3419 1780 3490 imposuit
1805 3420 1903 3474 sibi

301 3491 571 3542 diadema.

387 3560 453 3614 Et
481 3564 775 3634 congregati
817 3573 938 3618 sunt
980 3566 1048 3619 ad
1077 3580 1192 3620 eum
1241 3579 1417 3618 omnes
1458 3563 1730 3627 exercitus,
1775 3578 1901 3634 quos

306 3634 624 3709 disperserat
656 3635 969 3704 Demetrius,
1002 3646 1048 3691 et
1069 3645 1429 3709 pugnaverunt
1456 3643 1634 3690 contra
1667 3649 1781 3688 eum
1805 3651 1824 3689 :
1855 3643 1902 3687 et

307 3707 471 3778 fugit,
504 3715 553 3760 et
584 3716 728 3777 terga
757 3710 927 3762 vertit.

383 3775 452 3850 Et
481 3775 682 3849 accepit
712 3777 957 3850 Tryphon
985 3779 1193 3842 bestias,
1223 3789 1269 3832 et
1297 3777 1514 3850 obtinuit
1545 3775 1902 3832 Antiochiam:

386 3847 452 3901 Et
482 3847 687 3922 scripsit
729 3847 1012 3905 Antiochus
1051 3851 1350 3906 adolescens
1390 3848 1654 3915 Jonathaa,
1684 3851 1903 3903 dicens:

307 3919 595 3975 Constituo'
614 3923 708 3977 tibi
733 3923 1106 3989 sacerdotium,
1151 3932 1195 3977 et
1227 3922 1480 3977 constituo
1518 3930 1564 3976 te
1592 3935 1748 3992 super
1774 3935 1903 3986 qua-

308 4002 435 4064 tuor
459 3993 712 4058 civitates,
742 4002 798 4046 ut
825 3995 894 4047 sis
925 3995 987 4049 de
1009 3997 1184 4049 amicis
1212 3995 1369 4064 regis.

388 4063 455 4116 Et
499 4066 635 4120 misit
663 4065 744 4119 illi
769 4082 888 4119 vasa
926 4082 1084 4120 aurea
1113 4068 1166 4120 in
1211 4063 1576 4130 ministerium,
1609 4073 1653 4118 et
1682 4064 1824 4118 dedit
1857 4063 1904 4118 ei

307 4144 619 4209 potestatem
649 4137 852 4191 bibendi
881 4139 934 4192 in
966 4154 1115 4207 auro,
1146 4148 1192 4193 et
1218 4154 1324 4192 esse
1348 4138 1400 4191 in
1435 4152 1688 4209 purpura,
1725 4148 1775 4191 et
1802 4136 1904 4190 ha.

306 4212 430 4261 bere
452 4208 666 4276 ﬁbulam
685 4224 893 4262 auream
918 4225 938 4264 :

389 4277 457 4354 Et
487 4280 699 4335 Simeon
726 4281 1088 4354 fratremuejus
1117 4281 1378 4338 constituit
1405 4282 1586 4336 ducem
1609 4297 1639 4334 a
1669 4279 1901 4336 terminis

310 4350 446 4426 Tyii
475 4350 733 4426 usquead
757 4353 883 4420 fines
915 4350 1155 4426 nggpti.

393 4420 458 4476 Et
477 4420 601 4477 exiit
618 4421 897 4491 Jonathas,
925 4433 970 4478 et
993 4420 1377 4496 perambulabat
1400 4432 1543 4479 trans
1563 4427 1764 4496 flumen
1781 4423 1906 4496 civi-

310 4502 447 4569 tates
470 4510 487 4547 :
511 4505 565 4569 et
581 4504 917 4569 congregatus
945 4494 1016 4569 est
1043 4499 1111 4552 ad
1134 4515 1249 4552 eum
1274 4499 1438 4552 omnis
1465 4494 1713 4552 exercitus
1737 4494 1907 4569 Syria:

310 4566 369 4619 in
400 4565 748 4638 auxitiumfet
769 4565 910 4624 venit
941 4567 1269 4638 Ascalonem,
1299 4580 1343 4624 et
1373 4577 1708 4624 occurrerunt
1730 4565 1904 4622 eiho-

310 4637 536 4708 nori/ice
562 4640 625 4692 de
648 4639 866 4694 civitate.

393 4673 430 4689 ..
459 4673 536 4690 ,ιο
562 4673 623 4692 ιω
648 4673 866 4694 ωυηυισ.

393 4673 462 4763 Elt
501 4711 628 4763 abiit
655 4713 772 4764 inde
801 4710 996 4766 Gazam
1020 4729 1038 4767 :
1059 4723 1104 4768 et
1131 4715 1493 4768 concluserunt
1525 4727 1606 4777 se,
1644 4711 1732 4780 qui
1758 4715 1906 4764 erant
1936 4673 1986 4739 D

313 4779 518 4835 Gaza:
551 4790 600 4835 et
631 4783 827 4837 obsedit
858 4801 968 4838 eam
988 4826 1003 4850 ,
1033 4795 1076 4840 et
1108 4785 1367 4839 succendit
1409 4798 1524 4854 qua:
1552 4791 1694 4836 erant
1727 4782 1779 4835 in
1807 4782 1908 4836 cir-

309 4854 466 4926 cuiiu
497 4854 735 4920 civitatis,
759 4865 806 4908 et
833 4859 1090 4926 prwdatus
1115 4867 1188 4911 est
1218 4874 1294 4911 ea.

396 4923 462 4977 Et
504 4923 1118 4998 ragaverunt'Gazenses
1175 4927 1472 4993 Jonathan,
1519 4936 1565 4982 et
1608 4925 1747 4981 dedit
1804 4924 1910 4998 illis

314 4995 635 5070 dexteram:
662 5006 708 5051 et
752 5000 945 5070 accepit
997 5001 1134 5069 ﬁlios
1177 5017 1353 5054 eorum
1407 4998 1629 5063 obsides,
1683 5005 1728 5052 et
1773 4997 1912 5050 misit

317 5068 445 5145 iilos
475 5069 526 5121 in
568 5068 903 5125 Jerusalem:
931 5068 1397 5143 et’perambularit
1445 5073 1703 5145 regionem
1752 5083 1912 5141 usque

319 5136 660 5195 Damascum.

398 5209 466 5263 Et
497 5213 695 5287 audivit
721 5211 976 5269 Jonathas
995 5215 1134 5286 quod
1158 5215 1483 5286 prtevaricati
1507 5224 1623 5271 sunt
1653 5212 1914 5287 principes

315 5280 580 5338 Demetrii
614 5285 670 5338 in
715 5287 876 5340 Cades
919 5280 1034 5356 qua:
1075 5280 1228 5341 est'in
1261 5287 1512 5355 Galilaea,
1543 5280 1663 5342 cum"
1689 5280 1916 5340 exercitu

316 5356 510 5432 muito,
540 5357 915 5432 volenteseum
941 5375 1196 5432 removere
1217 5376 1248 5412 a
1268 5362 1470 5432 negotio
1491 5359 1635 5432 regni
1657 5372 1677 5412 :

399 5427 468 5502 [iit
497 5429 721 5502 occurrit
751 5428 899 5502 illis:
928 5431 1140 5502 fratrem
1162 5427 1508 5487 autem'suum
1542 5427 1806 5487 Simonem
1827 5441 1912 5482 re-

317 5498 474 5572 liquit
494 5501 632 5554 intra
655 5498 989 5572 provinciam.

399 5571 464 5624 Et
491 5571 747 5647 applicuit
776 5573 894 5645 [AL
918 5573 1238 5647 applicavit]
1272 5575 1455 5631 Simon
1483 5575 1553 5630 ad
1579 5573 1883 5631 Bethsuram
1903 5613 1918 5641 ,

319 5650 371 5696 et
396 5644 724 5716 expugnabat
750 5644 860 5700 eam
892 5644 1075 5702 diebus
1109 5646 1305 5716 multis,
1339 5657 1385 5702 et
1419 5647 1668 5703 conclusit
1693 5661 1799 5701 eos.

1503 355 1705 418 LIBER
1744 356 1764 415 ι
1804 355 2379 420 ΜΑοηΑωεοιιυΜ.
2411 315 2452 342 ³

290 473 405 525 tum
430 474 594 543 patris
620 475 702 529 sui
722 490 741 530 :
760 482 804 529 et
831 472 1114 529 enuntiavit
1136 474 1183 530 ei
1203 481 1401 541 quanta
1423 475 1540 545 fecit
1573 474 1886 545 Demetrius,
1921 477 1964 537 Α

3486 373 3593 430 ιρι

2072 477 2136 532 Et
2177 476 2564 550 postulaverunt
2610 477 2777 550 abeo
2823 477 3032 533 dextras
3075 477 3329 549 accipere,
3375 491 3422 536 et
3454 485 3592 540 dedit

1994 548 2104 628 illis
2129 565 2148 604 :
2177 548 2225 602 et
2251 549 2400 628 ejecit
2433 557 2457 586 α
2488 563 2577 603 eos
2601 548 2746 617 inde,
2781 558 2830 604 et
2857 550 2988 622 cepit
3015 548 3293 624 civitatem,
3327 563 3376 609 et
3418 559 3594 628 posuit

1994 621 2049 675 in
2081 637 2141 674 ea
2173 620 2495 676 nraisidinm.

2066 691 2136 746 Et
2163 691 2442 758 Jonathas,
2481 700 2531 770 et
2563 694 2879 770 castraejus
2909 694 3266 770 applicuerunt
3297 697 3367 753 ad
3405 715 3594 770 aquam

1996 763 2244 840 Genesar,
2278 773 2323 820 et
2362 773 2480 819 ante
2509 763 2676 840 lucem
2704 763 3046 836 vigilaverunt
3079 767 3131 820 in
3159 783 3340 840 campo
3370 763 3520 827 Asor.

2068 835 2138 892 Et
2166 852 2280 914 ecce
2309 846 2481 914 castra
2507 835 2923 914 alienigenarum
2934 835 3285 914 occurrebant
3303 843 3355 896 in
3385 860 3589 914 campo,

1996 917 2044 980 et
2075 908 2346 964 tendebant
2368 908 2413 964 ei
2442 907 2658 962 insidias
2676 907 2734 962 in
2765 909 3020 964 montibus
3045 925 3062 964 :
3085 910 3196 980 ipse
3217 922 3392 970 autem
3415 907 3595 972 occur;

1997 979 2066 1034 rit
2087 996 2151 1036 ea:
2177 982 2416 1036 adverso.

2069 1050 2285 1109 Insidite
2314 1068 2431 1128 vero
2461 1061 2854 1109 assurrexerunt
2892 1053 2955 1108 de
2988 1052 3117 1110 locis
3147 1056 3278 1128 suis,
3306 1066 3355 1113 et
3378 1061 3594 1116 commi-

1997 1133 2174 1196 serunt
2195 1123 2455 1196 prazlium.

2071 1194 2139 1250 Et
2166 1194 2412 1271 fugerunt
2451 1198 2540 1268 qui
2575 1204 2722 1271 erant
2753 1213 2816 1253 etc
2854 1207 2998 1271 paria
3036 1194 3283 1271 ,lonathte
3321 1218 3515 1268 omnes.
3547 1215 3595 1259 et

2001 1282 2150 1343 nemo
2192 1268 2401 1343 relictus
2445 1278 2518 1343 est
2547 1269 2710 1343 ea:_eis
2732 1311 2746 1337 ,
2775 1271 2880 1343 nisi
2905 1268 3229 1343 rMathathias
3258 1273 3400 1343 ﬁlius
3427 1274 3594 1330 Abso-

2001 1337 2142 1414 lon_ti,
2172 1340 2408 1414 et‘J‘udas
2430 1339 2572 1414 ﬁlius
2598 1338 2806 1410 Calphi,
2831 1342 3069 1414 princeps
3088 1337 3288 1398 militiis
3315 1347 3592 1403 exercitus.

2074 1409 2142 1465 Et
2164 1411 2316 1488 scidit
2353 1409 2625 1488 Ionathas
2639 1409 2936 1468 vestimenta
2963 1409 3080 1484 sua,
3128 1424 3177 1469 et
3209 1416 3381 1488 posuit
3404 1426 3595 1474 terram

1997 1481 2054 1537 in
2079 1484 2243 1552 capite
2262 1500 2378 1549 suo,
2403 1493 2452 1538 et
2482 1484 2667 1539 oravit.

2073 1552 2141 1630 Et
2168 1555 2496 1630 reversus'est
2517 1553 2773 1611 Jonathas
2801 1556 2871 1610 ad
2895 1571 2978 1611 eos
3021 1555 3076 1612 in
3121 1559 3379 1630 praelium,
3402 1570 3451 1617 et
3479 1577 3600 1618 con-

1998 1626 2148 1699 veriit
2179 1643 2262 1682 eos
2292 1629 2345 1681 in
2374 1627 2584 1699 fugam,
2615 1637 2662 1682 et
2693 1639 3071 1697 pugnaverunt.

2072 1696 2141 1754 Et
2185 1696 2548 1772 viderunt'qui
2587 1696 2852 1772 fugiebant
2893 1701 3057 1767 partis
3103 1701 3276 1768 illius.
3319 1713 3368 1758 et
3406 1708 3602 1762 reversi

1999 1779 2118 1851 sunt
2161 1771 2232 1824 ad
2258 1787 2404 1851 eum,
2452 1770 2499 1826 et
2535 1770 2938 1842 insequebantur
2983 1789 3100 1826 cum
3128 1790 3186 1829 eo
3229 1791 3403 1851 omnes
3439 1794 3600 1851 usque

2001 1840 2171 1918 Gades
2199 1841 2277 1918 ad
2299 1852 2470 1918 castra
2491 1858 2609 1918 sua,
2637 1840 3053 1918 etpervenerunt
3081 1861 3244 1918 usque
3265 1847 3414 1904 illuc.

2073 1910 2144 1967 Et
2173 1913 2470 1969 ceciderunt
2517 1915 2581 1969 de
2625 1910 2930 1988 alienigenis
2970 1910 3269 1988 indie'illa
3305 1919 3407 1975 tria
3435 1921 3599 1976 millia

2000 1983 2230 2040 virorum
2254 2001 2272 2040 :
2304 1995 2350 2041 et
2379 2001 2610 2043 reversus
2639 1995 2714 2042 est
2738 1983 2994 2043 anathas
3017 1987 3073 2043 in
3100 1985 3418 2046 Jerusalem.

2607 2099 2837 2158 CAPUT
2867 2097 2985 2156 ΧΙΙ.

2073 2191 2141 2246 Et
2169 2191 2299 2248 vidit
2319 2190 2594 2274 _J_onathtis
2623 2195 2747 2266 quia
2783 2205 2982 2267 tempus
3019 2211 3137 2250 eum
3168 2197 3342 2268 juvat,
3375 2209 3423 2254 et
3450 2201 3602 2274 elegit

2000 2265 2162 2330 viros,
2190 2273 2238 2319 et
2259 2265 2399 2321 misit
2426 2281 2509 2321 eos
2536 2265 2755 2321 Romam
2774 2265 3020 2334 statuere,
3047 2277 3095 2322 et
3115 2265 3360 2327 renovare
3383 2289 3501 2326 cum
3527 2265 3599 2329 Iis

2000 2336 2300 2392 amicitiam.

2074 2406 2144 2485 Et
2173 2411 2242 2463 ad
2270 2409 2587 2485 Spartiatas,
2630 2417 2678 2465 et
2709 2411 2778 2466 ad
2803 2411 2912 2466 alia
2939 2411 3053 2467 loca
3079 2411 3218 2467 misit
3248 2415 3492 2485 epistolas
3519 2436 3600 2472 se-

2002 2481 2489 2554 cundumeamdem
2519 2484 2760 2554 formant.

2074 2549 2143 2606 Et
2165 2552 2406 2624 abierunt
2434 2549 2676 2620 Romam,
2703 2564 2751 2608 et
2775 2554 3096 2610 intraverunt
3126 2557 3350 2624 curiam,
3379 2567 3428 2614 et
3453 2561 3599 2616 dixe-

2002 2633 2125 2699 runt
2165 2639 2184 2678 :
2221 2621 2476 2679 Jonathas
2505 2643 2736 2681 summus
2773 2628 3036 2693 sacerdos,
3067 2637 3112 2682 et
3143 2644 3266 2699 gens
3295 2621 3597 2686 Iudaeorum

2002 2696 2250 2750 miserunt
2281 2711 2394 2765 nos,
2429 2707 2483 2752 ut
2514 2714 2874 2754 renovaremus
2897 2696 3203 2766 amicitiam,
3229 2710 3275 2753 et
3304 2703 3598 2758 societatem

2003 2768 2282 2838 secundum
2313 2769 2610 2838 pristinum.
2971 2808 2980 2813 .

2078 2837 2147 2894 Et
2172 2837 2424 2916 dederunt
2462 2841 2570 2895 illis
2597 2840 2840 2916 epistolas
2867 2843 2936 2897 ad
2964 2843 3102 2916 ipsos
3123 2859 3213 2913 per
3237 2841 3382 2915 loca,
3409 2857 3462 2900 ut
3501 2847 3594 2902 de-

2005 2909 2249 2984 duc_erent
2280 2927 2364 2966 eos
2388 2913 2440 2966 in
2467 2909 2658 2984 terram
2687 2910 2831 2968 Juda
2868 2909 2993 2968 cum'
3013 2909 3160 2984 pace.

2005 2990 2046 3050 ε(
2077 2981 2147 3059 Et
2171 2983 2266 3059 ho_c
2298 2993 2374 3038 est
2395 2983 2686 3059 exemplum
2718 2981 3072 3058 epistolarum,
3108 3001 3237 3056 quas
3265 2989 3470 3059 scripsit
3498 2989 3596 3046 Jo-

2005 3054 2192 3110 nathas
2221 3055 2503 3124 Spartiatis
2527 3073 2545 3111 :

2077 3124 2334 3201 Jonathas
2364 3144 2592 3201 summus
2639 3129 2904 3201 sacerdos.
2957 3139 3006 3201 et
3059 3132 3288 3190 seniores
3326 3135 3512 3201 gentis,
3552 3145 3601 3190 et

2007 3199 2316 3275 sacerdotes,
2358 3210 2406 3275 et
2448 3200 2674 3272 reliquus
2720 3199 2944 3274 papulas
2974 3199 3282 3259 Juda‘orum
3311 3199 3597 3275 Spartiatis

1931 3274 1980 3340 (ζ
2011 3271 2258 3342 fratribus
2289 3273 2527 3326 salutem.

2079 3340 2403 3412 Jampridcm
2433 3343 2602 3398 missae
2625 3352 2769 3398 erant
2793 3345 3023 3412 epistola:
3042 3349 3110 3402 ad
3136 3346 3319 3403 Oniam
3342 3364 3598 3404 summum

2007 3415 2325 3490 sacerdotem
2364 3413 2427 3468 ab
2466 3414 2614 3490 Aria,
2641 3415 2730 3484 qui
2749 3419 3000 3490 regnabat
3039 3421 3177 3489 apud
3210 3437 3319 3488 vos,
3353 3421 3596 3490 quoniam
3692 3455 3694 3457 -

2006 3487 2127 3563 estis
2150 3485 2338 3554 fratres
2360 3487 2545 3556 nostri,
2571 3487 2703 3540 sicut
2728 3485 3034 3562 rescriptum
3055 3485 3314 3561 continet,
3329 3485 3466 3563 quod
3485 3494 3602 3547 sub-

1998 3560 2197 3630 ject_um
2222 3568 2314 3612 est.

2078 3627 2145 3682 Et
2168 3629 2390 3700 suscepit
2415 3627 2573 3704 0_nias
2605 3629 2789 3704 virum,
2813 3633 2898 3701 qui
2924 3633 3108 3688 missus
3136 3637 3330 3704 fueral,
3360 3653 3475 3690 cum
3499 3634 3595 3690 ho—

2007 3715 2130 3783 nore
2205 3709 2251 3784 et
2299 3702 2492 3784 accepit
2515 3700 2799 3784 epistolas,
2827 3700 2881 3757 in
2911 3705 3095 3774 quibus
3121 3700 3511 3776 signiﬁcabatur
3537 3706 3599 3762 de

2006 3771 2265 3837 societate,
2297 3782 2342 3827 et
2372 3771 2618 3826 amicitia.

2081 3841 2193 3897 Nos
2224 3859 2339 3917 cum
2360 3843 2508 3898 nullo
2533 3844 2724 3917 horum
2749 3845 3117 3917 indigeremus,
3145 3846 3384 3903 habentes
3413 3850 3596 3905 solatio

2007 3923 2212 3986 sanctos
2239 3915 2418 3983 libros,
2449 3916 2540 3986 qui
2566 3925 2685 3970 sunt
2713 3916 2763 3969 in
2792 3915 3029 3972 manibus
3057 3920 3268 3974 nostris.

2080 3984 2364 4060 Maluimus
2386 3984 2587 4060 mittere
2619 3988 2696 4060 ad
2713 4003 2799 4042 vos
2831 4006 3077 4044 renovare
3113 3991 3512 4060 fraternitatem,
3546 4004 3591 4046 et

2007 4059 2311 4131 amicitiam,
2363 4075 2426 4113 ne
2473 4059 2606 4130 forte
2645 4059 2802 4113 alieni
2830 4062 3118 4131 efficiantur
3159 4079 3190 4116 a
3235 4062 3409 4118 vobis:
3437 4059 3598 4118 multa

2008 4130 2142 4202 enim
2180 4139 2410 4202 tempora
2439 4132 2784 4197 transierunt,
2808 4130 2871 4185 ea:
2891 4148 2990 4201 quo
3012 4133 3231 4188 misistis
3244 4135 3312 4188 ad
3341 4152 3452 4189 nos.

2080 4199 2195 4255 Nos
2220 4199 2340 4276 ergo
2354 4203 2416 4276 in
2441 4203 2579 4257 omni
2605 4212 2830 4276 tempore
2855 4199 2966 4258 sine
2988 4205 3384 4271 intermissione,
3409 4207 3463 4260 in
3491 4207 3596 4261 die

2010 4274 2102 4328 bus
2148 4274 2480 4337 solemnibus,
2528 4283 2576 4329 et
2617 4274 2834 4343 cteteris,
2877 4277 3060 4347 quibus
3091 4286 3313 4347 oportet,
3359 4295 3602 4333 memores

2011 4360 2198 4418 sumus
2213 4347 2367 4418 vestri
2398 4347 2450 4400 in
2477 4347 2769 4416 sacriﬁciis,
2801 4363 2915 4418 quae
2948 4346 3234 4415 o/fetimus,
3267 4357 3314 4404 et
3337 4350 3389 4404 in
3427 4352 3602 4406 obser-

2008 4417 2318 4491 vationibus,
2341 4419 2474 4471 sicut
2504 4420 2592 4491 fas
2608 4427 2704 4491 est,
2737 4427 2782 4472 et
2806 4417 2948 4474 decet
2969 4420 3262 4476 meminisse
3281 4421 3526 4491 fratrum.

2082 4487 2342 4562 [natantur
2367 4491 2540 4560 itaque
2560 4489 2621 4544 de
2641 4490 2807 4562 gloria
2837 4501 3020 4546 vestra.

2083 4559 2198 4616 Nos
2227 4571 2398 4616 autem
2426 4559 2874 4616 circumdederunt
2919 4565 3093 4618 multte
3129 4561 3506 4629 tribulationes,
3555 4574 3602 4618 et

2011 4632 2176 4709 multa
2199 4633 2404 4704 pra2lia,
2435 4643 2481 4687 et
2510 4635 2937 4705 impugnaverunt
2967 4651 3058 4689 nos
3080 4651 3256 4709 reges,
3283 4636 3373 4706 qui
3409 4645 3528 4691 sunt
3550 4636 3604 4690 in

2013 4703 2230 4758 circuitu
2260 4714 2455 4759 nostro.

2089 4774 2392 4850 Noluimus‘
2424 4791 2544 4850 ergo
2586 4776 2727 4850 vobis
2772 4776 2970 4850 molesti
3014 4794 3156 4850 esse,
3201 4795 3362 4850 neque
3411 4778 3606 4834 cazteris

2014 4848 2198 4921 sociis,
2216 4857 2263 4904 et
2291 4846 2468 4902 amicis
2482 4846 2687 4921 fnostris
2713 4849 2767 4921 in
2796 4847 2877 4904 his
2905 4849 3098 4921 pra-liis
3122 4865 3140 4904 :

2092 4919 2386 4975 Habuimus
2409 4919 2545 4974 enim
2572 4921 2634 4976 de
2663 4920 2786 4975 coelo
2809 4919 3064 4976 auxilium
3082 4961 3096 4987 ,
3121 4931 3166 4976 et
3198 4921 3402 4976 liberati
3427 4937 3603 4977 sumus

2020 5007 2112 5047 nos
2131 5033 2144 5052 ,
2173 5002 2219 5046 et
2253 4992 2510 5047 humiliati
2538 5000 2655 5046 sunt
2686 4993 2879 5047 inimici
2905 4994 3086 5047 nostri.

2091 5061 2360 5147 Elegimus
2384 5061 2898 5147 itaque‘Numeniutn
2926 5064 3165 5147 {intioch‘i
3183 5063 3377 5147 filium,
3421 5072 3467 5118 et
3495 5064 3608 5117 An-

2024 5134 2266 5205 tipatrem
2291 5134 2504 5191 Iasonis
2535 5134 2722 5204 filium,
2757 5148 2803 5190 et
2829 5137 3059 5190 misimus
3080 5135 3146 5190 ad
3177 5134 3436 5190 Romanos
3457 5151 3606 5190 reno-

2024 5223 2143 5261 vare
2173 5224 2287 5263 eum
2309 5209 2380 5263 eis
2409 5207 2713 5275 amicitiam,
2738 5219 2787 5264 et
2810 5208 3098 5262 societatem
3125 5207 3415 5279 pristinam.

2097 5279 2459 5335 Mandavintus
2488 5279 2657 5349 itaque
2685 5280 2780 5346 eis,
2815 5287 2871 5332 ut
2899 5279 3100 5332 veniant
3137 5280 3292 5333 etiam
3328 5279 3396 5332 ad
3430 5295 3538 5344 vos.
3566 5285 3617 5334 et

2021 5353 2245 5407 salutent
2274 5368 2361 5406 vos
2385 5367 2402 5405 :
2429 5359 2475 5406 et
2504 5351 2722 5404 reddant
2749 5349 2886 5406 vobis
2915 5349 3158 5420 epistolas
3187 5362 3392 5406 nostras
3431 5351 3495 5405 de
3537 5351 3621 5406 in-

2024 5425 2289 5495 novatione
2318 5422 2653 5495 fraternitatis
2674 5430 2881 5477 nostrae.

2097 5494 2166 5550 Et
2202 5492 2338 5551 nunc
2368 5492 2692 5566 benefacietis
2719 5493 3077 5566 respondentes
3108 5493 3250 5550 nobis
3281 5495 3348 5549 ad
3379 5495 3508 5550 haec.

2102 5567 2168 5621 Et
2217 5568 2312 5622 hoc
2357 5575 2430 5624 est
2483 5565 2784 5638 rescriptum
2827 5565 3156 5639 epistolarum
3181 5607 3197 5637 ,
3243 5566 3379 5640 quod
3418 5567 3627 5623 miserat

2032 5640 2180 5697 Onia:
2204 5655 2223 5693 :

407 5887 427 5913 δ
460 5878 607 5936 Editi
633 5877 725 5935 alii
766 5877 910 5945 libri,
938 5876 1085 5946 ejecit
1113 5892 1228 5944 eos,
1257 5883 1302 5930 et
1332 5873 1449 5929 inde
1479 5873 1632 5945 cepit,
1665 5880 1796 5940 clc.,
1829 5870 2006 5926 minus
2038 5883 2185 5927 vero.
