4036 6330
86 6192 112 6216 Α

571 356 675 416 ωδ
942 302 943 321 Ν
1580 348 1639 406 s.
1683 339 2060 404 HIERONYMI
2100 337 2339 399 DIVINA
2378 339 2856 401 BIBLIOTHECA.
3703 351 3787 410 ιοο

642 475 818 539 Arius,
847 487 938 528 rex
961 468 1371 543 Spartiatarum,
1405 466 1552 523 Onirv
1580 467 1834 523 sacerdoti
1861 484 2049 541 magno
2071 484 2156 523 sa-
2187 461 2244 523 Α
2266 469 2313 516 el
2347 462 2401 516 in
2449 478 2701 543 campum_
2729 474 2991 543 magnum,
3046 464 3100 511 ut
3145 455 3365 530 perderet
3410 455 3511 533 [AL
3550 461 3788 536 perderent]

569 549 915 673 (infiguntur):
940 622 1009 667 est
1043 612 1094 665 in
1123 611 1386 681 scriptura
1411 612 1474 665 de
1519 610 1817 683 Spartiatis,
1864 621 1918 683 et
1942 610 2165 683 Iudicis,

568 690 814 765 quoniam
840 695 957 741 sunt
983 684 1189 765 fratres,
1220 691 1269 738 et
1296 682 1436 754 quod
1456 681 1579 765 sunt
1601 681 1663 765 de
1681 681 2166 765 genet'efibrahlam.

645 762 713 817 Et
738 773 873 815 nunc
900 772 965 811 ex
984 752 1091 824 quo
1120 754 1230 808 lucc
1257 752 1605 826 cognovimus,
1631 752 1925 824 benefacitis
1945 752 2171 809 scriben-

573 844 645 891 tes
675 831 820 888 nobis
850 828 914 883 de
947 843 1074 900 pace
1099 836 1306 900 vestra:

648 905 755 963 Sed
786 915 835 957 et
878 895 972 955 nos
1011 898 1368 969 rescripsimus
1412 896 1591 952 vobis:
1637 895 1840 951 Pecora
1885 904 2081 964 nostra,
2124 906 2171 951 et

571 975 914 1051 possessiones
946 978 1365 1051 nostrtetvestrte
1403 976 1526 1051 sunt
1545 984 1563 1022 :
1602 978 1661 1051 et.
1692 978 1891 1036 vestrae,
1942 977 2170 1023 nostrw:

572 1040 932 1105 mandavimus
958 1043 1142 1113 itaque
1162 1042 1269 1094 luvc
1298 1040 1526 1113 nuntiari
1551 1040 1707 1093 vobis.

648 1120 717 1175 Et
744 1116 940 1172 audivit
962 1110 1217 1168 Ionathas
1251 1111 1497 1183 quoniam
1520 1112 1734 1183 regressi
1759 1120 1879 1165 sunt
1913 1111 2174 1181 principes

574 1189 825 1250 Demetrii
846 1202 964 1243 cum
999 1182 1225 1240 exercitu
1264 1181 1427 1237 multo
1472 1181 1634 1254 supra
1673 1199 1827 1254 quam
1868 1184 2036 1254 prius,
2078 1199 2176 1255 pu-

570 1280 735 1339 gntye
759 1260 1159 1339 aduersus-eum.

645 1335 715 1390 Et
742 1334 862 1389 exiit
893 1329 954 1384 ab
980 1326 1293 1391 Ierusalem,
1326 1335 1375 1382 et
1421 1326 1645 1380 occurrit
1694 1326 1767 1380 eis
1815 1327 1868 1380 in
1911 1326 2175 1383 Amathite

571 1409 819 1479 regione:
846 1418 948 1457 non
974 1401 1112 1479 enim
1139 1398 1351 1452 dederat
1374 1399 1446 1454 eis
1477 1399 1720 1469 spatium,
1747 1406 1802 1452 ut
1840 1398 2175 1470 ingrederen-

574 1473 660 1534 tur
680 1478 937 1549 regionem
962 1473 1095 1549 ejus,

647 1548 719 1604 Et
738 1540 882 1602 inisit
919 1540 1269 1616 speculatores
1313 1544 1369 1616 in
1414 1548 1582 1596 castra
1628 1555 1850 1616 eorum:
1885 1549 1957 1616 et
1989 1540 2177 1597 reversi

576 1611 1021 1680 renuntiaverunt,
1044 1616 1178 1683 quod
1200 1614 1516 1668 constituunt
1533 1613 1861 1683 supervenire
1877 1611 1983 1667 illis
2006 1622 2174 1668 nocte.

650 1692 779 1746 Cum
818 1682 1083 1743 occidisset
1131 1696 1300 1740 autem
1344 1685 1443 1751 sol,
1487 1683 1728 1755 preecepit
1768 1682 2024 1738 Jonathas
2069 1686 2179 1739 suis

576 1765 811 1837 vigilare,
838 1766 885 1815 et
909 1774 1023 1837 esse
1041 1759 1092 1812 in
1117 1757 1277 1837 armis
1297 1767 1505 1837 paratos
1532 1756 1599 1807 ad
1622 1770 1849 1837 pugnam
1876 1764 1989 1810 tota
2007 1766 2172 1826 nocte,

574 1828 817 1907 etvposuit
839 1829 1079 1907 custodes
1109 1846 1198 1907 per
1227 1828 1513 1907 circuitum.
1526 1835 1833 1907 castrorum.

651 1895 718 1962 Et
745 1903 1021 1960 audierant
1057 1895 1341 1954 adversarii
1376 1896 1513 1969 quod
1555 1905 1766 1969 paratus
1807 1906 1879 1952 est
1919 1895 2177 1953 Jonathas

578 1997 692 2034 cum
724 1977 830 2032 suis
854 1975 907 2029 in
944 1971 1118 2030 bello:
1157 1980 1204 2023 et
1251 1968 1554 2030 timuerunt,
1596 1977 1643 2021 et
1685 1968 2088 2037 formidaverunt
2123 1973 2177 2026 in

581 2052 733 2105 corde
763 2063 892 2104 suo:
919 2054 966 2100 et
997 2043 1338 2099 accenderunt
1371 2041 1511 2111 focos
1535 2041 1588 2094 in
1618 2041 1801 2094 castris
1831 2041 1960 2095 suis.

648 2120 906 2177 Jonathas
933 2126 1123 2176 autem.
1155 2124 1201 2166 et
1221 2112 1311 2184 qui
1338 2127 1454 2164 cum
1482 2126 1541 2165 eo
1564 2120 1731 2184 erant,
1775 2128 1878 2165 non
1924 2128 2178 2182 cognove-

576 2204 697 2249 runt
723 2206 884 2262 usque
912 2204 1063 2243 mane
1085 2202 1102 2240 :
1126 2181 1364 2262 vide-bant
1387 2191 1558 2262 autem
1590 2181 1869 2237 luntinaria
1895 2181 2137 2262 ardentia
2148 2201 2178 2262 _:

654 2264 718 2319 Et
744 2252 945 2318 secutus
975 2268 1048 2312 est
1094 2273 1179 2312 eos
1223 2252 1500 2316 Jonathas,
1549 2263 1595 2308 et
1640 2269 1743 2306 non
1793 2254 2181 2323 comprehendit

578 2354 662 2392 eos
687 2353 705 2390 :
734 2334 1047 2388 transierant
1072 2330 1209 2383 enim
1236 2329 1426 2397 ﬂumen
1454 2323 1816 2397 Eleutherum.

657 2407 719 2461 Et
750 2404 953 2459 divertit
976 2396 1243 2455 Ionathas
1260 2397 1329 2451 ad
1359 2396 1583 2463 Arabas,
1614 2396 1700 2463 qui
1730 2405 1977 2451 vocantur
2000 2397 2178 2454 Zaba-

578 2481 704 2542 tltri,
736 2488 781 2531 et
812 2474 1059 2545 percussit
1090 2476 1274 2545 eos,‘ct
1294 2468 1488 2539 accepit
1517 2469 1685 2540 spolia
1716 2484 1912 2545 eorum.

653 2540 718 2605 Et
731 2540 929 2621 junxit,
965 2543 1164 2621 etvenit
1195 2540 1527 2607 Damascum,
1554 2548 1600 2594 et
1639 2540 2030 2610 perambulabat
2069 2559 2179 2597 om-

580 2640 697 2679 nem
723 2616 982 2693 regionem
1008 2616 1179 2693 illam.

653 2682 833 2750 Simon
862 2698 1032 2743 autem
1062 2686 1208 2751 exiit,
1238 2692 1285 2740 et
1314 2685 1450 2739 venit
1480 2698 1638 2754 usque
1674 2682 1742 2754 ad
1774 2682 2102 2748 Ascalonem,
2130 2693 2180 2741 et

574 2767 643 2820 ad
664 2764 900 2835 proxima
930 2758 1171 2831 prtvsitlia
1194 2772 1211 2811 :
1239 2765 1287 2811 et
1313 2752 1587 2811 declinavit
1612 2754 1666 2809 in
1689 2752 1936 2825 Joppem,
1964 2766 2010 2811 et
2038 2774 2181 2812 occu-

617 2838 717 2892 avit
750 2850 884 2890 eam.

579 2855 895 2980 pa:
915 2902 1051 2980 enim
1079 2900 1215 2973 quod
1245 2900 1426 2980 vellent
1452 2899 1754 2980 prtesidium
1779 2899 1981 2955 tradere
2015 2902 2184 2980 purti-

576 2971 672 3036 bus
702 2974 983 3045 Demetrii)
1027 2971 1288 3043 et'posuit
1338 2971 1407 3025 ibi
1450 2971 1712 3037 custodes,
1763 2981 1817 3024 ut
1862 2974 2183 3027 custodirent

578 3068 690 3107 eam
698 3093 711 3105 .

649 3123 716 3176 Et
740 3134 975 3175 reversus
997 3125 1072 3171 est
1096 3114 1374 3181 Iouathas,
1407 3122 1453 3186 et
1478 3113 2037 3186 couvocavitgseniores
2082 3130 2181 3186 po-

571 3195 703 3267 puli,
738 3200 784 3245 et
808 3189 1045 3267 cogitavit
1074 3202 1191 3241 cum
1212 3187 1282 3267 eis
1308 3185 1569 3267 cedi/icore
1586 3184 1906 3267 prtesidiajn
1933 3183 2142 3267 Iud-aia,

2208 1858 2257 1919 Β
2281 1839 2437 1919 me:

2272 547 2446 587 omnes
2475 535 2642 588 socios
2665 532 2930 587 Ionathtv.

2342 604 2408 658 At
2438 603 2516 658 illi
2543 622 2658 660 cum
2688 607 3065 676 cognovissent,
3094 600 3215 676 quia
3243 601 3605 673 comprehensus
3635 614 3698 676 est
3720 605 3794 660 Jo-

2274 676 2482 741 nathas,
2515 685 2562 731 et
2584 673 2767 742 periit,
2804 686 2851 729 et
2876 690 3051 729 omnes
3087 673 3178 744 qui
3217 687 3330 726 cum
3369 688 3425 727 eo
3459 682 3609 744 erant,
3643 674 3796 732 hortati

2273 755 2394 800 sunt
2422 750 2742 816 semetipsos,
2772 758 2821 801 et
2850 742 3289 816 exierunt'parati
3307 744 3357 797 in
3382 742 3619 816 praelium.

2348 817 2414 872 Et
2443 815 2669 873 videntes
2699 819 2771 882 hi,
2800 818 2887 889 qui
2910 816 3127 871 insecuti
3152 815 3513 886 fuerant,quia
3548 832 3630 886 pro
3662 819 3800 875 anima

2276 904 2355 944 res
2383 899 2456 943 est
2480 891 2606 955 illis,
2638 892 2824 945 reversi
2847 896 2965 943 sunt
2994 904 3012 942 :

2349 959 2443 1016 Illi
2462 969 2635 1016 autem
2659 969 2903 1015 venerunt
2930 975 3105 1016 omnes
3126 976 3245 1015 cum
3271 974 3393 1029 pace
3416 958 3465 1013 in
3486 967 3652 1015 terram
3671 957 3801 1017 Iuda.

2276 1031 2345 1087 Et
2370 1031 2682 1105 planxerunt
2704 1030 3010 1105 Ionatham,
3038 1042 3087 1087 et
3114 1049 3221 1098 eos,
3249 1032 3334 1101 qui
3359 1047 3469 1085 cum
3492 1031 3597 1102 ipso
3624 1032 3802 1104 fuerant,

2278 1101 2428 1176 valde
2450 1122 2469 1159 :
2497 1115 2544 1158 et
2567 1105 2702 1159 luxit
2725 1101 2895 1158 Israel
2924 1105 3070 1158 luctu
3097 1119 3305 1176 magno.

2348 1173 2417 1229 Et
2439 1176 2748 1247 quwsierunt
2786 1191 2959 1248 omnes
2986 1173 3199 1248 gentes,
3223 1190 3334 1248 qua:
3374 1183 3510 1229 erant
3543 1176 3591 1229 in
3631 1175 3809 1230 circuitu

2278 1246 2457 1302 eorum
2477 1256 2736 1302 conterere
2763 1263 2847 1301 eos
2872 1262 2890 1302 :
2917 1246 3157 1301 dixerunt
3187 1247 3325 1301 enim
3347 1261 3364 1299 :

2352 1318 2475 1373 Non
2518 1318 2708 1372 habent
2746 1319 3053 1389 principem,
3098 1329 3145 1373 et
3187 1318 3536 1389 adjuvantem:
3563 1333 3679 1371 nunc
3716 1334 3809 1390 ergo

2279 1407 2626 1462 expugnemus
2661 1390 2801 1459 illos,
2826 1400 2872 1445 et
2900 1389 3143 1444 tollamus
3175 1390 3240 1444 de
3271 1389 3547 1444 hominibus
3572 1389 3813 1444 memoriam

2281 1477 2480 1517 eorum.

2876 1554 3106 1614 CAPUT
3147 1555 3284 1612 XIII.

2353 1677 2421 1734 Et
2452 1680 2646 1736 audivit
2673 1679 2855 1737 Simon
2884 1680 3025 1751 quod
3050 1680 3371 1752 congregavit
3399 1676 3627 1752 Tryphon
3646 1678 3807 1732 exerci-

2282 1761 2391 1806 tum
2421 1753 2707 1824 capiosum,
2739 1762 2793 1806 ut
2824 1749 3014 1807 veniret
3038 1752 3093 1807 in
3122 1749 3311 1805 terram
3336 1749 3497 1815 Iuda,
3540 1758 3584 1804 et
3621 1757 3815 1803 attereret

2359 1894 2702 1968 Videns_quia
2740 1896 2794 1968 in
2838 1904 3056 1951 tremore
3095 1894 3321 1968 populus
3357 1900 3534 1968 est,_et
3570 1892 3619 1946 in
3658 1891 3820 1958 timore,

2280 1967 2511 2022 ascendit
2536 1966 2851 2034 Jerusalem,
2879 1978 2927 2022 et
2954 1966 3285 2039 congregavit
3316 1966 3594 2038 populum:

2354 2040 2420 2093 Et
2450 2039 2737 2093 adhortans
2758 2041 2930 2094 dixit:
2962 2036 3071 2093 Vos
3098 2036 3239 2108 scitis
3261 2036 3464 2108 quanta
3481 2051 3588 2108 ego,
3615 2043 3657 2089 et
3676 2036 3822 2104 fratres

2282 2111 2404 2176 mei,
2434 2118 2482 2183 et
2510 2111 2689 2183 domus
2716 2112 2878 2183 patris
2924 2111 3024 2165 mei
3064 2102 3285 2183 fecimus
3317 2126 3417 2183 pro,
3448 2102 3652 2179 legibus,
3676 2102 3727 2159 iet
3754 2121 3827 2173 pro

2282 2181 2469 2255 sanctis
2496 2180 2774 2255 prteliaget
2804 2180 3071 2254 angustias
3099 2182 3283 2249 quales
3315 2181 3530 2255 vidimus
3553 2193 3570 2231 :

2355 2252 2563 2325 Horum
2590 2254 2757 2323 gratia
2785 2252 3045 2323 perierunt
3080 2256 3271 2325 fratres
3310 2254 3411 2307 mei
3454 2265 3619 2306 omnes
3663 2255 3827 2321 prapter

2284 2321 2476 2401 Israel,
2505 2336 2553 2379 et
2579 2321 2795 2379 relictus
2807 2342 2927 2401 sum
2955 2341 3047 2401 ego
3077 2321 3242 2381 solus.
3516 2392 3527 2401 _
3795 2390 3803 2401 ⁸

2357 2395 2429 2450 Et
2458 2413 2596 2449 nunc
2623 2412 2722 2450 non
2745 2395 2874 2468 mihi
2906 2392 3169 2468 contingat
3203 2413 3415 2466 parcere
3443 2392 3619 2468 animis
3655 2406 3765 2468 mete
3790 2392 3829 2442 in

2286 2469 2426 2521 omni
2448 2477 2677 2537 tempore
2703 2464 3100 2523 tribulationis}
3128 2464 3230 2524 non
3259 2470 3395 2524 enim
3422 2466 3595 2522 melior
3621 2479 3722 2518 sum
3744 2464 3831 2533 fra-

2284 2539 2450 2593 tribus
2481 2539 2627 2593 meis.
3836 2587 3849 2601 ,

2369 2609 2648 2665 Vindicabo
2700 2611 2872 2679 itaque
2919 2619 3121 2685 gentem
3160 2628 3349 2677 meam,
3391 2618 3441 2667 et
3477 2615 3679 2672 sancta,
3717 2612 3832 2685 natos

2283 2697 2482 2752 quoque
2510 2692 2733 2747 nostros,
2756 2690 2803 2736 et
2826 2699 3009 2739 uxores
3032 2700 3051 2737 :
3076 2685 3213 2757 quia
3242 2689 3567 2757 congregata!
3604 2686 3708 2733 sunt
3742 2692 3836 2729 um-

2285 2769 2448 2829 versa:
2473 2762 2646 2824 gentes
2666 2763 2929 2808 conterere
2944 2770 3047 2829 nos
3068 2754 3365 2829 inimicitié
3385 2754 3569 2829 gratia.
3756 2818 3781 2829 η
3809 2817 3818 2828 υ

2357 2824 2428 2879 Et
2465 2818 2713 2879 accensus
2751 2835 2824 2881 est
2871 2826 3087 2896 spiritus
3134 2828 3321 2898 populi
3365 2818 3541 2893 simul,
3587 2830 3635 2877 ut
3676 2818 3834 2874 audivit

2285 2910 2546 2950 sermones
2572 2900 2694 2950 istos
2718 2912 2737 2950 :

2356 2966 2426 3021 Et
2461 2969 2835 3043 responderunt
2882 2985 3003 3043 voce
3042 2986 3235 3043 magna
3263 2969 3527 3043 dicentes:
3567 2965 3642 3021 Tu
3675 2979 3720 3018 es
3757 2962 3841 3015 dits

2286 3047 2458 3113 nos_ter
2481 3037 2598 3093 loco
2623 3037 2799 3113 Judte,
2829 3050 2878 3095 et
2897 3037 3149 3103 Jonatha?
3172 3042 3358 3113 fratris
3387 3041 3482 3095 tui.

2355 3109 2547 3182 Pugna
2577 3108 2815 3181 prtvlium
2848 3123 3083 3167 nostrum
3106 3129 3126 3180 ς
3151 3108 3200 3169 et
3231 3115 3429 3178 omnia,
3461 3124 3765 3182 queecumque
3783 3108 3845 3163 di-

2284 3182 2423 3237 xeris
2454 3181 2619 3245 nobis,
2653 3183 2922 3252 faciemus.

650 3247 718 3318 Et
744 3247 1009 3329 wdi/icare
1040 3273 1211 3312 muros
1236 3258 1290 3311 in
1315 3247 1634 3329 Jerusalem,
1660 3264 1707 3309 et
1726 3257 1961 3329 exaltare
1995 3247 2180 3310 attitu-
2205 3247 2254 3311 C
2365 3252 2430 3307 Et
2477 3247 2797 3329 congregans
2843 3271 3019 3310 omnes
3065 3256 3200 3311 viros
3245 3256 3557 3329 bellatores,
3597 3249 3847 3329 acceleravit

579 3335 753 3389 dinem
776 3327 1025 3404 magnam,
1045 3331 1177 3385 inter
1202 3328 1437 3404 medium
1455 3327 1665 3404 arcis_et
1690 3327 1929 3404 civitatis,
1954 3336 2010 3382 ut
2034 3345 2185 3396 sepa-

576 3416 718 3460 raret
740 3398 911 3460 eam'a
932 3402 1159 3465 civitate,
1186 3410 1242 3455 ut
1271 3408 1399 3455 esset
1419 3399 1537 3472 ipsa
1564 3398 1919 3471 singulariter,
1949 3407 1997 3452 et
2024 3417 2186 3471 neque

490 3478 502 3490 '
577 3485 771 3543 enmnt,
804 3490 969 3546 neque
995 3473 1242 3529 vendant.

651 3547 720 3602 Et
751 3541 1113 3610 convenerunt,
1146 3553 1201 3597 ut
1226 3542 1545 3612 aediﬁcarent
1584 3541 1844 3596 civitatem
1868 3558 1888 3597 :
1913 3550 1960 3597 et
2001 3543 2186 3598 cecidit

581 3636 785 3687 murus,
817 3619 903 3689 qui
931 3626 1040 3672 erat
1060 3632 1212 3688 super
1237 3623 1511 3689 torrentem
1531 3612 1605 3689 _ab
1631 3625 1746 3668 ortu
1780 3615 1925 3683 solis,
1955 3625 1999 3670 et
2030 3632 2184 3688 repa-

575 3691 711 3746 ravit
740 3682 877 3755 eum,
905 3689 994 3759 qui
1021 3682 1230 3743 vocatur
1275 3682 1612 3759 Caphetetlta.

651 3763 721 3818 Et
752 3755 937 3820 Simon
966 3759 1243 3828 tediﬁcavit
1267 3756 1473 3811 Adiada
1498 3758 1552 3810 in
1583 3755 1833 3825 Sep/tela,
1878 3768 1924 3812 et
1969 3758 2185 3814 munivit

581 3852 717 3899 eam,
748 3843 796 3888 et
822 3832 1065 3905 imposuit
1095 3840 1294 3905 portas,
1323 3838 1375 3884 et
1387 3843 1568 3905 -_seras.

654 3906 725 3961 Et
763 3921 877 3977 cum
896 3899 1208 3977 'cOgita'sset
1235 3899 1737 3977 Tryplton_regnare
1765 3902 1925 3964 Asiae.
1959 3910 2007 3956 et
2034 3918 2185 3977 assu-

582 3995 720 4034 mere
738 3970 1006 4040 diadema,
1033 3984 1083 4029 et
1124 3972 1233 4046 [AL
1287 3970 1392 4027 lac.
1439 3970 1506 4044 et]
1552 3972 1826 4028 extendere
1871 3990 2083 4027 manum
2130 3973 2184 4028 in

582 4049 891 4105 Antiochum
918 4059 1131 4114 regem:

654 4119 859 4174 Timens
888 4133 950 4171 ne
965 4112 1107 4187 forte
1135 4131 1235 4170 non
1265 4114 1572 4187 permitteret
1617 4130 1730 4169 eum
1770 4112 2047 4187 Ionathas,
2093 4115 2186 4172 sed

583 4198 840 4263 pugnaret
867 4184 1112 4263 adversus
1138 4184 1277 4256 eum,
1306 4184 2019 4263 quaerebatfomprehendere
2045 4204 2177 4258 eum,

578 4255 629 4316 et
650 4255 900 4316 occidere.
931 4258 1001 4329 Ig‘t
1030 4273 1306 4329 exsurgens
1320 4255 1457 4329 ‘abiit
1481 4257 1534 4329 in
1554 4255 1807 4311 Bethsan.

660 4330 731 4385 Et
760 4331 912 4384 exivit
938 4327 1201 4384 Ionathas
1230 4328 1427 4382 obviam
1454 4328 1536 4382 illi
1554 4344 1671 4383 cum
1692 4328 2039 4400 quadraginta
2066 4331 2184 4387 mil-
2209 4330 2213 4334 ’

585 4402 721 4458 libus
749 4402 977 4473 virorum
1004 4402 1283 4473 electorum
1307 4400 1360 4453 in
1384 4400 1643 4473 praelium,
1668 4399 1730 4473 et
1759 4399 1909 4456 ventt’
1930 4399 2179 4459 Bethsau.

661 4475 731 4528 Et
760 4473 885 4528 vidit
909 4471 1154 4545 Tryphon
1191 4472 1312 4542 quia
1340 4470 1473 4526 venit
1497 4470 1750 4545 Jonathas
1786 4489 1913 4545 cum
1954 4474 2180 4529 exercitu

588 4547 772 4610 multo,
800 4555 855 4599 ut
884 4544 1173 4599 extenderet
1198 4546 1253 4598 in
1280 4559 1395 4598 eum
1418 4559 1618 4612 manus,
1649 4544 1834 4598 timuit.

659 4617 729 4671 Et
752 4615 947 4687 excepit
977 4632 1092 4670 eum
1134 4632 1247 4670 cum
1285 4615 1504 4681 honore,
1552 4624 1597 4668 et
1645 4616 2017 4671 commendavit
2062 4635 2181 4674 eum

589 4689 823 4763 omnibus
852 4687 1033 4763 amicis
1057 4689 1187 4763 suis,
1217 4696 1263 4763 et
1289 4688 1438 4763 dedit
1467 4688 1535 4763 ei_
1558 4702 1812 4763 munera:
1855 4698 1904 4744 et
1939 4691 2181 4763 praecepit

586 4759 889 4816 exercitibus
909 4760 1016 4815 suis
1036 4772 1090 4813 ut
1112 4760 1370 4814 obedirent
1390 4759 1461 4825 ei,
1489 4759 1619 4813 sicut
1648 4760 1763 4814 sibi.

656 4829 729 4886 Et
755 4831 883 4886 dixit
897 4828 1146 4907 _Jonathtv
1167 4847 1193 4907 :_
1217 4830 1262 4907 Π
1269 4840 1287 4886 ι
1309 4831 1663 4907 quid_vexasti
1694 4831 1985 4888 universum
2021 4850 2186 4907 papu-

585 4903 714 4967 lum,
748 4920 863 4957 cum
890 4902 1078 4957 bellum
1106 4902 1252 4957 nobis
1284 4900 1384 4957 non
1416 4900 1522 4956 sit?

659 4974 727 5032 Et
755 4991 893 5030 nunc
920 4975 1119 5028 remitte
1144 4990 1230 5028 eos
1257 4976 1310 5027 in
1338 4974 1516 5027 domos
1543 4990 1700 5029 suas:
1731 4975 1862 5045 elige
1880 4985 2052 5030 autem
2095 4978 2187 5033 tibi

586 5049 721 5103 viros
750 5063 963 5120 paucos,
991 5045 1081 5116 qui
1102 5054 1277 5120 tecum
1294 5044 1419 5113 sint,
1451 5052 1508 5120 et
1526 5046 1639 5098 veni
1674 5044 1871 5120 mecum
1901 5046 2187 5104 Ptolemai-

580 5121 723 5185 dam,
749 5117 1026 5173 ettradam
1054 5133 1165 5171 eam
1191 5117 1302 5187 tibi,
1334 5124 1379 5172 et
1415 5117 1611 5184 reliqua
1650 5118 1913 5186 prtesidia,
1954 5130 1998 5173 et
2036 5136 2181 5175 exer-

582 5190 761 5261 citum,
811 5203 859 5243 et
901 5192 1181 5261 universos,
1211 5187 1511 5261 praepositos
1549 5189 1740 5259 negatii
1765 5231 1779 5257 ,
1827 5199 1875 5244 et
1917 5208 2188 5249 conversus

584 5259 733 5313 abibo
754 5278 771 5313 .'
804 5271 1075 5330 propterea
1104 5259 1238 5315 enim
1267 5261 1377 5313 veni
1401 5274 1421 5313 :

652 5330 725 5384 Et
751 5331 965 5385 credidit
992 5334 1058 5399 ei,
1090 5343 1138 5386 et
1157 5333 1274 5403 fecit
1299 5332 1430 5403 sicut
1459 5330 1630 5386 dixit:
1658 5339 1704 5386 et
1755 5331 1949 5388 dimisit
1992 5336 2186 5390 exerci-

588 5409 719 5472 tum,
750 5415 796 5456 et
824 5403 1056 5455 abierunt
1083 5403 1134 5455 in
1158 5400 1353 5457 terram
1380 5400 1545 5457 Iuda.

655 5474 884 5528 Retinuit
910 5484 1077 5546 autem
1105 5491 1276 5528 secum
1299 5477 1401 5546 tria
1424 5474 1589 5528 millia
1610 5475 1835 5530 virorum
1861 5492 1879 5530 :
1911 5493 1976 5532 ex
2000 5479 2183 5546 quibus

578 5546 775 5600 remisit
805 5546 857 5601 in
887 5542 1159 5600 Galilaeam
1181 5546 1285 5600 duo
1314 5545 1479 5601 millia
1502 5563 1522 5602 :
1551 5549 1690 5602 mille
1719 5557 1889 5604 autem
1934 5542 2176 5605 venerunt

576 5632 695 5671 cttm
720 5632 799 5671 eo.

657 5686 725 5743 Ut
750 5696 916 5742 autem
944 5688 1152 5743 intravit
1183 5687 1561 5745 Ptolemaidam
1581 5689 1857 5755 Ionathas,
1880 5691 2176 5748 clauserunt

582 5769 757 5830 portas
778 5760 999 5815 civitatis
1033 5757 1396 5829 Ptolemenses,
1427 5770 1473 5815 et
1500 5762 1990 5831 comprehenderunt
2017 5782 2131 5819 eum
2153 5780 2173 5819 :

576 5843 627 5888 et
654 5848 852 5906 omnes,
879 5833 968 5906 qui
990 5848 1106 5906 cum
1134 5848 1193 5886 ea
1218 5834 1555 5906 intraverant,
1583 5834 1759 5906 gladio
1786 5834 2169 5906 interfecerunt.

642 5902 714 5961 Et
736 5903 875 5960 misit
907 5902 1152 5977 Tryphon
1181 5904 1485 5978 exercitum,
1508 5913 1558 5961 et
1575 5902 1769 5978 equites
1790 5906 1844 5961 in
1872 5902 2166 5979 Galilteam,

2288 3322 2644 3379 consummare
2669 3322 2958 3382 'universos
3004 3344 3181 3382 muros
3224 3322 3552 3394 Ierusalem,
3587 3334 3632 3381 et
3672 3322 3848 3378 munivit

2287 3412 2407 3469 eam
2430 3398 2484 3451 in
2516 3414 2665 3469 gyro.

2361 3467 2430 3521 Et
2453 3467 2594 3523 misit
2621 3467 2906 3541 Ionatham
2932 3470 3099 3538 filium
3128 3470 3417 3541 Absalomi,
3450 3480 3499 3526 et
3527 3486 3639 3524 cum
3659 3485 3713 3523 eo
3736 3482 3852 3522 exer—

2287 3540 2447 3595 citum
2472 3557 2658 3615 novum
2683 3542 2735 3615 in
2761 3539 2989 3614 Joppen,
3021 3550 3069 3597 et
3096 3544 3277 3615 ejectis
3305 3539 3411 3610 his,
3441 3543 3527 3614 qui
3551 3551 3687 3598 erant
3710 3541 3757 3594 in
3786 3554 3851 3605 ea,

2288 3613 2531 3683 remansit
2557 3613 2665 3667 illic
2694 3613 2827 3683 ipse.

2357 3681 2427 3738 Et
2457 3684 2612 3739 movit
2640 3681 2885 3756 Tryphon
2909 3701 2942 3756 α
2968 3682 3298 3741 Ptolemaida
3323 3703 3445 3741 cum
3468 3686 3683 3743 exercitu
3701 3682 3852 3746 multo,

2284 3762 2343 3811 ut
2364 3756 2557 3880 titleniret
2583 3757 2636 3811 in
2667 3755 2856 3811 terram
2884 3755 3052 3826 Juda,
3085 3768 3131 3812 et
3157 3756 3426 3814 Jonathas
3454 3774 3585 3831 ⁸ωιτη
3618 3772 3673 3811 eo
3707 3756 3753 3809 in
3784 3768 3855 3806 cst-

2286 3836 2365 3880 sto
2407 3845 2478 3880 ta.

2286 3828 2478 3884 stadia.

2359 3898 2544 3973 Simon
2567 3908 2740 3955 autem
2760 3899 3010 3973 applicuit
3030 3901 3084 3955 in
3103 3900 3287 3958 Addus
3306 3912 3490 3958 contra
3509 3901 3682 3973 faciem
3698 3896 3853 3973 campi.

2359 3919 2544 3956 Simon
2567 3919 2740 3955 autem
2760 3919 2790 3954 a
2865 3919 3010 3955 ucuu
3030 3919 3084 3955 m
3103 3919 3287 3958 aaaus
3306 3919 3490 3958 contra
3509 3919 3682 3973 faciens
3698 3919 3853 3966 camps.

2359 3968 2507 4045 Etout
2534 3973 2768 4045 cognovit
2792 3919 3065 4043 pIIryphon
3111 3974 3240 4045 quia
3281 3976 3516 4029 surrexit
3556 3973 3728 4030 Simon
3766 3968 3857 4022 loco

2285 4043 2467 4115 fratris
2486 4046 2571 4099 sui
2599 4043 2846 4099 Jonatha:
2869 4061 2887 4098 .'
2918 4054 2965 4098 et
2993 4043 3520 4115 quia‘commissurus
3547 4053 3669 4101 esset
3692 4058 3793 4096 cum
3812 4053 3859 4094 eo

2286 4115 2548 4185 prtelium,
2578 4116 2715 4170 misit
2742 4117 2812 4170 ad
2831 4132 2947 4171 eum
2983 4117 3199 4185 legatos,

2356 4177 2552 4243 Dicens
2576 4204 2596 4243 :
2629 4187 2733 4261 ζ)νο
2768 4197 3001 4261 argento,
3031 4177 3195 4256 "quod
3231 4188 3449 4245 debebat
3498 4189 3607 4261 [AL
3654 4177 3858 4261 habebat]

2284 4258 2447 4332 frater
2474 4268 2595 4315 tuus
2623 4255 2884 4332 Jonatltas
2910 4261 2964 4313 in
2990 4255 3193 4314 ratione
3217 4261 3384 4332 regis,
3417 4255 3624 4332 propter
3663 4255 3858 4329 negotia.

2282 4347 2400 4401 qua:
2430 4331 2628 4397 habuit,
2660 4331 2980 4386 detinuimus
3010 4348 3148 4385 eum.

2355 4401 2425 4456 Et
2450 4419 2586 4479 nunc
2615 4396 2757 4457 mitte
2778 4404 2978 4479 argenti
3007 4404 3201 4479 talenta
3226 4413 3460 4479 centum,
3500 4414 3560 4479 e_t_
3589 4403 3710 4457 duos
3746 4396 3862 4479 filios

2283 4474 2393 4544 ejus
2419 4474 2644 4544 obsides,
2679 4482 2734 4528 ut
2762 4474 2867 4528 non
2896 4474 3144 4530 dimissus
3169 4478 3341 4547 fugiat
3368 4492 3402 4531 a
3435 4476 3607 4544 nobis,
3638 4485 3682 4528 et
3708 4474 3861 4527 remit-

2282 4547 2441 4601 timus
2468 4562 2604 4601 eum.

2356 4615 2425 4671 Et
2455 4617 2695 4691 cognovit
2723 4618 2904 4674 Simon
2932 4618 3056 4689 quia
3076 4635 3193 4673 cum
3212 4617 3337 4674 dolo
3360 4620 3660 4687 loqueretur
3677 4626 3852 4691 secum:

2282 4691 2442 4760 jussit
2471 4686 2637 4744 tamen
2663 4690 2779 4745 dari
2808 4686 3098 4761 argentum,
3138 4686 3435 4761 etgpueros,
3476 4709 3539 4746 ne
3580 4686 3866 4743 inimicitiam

2291 4778 2533 4832 magnam
2559 4770 2776 4817 sumeret
2803 4759 3147 4832 ad‘populum
3177 4759 3374 4831 Israel,
3406 4764 3697 4818 dicentem:

2367 4781 2376 4815 ι
2414 4781 2533 4816 nam
2559 4781 2775 4817 sumeret
2803 4781 2870 4816 aa
2897 4781 3147 4832 poputum
3177 4781 3374 4831 ssraet,
3406 4781 3658 4818 dicentem
3681 4781 3697 4813 :

2367 4781 2502 4908 auia
2532 4850 2633 4887 non
2665 4834 2802 4889 misit
2841 4833 2889 4887 ei
2934 4845 3226 4908 argentum,
3273 4845 3323 4889 et
3368 4852 3580 4907 pueros,
3630 4836 3868 4905 propterea

2328 4906 2463 4960 eriit.

2291 4923 2592 5032 pe'IIIltlmisit
2621 4992 2826 5050 pueros,
2857 4988 2906 5033 et
2930 4987 3132 5033 centum
3157 4977 3396 5034 talenta:
3438 4989 3489 5033 et
3528 4974 3755 5033 mentitus
3787 4976 3869 5034 est,

2290 5058 2339 5103 et
2363 5067 2467 5103 nou
2490 5048 2685 5104 dimisit
2709 5048 3011 5104 Ionatham.

2364 5119 2432 5173 Et
2454 5130 2567 5194 post
2597 5119 2707 5177 ha’c
2726 5122 2860 5175 venit
2884 5120 3132 5192 Tryphon
3156 5121 3295 5197 intra
3320 5124 3612 5197 regionem,
3640 5126 3695 5197 ut
3717 5122 3870 5197 caute-

2289 5202 2423 5266 reret
2452 5188 2564 5247 eam
2586 5208 2605 5247 :
2634 5202 2680 5247 et
2704 5188 3014 5264 gyraverunt
3040 5208 3131 5266 per
3155 5195 3316 5260 viam,
3364 5188 3493 5266 qua
3533 5188 3673 5248 ducit
3711 5188 3871 5266 ᾼάονί

2289 5273 2336 5318 et
2358 5264 2563 5331 Simon,
2596 5276 2644 5319 et
2669 5260 2838 5318 castra
2863 5266 2974 5335 ejus
3000 5260 3341 5322 ambulabant
3377 5260 3442 5320 in
3485 5280 3681 5321 omnem
3722 5260 3871 5314 Ιοοκηι

2286 5352 2604 5407 quocumque
2630 5337 2789 5390 ibant.

2363 5409 2467 5475 Qui
2496 5404 2663 5463 autem
2692 5410 2743 5462 in
2771 5425 2891 5463 arce
2931 5419 3097 5478 erant,
3148 5409 3406 5466 miserunt
3448 5410 3520 5465 ad
3565 5404 3871 5478 Tryphonem

2287 5478 2502 5554 legatos,
2536 5490 2591 5533 ut
2620 5481 2884 5550 festinaret
2922 5483 3089 5536 venire
3114 5499 3205 5554 per
3247 5482 3536 5547 desertum,
3582 5490 3630 5535 et
3674 5478 3870 5531 mitteret

2284 5551 2390 5605 illis
2419 5553 2715 5607 alintonias.

2357 5621 2424 5675 Et
2454 5625 2652 5695 paravit
2702 5621 2948 5697 Tryphon
2993 5642 3193 5699 omnem
3239 5627 3549 5699 equitatum,
3602 5631 3658 5676 ut
3703 5617 3872 5699 venit.“

2282 5692 2579 5767 illa_ttd€le:
2611 5707 2718 5750 erat
2746 5692 2919 5750 autem
2945 5698 3037 5751 nix
3065 5698 3229 5752 multa
3250 5692 3423 5767 valde,
3459 5707 3505 5752 et
3540 5712 3645 5750 non
3676 5692 3801 5747 venit
3824 5692 3869 5741 in

2282 5764 2629 5821 Galaaditim.

2353 5836 2561 5916 Etcum
2591 5841 3055 5916 appropinquasset
3086 5838 3379 5916 Baseantan
3404 5840 3521 5916 [ΑΙ.
3559 5827 3871 5903 Βωεαοηαη]ι

2281 5910 2469 5967 occidit
2489 5907 2795 5986 Ionatham,
2823 5907 2874 5968 et
2896 5912 3033 5983 filios
3065 5915 3183 5985 ejus
3207 5912 3340 5969 illic.
