4036 6330
201 307 286 366 497
1404 319 1605 377 LIBER
1646 321 1665 378 I
1705 322 1783 379 MA

1924 323 2301 385 LBIEORUME

258 423 320 501 Et
347 427 598 501 convertit
625 429 895 501 Tryphon,
921 440 971 486 et
995 433 1118 488 abiit
1145 435 1196 488 in
1220 446 1408 490 terram
1437 454 1604 490 suam.

256 495 322 551 Et
525 495 745 578 Simoni,
769 513 821 578 et
846 495 1041 578 accepit
1075 522 1191 561 ossa
1215 505 1458 562 Jonathaz
1477 511 1657 578 fratris
1683 512 1787 578 sui,

197 575 236 621 et
257 570 484 650 sepelivit
505 588 565 626 ea
589 573 645 626 in
673 574 857 628 Modin
883 570 1085 650 civitate
1109 589 1313 650 patrum
1338 582 1470 650 ejus.

255 639 322 693 Et
349 643 669 725 planxerunt
697 663 811 699 eum
839 648 1004 725 omnis
1031 639 1201 705 Israel
1243 639 1454 722 plan’ctu
1493 669 1700 725 magno,
1743 663 1790 708 et

199 712 429 769 luxerunt
457 731 576 768 eum
612 716 723 772 dies
747 719 955 773 multos.

257 782 321 867 Et
351 786 632 854 cediﬁcavit
666 787 867 867 Simon
900 807 1056 867 super
1103 793 1397 865 sepulcrum
1447 798 1611 867 patris
1637 798 1717 850 sui
1747 806 1794 850 et

196 856 402 941 fratrum
423 874 641 913 suorum
673 856 1168 932 cedificium'altuni
1218 867 1350 932 visu,
1404 856 1578 941 lapide
1627 869 1792 940 polito

196 937 316 982 retro
344 940 393 983 et
423 941 566 984 ante.

254 997 319 1052 Et
349 1003 534 1086 statuit
555 1009 749 1071 septem
775 1007 1095 1090 pyramidas,
1122 1024 1276 1062 unam
1309 1019 1484 1065 contra
1511 1027 1667 1066 unam
1699 1029 1794 1084 pa-
1845 1083 1852 1090 _

195 1071 321 1147 tri_et
351 1076 530 1147 matri,
562 1088 610 1129 et
625 1071 846 1145 quatuor
866 1071 1154 1147 fratribus:

252 1143 316 1197 Et
343 1144 426 1198 his
465 1143 838 1227 circumposuit
863 1143 1133 1227 columnas
1161 1169 1372 1223 magnas
1403 1163 1500 1208 :-et
1527 1171 1681 1227 super
1705 1173 1793 1210 co-

196 1214 385 1271 lumnas
422 1234 592 1296 arma,
623 1214 690 1270 ad
719 1223 1020 1296 memoriam
1061 1214 1302 1296 aeternam
1340 1242 1357 1278 :
1389 1236 1434 1278 et
1455 1214 1616 1296 juxta
1647 1245 1791 1281 arma

194 1303 333 1412 ibtaves
356 1290 612 1359 sculptus,
654 1306 768 1362 qua:
801 1293 1102 1349 viderentur
1127 1295 1190 1348 ab
1222 1290 1470 1351 omnibus
1499 1299 1789 1368 natiganti-

222 1376 272 1412 us
300 1378 464 1412 mare-

222 1376 272 1412 ιιδ
300 1378 464 1418 mare.

253 1431 367 1485 Hoc
384 1443 474 1513 est
526 1437 842 1508 sepulcrum,
875 1439 1018 1511 quod
1045 1441 1165 1512 fecit
1207 1439 1261 1494 in
1296 1438 1500 1508 Modin,
1539 1458 1698 1513 usque
1737 1443 1792 1498 in

196 1504 318 1557 hunc
359 1507 520 1562 diem.

249 1575 498 1658 :I'ryphon
530 1590 705 1658 autem
748 1599 861 1658 cum
892 1582 989 1636 iter
1017 1586 1206 1652 faceret
1243 1600 1358 1638 cum
1388 1584 1644 1639 Antiocho
1673 1601 1792 1658 rege

201 1645 533 1717 adolescente,
555 1653 676 1708 dolo
700 1655 884 1708 occidit
910 1645 1044 1707 eum.

250 1718 315 1772 Et
347 1725 597 1799 regnavit
633 1727 749 1780 loco
777 1729 909 1798 ejus,
945 1736 991 1779 et
1022 1727 1265 1799 imposuit
1306 1729 1402 1783 sibi
1436 1728 1674 1782 diadema
1721 1731 1791 1783 Α·

192 1790 293 1869 site_._
317 1801 368 1845 et
401 1794 522 1869 fecit
545 1797 754 1868 plagam
778 1790 1018 1869 magnam
1046 1790 1106 1851 iri
1129 1811 1286 1854 terra.

250 1861 320 1936 Et
355 1861 655 1935 mamma"
681 1861 887 1923 Simon'
903 1872 1147 1936 pra'sidia
1172 1870 1395 1936 Judtvte,
1446 1873 1678 1926 muniens
1727 1889 1786 1926 ea

193 1934 404 2014 turribus
430 1934 670 2014 excelsis,
701 1934 935 2014 etmuris
976 1945 1195 2014 magnis,
1229 1953 1272 1998 et
1299 1934 1485 2014 portis,
1519 1954 1568 1998 et
1609 1944 1736 1998 seris
1765 1959 1784 1996 :

193 2016 230 2059 et
254 2008 426 2078 posuit
465 2011 717 2066 alimenta
746 2012 798 2064 in
831 2008 1223 2069 munitionibus.

171 2083 178 2098 '
252 2079 311 2130 Et
342 2081 500 2150 elegit
549 2083 733 2138 Simon
777 2085 934 2150 viros,
969 2095 1018 2138 et
1058 2087 1195 2139 misit
1229 2086 1295 2139 ad
1342 2085 1659 2140 Demetrium
1702 2104 1785 2140 re-

193 2161 394 2228 gem._ut
421 2157 618 2228 faceret
645 2157 991 2228 remissionem
1022 2159 1221 2227 regioni
1250 2174 1267 2212 :
1295 2159 1417 2228 quia
1435 2168 1582 2212 actus
1609 2174 1785 2214 omnes

196 2219 471 2345 Triphonis
496 2243 588 2292 per
618 2227 969 2296 direptionem
1004 2219 1212 2299 fuerant
1244 2219 1394 2300 gesti.

293 2303 309 2345 ι
337 2292 638 2345 Demetrius
661 2314 753 2345 rex
777 2299 844 2345 all
873 2299 1025 2345 verba
1057 2302 1156 2345 ista
1184 2317 1394 2345 rpsmma

293 2303 309 2345 t
337 2292 638 2373 Demetrius
661 2292 753 2373 rei:
777 2299 844 2351 ad
873 2292 1025 2353 verba
1057 2302 1156 2354 ista
1184 2292 1448 2373 respondit
1480 2303 1548 2366 ei,
1581 2311 1627 2355 et
1654 2301 1785 2355 scri-

191 2364 276 2435 psit
300 2367 582 2435 epistolam
620 2371 773 2424 talem
797 2388 815 2424 :

250 2434 356 2492 Rex
388 2438 684 2496 Demetrius
722 2440 928 2496 Simoni
975 2460 1178 2496 summo
1209 2443 1490 2508 sacerdoti,
1521 2453 1566 2498 et
1615 2445 1782 2500 antica

191 2523 369 2583 regum,
402 2522 450 2567 et
473 2512 787 2578 senioribus,
817 2523 864 2565 et
887 2517 1026 2583 genti
1051 2513 1360 2570 Judtvarum
1391 2516 1632 2570 salutem.

251 2580 508 2639 Coronam
549 2601 786 2650 auream,
837 2580 1116 2652 etrbahem,
1149 2605 1302 2656 quam
1339 2587 1572 2652 misistis,
1607 2605 1781 2642 susce-

189 2653 335 2721 pimus
358 2671 378 2709 :
409 2665 458 2710 et
511 2657 684 2729 parati
725 2673 901 2710 sumus
939 2659 1107 2726 facere
1138 2653 1397 2712 vobiscum
1447 2675 1624 2725 pacem
1669 2674 1784 2713 md-

189 2736 422 2802 gnam,_et
453 2729 682 2783 scribere
707 2730 1000 2799 prtvpositis
1031 2731 1164 2800 regis
1194 2730 1454 2784 remittere
1493 2731 1628 2783 rubis
1664 2748 1782 2802 qua:

189 2796 511 2855 indulsimus.

251 2867 598 2943 Quaecumque
626 2873 761 2926 enim
784 2874 1159 2937 constituimus,
1196 2872 1338 2927 vobis
1359 2881 1614 2928 constant.
1660 2873 1782 2930 Mu-

187 2939 410 3012 nitiones,
432 2939 565 3009 quas
593 2945 915 3012 tediﬁcastis,
946 2946 1085 3000 vobis
1109 2947 1235 2999 sint.

188 3040 221 3086 τ-
248 3011 578 3086 Iiemittimus
601 3011 802 3086 quoque
834 3018 1178 3086 ignorantias,
1206 3026 1251 3069 et
1281 3024 1488 3086 peccata
1534 3033 1695 3086 usque
1727 3020 1781 3074 in

188 3081 480 3139 hodiernum
509 3081 667 3152 diem,
701 3081 747 3140 et
792 3081 1058 3153 coronam,
1109 3081 1556 3153 quam'debebatis
1591 3081 1621 3142 ;’
1658 3093 1780 3145 etsi

186 3156 292 3223 quid
329 3159 482 3213 aliud
514 3168 624 3213 erat
660 3159 985 3214 tributarium
1013 3162 1064 3214 in
1105 3156 1417 3225 Jerusalem,
1446 3161 1555 3227 iam
1585 3178 1687 3216 non
1719 3164 1779 3217 sit

189 3228 525 3285 tributarium.

247 3297 310 3353 Et
335 3303 382 3355 si
411 3304 502 3371 qui
533 3320 599 3359 ex
628 3303 768 3358 vobis
807 3306 914 3374 apti
941 3313 1058 3358 sunt
1092 3302 1350 3358 conscribi
1389 3302 1522 3356 inter
1551 3313 1777 3371 nostros,

186 3375 588 3446 conscribuntur,
613 3386 662 3430 et
691 3377 758 3429 sit
787 3377 922 3430 inter
953 3393 1048 3430 nos
1075 3391 1198 3446 pax.
1527 3375 1540 3388 ’

246 3443 392 3520 Anno
444 3449 723 3520 centesimo
764 3443 1142 3520 septttagesimo
1194 3448 1422 3501 ablatum
1476 3455 1548 3500 est
1588 3448 1781 3519 jugum

183 3518 398 3582 gentium
423 3521 488 3572 ab
518 3517 709 3572 Israel.

245 3585 308 3661 Et
335 3591 495 3661 coepit
525 3590 752 3661 populus
784 3590 952 3645 Israel
977 3591 1197 3645 scribere
1222 3589 1276 3642 in
1307 3587 1516 3653 tabulis,
1545 3600 1595 3643 et
1622 3594 1780 3661 gestis

185 3658 427 3734 publicis,
469 3658 608 3716 anno
649 3664 815 3734 primo
858 3663 949 3734 sub
992 3663 1205 3716 Simone
1240 3676 1439 3714 summo
1481 3658 1774 3733 sacerdote,

181 3747 352 3806 magno
374 3733 541 3806 duce,
566 3744 612 3787 et
639 3735 874 3806 principe
909 3733 1240 3806 Judteornm.

243 3803 317 3877 In
346 3805 535 3858 diebus
566 3802 677 3860 illis
709 3802 963 3877 applicuit
1012 3805 1195 3861 Simon
1224 3805 1290 3857 ad
1331 3802 1546 3872 Gazam,
1582 3815 1628 3860 et
1671 3807 1776 3859 cir-

179 3875 388 3949 cumdel!
397 3877 434 3929 it
461 3893 577 3931 eam
620 3875 824 3943 castris,
873 3887 920 3932 et
949 3878 1067 3947 fecit
1116 3877 1403 3944 machinas,
1439 3887 1486 3930 ct
1517 3880 1778 3949 applicuit

180 3947 237 4020 ad
279 3949 561 4020 civitatem,
613 3959 660 4004 et
706 3951 956 4020 percussit
1009 3958 1205 4005 turrem
1243 3964 1418 4016 unum,
1465 3958 1512 4002 et
1545 3947 1776 4020 campre-

184 4015 342 4072 hendit
365 4037 481 4074 eam
492 4062 505 4074 .

245 4088 309 4142 Et
343 4102 658 4164 eruperant,
689 4093 776 4160 qui
812 4104 956 4148 erant
985 4094 1127 4147 intra
1171 4095 1462 4147 machinam
1511 4092 1564 4145 in
1598 4092 1777 4146 civita-

182 4169 308 4234 tem_:
336 4173 385 4217 et
419 4167 598 4234 factus
623 4173 695 4219 est
727 4175 896 4218 motus
920 4181 1138 4234 magnus
1159 4167 1210 4219 in
1239 4166 1460 4219 civitate.

244 4231 306 4285 Et
354 4231 704 4290 ascenderunt
744 4238 832 4304 qui
860 4231 1098 4291 erantin
1129 4237 1331 4290 civitate
1359 4252 1470 4290 cum
1500 4236 1770 4302 uxoribus,

179 4314 223 4355 et
241 4304 366 4372 ﬁliis
406 4325 574 4379 supra
600 4325 802 4362 murum
842 4307 1014 4362 scissis
1046 4308 1234 4379 tunicis
1282 4309 1412 4373 suis,
1437 4317 1486 4361 et
1519 4309 1778 4362 clamave-

178 4386 285 4450 runt
314 4393 437 4433 voce
469 4378 686 4450 magna,
737 4378 1054 4449 postulantes
1083 4397 1114 4433 a
1165 4378 1380 4434 Simone
1421 4381 1634 4434 dextras
1677 4381 1776 4436 sibi

177 4447 302 4511 dari,
332 4461 381 4503 et
410 4447 663 4506 dixerunt
693 4467 711 4506 :

241 4516 364 4576 Non
388 4523 544 4577 nobis
570 4523 761 4577 reddas
807 4524 1089 4578 secundum
1136 4523 1364 4577 malitias
1410 4533 1635 4588 nostras,
1683 4523 1774 4577 sed

177 4594 458 4648 secundum
489 4596 874 4649 misericordias
903 4607 1037 4649 tuas.

1816 1833 1865 1896 B

3385 339 3493 399 4‘38

1818 445 1862 501 Λ
1970 441 2349 525 Ειιτοζιξιὶιηὶῑ,
2383 456 2438 500 ut
2493 449 2725 506 omnibus
2769 451 2918 505 anuis
2966 463 3242 525 agerentur
3286 460 3395 514 dies
3443 460 3498 514 hi

1892 529 2007 567 cum
2038 515 2240 569 lwtitia.

1967 584 2031 669 ‘Et
2069 589 2284 669 munivit
2316 600 2538 644 montem
2574 593 2778 669 templi,
2811 596 2898 664 qui
2921 608 3032 650 erat
3062 615 3209 652 secus
3235 617 3428 669 arcem,
3453 611 3502 658 et

1893 658 2146 732 habitavit
2163 660 2395 732 ibiipse,
2422 672 2469 716 et
2497 664 2585 732 qui
2606 658 2722 717 cuin
2751 658 3006 723 eo'eranl.

1967 727 2192 813 Etuvidit
2239 727 2419 786 Simon
2450 727 2708 813 Joannem
2748 737 2916 813 filium
2963 757 3134 803 suum,
3162 744 3300 812 quod
3347 745 3500 813 fortis

1895 801 2065 870 prtvlii
2091 802 2168 854 vir
2197 813 2371 876 esset:
2395 813 2444 859 et
2471 806 2643 876 posuit
2667 801 2782 861 eum
2818 810 2997 866 ducem
3023 801 3269 868 virtulum
3296 801 3502 870 univer-

1893 887 2122 927 sarum:
2171 883 2216 930 et
2259 875 2504 933 habitavit
2552 879 2603 933 in
2636 876 2876 938 Gazaris.

2487 1036 2717 1094 CAPUT
2758 1040 2898 1094 XIV.

1967 1148 2116 1232 Anno
2155 1151 2429 1232 centesimo
2473 1155 2850 1232 septuagesimo
2899 1159 3126 1232 secundo
3171 1164 3498 1232 congregavit

1895 1237 1987 1274 rex
2008 1218 2300 1294 Demetrius
2333 1218 2611 1294 tz’rcitum
2643 1218 2818 1294 suum,
2849 1238 2894 1281 et
2929 1230 3054 1283 abiit
3085 1232 3137 1283 in
3173 1218 3401 1286 Mediam
3429 1233 3500 1288 ad

1896 1292 2250 1374 contrahenda
2273 1293 2370 1374 sibi
2397 1295 2618 1361 auxilia,
2653 1306 2706 1374 ul
2741 1292 3441 1374 repugnaretTryphonem.

2057 1363 2254 1445 audivit
2285 1366 2617 1445 .Arsacesp'ea:
2658 1363 2912 1438 Persidis,
2942 1382 2990 1445 et
3019 1363 3229 1438 Mediis,
3265 1376 3389 1445 quia
3418 1377 3503 1430 in-

1894 1436 2045 1513 travit
2073 1434 2361 1513 Demetrius
2388 1438 2615 1513 confines
2637 1457 2777 1513 suos.
2807 1451 2853 1495 et
2891 1434 3028 1498 misit
3077 1434 3237 1499 unum
3265 1434 3328 1500 de
3356 1448 3500 1513 prin-

1895 1507 2095 1576 cipibus
2124 1508 2250 1582 suis,
2278 1518 2330 1560 ut
2360 1509 2811 1578 comprehenderet
2833 1531 2948 1567 eum
2981 1519 3169 1582 vivum,
3195 1527 3243 1571 et
3271 1507 3501 1572 adduce-

1894 1590 1969 1633 ret
1995 1595 2112 1632 eum
2141 1578 2208 1630 ad
2239 1595 2310 1632 se.

1970 1651 2051 1732 Et.
2089 1649 2234 1715 abiit,
2267 1660 2313 1702 et
2363 1655 2611 1732 percussit
2640 1656 3085 1732 castra‘Demetrii
3110 1675 3129 1714 :
3174 1670 3222 1713 et
3264 1677 3500 1732 compre-

1895 1722 2071 1802 hendit
2100 1737 2237 1802 eum.
2282 1732 2331 1776 et
2379 1724 2527 1778 duxit
2555 1743 2668 1780 eum
2698 1728 2766 1781 ad
2793 1729 3050 1796 Arsacem,
3087 1742 3133 1785 et
3164 1733 3333 1802 posuit
3375 1722 3498 1786 eum

1894 1795 1947 1848 in
1971 1794 2280 1847 custodiam.

1965 1864 2033 1918 Et
2057 1866 2201 1942 siluit
2228 1867 2396 1942 omnis
2429 1876 2562 1922 terra
2601 1867 2743 1924 Juda
2773 1872 3008 1926 omnibus
3031 1873 3210 1928 diebus
3240 1874 3491 1942 Simonis,

1889 1945 1938 2013 et
1992 1937 2220 2013 qutusivit
2259 1937 2398 2013 bona
2429 1942 2570 2010 genti
2601 1959 2745 1996 sum:
2787 1953 2833 1996 et
2882 1948 3074 2013 placuit
3121 1945 3225 1999 illis
3274 1937 3496 2013 potestas

1888 2012 2022 2081 ejus,
2055 2018 2102 2061 et
2135 2007 2304 2077 gloria
2324 2007 2446 2074 eius
2464 2013 2696 2066 omnibus
2719 2007 2916 2068 diebus.

1963 2079 2171 2157 Etcum
2199 2084 2334 2157 omni
2365 2083 2536 2157 gloria
2559 2101 2655 2138 sua
2685 2088 2880 2157 accepit
2915 2085 3121 2157 Joppen
3167 2089 3217 2141 in
3262 2096 3496 2157 portum,

1888 2160 1935 2205 et
1957 2152 2076 2220 fecit
2103 2153 2373 2205 introitum
2411 2154 2464 2207 in
2497 2155 2677 2209 insulis
2705 2152 2884 2210 maris.

1961 2222 2026 2301 Et
2055 2221 2291 2276 dilatavit
2320 2223 2449 2301 ﬁnes
2477 2228 2645 2301 gentis
2673 2244 2800 2294 sua',
2832 2239 2877 2282 et
2905 2231 3125 2283 obtinuit
3149 2231 3434 2301 regionem.

1960 2294 2030 2367 Et
2058 2296 2389 2367 congregavit
2436 2294 2787 2367 captivitatem
2837 2302 3076 2362 multam,
3111 2311 3157 2354 et
3201 2294 3496 2358 dominatus

1886 2376 1958 2422 est
1985 2364 2227 2434 Gazara',
2259 2364 2305 2421 et
2335 2364 2626 2436 Bethsurie,
2669 2381 2716 2423 et
2770 2373 2879 2425 arci
2907 2390 2924 2426 :
2961 2383 3007 2425 et
3035 2373 3245 2428 abstulit
3272 2375 3496 2428 immun-

1886 2439 2042 2512 diti_as
2077 2455 2141 2491 ex
2171 2455 2251 2503 ea,
2275 2447 2328 2512 et
2356 2455 2459 2493 non
2490 2450 2600 2512 erat
2629 2442 2716 2512 qui
2744 2445 2995 2498 resisteret
3022 2445 3091 2499 ei.

1959 2508 2027 2562 Et
2055 2508 2651 2586 unusquisquecolebat'
2679 2523 2868 2567 terram
2907 2533 3055 2569 suam
3095 2533 3210 2570 cum
3239 2533 3364 2586 pace
3396 2533 3415 2571 :
3445 2525 3495 2571 et

1886 2590 2022 2636 terra
2049 2580 2190 2636 Juda
2209 2580 2376 2634 dabat
2401 2583 2602 2652 fructus
2633 2603 2777 2651 suos,
2809 2596 2856 2638 et
2877 2585 3020 2660 ligna
3048 2580 3347 2659 camporum
3378 2592 3492 2659 fru-

1885 2661 2023 2705 ctum
2055 2671 2228 2707 suum.

1959 2723 2202 2799 Seniores
2234 2729 2286 2782 in
2318 2727 2499 2798 plateis
2524 2729 2764 2784 sedebant
2795 2747 2989 2799 omnes,
3035 2740 3080 2783 et
3111 2731 3175 2784 de
3203 2731 3348 2784 bonis
3381 2740 3488 2785 ter-

1884 2811 1956 2874 τω
1982 2797 2290 2874 tractabant,
2319 2797 2380 2853 et
2401 2803 2621 2872 juvenes
2652 2802 2926 2856 induebant
2958 2797 3012 2858 se
3040 2802 3284 2874 gloriam,
3310 2811 3356 2856 et
3383 2811 3493 2856 sto-

1885 2866 1965 2920 las
1993 2868 2132 2923 belli.

1954 2937 2025 2992 Et
2069 2942 2364 2997 civitatibus
2411 2943 2665 2998 tribuebat
2723 2945 3023 3015 alimonias,
3068 2955 3114 3000 et
3154 2945 3491 3000 constituebat

1885 3025 1995 3077 cas,
2037 3022 2090 3066 ut
2121 3023 2284 3068 essent
2315 3031 2438 3068 vasa
2464 3017 2766 3069 munitionis
2788 3019 3119 3086 quoadusque
3164 3017 3491 3071 nominatum

1885 3094 1956 3136 est
1977 3100 2163 3156 nomen
2191 3086 2370 3155 gloria:
2393 3091 2505 3156 ejus
2537 3104 2694 3156 usque
2719 3092 2785 3141 ad
2817 3099 3099 3143 extremum
3132 3099 3301 3142 terrae.

1958 3154 2106 3210 Fecit
2139 3154 2315 3227 pacem
2356 3154 2510 3230 super
2541 3154 2751 3227 terram,
2781 3172 2827 3216 et
2857 3160 3061 3215 lit-tatus
3087 3171 3156 3216 est
3198 3157 3366 3213 Israel
3397 3160 3490 3214 lie-

1810 3231 1855 3296 C
1888 3228 2006 3301 litin
2031 3245 2240 3301 magna.

1959 3299 2026 3354 Et
2067 3299 2198 3355 sedit
2243 3304 2592 3375 unusquisque
2633 3303 2727 3358 sub
2757 3304 2851 3358 rite
2891 3321 3008 3372 sua,
3040 3314 3087 3357 et
3127 3305 3220 3359 sub
3265 3304 3489 3374 ﬁculnea

1887 3389 1982 3426 sua
2012 3388 2028 3425 :
2052 3384 2096 3426 et
2129 3391 2232 3428 non
2259 3385 2366 3428 erat
2397 3377 2482 3442 qui
2514 3392 2599 3429 eos
2624 3387 2856 3430 terreret.

1961 3443 2167 3520 Defecit
2193 3447 2502 3520 impugnans
2532 3463 2616 3501 eos
2646 3464 2802 3518 super
2832 3457 3020 3503 terram
3055 3463 3073 3502 :
3111 3465 3253 3520 reges
3280 3449 3490 3503 contriti

1883 3526 2003 3568 sunt
2030 3518 2081 3570 in
2115 3517 2289 3571 diebus
2319 3519 2449 3573 illis.

1957 3585 2370 3663 EtAcAon/irmavit
2402 3606 2572 3644 omnes
2600 3589 2818 3645 humiles
2850 3592 3030 3663 papuli
3079 3593 3180 3656 sui,
3228 3602 3278 3646 et
3324 3592 3487 3662 legem

1885 3659 2175 3733 exquisit'it,
2205 3672 2250 3714 et
2282 3663 2490 3715 abstulit
2531 3679 2733 3733 omnem
2765 3659 2992 3733 irriguum
3021 3674 3065 3716 et
3099 3664 3292 3718 malum
3321 3681 3340 3718 :

1959 3732 2166 3805 Sancta
2186 3733 2516 3805 gloriﬁcavit,
2540 3742 2585 3786 et
2610 3732 2966 3805 multiplicauit
2989 3751 3110 3788 vasa
3129 3746 3444 3805 sanctorum.

1956 3801 2022 3855 Et
2062 3801 2301 3856 auditum
2331 3814 2407 3858 est
2459 3804 2658 3876 Romae.
2677 3801 2809 3876 quia
2854 3807 3128 3876 defunctus
3159 3818 3285 3860 esset
3311 3803 3488 3859 Jona-

1881 3874 2050 3928 thas:
2103 3884 2148 3929 et
2200 3891 2357 3944 usque
2402 3877 2453 3930 in
2507 3874 2854 3946 Spartiatas:
2899 3874 2947 3931 et
3013 3877 3302 3930 contristati
3363 3886 3486 3932 sunt

1881 3945 2048 3999 valde.

1958 4016 2025 4072 Ut
2057 4018 2328 4072 audierunt
2381 4029 2552 4072 autem
2581 4019 2720 4089 quod
2762 4020 2946 4076 Simon
2990 4021 3151 4090 frater
3181 4023 3292 4090 ejus
3323 4021 3490 4090 factus

1879 4097 2009 4144 esset
2038 4105 2271 4144 summus
2293 4091 2528 4144 sacerdos
2553 4091 2664 4145 loco
2695 4093 2824 4163 ejus,
2859 4103 2906 4148 et
2952 4099 3060 4163 ipse
3099 4090 3346 4144 obtineret
3375 4106 3490 4144 om-

1882 4176 1998 4234 nem
2028 4163 2308 4234 regionem,
2343 4173 2388 4234 et
2411 4163 2708 4218 civitatesin
2736 4180 2797 4218 ea
2820 4181 2838 4218 :

1954 4233 2284 4303 Scripserunt
2315 4233 2383 4286 ad
2419 4251 2533 4286 eum
2563 4235 2616 4288 in
2657 4236 2849 4290 tabulis
2879 4236 3048 4300 cereis,
3081 4241 3136 4288 ut
3183 4245 3486 4289 renovarent

1881 4305 2160 4378 amicitias,
2186 4316 2238 4378 et
2286 4307 2576 4378 societatem
2619 4324 2772 4378 quam
2810 4309 3033 4378 fecerant
3061 4322 3177 4362 cum
3225 4307 3389 4370 Juda,
3439 4316 3493 4362 et

1879 4393 2002 4451 cun_i
2016 4375 2260 4451 Jonatha,
2290 4377 2536 4448 fratribus
2557 4375 2691 4451 ejus.

1955 4447 2020 4502 Et
2054 4447 2332 4522 lectwrsunt
2356 4451 2409 4522 in
2429 4447 2702 4522 conspectu
2734 4451 2962 4506 ecclesice
2986 4451 3039 4504 in
3065 4449 3378 4504 Jerusalem.
3414 4447 3486 4504 Et

1881 4520 1992 4595 hoc_
2008 4521 2298 4592 exemplum
2329 4520 2681 4595 epistularum,
2705 4539 2830 4590 quas
2854 4523 3140 4595 Spartialte
3162 4523 3407 4595 miserunt
3429 4537 3450 4574 :

1954 4591 2363 4663 Spartianorum
2385 4594 2661 4665 principes,
2708 4606 2756 4648 et
2801 4591 3050 4658 civitates,
3081 4593 3283 4646 Simoni
3313 4608 3488 4665 sacer-

762 4637 1209 4720 “n'o‘n'd'e‘b'ellavit
1241 4682 1362 4722 eas:
1406 4669 1555 4750 ejecit
1605 4678 1774 4721 tamen
1803 4637 1858 4698 Ῐ)
1883 4637 2222 4750 doti‘inagno,
2257 4673 2303 4716 et
2333 4637 2661 4750 scitiorib'its,’
2687 4675 2734 4719 et
2762 4637 3140 4750 sacerdotibus,
3183 4672 3232 4715 et
3285 4663 3487 4733 reliquo

175 4749 255 4808 eos
287 4736 352 4808 de
396 4737 631 4804 civitate,
667 4748 716 4792 et
759 4737 1022 4792 inundavit
1061 4737 1218 4804 (edes,
1263 4739 1316 4791 in
1346 4736 1529 4808 quibus
1575 4743 1781 4806 fuerant

173 4806 484 4882 simulacra,
520 4818 567 4864 et
597 4820 720 4864 tunc
747 4811 956 4864 intravit
983 4809 1034 4863 in
1063 4826 1200 4879 eam,
1231 4806 1366 4863 cum'
1388 4810 1591 4882 hymnis
1635 4810 1784 4864 bene-

172 4879 339 4934 dicens
367 4881 661 4935 Dominum
690 4897 709 4937 :

241 4949 306 5002 Et
338 4956 515 5025 ejecta
545 4955 608 5007 ab
645 4970 708 5008 ea
737 4953 874 5008 omni
905 4954 1255 5019 immunditia,
1307 4951 1579 5007 collocavit
1625 4954 1677 5006 in
1726 4971 1785 5008 ea

170 5021 320 5097 viros,
359 5021 476 5092 'qui
509 5025 673 5096 legem
720 5027 947 5097 facerent
977 5042 995 5080 :
1025 5036 1071 5080 et
1110 5026 1325 5079 munivit
1375 5042 1522 5092 eam,
1574 5033 1618 5079 et
1665 5027 1784 5096 fecit

171 5094 263 5147 sibi
285 5094 690 5151 habitationem.

241 5165 345 5241 Qui
387 5179 570 5222 autem
599 5177 744 5223 erant
783 5171 837 5223 in
867 5185 982 5224 arce
1019 5169 1335 5234 Jerusalem,
1377 5168 1783 5241 prohibebantur

169 5240 364 5305 egredi,
395 5250 464 5304 _et
494 5241 694 5312 ingredi
724 5243 1004 5311 regionem,
1025 5251 1073 5295 et
1115 5257 1302 5304 emere,
1335 5240 1410 5312 ac
1439 5241 1653 5294 vendere
1682 5257 1700 5295 :
1731 5249 1778 5292 et

169 5312 466 5383 esui-ierunt
498 5311 669 5376 valde,
703 5323 750 5367 et
779 5312 929 5366 multi
957 5329 1020 5367 ea:
1046 5316 1118 5367 eis
1147 5317 1285 5382 fame
1305 5311 1585 5383 perierunt,

237 5380 303 5436 Et
328 5383 762 5438 acclamaverunt
790 5384 859 5436 ad
896 5380 1182 5449 Simonem,
1228 5380 1536 5437 ut'dextras
1580 5383 1781 5454 accipe-

167 5464 274 5507 rent
300 5472 321 5508 :
344 5465 397 5509 et
429 5455 580 5528 dedit
609 5456 719 5509 illis
752 5466 837 5528 :et
871 5458 1021 5528 ejecit
1047 5472 1132 5510 eos
1155 5456 1296 5522 inde,
1331 5467 1378 5509 et
1407 5456 1670 5509 mandavit
1693 5472 1780 5508 ar-

168 5540 270 5579 cem
292 5544 326 5579 a
343 5526 879 5582 contaminationibus
1767 5543 1770 5546 ί

235 5595 304 5651 Et
329 5600 665 5654 intraverunt
693 5600 742 5652 in
769 5615 882 5653 eam
917 5600 1067 5654 tertia
1108 5608 1153 5654 et
1186 5599 1431 5670 vigesima
1456 5599 1538 5652 die
1566 5598 1779 5653 secundi

168 5671 385 5732 mensis,
407 5687 554 5742 anno
577 5671 853 5725 centesimo
874 5672 1250 5742 septuagesimo
1268 5670 1432 5742 primo
1458 5686 1572 5724 cum
1601 5671 1778 5735 laude,

169 5751 212 5793 et
237 5743 424 5824 ramis.
442 5741 774 5824 palmarum,
795 5752 842 5796 et
863 5741 1077 5824 cingris,
1107 5752 1156 5798 et
1186 5741 1434 5824 cymbalis
1452 5786 1478 5824 ,θ
1501 5753 1550 5824 et
1590 5742 1778 5809 nablis,

167 5822 209 5866 et
230 5813 479 5887 hymnis.
513 5823 559 5866 et
588 5815 802 5887 canticis
825 5829 844 5868 :
870 5813 996 5887 quia
1029 5817 1282 5871 contritus
1308 5822 1383 5870 est
1403 5814 1644 5869 inimicus
1671 5829 1779 5869 nta-

168 5881 297 5953 gnus
329 5902 402 5940 ea:
426 5881 624 5939 Israel.

1884 4735 2078 4806 papula
2107 4735 2432 4799 Judworum,
2473 4736 2741 4806 fratribus,
2777 4737 3017 4792 salutem.

1957 4806 2274 4881 Legati,_qui
2292 4806 2455 4881 ‘missi
2485 4817 2602 4881 sunt
2631 4809 2699 4881 ad
2727 4808 2974 4881 papulum
3004 4817 3254 4881 nostrum,
3278 4809 3490 4881 nuntia-

1885 4888 2062 4953 verunt
2092 4877 2235 4932 nobis
2266 4878 2329 4953 de
2352 4888 2518 4953 vestra
2550 4877 2742 4949 gloria,
2767 4877 3054 4953 eighonore,
3097 4895 3156 4932 ac
3185 4879 3364 4935 lwtitia
3399 4890 3488 4936 :et

1887 4951 2049 5022 gavisi
2076 4966 2252 5005 sumus
2283 4951 2336 5004 in
2361 4950 2574 5004 introitu
2599 4967 2797 5006 eorum.

1958 5020 2025 5075 Et
2048 5023 2354 5092 scripsimus,
2373 5037 2487 5090 qua:
2510 5023 2574 5074 ab
2601 5024 2676 5078 eis
2703 5033 2847 5078 erant
2869 5024 3027 5088 dicta,
3051 5023 3106 5076 in
3135 5022 3369 5092 conciliis
3390 5039 3484 5092 po-

1888 5095 2024 5166 puli,
2059 5095 2132 5148 sic
2155 5091 2182 5146 ':
2215 5092 2504 5166 Numenius
2526 5094 2786 5162 Antiochi,
2817 5107 2861 5149 et
2890 5095 3158 5163 Antipater
3179 5091 3396 5147 Jasouis
3420 5095 3490 5162 fi-

1889 5163 2014 5230 lius,
2056 5165 2212 5237 legali
2251 5163 2578 5228 Juda’orum.
2629 5177 2871 5222 venerunt
2911 5166 2979 5218 ad
3023 5181 3138 5229 nos,
3188 5175 3490 5220 renovantes

1888 5237 2154 5310 nobiscum
2180 5238 2457 5310 amicitiam
2484 5239 2775 5310 pristinam.

1960 5308 2028 5362 Et
2061 5308 2254 5380 placuit
2294 5305 2494 5378 populo
2521 5305 2750 5378 excipere
2773 5311 2906 5363 viros
2933 5308 3176 5379 gloriose,
3218 5315 3266 5363 et
3302 5323 3494 5379 ponere

1889 5382 2178 5453 exemplum
2224 5395 2525 5453 sermonum
2561 5396 2737 5433 eorum
2793 5381 2845 5453 in
2875 5380 3174 5453 _segregatis
3226 5381 3406 5453 populi
3433 5381 3471 5434 li
3483 5411 3503 5422 -

1891 5453 2016 5534 bris.
2035 5449 2100 5506 'ut
2128 5453 2192 5506 sit
2219 5451 2287 5534 ad
2314 5451 2613 5533 memoriam
2643 5452 2838 5532 populo
2856 5449 3270 5534 Spartiatarum.
3295 5449 3496 5506 Exem-

1887 5524 2033 5596 plum
2059 5533 2228 5578 autem
2268 5522 2456 5575 horum
2499 5523 2800 5595 scripsimus
2849 5522 3054 5579 Simoni
3097 5539 3288 5597 magno
3319 5539 3491 5579 sacer-

1885 5597 2014 5650 doti.

1962 5667 2089 5721 Post
2113 5666 2222 5721 haec
2253 5675 2426 5720 autem
2468 5665 2606 5720 misit
2629 5664 2812 5722 Simon
2867 5667 3187 5723 Numenium
3249 5665 3490 5730 Romam,

1885 5738 2154 5814 habentem
2205 5736 2443 5814 clypeum
2488 5754 2704 5793 aureum
2727 5813 2731 5814 ν
2756 5757 3023 5814 magnum,
3052 5739 3226 5814 pondo
3254 5753 3492 5792 innatum

1887 5811 2048 5876 mille,
2080 5810 2148 5864 ad
2173 5811 2502 5864 statuendam
2529 5825 2644 5864 cum
2690 5813 2760 5868 eis
2805 5810 3117 5869 societatem.
3150 5811 3275 5868 Cum
3319 5823 3493 5864 autem

1888 5882 2116 5938 audisset
2153 5881 2379 5953 pointlus
2415 5880 2684 5938 Romanus
