4182 6338
314 327 414 385 501

1501 308 1709 368 LIBER
1747 307 1792 366 II
1829 302 2404 366 ΜΑΒΙΙΑΒιΕΟΒυΜ.

3509 295 3620 352 502

313 443 601 506 Gazaram,
625 446 672 494 et
688 453 878 504 arcem,
909 449 1021 507 quce
1043 441 1115 488 est
1142 434 1192 486 in
1225 428 1333 504 [ΑΙ.
1366 436 1469 484 Iac.
1493 426 1570 499 in]
1592 424 1908 491 Jerusalem,
1944 427 1989 487 Α
2020 438 2132 479 ecce
2159 421 2414 507 exethitus
2437 414 2673 492 cepiosus
2694 419 2747 473 in
2775 417 2978 500 obviam
3003 414 3448 507 illis'pedilum,“
3476 417 3618 484 equi-

312 517 549 569 civirates
579 511 727 582 regni
753 510 871 582 meri.

392 585 550 640 Fines
592 571 772 638 earum
802 579 1102 642 desolastis,
1132 586 1179 632 et
1211 573 1402 645 fecistis
1431 571 1641 645 plagam
1671 584 1916 645 magnam

314 660 369 713 in
413 668 575 724 terra,
610 664 659 710 et
711 653 960 709 dominati
1005 649 1128 705 estis
1172 643 1260 720 per
1294 647 1406 700 loca
1457 643 1619 698 multa
1663 643 1716 696 in
1755 657 1914 714 regno

315 747 448 784 meo.

388 801 548 856 Nunc
586 815 708 872 ergo
757 797 945 872 tradite
995 794 1244 872 civitates,
1301 805 1432 872 guas
1481 786 1818 872 occupastis,
1867 792 1916 838 et

312 873 507 998 tirichm
547 856 781 930 locorum
804 910 820 938 ,
863 869 917 922 in
959 865 1144 938 quibus
1174 856 1426 917 deminuti
1461 861 1582 915 estis
1609 856 1750 913 extra
1783 856 1914 927 ﬁnes

353 964 384 998 ιι
425 962 536 998 crte.

353 947 536 1001 udtzaz.

387 999 483 1072 Sin
513 1026 708 1082 autem,
740 1015 856 1068 date
879 1027 970 1084 pro
1001 1007 1108 1084 illis
1142 1009 1420 1084 quingenta
1448 1003 1644 1084 talenta
1673 999 1908 1084 argenti,

313 1099 360 1142 ct
391 1072 708 1152 extenniuii,
729 1072 1296 1157 quod'ea'terminastis',
1319 1086 1365 1131 et
1398 1075 1702 1155 tributorum
1734 1072 1908 1125 civita-

313 1171 422 1213 tum
451 1160 570 1214 alia
604 1145 796 1214 talenta
835 1155 1119 1226 quingenta
1147 1169 1165 1207 :
1200 1151 1279 1205 sin
1317 1156 1508 1213 autem,
1535 1145 1795 1200 veniemus
1822 1183 1836 1209 ,
1865 1151 1912 1196 et

312 1232 728 1304 expugnabimus
744 1245 854 1304 vos.

387 1288 480 1357 Et"
496 1304 632 1359 venit
663 1297 979 1356 Athenobius
1021 1295 1216 1350 amicus
1259 1292 1392 1363 regis
1434 1291 1485 1343 in
1525 1288 1834 1354 Jerusalem,
1865 1293 1912 1341 et

311 1375 439 1428 vidit
455 1377 677 1449 gloriam
708 1370 962 1449 Simonis,
987 1377 1035 1422 et
1056 1366 1345 1449 claritatem
1369 1364 1419 1416 in
1443 1377 1575 1444 auro
1598 1371 1644 1415 et
1673 1366 1906 1449 argento,

311 1457 359 1501 et
407 1431 726 1518 apparatum
769 1431 1086 1514 copiosum:
1137 1449 1182 1494 et
1216 1435 1514 1506 obstupuit,
1556 1443 1604 1488 et
1647 1431 1822 1486 retulit
1865 1431 1911 1483 ei

308 1519 459 1593 verba
490 1521 645 1593 regis.

390 1592 455 1647 Et
483 1574 748 1664 respondit
773 1591 820 1644 ei
851 1587 1035 1645 Simon
1060 1626 1076 1651 ,
1104 1579 1439 1664 etudixitei:
1473 1575 1655 1647 Neque
1686 1574 1908 1664 ali'enam

309 1645 522 1718 terram
544 1645 886 1733 sumpsimus,
916 1645 1079 1728 neque
1103 1656 1278 1709 aliena
1305 1645 1594 1733 detinemus
1623 1663 1648 1733 ε.
1681 1646 1769 1730 sed
1803 1645 1908 1726 ha;-

308 1717 603 1790 reditateni
626 1717 835 1805 patrum
873 1717 1196 1792 nostrorum,
1231 1740 1347 1794 qua:
1377 1723 1570 1794 injuste
1596 1719 1659 1772 ab
1682 1717 1908 1774 inimicis

308 1809 504 1862 nostris
542 1808 720 1878 aliquo
749 1815 975 1878 tempore
995 1811 1250 1878 _possessa_
1266 1807 1361 1878 est.

383 1879 498 1934 Nos
528 1862 646 1934 vero
689 1862 888 1945 tempus
919 1862 1178 1938 habentes,
1204 1867 1524 1922 vindicamus
1547 1862 1905 1918 lnereditatem

308 1960 520 2022 patrum
549 1963 864 2022 nostrorum.

387 2023 526 2077 Nam
552 2005 619 2077 de
643 2005 833 2094 Joppe,
867 2029 915 2094 et
944 2015 1173 2080 Gazam.
1198 2027 1313 2084 qua"
1341 2007 1656 2094 επροβίιίίαδε
1689 2005 1799 2094 ipsi,
1819 2005 1906 2094 [af

311 2097 514 2149 ciebant
543 2096 596 2149 in
627 2081 830 2165 populo'
849 2092 1058 2165 plagam
1093 2081 1361 2157 mag-nam,
1387 2081 1514 2165 eth-in
1546 2081 1753 2152 regione
1790 2092 1910 2165 nos:

427 2146 887 2221 .-"iia’r'iu'n'£tatiuis
914 2146 1112 2217 talenta
1153 2146 1379 2212 cientum.
1421 2151 1484 2206 Et
1513 2146 1622 2206 non
1643 2146 1908 2220 respondit

310 2241 357 2292 ei
381 2238 698 2292 Athenobius
722 2236 950 2291 verbum.

391 2291 642 2365 Reversus
679 2291 848 2364 autem
886 2321 1002 2360 cum
1044 2303 1124 2358 ira
1163 2300 1233 2356 ad
1285 2313 1478 2373 regem,
1517 2291 1908 2373 renuntiovituei

319 2386 472 2436 verba
501 2364 624 2448 ista,
659 2393 703 2435 et
730 2380 952 2452 gloriam
980 2373 1211 2432 Simonis
1231 2413 1246 2438 ,
1271 2381 1318 2427 et
1345 2364 1581 2423 universa
1608 2379 1727 2436 qua:
1755 2364 1902 2429 vidit,

313 2463 365 2506 et
394 2456 555 2508 iratus
583 2462 657 2507 est
685 2469 776 2506 rex
802 2452 880 2504 ira
907 2465 1115 2519 magna.

386 2525 634 2596 Tryphon
654 2533 823 2577 autem
849 2513 1124 2596 fugit'navi
1146 2517 1200 2571 in
1226 2513 1565 2596 Orthosiada.

391 2581 755 2650 Etuionstituit
786 2581 878 2650 rei:
902 2581 1240 2646 Cendebatum
1280 2586 1463 2640 ducem
1491 2583 1804 2638 maritimum
1822 2620 1834 2644 ,
1861 2587 1908 2632 et

311 2669 596 2722 exercitum
620 2667 854 2739 peditum
877 2673 922 2739 et
950 2663 1176 2731 equitum
1209 2659 1348 2714 dedit
1373 2658 1474 2711 illi.

388 2721 456 2792 Et
511 2721 773 2794 maridavit
815 2737 898 2790 illi
928 2721 1128 2789 movere
1160 2741 1332 2786 castra
1367 2736 1543 2782 contra
1576 2725 1761 2797 faciem
1802 2721 1906 2777 Ju-

313 2810 448 2865 dcra:
476 2827 495 2865 :
519 2823 568 2865 et
601 2810 862 2866 mandavit
890 2808 935 2862 ei
966 2804 1227 2874 aediﬁcare
1261 2800 1542 2874 Cederet-rt,
1576 2809 1620 2852 et
1649 2797 1910 2850 obstruere

315 2893 496 2948 portas
525 2883 764 2948 civitatis,
798 2891 843 2936 et
874 2871 1130 2934 debellare
1152 2871 1423 2946 populum.
1453 2871 1563 2925 Rex
1589 2881 1761 2923 autem
1792 2883 1907 2938 per-

312 2954 627 3023 sequebatur
651 2953 997 3023 Tryphonem.

391 3009 458 3080 Et
496 3009 1355 3095 pervenitviiendebaius_Jamniam
1380 3057 1394 3081 ,
1426 3023 1481 3095 et.
1506 3012 1654 3084 caapit
1699 3009 1908 3095 irritare

313 3083 536 3166 pem},
567 3109 612 3151 et
643 3097 942 3152 conculcare
971 3091 1235 3166 Judajam,
1270 3099 1314 3144 et
1345 3083 1603 3157 captivare
1632 3083 1902 3154 papulum,

311 3161 367 3222 et
396 3170 703 3240 interficere,
736 3178 780 3222 et
801 3166 1072 3240 aedificare
1099 3161 1374 3218 Gedorem.

1935 1832 1982 1892 Β

2022 504 2150 558 tum,
2179 503 2228 547 et
2249 494 2440 558 fluvius
2464 487 2662 547 torrens
2689 499 2796 545 erat
2825 490 2959 544 inter
2987 489 3212 542 medium
3237 487 3487 556 ipsorum.

2095 565 2161 620 Et
2185 558 2408 618 admovit
2441 572 2609 618 castra
2637 574 2814 616 contra
2853 562 3034 630 faciem
3066 574 3244 612 eorum
3279 558 3410 630 ipse,
3440 565 3489 609 et
3522 573 3616 630 po-

2021 638 2176 709 pulus
2205 637 2338 707 ejus,
2373 644 2417 689 et
2458 634 2583 688 vidit
2617 628 2864 709 pOpulum
2894 630 3236 709 trepidantem
3261 628 3329 680 ad
3359 629 3614 709 transfre-

2019 700 2242 764 tanduni
2268 700 2561 773 torrentem,
2590 700 2635 760 et
2659 700 3008 775 transfretavit
3032 702 3227 773 primus
3259 716 3276 754 :
3302 710 3347 754 et
3378 700 3615 754 viderunt

2018 798 2137 837 eum
2161 781 2276 844 viri,
2313 789 2359 833 et
2389 781 2702 832 transierunt
2734 785 2844 846 post
2871 791 3008 830 eum.

2089 852 2155 905 Et
2187 842 2360 906 divisit
2401 850 2673 921 populum,
2719 842 2766 902 et
2811 849 3008 921 equites
3043 846 3101 898 in
3127 843 3297 921 medio
3337 842 3612 921 peditum:

2017 934 2126 977 erat
2158 933 2332 977 antem
2362 915 2621 990 equitatus
2644 915 3064 974 adversariorum
3096 916 3336 990 copiosus
3367 915 3538 968 nimis.

2089 993 2157 1049 Et
2185 988 2602 1049 exclamaverunt
2630 992 2794 1045 sacris
2822 991 2977 1056 tubis,
3019 997 3065 1042 et
3096 991 3147 1042 in
3191 988 3367 1057 fugam
3398 1001 3611 1039 convcr-

2017 1083 2107 1120 sus
2147 1076 2217 1120 est
2248 1064 2582 1127 Cendebcvus,
2629 1072 2676 1116 et
2726 1072 2896 1116 castra
2923 1065 3038 1134 ejus
3070 1076 3087 1113 :
3120 1069 3162 1113 et
3210 1058 3501 1134 ceciderunt
3548 1073 3612 1111 ex

2015 1140 2088 1192 eis
2111 1138 2259 1192 multi
2289 1135 2542 1191 vulnerati
2569 1152 2586 1188 :
2610 1135 2805 1188 residui
2826 1129 3063 1188 autemin
3091 1129 3433 1184 munitionem
3462 1129 3612 1199 fuge-

2015 1219 2155 1265 runt.

2017 1298 2025 1322 ι
2087 1280 2233 1336 Tunc
2262 1280 2558 1334 vulneratus
2587 1290 2657 1335 est
2678 1278 2850 1334 ludas
2878 1272 3303 1349 fratet'rJo_annis
3333 1287 3348 1326 :
3381 1270 3613 1326 Joannes

2014 1362 2186 1408 autem
2211 1355 2474 1407 insecutus
2503 1362 2575 1408 est
2605 1369 2712 1415 eos,
2746 1346 2906 1404 donec
2951 1348 3082 1401 venit
3113 1346 3418 1412 Cedronem,
3453 1359 3608 1414 quam

2013 1424 2288 1494 ludiﬁcavit
2312 1441 2329 1480 :

2086 1486 2154 1550 Et
2185 1501 2431 1568 fugerunt
2478 1512 2637 1566 usque
2687 1494 2753 1548 ad
2792 1503 2979 1568 turres,
3029 1504 3145 1568 quin
3173 1496 3321 1543 erant
3366 1486 3612 1568 inmagris

2013 1557 2267 1636 Αχοιὶξεῖ
2282 1557 2661 1622 ειισεεηάίιέαδ
2702 1568 2829 1636 igni.
2860 1563 2926 1617 Et
2954 1557 3256 1636 ceciderunt
3277 1574 3339 1612 ea:
3368 1557 3476 1612 illis
3502 1559 3607 1610 duo

2013 1631 2179 1695 millia
2197 1641 2446 1706 virorum,
2471 1648 2518 1692 et
2544 1631 2774 1693 reversus
2797 1646 2870 1689 est
2898 1636 2952 1688 in
2975 1633 3217 1706 Juda’am
3240 1631 3293 1684 in
3315 1645 3458 1706 pace.

2086 1712 2152 1764 Et
2183 1699 2493 1764 Ptolcmceus
2533 1710 2672 1780 ﬁlius
2701 1707 2863 1780 Abobi
2909 1705 3221 1760 constitutus
3265 1711 3372 1755 crat
3409 1703 3516 1754 dux
3552 1699 3608 1753 in

2013 1799 2193 1854 campo
2247 1780 2496 1848 Jericlto,
2536 1779 2600 1836 et
2652 1779 2870 1834 habebat
2936 1786 3247 1847 argentum,
3299 1781 3348 1828 et
3418 1787 3602 1826 aurum

2011 1857 2227 1910 multum
2253 1871 2270 1909 :

2082 1925 2212 1980 Erat
2239 1927 2372 1981 enim
2409 1941 2562 1995 gener
2585 1922 2774 1979 summi
2803 1919 3107 1995 sacerdotis.

2085 1997 2148 2051 Et
2180 1987 2463 2053 exaltatum
2494 2007 2565 2051 est
2594 2012 2681 2050 cor
2710 1995 2844 2065 ejus,
2877 2002 2922 2045 et
2954 1991 3153 2065 volebat
3182 1987 3409 2042 obtinere
3440 1987 3606 2065 regio-

2011 2085 2155 2137 nem,
2189 2079 2232 2124 et
2263 2069 2520 2137 cogitabat
2562 2057 2748 2121 dolum
2773 2066 3018 2119 adversus
3053 2062 3352 2126 Simonem,
3381 2067 3427 2111 et
3471 2057 3608 2126 ﬁlios

2010 2145 2144 2212 ejus,
2173 2147 2239 2210 j_ut
2270 2142 2467 2195 tolleret
2501 2156 2606 2194 cos.

2083 2200 2266 2268 Simon
2305 2220 2473 2266 autem
2493 2256 2507 2278 ,
2545 2209 2910 2277 perambulans
2939 2206 3196 2269 civitates,
3229 2217 3345 2270 qute
3379 2210 3522 2278 erant
3553 2200 3608 2253 in

2008 2283 2450 2354 regioneludceaz,
2477 2271 2525 2336 et
2545 2271 2960 2354 sollicitudinem
2975 2294 3155 2354 gerens
3176 2289 3377 2354 earum,
3396 2271 3609 2354 descen-

2011 2342 2088 2410 (Ιἱῖ
2112 2357 2164 2410 in
2185 2353 2400 2410 Jericho
2428 2342 2556 2426 ipse,
2582 2363 2627 2407 et
2654 2342 3148 2426 Muthathias'ﬁlius
3179 2348 3310 2416 ejus,
3337 2352 3382 2396 et
3413 2342 3603 2426 ludas,

2009 2444 2149 2482 anno
2177 2415 2458 2482 centesimo
2481 2415 2861 2496 septuagesimo
2908 2415 3145 2489 septimo,
3184 2415 3356 2473 mense
3387 2415 3605 2468 undeci-

2010 2515 2093 2553 mo
2118 2515 2134 2553 :
2162 2501 2245 2552 hic
2270 2507 2344 2553 est
2374 2499 2564 2552 mensis
2590 2496 2809 2552 Sabath.

2083 2569 2149 2624 Et
2175 2571 2397 2639 suscepit
2426 2586 2512 2624 eos
2542 2567 2685 2638 ﬁlius
2714 2564 2874 2639 Abobi
2907 2565 2960 2616 in
3003 2556 3461 2639 vituititiitizcultini,
3489 2570 3606 2639 quae

2011 2651 2224 2697 vocatur
2255 2627 2436 2706 Doch,
2492 2627 2610 2693 cum
2637 2637 2779 2703 dolo,
2827 2652 2980 2704 quam
3025 2631 3346 2706 aedificavit:
3387 2634 3433 2682 et
3485 2627 3605 2696 fecit

2017 2717 2091 2768 eis
2115 2715 2395 2768 convivium
2421 2702 2682 2784 magnum,
2716 2719 2766 2764 et
2793 2702 3060 2784 abscondit
3214 2702 3370 2784 viros.

2086 2785 2287 2839 Etcum
2320 2768 2598 2838 inebria'lus
2634 2768 2763 2835 esset
2807 2772 3065 2835 Simon'et
3090 2775 3187 2845 filii
3214 2777 3349 2845 ejus,
3384 2768 3604 2845 δατ-νείκει

2013 2857 2324 2912 Ptolemaeus
2354 2872 2473 2909 cum
2497 2856 2626 2916 suis,
2653 2865 2700 2907 et
2745 2841 3248 2922 sumpserunt-arma
3279 2860 3392 2906 sua,
3447 2841 3606 2922 et_in-

2010 2938 2274 2984 traverunt
2317 2929 2370 2982 in
2411 2913 2734 2990 convivium,
2785 2931 2835 2978 et
2863 2913 3173 2975 occiderunt
3203 2932 3352 2983 eum,
3384 2923 3428 2966 et
3473 2913 3605 2966 duos

2009 3000 2149 3074 ﬁlios
2180 3002 2313 3074 ejus,
2343 3008 2394 3074 et
2424 2999 2678 3074 quosdam
2708 3010 2894 3066 pueros
2932 2996 3066 3074 ejus,

2082 3072 2150 3126 Et
2178 3054 2666 3142 ficit'deceptionem
2697 3054 3018 3136 magnam-in
3051 3061 3260 3126 Israel,
3303 3066 3349 3111 et
3376 3054 3608 3110 reddidit

2007 3144 2150 3217 mal_a
2175 3161 2268 3217 pro
2304 3143 2471 3217 bonis.

475 3200 1547 3307 1552222557732'éazzieif‘éi'é'acuum
1581 3243 1598 3280 :
1629 3235 1683 3281 ut
1723 3225 1913 3297 egressi
1939 3228 1984 3290 c
2055 3200 2527 3299 ,Ειὲενίρεὶιιιωε
2555 3211 2888 3307 Ριριειηωαε.
2920 3203 3282 3307 θεηιὶεῑενρσί,
3307 3210 3360 3284 εει
3387 3200 3609 3307 mittere:

310 3313 732 3384 perambularent
763 3312 898 3367 viam
921 3299 1151 3375 Jiidtete,
1171 3305 1301 3360 sicut
1324 3300 1591 3358 constituit
1618 3299 1663 3354 ei
1693 3314 1805 3353 res).

933 3491 1162 3550 CAPUT
1190 3489 1332 3548 XVI.

389 3652 459 3707 Et
489 3654 720 3708 ascendit
747 3649 976 3706 Joannes
1001 3651 1063 3704 de
1089 3647 1329 3712 Gazaris,
1363 3653 1411 3700 et
1434 3643 1687 3698 nuntiavit
1711 3641 1916 3699 Simoni

313 3728 461 3797 patri
490 3741 605 3794 suo,
647 3740 772 3797 ante
786 3725 904 3796 fecit
935 3719 1247 3797 Cendebteus
1274 3719 1328 3772 in
1358 3715 1551 3797 populo
1589 3716 1842 3797 ipsorum.

393 3795 463 3851 Et
514 3787 707 3852 vocavit
745 3787 926 3852 Simon
957 3793 1088 3848 duos
1119 3791 1257 3862 ﬁlios
1304 3787 1552 3856 seniores,
1596 3787 1818 3862 dudum,
1871 3796 1918 3844 et

313 3866 604 3938 Joannem,
652 3877 700 3922 et
751 3869 824 3922 ait
861 3865 970 3920 illis
1000 3883 1018 3920 :
1047 3860 1180 3936 Ego,
1213 3871 1260 3918 et
1286 3862 1480 3938 fratres
1505 3861 1706 3938 mei,‘et
1732 3860 1916 3938 domus

317 3943 488 4012 patris
519 3932 616 3996 mei
645 3939 1053 4011 expugnavimus
1080 3932 1246 3992 hostes
1275 3932 1444 3988 Israel
1482 3932 1544 3985 ab
1575 3932 1916 4012 adolescentia

316 4002 486 4081 usque
526 4013 580 4074 in
624 4002 760 4066 hunc
782 4002 923 4065 diem
956 4024 975 4062 :
1007 4017 1053 4064 et
1095 4014 1452 4079 prosperatum
1482 4013 1558 4060 est
1587 4005 1641 4058 in
1678 4002 1916 4057 manibus

317 4080 516 4140 nostris
546 4084 766 4139 liberare
793 4081 962 4136 Israel
996 4080 1287 4150 aliquoties.

398 4155 559 4210 Nunc
586 4165 761 4210 autem
803 4155 946 4208 senui
974 4170 992 4207 :
1031 4146 1122 4206 sed
1153 4158 1309 4204 estote
1342 4148 1454 4202 loco
1479 4162 1613 4214 meo,
1643 4154 1691 4201 et
1731 4146 1917 4215 fratres

318 4227 446 4294 mei,
481 4237 524 4301 et
574 4227 1041 4301 egressipugnate
1081 4238 1176 4296 pro
1226 4231 1374 4294 gente
1413 4227 1589 4275 nostra
1615 4236 1634 4274 :
1663 4219 1918 4273 auxilium

320 4315 442 4353 vero
467 4299 530 4354 de
559 4296 687 4353 caelo
717 4296 972 4352 vobiscum
993 4296 1080 4351 sit.

400 4369 467 4424 Et
497 4373 649 4442 elegit
671 4370 733 4422 de
757 4369 963 4440 regione
988 4366 1168 4442 viginti
1194 4364 1366 4442 millia
1395 4363 1623 4442 virorum
1648 4360 1922 4442 belligera-

323 4452 522 4506 torum,
552 4432 600 4496 ὁὶ
629 4432 872 4512 equites:
901 4449 950 4496 et
980 4432 1203 4512 profecti
1231 4445 1354 4494 sunt
1378 4434 1446 4490 ad
1469 4432 1806 4491 Cendebwum
1831 4449 1847 4486 :
1876 4442 1922 4486 et

321 4515 648 4568 dormierunt
671 4511 730 4567 in
757 4511 810 4566 Μ
818 4513 960 4566 odin.

397 4584 470 4638 Et
519 4593 855 4640 surrexerunt
896 4600 1068 4650 mane,
1116 4591 1164 4638 et
1193 4583 1428 4639 abierunt
1469 4579 1524 4634 in
1555 4595 1796 4652 campum
1828 4595 1846 4633 :
1875 4585 1922 4632 et

2018 3288 2065 3342 ei
2093 3273 2376 3342 exercitum
2402 3287 2455 3340 in
2487 3286 2765 3349 auxilium,
2797 3290 2843 3336 et
2875 3279 3101 3335 traderet
3141 3277 3186 3330 ei
3217 3273 3512 3346 regionem,
3561 3277 3610 3324 et

2019 3359 2248 3414 civitates
2276 3374 2476 3423 eorum,
2510 3368 2559 3412 et
2585 3355 2798 3410 tributa.

2092 3413 2158 3484 Et
2190 3413 2326 3486 misit
2353 3413 2484 3483 alios
2513 3429 2568 3482 in
2597 3427 2860 3482 Gazaram
2891 3421 3071 3478 tollere
3098 3420 3356 3475 Joannem
3382 3431 3398 3468 :
3433 3424 3480 3468 et
3512 3413 3608 3468 tri-

2019 3503 2167 3558 bunis
2195 3503 2333 3557 misit
2362 3500 2630 3572 epistolas,
2658 3508 2712 3552 ut
2735 3497 2964 3552 venirent
2994 3493 3062 3546 ad
3089 3509 3162 3559 se,
3191 3499 3238 3546 et
3268 3488 3414 3542 daret
3437 3486 3508 3540 eis
3526 3501 3614 3539 ar-

2017 3582 2326 3647 gen_tuni,qet
2347 3571 2550 3647 aurum,
2585 3581 2630 3626 et
2661 3571 2817 3623 dona.

2091 3644 2159 3699 Et
2209 3635 2342 3700 alios
2401 3635 2546 3698 misit
2595 3655 2850 3706 occupare
2901 3635 3228 3703 Jerusalem,
3290 3641 3337 3688 et
3386 3639 3610 3686 montem

2019 3718 2217 3774 templi.
2911 3759 2922 3766 .

2091 3736 2118 3772 n
2161 3736 2217 3774 ιι.
2911 3759 2922 3766 .

2091 3736 2160 3844 Eli
2180 3805 2501 3860 prtecurrens
2530 3781 3049 3860 quidam,_nuntiavi_t
3069 3777 3265 3833 Joanni
3295 3777 3348 3858 in
3377 3774 3612 3856 Gasara,

2018 3862 2139 3933 quia
2164 3847 2314 3930 periit
2347 3871 2491 3931 pater
2518 3847 2652 3930 ejus,
2677 3866 2723 3912 et
2758 3857 2944 3925 fratres
2985 3855 3127 3925 ejus,
3169 3860 3217 3904 et
3256 3848 3374 3916 quia
3402 3847 3540 3900 misit
3568 3853 3614 3897 te

2017 3950 2218 4006 quoque
2250 3933 2494 4003 interfici.

2094 3994 2162 4062 Ut
2197 3994 2397 4060 audivit
2434 4014 2622 4072 autem,
2656 4001 2974 4072 vehementer
3007 3994 3212 4065 expavit
3243 4009 3259 4048 :
3305 4001 3350 4046 et
3374 4004 3614 4072 compre-

2020 4077 2195 4132 hendit
2226 4079 2384 4144 viros,
2408 4077 2495 4146 qui
2520 4063 2761 4131 venerant
2792 4071 3004 4141 perdere
3033 4063 3249 4146 eumaet
3280 4063 3465 4119 occidit
3492 4076 3578 4115 eos
3601 4074 3620 4113 :

2020 4149 2253 4221 cognorit
2283 4137 2569 4220 eniiu'quia
2589 4137 2884 4221 quiercbant
2910 4157 3030 4221 eum
3059 4137 3293 4221 perdere.

2093 4207 2159 4275 Et
2192 4231 2378 4275 caetera
2406 4207 2704 4275 sermonum
2743 4216 2999 4276 Joannis,
3043 4207 3090 4266 et
3121 4209 3370 4264 bellorum
3405 4207 3534 4276 ejus,
3573 4212 3625 4257 ct

2023 4293 2275 4348 bonarum
2304 4293 2574 4357 virtutum,
2627 4288 2812 4362 quibus
2860 4285 3062 4358 fortiter
3106 4282 3284 4354 gessit,
3323 4289 3370 4332 et
3400 4276 3624 4362 _a:diﬁcii

2021 4381 2312 4429 murorum,
2347 4380 2472 4435 quos
2494 4353 2773 4429 exstruxit,
2799 4353 3048 4435 et'rerum
3076 4353 3332 4435 gestarum
3361 4353 3475 4422 ejus
3499 4365 3517 4400 :

2095 4418 2231 4490 Ecce
2259 4418 2371 4491 haec,
2399 4437 2592 4506 scripta
2634 4418 2772 4488 sunt,
2807 4432 2862 4506 in
2910 4427 3042 4482 libro
3076 4418 3300 4506 vdiernm
3347 4418 3621 4476 sacerdotii

2023 4509 2163 4580 ejus,
2197 4524 2260 4562 ea:
2283 4524 2385 4578 quo
2418 4497 2584 4578 factus
2622 4515 2695 4559 est
2735 4503 2977 4573 princeps
3010 4497 3339 4554 sacerdotum
3379 4501 3490 4564 post
3528 4507 3624 4561 pa-

2028 4589 2156 4633 trem
2181 4595 2352 4634 suum.

319 4716 3216 4744 ____________________________________________________

1265 4830 1747 4942 LIBER
1828 4829 2013 4940 SE
2029 4832 2119 4936 Ο
2139 4829 2449 4939 UND
2476 4827 2680 4948 US.

857 5110 1084 5170 CAPUT
1115 5109 1404 5170 PRIMUM.

414 5253 715 5320 Fratribus,
746 5255 838 5325 qui
859 5259 979 5308 sunt
999 5268 1091 5326 per
1117 5244 1694 5326 Egyptum,_1udaeis,
1720 5247 1941 5326 salutem

338 5327 523 5380 dicunt
551 5318 769 5396 fratres,
797 5327 886 5396 qui
913 5318 1031 5380 sunt
1059 5325 1112 5396 in
1141 5318 1510 5394 .le'rosolgmis,
1533 5331 1581 5375 et
1610 5321 1719 5396 [ΑΙ.
1737 5328 1842 5374 tac.
1869 5318 1939 5389 et]

339 5394 560 5470 Judai,‘
577 5407 624 5470 et
649 5399 739 5470 qui
765 5394 833 5470 in
847 5399 1058 5470 regione
1076 5394 1302 5462 Juda'ce,
1327 5407 1371 5470 et
1392 5409 1572 5470 pacem
1602 5395 1812 5470 bonam.

417 5464 723 5538 Benefaciat
749 5467 891 5523 vobis
905 5464 1062 5524 'Deus
1079 5511 1093 5535 ,
1135 5477 1183 5522 et
1211 5464 1495 5538 meminerit
1521 5465 1807 5538 testamenti
1833 5464 1938 5527 sui,

345 5534 712 5613 quodqlo’cutus
734 5548 808 5594 est
830 5540 899 5593 ad
925 5540 1034 5613 [AL
1062 5534 1167 5613 tae.
1192 5537 1284 5613 ad]
1310 5537 1592 5605 Abraham,
1616 5544 1665 5590 et
1694 5534 1866 5605 Isaac,
1893 5544 1940 5590 et

344 5611 540 5682 Jacob,
568 5627 833 5666 servorum
859 5611 1073 5666 suorum
1095 5611 1330 5682 ﬁdelium
1351 5626 1382 5682 7:

423 5681 491 5736 Et
512 5683 597 5737 det
620 5683 760 5736 vobis
784 5698 870 5737 cor
893 5677 1155 5750 omnibus,
1181 5691 1238 5736 ut
1276 5681 1460 5736 colatis
1488 5697 1627 5747 enm,
1659 5689 1708 5735 et
1739 5677 1948 5750 faciatis

353 5756 468 5827 ejus
495 5753 811 5809 voluntatem
835 5756 990 5810 corde
1013 5771 1231 5827 magno,
1262 5762 1310 5808 et
1349 5753 1520 5809 animo
1551 5754 1762 5827 volenti.

431 5826 717 5897 Adaperiat
757 5842 845 5880 cor
871 5821 1184 5883 vestrum'in
1210 5825 1322 5896 lege
1357 5841 1476 5894 sua,
1519 5833 1567 5880 et
1594 5824 1649 5879 in
1679 5821 1950 5894 prceceptis

359 5899 490 5968 suis,
523 5908 573 5955 et
599 5898 757 5970 faciat
782 5913 981 5970 pacem.

1954 5109 2009 5170 D
2110 5105 2652 5162 Exaudiatorationes
2694 5113 2914 5171 vestras,
2968 5113 3018 5159 et
3066 5099 3430 5158 reconcilietur
3469 5099 3631 5172 vobis,

2045 5195 2134 5233 nec
2158 5195 2246 5233 vos
2274 5179 2477 5235 deserat
2502 5181 2557 5233 in
2584 5189 2806 5246 tempore
2832 5178 2987 5232 malo.

2119 5250 2184 5304 Et
2217 5267 2350 5305 nunc
2377 5253 2463 5305 hic
2486 5268 2661 5305 sumus
2688 5245 2892 5304 arentes
2916 5265 3013 5319 pro
3037 5245 3199 5319 vobis.

2119 5321 2384 5393 Regnante
2401 5324 2682 5387 Demetrio,
2703 5338 2836 5375 anno
2859 5317 3131 5393 centesimo
3144 5317 3462 5393 sexagesimo
3484 5333 3641 5381 nono,

2045 5412 2135 5450 nos
2163 5389 2338 5450 Iudaei
2361 5395 2661 5464 scripsimus
2690 5393 2828 5446 vobis
2865 5393 2917 5444 in
2959 5389 3308 5464 tribulatione,
3335 5399 3383 5443 et
3424 5389 3641 5464 impetu,

2043 5467 2129 5537 qui
2156 5467 2443 5537 supervenit
2465 5462 2615 5520 nobis
2633 5466 2685 5518 in
2710 5465 2820 5517 istis
2846 5463 3018 5530 annis,
3045 5477 3226 5532 ext/no
3252 5462 3458 5516 recessit
3479 5462 3645 5514 Jason

2043 5556 2074 5592 a
2099 5547 2277 5592 sancta
2305 5551 2441 5592 terra
2461 5579 2473 5601 ,
2505 5547 2549 5590 et
2579 5555 2609 5590 (ι
2640 5553 2816 5608 regno.

2121 5609 2339 5662 Portam
2367 5605 2767 5673 succenderunt,
2787 5615 2830 5678 et
2859 5605 3470 5678 effuderuntsanguinem
3493 5607 3648 5660 inno—

2049 5690 2242 5736 centem
2272 5698 2290 5735 :
2322 5691 2365 5733 et
2388 5682 2650 5734 oravimus
2682 5680 2750 5733 ad
2775 5677 3079 5747 Dominum,
3115 5689 3160 5731 et
3182 5677 3414 5732 exauditi
3444 5693 3644 5740 sumus,

2051 5763 2096 5808 et
2127 5753 2404 5806 obtulimus
2430 5753 2767 5820 sacrificium,
2823 5761 2872 5805 et
2901 5751 3268 5823 similaginem,
3320 5758 3367 5803 et
3410 5748 3652 5804 accendi-

2055 5841 2173 5896 mus
2204 5825 2459 5890 lucernas,
2490 5835 2534 5877 et
2563 5823 2930 5896 proposuimus
2956 5840 3134 5893 panes.

2126 5894 2195 5949 Et
2223 5913 2360 5951 nunc
2390 5890 2708 5968 frequentate
2737 5896 2844 5952 dies
2859 5890 3190 5967 Scenepegia:
3218 5892 3409 5949 mensis
3441 5890 3644 5947 Casleu.
