4182 6338
497 320 604 379 505

1498 313 1560 371 Β.
1601 309 1983 371 HIERONYMI
2022 309 2256 369 DIVINA
2294 281 2773 369 BlBLlOTlIECA.

3689 304 3797 364 504-

572 437 724 492 Anno
750 435 1026 491 centesimo
1054 432 1364 504 octogesimo
1388 440 1589 498 octavo,
1621 430 1867 504 populus,
1900 430 1992 504 qui
2020 436 2093 504 est
2123 435 2171 494 Λ
2273 426 2622 504 Considerans
2676 437 2849 504 autem
2901 443 3013 493 rex,
3059 436 3107 482 et
3132 442 3239 504 rem
3282 424 3559 504 diligenter
3603 427 3802 504 eaanti-

501 507 868 580 Jerosolymis,
893 518 939 562 et
969 501 1263 580 injudaea,
1286 501 1698 580 ASenatusqueet
1731 501 1924 580 Iudas,
1953 501 2098 557 Aris-

503 580 679 637 tobulo
714 576 967 650 magistro
1023 578 1296 633 Ptolemtei
1330 577 1468 650 regis
1494 616 1509 642 ,
1558 576 1647 650 qui
1695 582 1773 650 est
1813 576 1876 627 de
1917 588 2099 645 genere

503 645 827 707 christorum'
860 650 1219 709 sacerdotum.
1255 657 1301 704 et
1342 645 1453 714 his,
1479 649 1565 719 qui
1593 647 1647 701 in
1678 645 1910 718 z‘Egypto
1953 653 2093 711 sunt,

505 722 706 779 ludatis
736 722 976 788 salutem,
1006 732 1053 777 et
1079 722 1372 777 sanitatem.

579 795 657 850 De
678 794 879 865 magnis
910 794 1154 863 periculis
1181 811 1212 846 a
1259 792 1368 846 Deo
1399 790 1630 865 liberati,
1679 788 1952 865 magnifice
1981 803 2102 865 gra.

507 868 606 922 tias
634 860 837 937 agimus
864 860 986 938 ipsi,
1019 876 1074 919 ut
1099 876 1215 936 pote
1236 865 1322 935 qui
1349 862 1596 918 adversus
1627 860 1780 916 talem
1819 875 1989 933 regem
2021 860 2103 914 di-

508 954 828 995 mrcavtmus.

578 1008 702 1083 Ipse
723 1010 861 1063 enim
880 1007 1096 1064 ebullire
1127 1008 1247 1079 fecit
1273 1005 1337 1060 de
1358 1004 1574 1088 [fet-side
1599 1021 1686 1061 eos
1715 1004 1805 1075 qui
1836 1018 2101 1084 pugnave-

505 1078 629 1137 runt
655 1088 837 1136 contra
866 1095 981 1147 nos,
1018 1089 1067 1135 et
1087 1078 1325 1135 sanctam
1350 1078 1627 1132 civitatem.
1861 1079 1865 1084 ’

583 1151 728 1208 Nam
755 1168 873 1207 cum
900 1153 955 1206 in
990 1150 1211 1207 Perside
1254 1158 1384 1204 esset
1427 1148 1537 1202 dua:
1565 1150 1690 1220 ipse
1710 1189 1725 1213 ,
1772 1157 1817 1203 et
1848 1164 1967 1202 cum
1991 1148 2105 1220 ipso

508 1226 786 1280 immensus
814 1225 1087 1289 exercitus,
1117 1222 1303 1277 cecidit
1328 1222 1379 1275 in
1414 1218 1609 1293 templo
1630 1219 1855 1288 Naneat,
1883 1218 2103 1275 consilio

510 1295 753 1368 deceptus
779 1294 1102 1368 sacerdotum
1118 1366 1125 1368 Α
1137 1293 1191 1348 Ν
1194 1307 1356 1348 anew.

584 1363 792 1422 Etenim
813 1384 929 1420 cum
950 1382 1013 1421 ea
1036 1364 1362 1420 habitaturus
1375 1365 1509 1418 venit
1532 1364 1599 1418 ad
1617 1365 1788 1420 locum
1803 1363 2108 1430 Antiochus,

512 1447 563 1494 et
576 1440 734 1522 pmici
767 1439 900 1509 ejus,
929 1446 977 1492 et
1002 1447 1058 1492 ut
1084 1438 1339 1508 acciperet
1360 1439 1611 1510 pecunias
1639 1439 1830 1492 multas
1858 1435 1995 1490 dotis
2016 1450 2111 1489 no-

515 1526 673 1564 mine.

587 1579 818 1664 Cumque
837 1582 1225 1664 proposuissent
1257 1596 1343 1663 eas
1364 1580 1659 1664 sacerdotes
1689 1579 1910 1664 Napeae,
1937 1588 1984 1664 et
2006 1578 2116 1646 ipse

515 1669 632 1708 cum
660 1651 847 1726 paucis
868 1651 1134 1726 ingressus
1162 1663 1292 1709 esset
1318 1653 1458 1707 intra
1485 1652 1734 1707 ambitum
1760 1652 1893 1725 fani,
1917 1651 2118 1705 clause-

514 1735 639 1797 runt
665 1724 930 1797 templum,

2203 518 2357 568 nans,
2410 502 2533 574 fecit
2575 501 2623 557 ei
2672 498 2939 573 templum,
2993 509 3046 553 ut
3095 497 3548 569 probaret,’qnod
3602 497 3802 569 factum

2206 581 2343 629 erat.

2200 691 2229 704 -
2272 643 2342 699 Et
2367 661 2485 699 cum
2511 642 2792 716 probasset,
2825 642 3422 716 sacerdotibusdonavit
3445 640 3616 696 multa
3640 640 3801 716 bona,

2130 750 2139 757 κ
2204 726 2253 772 et
2281 716 2387 771 alia
2424 713 2578 788 atque
2604 715 2711 770 alia
2740 732 2978 784 munera,
3010 724 3057 770 et
3085 714 3341 786 accipiens
3367 729 3524 769 manu
3545 729 3677 781 sua,
3709 713 3806 768 tri-

2206 788 2569 932 buﬁgpeeltliivit
2598 867 2769 914 autem
2808 858 3092 932 Nehemias
3120 857 3259 932 hunc
3286 858 3459 913 locum
3501 856 3800 932 Nephthar,

2206 928 2370 1003 quod"
2400 933 2765 1004 interpretatur
2799 930 3126 1003 Puriﬁcatio.
3177 928 3409 986 Vocatur
3458 928 3631 984 autem
3665 928 3809 1001 apud

2208 1001 2384 1077 plures
2411 1001 2605 1074 Nephi.

2834 1096 3067 1155 CAPUT
3107 1096 3171 1153 ll.

2284 1224 2550 1282 Invenitur
2574 1234 2747 1281 autem
2774 1225 2827 1279 in
2859 1224 3289 1297 descriptionibus
3311 1220 3553 1297 Ieremia:
3578 1221 3808 1297 prophe-

2213 1307 2302 1364 tat,
2334 1300 2469 1369 quod
2509 1299 2670 1371 jussit
2700 1313 2785 1352 eos
2810 1299 2981 1369 ignem
3030 1295 3286 1371 accipere,
3340 1295 3429 1371 qui
3467 1296 3814 1371 transm‘gra-

2214 1365 2435 1425 banttut
2464 1365 2815 1441 signiﬁcatum
2833 1365 2933 1435 est,
2963 1377 3087 1441 etut
3108 1365 3373 1441 mandavit
3403 1365 3809 1441 transmigratis.

2292 1443 2355 1496 Et
2382 1437 2530 1496 dedil
2553 1442 2659 1496 illis
2687 1440 2868 1513 legem,
2894 1457 2957 1495 ne
2982 1440 3400 1513 obliviscerentur
3422 1437 3815 1513 prcecepIaDo-

2214 1514 2364 1579 mini,
2393 1524 2437 1569 et
2458 1522 2514 1567 ut
2540 1529 2642 1566 non
2662 1507 2957 1568 exérrarent
2981 1513 3256 1575 mentibus,
3282 1507 3506 1563 videntes
3530 1507 3816 1563 simulacra

2217 1601 2399 1652 aurea,
2432 1593 2479 1639 et
2508 1593 2773 1655 argentea,
2808 1594 2856 1639 et
2885 1591 3189 1655 ornamenta
3218 1597 3416 1655 eorum.

2292 1651 2514 1711 Etalia
2545 1651 2849 1727 huiusmodi
2898 1656 3093 1720 dicens,
3152 1652 3478 1720 hortabatur,
3531 1668 3596 1706 ne
3650 1651 3814 1724 legem

2221 1738 2510 1783 amoverent
2537 1744 2569 1781 a
2602 1726 2757 1782 co'rde
2780 1744 2894 1782 suo.

591 1796 722 1851 Cum
767 1793 1008 1870 intrasset
1052 1797 1337 1853 Antiochus
1359 1813 1379 1851 :
1407 1803 1687 1865 apertoque
1721 1793 1938 1870 occulto
1968 1793 2115 1848 aditu
2150 1803 2193 1862 Β
2294 1798 2424 1854 Erat
2445 1811 2613 1855 autem
2629 1800 2686 1854 in
2705 1805 2821 1870 ipsa
2835 1796 3381 1870 scriptura,quomodo
3402 1794 3815 1870 tabernaculum,

520 1870 719 1940 templi,
770 1868 1027 1925 mittentes
1071 1870 1273 1939 lapides
1306 1875 1669 1940 percusserunt
1695 1868 1913 1940 ducem,
1958 1876 2003 1920 et
2034 1880 2119 1940 eos

518 1939 607 2005 qui
623 1937 749 1994 cum
777 1957 836 1994 eo
865 1950 1029 2007 erant,
1059 1950 1109 1996 et
1128 1937 1423 1996 diviserunt
1470 1937 1817 2004 membratim,
1852 1947 1899 1992 et
1926 1938 2115 2009 capiti-

523 2010 950 2085 bus_tamputatis,
971 2013 1117 2083 foras
1150 2016 1504 2085 projecerunt.

597 2081 703 2155 I_’er
729 2080 905 2138 omnia
934 2080 1420 2149 benedictus’Deus,
1449 2084 1541 2155 qui
1570 2080 1728 2136 tradit
1768 2082 1973 2155 impios:

595 2151 819 2227 Facturi
839 2156 999 2227 igitur
1027 2158 1207 2225 quinta
1244 2165 1292 2209 et
1323 2150 1568 2227 vigesima
1609 2155 1695 2227 die
1720 2150 1907 2227 mensis
1936 2150 2123 2227 Casleu

527 2225 945 2298 purificationem
962 2227 1163 2298 templi,
1192 2225 1540 2282 necessarium
1552 2226 1799 2280 duximus
1823 2225 2122 2294 significare

524 2296 669 2370 vobis
698 2312 719 2370 ς
748 2307 804 2370 ut
852 2308 901 2352 et
946 2315 1036 2353 vos
1068 2296 1277 2370 quoque
1302 2300 1470 2369 agatis
1497 2298 1632 2370 diem
1670 2298 2041 2370 ScenOpegite,
2076 2305 2123 2347 et

528 2367 667 2423 diem
684 2368 850 2441 ignis,
877 2371 966 2439 qui
990 2367 1143 2425 datus
1167 2367 1262 2437 est,
1288 2367 1498 2441 quando
1530 2368 1829 2433 Nehemias,
1862 2369 2125 2435 aediﬁcato

532 2438 749 2511 templo,
782 2451 827 2494 et
854 2438 1033 2507 altari,
1068 2442 1253 2497 obtulit
1275 2438 1554 2511 sacrificia.

658 2525 743 2564 am
760 2528 875 2566 cum
902 2514 955 2567 in
989 2512 1255 2568 Persidem
1285 2514 1592 2567 ducerentur
1616 2520 1788 2584 patres
1815 2511 2001 2574 nostri,
2035 2525 2124 2563 sa-

527 2581 777 2654 cerdotes,
800 2586 888 2654 qui
916 2594 1039 2640 tunc
1053 2586 1279 2640 cultores
1325 2585 1420 2639 Dei
1464 2581 1631 2653 erant,
1664 2593 1930 2653 acceptum
1956 2585 2127 2654 ignem

530 2654 595 2708 de
614 2652 776 2710 altari
807 2652 1010 2711 occulte
1033 2658 1413 2712 absconderant
1439 2657 1493 2709 in
1514 2652 1666 2722 valle,
1703 2656 1788 2709 ubi
1811 2665 1920 2709 erat
1944 2652 2129 2723 puteus

531 2724 696 2797 altus,
743 2735 791 2781 et
830 2728 1019 2797 siccus,
1062 2729 1188 2784 etin
1215 2745 1274 2783 eo
1311 2729 1561 2782 contutati
1591 2735 1711 2781 sunt
1751 2743 1902 2796 eum,
1953 2727 2027 2779 ita
2075 2733 2130 2779 ut

531 2796 768 2852 omnibus
789 2799 993 2869 ignotus
1019 2811 1147 2855 esset
1176 2804 1342 2855 locus.

607 2869 738 2923 Cum
763 2882 933 2925 autem
953 2873 1304 2937 praeterissent
1339 2871 1466 2925 anni
1488 2870 1663 2936 multi,
1694 2878 1741 2925 et
1771 2868 1967 2941 placuit
1997 2868 2127 2933 Deo,

532 2949 591 3014 ut
612 2941 904 3014 mitteretur
927 2942 1208 2999 Nehemias
1232 2962 1265 2998 a
1286 2960 1406 3014 rege
1437 2942 1710 2997 Persidis:
1733 2949 1941 3014 nepotes
1961 2956 2135 3014 sacer-

534 3011 711 3084 dotum
755 3011 986 3081 illorum,
1039 3016 1127 3084 qui
1157 3011 1558 3079 absconderant,
1590 3014 1730 3068 ntisit
1751 3013 1821 3067 ad
1865 3013 2135 3083 requiren-

536 3082 664 3136 dum
683 3084 855 3155 ignem
878 3102 898 3141 :
921 3097 968 3140 et
996 3082 1129 3141 sicut
1148 3094 1489 3141 narraverunt
1516 3086 1686 3156 nobis,
1702 3101 1803 3140 non
1830 3082 2133 3139 invenerunt

532 3158 736 3229 ignem,
766 3158 856 3211 sed
885 3174 1073 3229 aquam
1099 3175 1347 3213 crassam.

608 3224 679 3279 Et
698 3229 860 3298 jussit
893 3224 979 3283 eos
1011 3228 1248 3298 haurire,
1291 3241 1338 3284 et
1365 3229 1555 3297 afferre
1601 3227 1741 3284 sibi:
1771 3237 1818 3283 et
1847 3226 2129 3295 sacri/icia,

538 3312 654 3380 qua:
687 3299 1137 3380 impositaherant,
1166 3304 1324 3376 jussit
1353 3302 1591 3357 sacerdos
1619 3299 1901 3380 Nehemias
1931 3301 2135 3371 aspergi

539 3371 828 3444 ipsaaqua,
860 3382 906 3424 et
934 3372 1099 3444 ligna,
1127 3371 1178 3428 ei
1200 3389 1313 3443 qua:
1334 3384 1477 3429 erant
1499 3371 1849 3444 superposita.

618 3437 668 3523 ll
670 3449 784 3523 tque
803 3438 903 3523 hoc
922 3437 1128 3523 factum
1156 3437 1258 3523 est,
1284 3437 1577 3523 et_tempus'
1599 3444 1782 3512 affuit,
1815 3460 1915 3523 quo
1944 3444 2024 3523 sol
2057 3462 2137 3501 re-

544 3511 710 3581 fulsit,
729 3513 823 3594 qui
849 3511 996 3584 prius
1039 3527 1165 3594 erat
1186 3518 1239 3571 in
1266 3511 1741 3585 nubilo,'accensus
1763 3511 1838 3572 est
1859 3518 1993 3590 ignis
2018 3533 2137 3571 ma-

543 3598 700 3654 gnus,
723 3589 794 3637 ita
814 3594 869 3638 ut
894 3602 1069 3642 omnes
1098 3589 1431 3643 mirarentur.
1874 3611 1881 3617 -

620 3654 920 3711 Orationem
949 3668 1121 3716 autem
1152 3662 1405 3731 faciebant
1455 3677 1629 3715 onmes
1680 3660 1969 3715 sacerdotes
2015 3661 2141 3715 dum

544 3739 991 3784 consummaretur
1010 3734 1346 3802 sacriﬁcium,
1365 3730 1597 3787 Jonatha
1620 3732 1913 3800 inchoante,
1938 3735 2140 3788 caneris

545 3806 720 3868 autem
748 3802 1197 3868 respondentibus.

624 3867 690 3922 Et
715 3868 983 3927 Nehemite
1007 3884 1116 3928 erat
1148 3876 1313 3930 oratio
1353 3876 1492 3931 hunc
1519 3875 1712 3931 habens
1740 3874 1991 3930 modum:
2035 3874 2143 3929 Do~

546 3938 867 4025 minabeus,
890 3948 1119 4025 omnium
1141 3958 1362 4025 creator,
1383 3947 1649 4018 terribilis,
1674 3958 1719 4001 et
1747 3947 1915 4019 fortis,
1936 3948 2137 4018 justus,

548 4020 596 4065 et
625 4018 938 4087 misericors,
962 4018 1053 4087 qui
1077 4019 1219 4073 solus
1241 4036 1293 4073 es
1322 4019 1486 4074 bonus
1512 4035 1628 4085 rex,

622 4083 783 4164 Solus
809 4083 1084 4164 praestans,
1103 4090 1245 4164 solus
1263 4094 1463 4164 justus,
1488 4100 1537 4147 et
1559 4083 1897 4164 omnipotens,
1928 4100 1973 4164 et
1993 4099 2144 4144 arter-

549 4169 670 4234 n_us,
692 4156 780 4225 qui
808 4155 994 4214 liberas
1021 4155 1195 4234 Israel
1224 4155 1287 4217 de
1315 4164 1454 4217 onmi
1477 4164 1636 4230 malo,
1666 4155 1754 4234 qui
1776 4155 1942 4233 fecisti
1972 4173 2143 4232 patres

552 4225 755 4301 electos,
790 4237 837 4281 et
864 4232 1200 4301 sancti/iecisti
1227 4251 1311 4288 eos
1338 4250 1356 4288 :

626 4296 1156 4379 Accipesacri/icium
1183 4322 1278 4377 pro
1323 4307 1563 4361 universo
1604 4307 1798 4379 populo
1830 4317 1917 4361 tuo
1949 4304 2144 4375 Israel,

552 4376 601 4421 et
622 4370 824 4448 custodi
838 4370 1038 4448 partem
1068 4370 1232 4442 tuam,
1256 4388 1303 4432 et
1331 4370 1618 4448 sanctifica:

626 4439 894 4522 Congrega
925 4439 1294 4515 dispersionem
1326 4439 1574 4516 nostra'm,
1600 4453 1759 4507 libera
1780 4467 1887 4517 eos,
1917 4453 2005 4522 qui
2038 4469 2150 4508 ser-

554 4513 981 4598 viuntgentibus,
1006 4513 1055 4598 et
1079 4529 1393 4598 contemptos
1413 4531 1458 4575 et
1486 4513 1803 4578 abominatos
1831 4513 2030 4593 respice
2053 4539 2071 4579 :
2092 4535 2147 4580 ut

553 4590 721 4659 sciant
745 4596 941 4659 gentes,
966 4590 1088 4655 quia
1110 4600 1164 4644 tu
1193 4608 1248 4646 es
1271 4590 1415 4647 Deus
1442 4605 1635 4649 noster.

552 4656 808 4801 “ig/rigas
828 4661 1171 4733 apprimentes
1217 4679 1331 4734 nos,
1363 4672 1411 4719 et
1435 4666 1797 4722 contumeliam
1821 4668 2066 4740 facientes
2092 4670 2146 4723 in

743 4747 758 4783 ι
799 4772 812 4785 .

743 4747 812 4785 ια.

626 4798 889 4884 (ξριεειὶιαε
919 4806 1171 4879 papulum
1196 4815 1345 4863 tuum
1384 4808 1435 4864 in
1466 4808 1581 4867 loco
1631 4820 1810 4867 sancto
1866 4824 1977 4881 tuo,
2015 4814 2147 4871 sicut

555 4872 687 4947 dixit
710 4872 938 4947 Moyses.

630 4944 941 5032 Sacerdotes
970 4960 1143 5032 autent
1158 4952 1457 5032 psallebant
1477 4953 1714 5028 hymnbs,
1741 4974 2003 5032 usquequo
2022 4975 2148 5014 con-

630 4971 941 5003 uuccruotel
970 4971 1143 5005 autem
1204 4971 1340 5009 sattet

556 5026 820 5095 sumptum
848 5032 977 5076 esset
1007 4971 1340 5095 sacri/iiium.

628 5086 759 5145 cum
783 5086 1336 5177 autemconsuinptum
1382 5109 1518 5177 esset
1547 5101 1882 5177 sacri/icium,
1917 5119 1982 5158 ea:
2017 5104 2145 5159 resi-

553 5161 667 5246 dua
682 5178 819 5246 aqua
868 5164 1152 5246 ehemias
1181 5161 1333 5235 iussit
1364 5170 1573 5246 lapides
1619 5161 1844 5243 majores
1870 5161 2141 5246 perfundi.

625 5235 776 5322 Quod
803 5249 860 5294 ut
891 5243 1087 5322 factum
1109 5251 1304 5322 est,_e:c
1319 5243 1417 5322 eis
1426 5235 1642 5322 flamma
1671 5235 1891 5301 accensa
1913 5235 1985 5301 est
2013 5263 2030 5301 :
2053 5248 2144 5303 sed

546 5323 612 5362 ec
629 5307 852 5389 lumine,
884 5307 1022 5389 quod
1033 5307 1249 5389 refulsit
1278 5313 1341 5368 ab
1366 5307 1548 5382 altari,
1580 5328 1883 5389 consumpta
1911 5328 2007 5374 est.

625 5378 693 5436 Ut
724 5397 839 5436 vero
874 5378 1208 5463 manifestata
1250 5395 1323 5463 est
1353 5403 1484 5463 res,,
1512 5378 1868 5463 renuntiatum
1912 5400 1987 5447 est
2035 5392 2144 5463 regi

547 5449 1087 5537 Persarum,,gttod'in
1108 5455 1248 5523 loco,
1272 5457 1324 5511 in
1339 5449 1453 5537 quo?
1468 5461 1640 5531 ignem
1660 5462 2037 5537 absconderant
2059 5449 2136 5530 hi,

542 5524 630 5648 q‘pi
651 5524 895 5580 translati
923 5528 1150 5597 fuerant,
1170 5524 1637 5602 sacerdotesfaqua
1659 5536 1926 5603 apparuit,
1952 5535 2017 5589 de
2036 5524 2138 5603 qua

604 5594 851 5648 ehemias-
894 5605 945 5648 el
974 5600 1063 5648 ani
1092 5616 1210 5648 cum
1258 5617 1317 5648 ea
1356 5611 1519 5648 eram-
1549 5604 1953 5648 nuriﬁnmmrnnt
1979 5607 2138 5648 mari.

604 5594 851 5679 ehemias,
894 5594 945 5656 et
974 5600 1063 5670 qui
1092 5616 1210 5655 cum
1258 5617 1317 5657 eo
1356 5594 1522 5672 erant,
1546 5594 1953 5675 purificaverunt
1978 5594 2141 5663 sacri-

544 5667 687 5736 licia.

2221 1882 2271 1928 et
2296 1888 2473 1927 arcam
2520 1872 2683 1944 jussit
2709 1866 2975 1939 Propheta
3003 1866 3175 1944 divino
3214 1884 3463 1944 responso
3491 1868 3561 1921 ad
3599 1883 3653 1944 se
3679 1866 3820 1937 facta

2222 1944 2459 1998 comitari
2512 1939 2707 2009 secum,
2755 1959 3013 2012 usquequo
3064 1941 3190 1995 exiit
3236 1939 3309 1995 in’
3339 1948 3586 2006 montem,
3634 1939 3689 1992 in
3714 1955 3822 2010 quo

2224 2014 2432 2085 Moyses
2457 2015 2711 2080 ascendit,
2731 2024 2777 2068 et
2803 2015 2930 2069 vidit
2961 2012 3060 2067 Dei
3081 2012 3461 2067 hwreditatem.

2295 2083 2363 2140 Et
2387 2091 2596 2141 veniens
2624 2086 2697 2140 ibi
2713 2085 2966 2140 Jeremias
2985 2086 3176 2139 invenit
3198 2085 3370 2139 locum
3390 2083 3651 2151 speluncte
3678 2098 3696 2137 :
3724 2091 3748 2119 ι’
3773 2091 3824 2135 et

2224 2156 2638 2226 tabernaculum,
2664 2165 2713 2211 et
2741 2174 2940 2225 arcam,
2973 2166 3020 2212 et
3049 2156 3216 2211 altare
3243 2155 3438 2210 incensi
3469 2153 3643 2208 intulit
3670 2154 3824 2218 illuc,

2223 2231 2492 2299 etjostium
2526 2229 2802 2285 obstruxit.

2303 2301 2369 2355 Et
2392 2311 2716 2356 accesserunt
2770 2302 2982 2371 quidam
3039 2300 3216 2367 simul,
3245 2300 3331 2370 qui
3362 2298 3727 2371 sequebantur,
3771 2304 3828 2350 ut

2226 2382 2465 2429 notarent
2494 2373 2590 2428 sibi
2613 2370 2789 2427 locum
2815 2390 2833 2428 :
2863 2384 2914 2427 et
2951 2388 3056 2426 non
3083 2380 3363 2444 potuerunt
3392 2370 3642 2444 invenire.

2304 2444 2372 2500 Ut
2399 2456 2569 2500 autem
2598 2445 2832 2516 cognorit
2878 2439 3150 2505 Jeremias,
3205 2441 3424 2515 culpans
3461 2439 3607 2516 illos,
3654 2440 3830 2495 dixit:

2231 2516 2384 2584 Quod
2414 2517 2620 2589 ignotus
2646 2511 2741 2589 erit
2763 2516 2925 2581 locus,
2961 2517 3130 2589 donec
3151 2511 3421 2585 congreget
3452 2511 3592 2566 Deus
3614 2528 3829 2584 congre-

2229 2586 2490 2661 gationem
2515 2587 2716 2661 populi,
2749 2599 2795 2641 et
2817 2589 3072 2661 prepitius
3094 2586 3227 2661 fiat:

2303 2659 2372 2713 Et
2413 2654 2533 2713 tunc
2584 2654 2844 2713 'Dominu's
2886 2654 3120 2713 ostendet
3161 2659 3288 2720 Inec,
3319 2654 3668 2727 et‘apparebit
3715 2672 3831 2709 ma-

2222 2733 2391 2804 jestas
2416 2730 2645 2796 Domini,
2668 2741 2714 2783 et
2740 2732 2898 2804 nubes
2926 2732 3045 2797 erit,
3085 2728 3220 2804 sicut
3254 2736 3301 2781 et
3332 2725 3506 2804 Moysi
3531 2729 3834 2804 manifesta-

2234 2807 2403 2867 batur,
2427 2814 2473 2856 et
2495 2804 2628 2857 sicut
2653 2818 2766 2855 cum
2798 2801 3051 2857 Salomon
3078 2802 3246 2871 petiit,
3280 2808 3334 2853 ut
3358 2801 3502 2853 locus
3531 2800 3832 2870 sanctiﬁca-

2232 2884 2377 2929 retur
2404 2890 2593 2943 magno
2619 2870 2748 2940 Deo,
2774 2870 3136 2942 manifestabat
3165 2872 3299 2927 hate.

2308 2941 2589 3016 Magnifice
2665 2946 2850 3000 etenim
2904 2941 3212 3009 sapientiam
3267 2941 3520 3016 tractabat
3582 2960 3602 3016 ς
3664 2950 3713 2995 et
3774 2949 3832 2996 ut

2236 3014 2545 3087 sapientiam
2578 3016 2789 3083 habens,
2827 3016 3006 3071 obtulit
3035 3016 3349 3086 sacrificium
3376 3014 3738 3081 dedicationis,
3784 3021 3833 3068 et

2238 3089 2697 3145 consummationis
2722 3087 2924 3157 templi.

2159 3185 2207 3249 ε
2246 3233 2259 3245 .
2311 3160 2461 3249 Sicut
2502 3159 2797 3249 etilllloyses
2822 3156 3123 3249 orabatad‘
3153 3158 3451 3249 Dominum,
3479 3166 3528 3212 et
3572 3156 3836 3249 descendit

2240 3233 2373 3305 ignis
2400 3234 2466 3286 de
2490 3233 2640 3296 calo,
2671 3229 2717 3285 et
2747 3232 3065 3305 consumpsit
3103 3231 3457 3305 holocaustum
3487 3246 3506 3284 :
3550 3230 3626 3284 sic
3660 3240 3707 3283 et
3733 3229 3837 3305 sa-

2241 3301 2415 3375 lbmon
2446 3305 2631 3370 oravit,
2654 3312 2700 3358 et
2727 3303 2992 3358 descendit
3021 3303 3156 3375 ignis
3178 3302 3243 3356 de
3263 3301 3413 3368 caelo,
3444 3310 3492 3356 et
3517 3301 3836 3373 consumpsit

2239 3373 2621 3431 holocaustum.

2312 3446 2383 3502 Et
2409 3449 2542 3502 dixit
2583 3446 2811 3518 Moyses,
2844 3463 2904 3501 eo
2944 3444 3081 3520 quod
3114 3463 3218 3501 non
3236 3445 3302 3500 sit
3348 3454 3646 3511 comestum,
3697 3444 3838 3516 quod

2242 3528 2351 3592 erat
2376 3537 2469 3589 pro
2493 3528 2720 3592 peccato,
2757 3530 3120 3592 consumptum
3145 3528 3239 3592 est.

2317 3587 2569 3648 Similiter
2599 3601 2648 3645 et
2676 3589 2925 3647 Salomon
2950 3587 3065 3647 acto
3109 3588 3287 3645 diebus
3329 3588 3599 3644 celebravit
3630 3587 3837 3643 dedica-

2244 3664 2457 3720 tionem.

2316 3736 2678 3807 lnferebantur
2719 3744 2898 3807 autem
2925 3735 2978 3789 in
3009 3733 3475 3804 descriptionibus,
3507 3742 3554 3786 et
3580 3747 3838 3807 continen-

2245 3805 2393 3863 tariis
2423 3806 2684 3862 Nehemia:
2707 3806 2816 3861 haec
2839 3807 3019 3862 eadem
3051 3822 3067 3859 :
3097 3815 3142 3861 et
3198 3814 3254 3858 ut
3300 3815 3597 3857 construens
3651 3805 3838 3859 biblio-

2246 3877 2445 3951 thecam
2461 3879 2795 3951 congregavit
2804 3878 2866 3934 de
2881 3878 3172 3951 regionibus
3196 3876 3358 3951 libros
3378 3884 3424 3928 et
3446 3874 3837 3951 praphetarum,

2245 3960 2292 4003 et
2322 3950 2511 4020 David,
2542 3948 2587 4005 et
2608 3948 2855 4019 epistolas
2886 3948 3107 4020 Regum,
3141 3958 3187 4002 et
3218 3953 3281 4002 de
3301 3948 3549 4020 donariis.

2319 4019 2573 4077 Similiter
2602 4030 2773 4076 autem
2819 4034 2863 4077 et
2890 4019 3062 4091 ludas
3110 4035 3191 4086 ea,
3248 4034 3365 4091 qua:
3420 4019 3719 4091 deciderant
3747 4034 3840 4089 per

2247 4094 2457 4159 bellum,
2487 4095 2627 4162 quod
2658 4094 2803 4148 nobis
2855 4090 3132 4160 acciderat,
3188 4092 3513 4163 congregavit
3552 4090 3749 4158 omnia,
3785 4101 3836 4144 et

2247 4177 2366 4236 sunt
2398 4167 2540 4236 apud
2568 4182 2683 4220 nos.

2321 4235 2384 4309 Si
2408 4232 2530 4309 ergo
2555 4237 2859 4291 desideratis
2889 4236 3017 4309 haec,
3047 4235 3233 4289 mittite
3259 4236 3349 4309 qui
3390 4235 3653 4309 perferant
3673 4232 3835 4309 vobis.

2321 4306 2499 4364 Actufi
2522 4311 2694 4377 itaque
2722 4308 3140 4380 puriﬁcationem
3169 4308 3467 4380 scripsimus
3497 4307 3638 4360 vobis
3666 4320 3685 4361 :
3716 4306 3843 4359 bene

2248 4397 2368 4453 ergo
2400 4381 2621 4453 facietis,
2654 4380 2700 4434 si
2730 4380 2935 4453 egeritis
2965 4379 3058 4453 hos
3081 4379 3208 4433 dies.

2324 4447 2467 4507 Deus
2497 4447 2690 4517 autem,
2716 4447 2806 4522 qui
2834 4451 3063 4522 liberavit
3088 4450 3336 4522 populum
3378 4466 3551 4515 suum,
3584 4447 3809 4522 etreddi
3828 4476 3841 4488 -

2254 4526 2329 4579 dit
2359 4524 2705 4579 [nereditatem
2731 4520 2991 4590 omnibus,
3020 4532 3067 4577 et
3088 4520 3342 4596 regnum,
3379 4534 3426 4577 et
3469 4520 3837 4588 sacerdotium,

2176 4576 2227 4637 θ
2318 4576 2804 4665 νεὰήὴὶιῖβεὰέίὂὶιεηι,

2325 4662 2750 4740 δίειιῖργοιηὶδὶι
2778 4668 2833 4720 in
2881 4665 3012 4740 lege,
3066 4680 3334 4740 speramus
3361 4663 3649 4740 _quod_cito
3677 4662 3842 4718 nostri

2250 4734 2598 4809 miserebitur,
2629 4755 2677 4796 et
2705 4734 3033 4811 congregabit
3064 4736 3130 4793 de
3153 4738 3246 4793 sub
3276 4737 3401 4793 caelo
3430 4738 3485 4792 in
3518 4734 3693 4791 locum
3716 4751 3841 4790 san-

2247 4822 2408 4870 ctum.

2324 4885 2533 4957 Eripuit
2553 4884 2692 4941 enim
2712 4899 2808 4939 nos
2833 4882 2897 4938 de
2917 4881 3119 4955 magnis
3143 4881 3408 4955 periculis,
3440 4889 3490 4936 et
3516 4879 3689 4936 locum
3714 4894 3842 4952 pur-

2286 4961 2407 5015 avit.

2248 4977 2407 5085 galli:
2423 5027 2567 5083 Juda
2605 5044 2723 5083 vero
2758 5025 3078 5094 Machabteo,
3132 5034 3182 5081 et
3234 5022 3483 5097 fratribus
3503 5027 3639 5096 ejus,
3679 5033 3727 5078 et
3777 5022 3845 5077 de

2246 5101 2427 5174 templi
2457 5101 2631 5174 magni
2656 5098 3019 5174 puriﬁcatione
3046 5108 3092 5151 et
3115 5099 3187 5174 de
3211 5096 3318 5153 arte
3346 5096 3693 5174 dedicatione.

2320 5165 2428 5229 Sed
2450 5183 2496 5227 et
2527 5165 2589 5225 de
2609 5165 2828 5243 prwliis,
2860 5187 2974 5243 qua:
2998 5170 3251 5240 pertinent
3290 5175 3359 5224 ad
3386 5166 3698 5222 Antiochum
3728 5165 3845 5222 No-

2246 5244 2419 5316 bilem,
2448 5252 2494 5299 et
2517 5241 2687 5316 ﬁlium
2706 5245 2836 5316 ejus,
2870 5241 3190 5316 Eupatorem
3218 5259 3237 5297 :

2318 5314 2388 5371 Et
2411 5316 2474 5371 de
2503 5310 2998 5387 illuminationibus,
3026 5330 3143 5387 qtae
3159 5315 3222 5387 de
3244 5313 3370 5369 caelo
3401 5316 3555 5387 factte
3578 5321 3699 5366 sunt
3727 5310 3840 5387 [AL

2249 5398 2352 5444 lac.
2380 5386 2521 5459 sunt]
2550 5388 2617 5441 ad
2639 5402 2745 5452 eos,
2768 5386 2858 5459 qui
2895 5403 2995 5458 pro
3029 5385 3231 5441 Iudaeis
3260 5385 3460 5457 fortiter
3488 5388 3740 5459 fecerunt,
3768 5385 3846 5438 ita

2247 5471 2302 5515 ut
2327 5453 2615 5515 universam
2640 5453 2926 5529 regionem,
2956 5474 3074 5514 cum
3110 5453 3269 5527 pauci
3286 5468 3469 5525 essent,
3489 5453 3842 5523 vindicarent,

2246 5542 2295 5586 et
2324 5532 2597 5603 barbaram
2625 5529 3009 5585 multitudinem
3037 5532 3302 5603 fugarent,

2323 5602 2385 5656 Et
2415 5602 2835 5675 famosissimum
2863 5603 2918 5675 in
2966 5609 3075 5658 toto
3102 5601 3234 5656 orbe
3275 5601 3521 5675 templum
3566 5613 3848 5675 recupera-

2246 5685 2382 5744 rent,
2415 5669 2479 5729 'et
2522 5674 2779 5729 civitatem
2820 5673 3121 5739 liberarent,
3171 5682 3220 5727 et
3268 5669 3437 5744 leges,
3481 5685 3599 5742 qua:
3638 5669 3846 5725 abolitte

616 5814 643 5845 ι
673 5805 878 5870 Tacent
906 5811 1035 5871 editi
1065 5812 1161 5873 alii
1188 5812 1313 5873 libri
1359 5812 1446 5873 hic
1473 5823 1522 5871 et
1568 5815 1837 5888 voculam,
1893 5828 2128 5887 moxque
2157 5812 2332 5886 ipsum
2358 5809 2486 5869 illuc
2504 5811 2819 5871 adverbium
2855 5827 2871 5870 :
2902 5826 3025 5872 cum
3046 5812 3100 5869 in
3119 5811 3312 5871 Graeco
3337 5820 3520 5868 tamen
3557 5819 3845 5882 utrumque

542 5889 784 5937 resonet.
