4182 6338
321 361 428 420 εςοδ

1515 369 1715 426 LIBER
1757 371 1797 426 ll
1840 368 2416 429 ΜᾹΟΠΔΒᾸύΟΒυΜ.

3513 372 3617 430 508

319 492 491 563 erant,
515 485 936 563 restituerentur,
975 485 1202 540 Domino
1227 504 1339 540 eum
1365 491 1506 544 muni
1539 490 1915 559 tranrpiillitatc
1947 494 1991 549 Α
2023 490 2319 545 dinaturus.
2362 490 2482 544 Non
2521 489 2724 544 modica
2755 504 2870 544 vero
2900 506 2992 563 per
3037 491 3325 544 universam
3357 489 3614 543 civitatem

328 557 561 627 propitio
583 559 721 627 facto
743 560 873 612 illis.

398 626 634 701 Itemque
663 630 724 683 ab
744 629 940 685 Iasone
961 628 1208 704 Cyrenceo
1239 633 1466 704 quinque
1511 632 1654 687 libris
1685 649 1920 704 compre~

319 698 481 752 hensa
502 698 809 756 te’ritavimus
838 718 931 756 nos
961 698 1062 756 uno
1087 698 1347 757 volumine
1374 698 1616 759 breviare.

395 770 793 847 Considerantes
819 774 972 847 enim
1013 775 1395 830 multitudinem
1436 777 1685 830 librorum
1715 785 1760 828 et
1791 776 1922 847 difﬁ-

321 843 566 898 cultatem
617 844 905 918 volentibus
954 847 1165 918 aggredi
1221 849 1545 902 narrationes
1588 843 1922 902 historiarum

323 923 532 984 prapter
562 917 946 971 multitudinem
975 917 1170 984 rerum,
1728 971 1733 977 .

396 985 703 1063 paravimus
729 990 1010 1063 volentibus
1063 991 1270 1059 quidem
1302 991 1485 1063 legere,
1519 1001 1575 1046 ut
1603 1002 1730 1046 esset
1761 992 1922 1045 animi

322 1055 640 1114 oblectatio:
680 1061 926 1114 studiosis
973 1055 1111 1126 vero,
1171 1055 1379 1133 facilius
1427 1055 1624 1130 possint
1663 1063 1922 1117 memoriae

322 1133 688 1206 commendare
719 1149 736 1185 :
767 1133 1000 1186 omnibus
1039 1143 1212 1188 autem
1256 1135 1543 1206 legentibus
1573 1137 1769 1190 utilitas
1800 1151 1922 1188 con-

322 1202 544 1273 fera_tur.

395 1271 464 1326 Et
495 1273 640 1330 nobis
669 1276 877 1346 quidem
907 1275 1054 1344 ipsis,
1085 1279 1172 1348 qui
1202 1280 1296 1332 hoc
1327 1295 1458 1348 Opus
1476 1279 1736 1334 breviandi
1763 1296 1919 1332 causa

320 1348 663 1422 suscepimus,
682 1365 795 1422 non
821 1349 1026 1416 facilem
1055 1351 1302 1411 (crvorem,
1328 1353 1484 1405 immo
1513 1367 1630 1405 vero
1663 1353 1919 1422 negotium

321 1417 535 1495 plenum
565 1419 883 1495 vigiliarum,
909 1431 956 1474 et
987 1422 1194 1474 sudoris
1225 1425 1620 1495 assumpsimus.

395 1488 644 1566 Sicut_hi,
673 1491 763 1566 qui
787 1503 1081 1563 pra’parant
1105 1488 1412 1566 convivium,
1444 1507 1492 1549 et
1515 1505 1755 1566 quierunt
1785 1495 1921 1548 alio-

318 1575 438 1639 rum
472 1560 732 1639 voluntati
762 1560 944 1639 parere
995 1575 1203 1634 propter
1241 1560 1536 1620 multorum
1566 1570 1810 1639 gratiam,
1851 1568 1888 1620 li
1902 1598 1920 1610 -

323 1630 498 1685 benter
526 1633 752 1687 laborem
764 1630 1105 1692 sustinemus.

323 1773 338 1785 .
407 1702 681 1785 Veritatem
700 1707 905 1785 quidem
919 1707 981 1758 de
1000 1709 1220 1785 singulis
1238 1712 1916 1785 auctoribusconcedentes,

318 1775 421 1850 ipsi
470 1786 645 1830 autem
702 1779 983 1832 secundum
1029 1775 1204 1834 datam
1263 1785 1485 1850 formam
1533 1784 1765 1838 brevitati
1809 1775 1918 1837 stu;

319 1844 515 1902 dentes.

397 1917 546 1972 Sicut
577 1921 710 1975 enim
741 1938 884 1976 nova:
906 1923 1090 1976 domus
1117 1927 1392 1980 architecto
1426 1928 1490 1981 de
1517 1928 1748 1981 universa
1776 1937 1916 1982 stru-

319 1997 470 2042 ctura
497 1995 788 2069 curandum
833 2005 907 2048 est
933 2011 950 2048 :
975 1997 1020 2049 ei
1042 2013 1183 2058 vero,
1231 1999 1318 2065 qui
1353 2001 1567 2069 pingere
1604 2010 1768 2064 curat,
1805 2016 1918 2068 qua:

317 2070 445 2136 apta
477 2075 596 2118 sunt
622 2065 692 2118 ad
719 2076 978 2135 ornatum,
1009 2070 1320 2136 exquirenda
1352 2065 1467 2123 sunt
1503 2087 1520 2124 :
1560 2072 1631 2125 ita
1660 2065 1918 2126 a’stinian-

319 2133 445 2185 dum
473 2146 546 2188 est
574 2145 621 2191 et
643 2139 694 2190 in
723 2139 890 2192 nobis.

395 2201 598 2286 Etenim
624 2209 941 2286 intellectum
981 2212 1244 2286 colligere,
1274 2221 1320 2267 et
1351 2215 1594 2270 ordinare
1612 2233 1916 2282 sermonem,

317 2283 369 2358 et
391 2279 650 2360 curiosius
685 2292 858 2351 partes
882 2279 1126 2360 singulas
1148 2279 1381 2358 quasque
1418 2289 1724 2360 disquirere,
1758 2279 1919 2345 triste;-

317 2355 672 2423 rite_eongruit
690 2355 915 2408 auctori.

395 2417 701 2498 Bret‘iiatern
750 2444 865 2480 vero
909 2428 1153 2484 dictionis
1202 2432 1422 2498 sectari,
1475 2444 1518 2486 et
1571 2432 1921 2488 exsecutioues

315 2505 494 2574 rerum
522 2496 704 2562 vitare,
735 2499 983 2554 brevianti
1004 2501 1388 2556 concedendum
1410 2496 1524 2559 est.

402 2562 541 2618 Hinc
574 2587 695 2644 ergo
725 2574 1074 2626 narrationem
1104 2575 1404 2642 incipiemus
1431 2593 1449 2630 :
1497 2578 1558 2628 de
1609 2575 1922 2644 Prcefatione

325 2639 987 2717 tantum‘dirissesufficiat
1011 2661 1028 2698 :
1049 2639 1264 2698 stultum
1300 2648 1483 2700 etenim
1512 2660 1584 2700 cst
1613 2639 1734 2701 ants
1759 2647 1922 2702 histo-

323 2712 462 2762 riam
493 2712 726 2782 effluere,
750 2715 803 2768 in
831 2719 945 2785 ipsa
972 2727 1141 2769 autem
1171 2718 1388 2772 historia
1414 2720 1666 2790 succingi.

937 2830 1161 2887 CAPUT
1219 2829 1308 2886 Ill.

397 2919 569 2998 Igitur
589 2939 702 2976 cum
732 2935 910 2998 sancta
956 2927 1132 2981 civitas
1162 2926 1481 2980 habitaretur
1530 2929 1582 2982 in
1608 2930 1744 2983 omni
1775 2946 1920 2998 pace,

321 2993 468 3072 leges
487 2995 842 3072 etiamad/mc
873 2999 1060 3065 optime
1109 2998 1502 3072 custodirentur,
1537 3009 1744 3072 propter
1774 2993 1924 3056 Cuia:

319 3065 583 3138 pon_tiﬁcis
609 3068 873 3138 pietatem,
903 3081 948 3123 et
978 3073 1177 3122 animos
1203 3071 1322 3123 odio
1353 3065 1591 3124 habentes
1619 3065 1776 3135 mala,

397 3134 618 3211 Fiebat,
641 3147 694 3190 ut
734 3150 780 3192 et
807 3142 907 3208 ipsi
938 3158 1096 3210 reges,
1132 3153 1178 3195 et
1209 3143 1466 3211 principes
1527 3145 1692 3196 locant
1724 3160 1922 3199 sunnno

317 3207 516 3283 honore
539 3210 753 3278 dignum
784 3207 1048 3278 ducerent,
1077 3223 1124 3268 et
1154 3207 1398 3283 templum
1430 3215 1668 3268 maximis
1696 3219 1923 3270 muneri-

318 3279 416 3332 bus
447 3279 775 3335 illustrarent
805 3300 824 3337 :

395 3348 482 3404 Ita
513 3363 567 3404 ut
603 3352 848 3409 Seleucus
897 3356 1032 3411 Asia:
1067 3373 1159 3411 rex
1205 3359 1268 3412 de
1319 3356 1607 3412 redditibus
1637 3359 1744 3412 suis
1790 3375 1922 3424 prce-

318 3429 480 3504 staret
525 3440 698 3480 omnes
755 3439 987 3498 sumptus
1039 3432 1106 3483 ad
1160 3431 1501 3484 ministerium
1547 3431 1924 3499 sacrificiorum

319 3505 661 3562 pertinentes.

395 3566 581 3646 Simon
608 3579 780 3622 autent
813 3572 878 3624 de
907 3573 1042 3646 tribu
1078 3571 1355 3646 Benjamin
1404 3574 1711 3644 prcepOsitus
1746 3576 1924 3643 templi

320 3639 658 3718 constitutus,
698 3643 1087 3718 contendebat,
1125 3639 1413 3718 rolisistente'
1443 3639 1541 3698 sibi
1572 3646 1804 3718 principe
1832 3639 1924 3700 sa-

317 3711 606 3786 cerdotum,
639 3711 867 3786 iniquum
888 3715 1087 3786 aliquid
1115 3717 1168 3770 in
1195 3719 1398 3769 civitate
1420 3711 1609 3770 moliri.

395 3781 648 3860 Sed_e_um
673 3781 868 3860 vincere
892 3781 1078 3841 (iniam
1103 3804 1204 3841 non
1233 3798 1420 3860 posset,
1443 3789 1575 3841 venit
1605 3787 1676 3840 ad
1705 3789 1920 3860 Apollo-

317 3853 465 3935 nium
496 3852 756 3935 ΤΙιαζξῳτυ
783 3859 976 3935 filium,
1024 3861 1112 3930 qui
1141 3876 1198 3914 eo
1225 3852 1451 3932 lempore
1497 3870 1603 3913 erat
1629 3852 1924 3914 dux'Caele-

318 3927 497 3994 syrius,
531 3935 579 3978 et
613 3927 875 3984 Phoenicis
908 3946 924 3984 :

395 3994 466 4048 Et
493 4000 759 4072 nuntiavit
798 4003 866 4063 ei,
924 4003 1152 4072 pecuniis
1203 4001 1665 4057 innumerabilibus
1713 4001 1925 4071 plenum

319 4083 432 4121 esse
457 4071 702 4123 aerarium
729 4071 1096 4145 Jerosolymis,
1125 4085 1171 4129 et
1196 4091 1488 4128 communes
1510 4076 1682 4138 capias
1711 4077 1925 4128 innuen-

319 4155 409 4193 sas
435 4156 566 4204 esse,
587 4159 702 4209 qua:
728 4160 831 4198 non
861 4148 1114 4212 pertinent
1141 4147 1210 4200 ad
1235 4149 1488 4200 rationem
1517 4147 1889 4216 sacrificiorum
1906 4159 1926 4197 .'

321 4226 438 4290 esse
460 4221 630 4266 autem
659 4217 900 4290 possibile
920 4219 1012 4271 sub
1037 4228 1287 4290 potestate
1308 4219 1446 4287 regis
1466 4219 1650 4271 cadere
1671 4218 1922 4272 universa.

396 4281 630 4362 Cumque
657 4288 999 4362 retulissetad
1027 4281 1194 4362 regem
1227 4281 1553 4362 Apollonius,
1587 4290 1649 4342 de
1673 4290 1922 4360 pecuniis,

322 4370 441 4423 qui:
471 4358 659 4410 delatas
688 4369 853 4422 erant,
886 4359 975 4413 ille
1019 4358 1239 4415 accitum
1275 4360 1636 4426 Heliodorum,
1674 4358 1781 4429 qui
1812 4372 1924 4415 erat

323 4442 481 4496 super
505 4429 713 4510 negotia
741 4432 871 4499 ejus,
905 4433 1041 4486 misit
1071 4449 1185 4486 eum
1215 4434 1491 4498 mandatis,
1544 4443 1596 4486 ut
1621 4434 1924 4502 prcedictam

325 4508 606 4568 pecuniam
634 4508 1028 4568 transportaret.

398 4569 694 4647 Statimque
720 4572 1035 4647 Heliodorus
1066 4577 1160 4630 iter
1187 4585 1260 4632 est
1287 4593 1578 4647 aggressus,
1618 4576 1785 4640 specie
1810 4577 1928 4646 qui-

324 4640 445 4695 dem
473 4645 622 4742 quasi
647 4661 738 4714 per
766 4642 1118 4715 Ccelesgriam,
1162 4660 1208 4702 et
1243 4640 1517 4732 Phoenicen
1547 4640 1772 4730 civitates
1800 4640 1926 4742 esset
1953 4679 2004 4742 Β

325 4723 708 4785 peragraturus
753 4733 772 4771 :

328 4796 531 4841 cturus.

404 4857 516 4936 Sed
545 4875 668 4936 cum
686 4862 900 4936 venisset
929 4860 1328 4936 Jerosolymam,
1353 4873 1398 4917 et
1429 4864 1696 4936 benignea
1726 4881 1924 4936 summo

326 4931 620 5004 sacerdote,
651 4933 704 4985 in
737 4933 940 4988 civitate
982 4947 1108 4989 esset
1136 4931 1402 5004 Exceptus,
1447 4931 1672 4989 narravit
1700 4935 1762 4989 de
1801 4937 1924 4990 dato

828 4733 1001 4773 revera
1049 4731 1220 4775 autem
1250 4721 1381 4791 regis
1409 4721 1729 4792 propositum
1757 4725 1922 4791 perfe-

326 5002 532 5078 indicio
557 5005 894 5078 pecuniarum
923 5021 940 5059 :
971 5014 1036 5066 et.
1079 5010 1229 5078 cujus
1257 5002 1332 5060 rei
1364 5007 1535 5077 gratia
1559 5009 1776 5072 adesset,
1801 5024 1927 5075 ape-

324 5075 446 5147 ruii
463 5090 482 5129 :
514 5075 862 5147 interrogabat
887 5088 1081 5144 autem,
1113 5075 1156 5133 si
1187 5095 1304 5133 vere
1334 5075 1444 5132 lure
1472 5080 1543 5132 ita
1574 5089 1760 5133 essent.

402 5144 549 5222 Tunc
581 5144 812 5222 summus
838 5149 1076 5203 sacerdos
1122 5151 1344 5222 ostendit
1372 5151 1602 5220 deposita
1646 5167 1754 5205 esse
1790 5149 1922 5222 ha’c,

326 5225 378 5272 et
406 5219 658 5293 victualia
684 5220 976 5283 viduarum.
1002 5232 1052 5293 et
1081 5221 1422 5293 pupillorum.

405 5288 658 5356 Quaedam
687 5307 805 5345 vero
832 5309 940 5345 esse
969 5288 1186 5347 Hii-cani
1214 5294 1390 5348 Tobias
1408 5294 1504 5347 viri
1523 5295 1673 5348 valde
1700 5295 1919 5349 eminen-

328 5361 396 5416 tis
419 5401 435 5427 ,
469 5362 523 5416 in
554 5363 637 5416 his
659 5403 674 5425 ,
706 5364 1120 5438 qucegdetulerat
1160 5367 1347 5438 impius
1403 5364 1587 5420 Simon
1621 5381 1637 5419 :
1693 5368 1927 5421 universa

327 5443 505 5486 autem
547 5435 749 5508 argenti
779 5435 970 5491 talenta
996 5453 1105 5492 esse
1125 5435 1498 5511 quadringenta
1522 5482 1536 5508 ,
1580 5446 1628 5492 et
1668 5439 1784 5492 auri
1822 5438 1924 5493 du-

329 5516 501 5558 centa.

401 5575 591 5653 Decipi
625 5593 743 5653 vero
775 5594 890 5646 eos,
928 5581 1016 5649 qui
1049 5581 1381 5638 credidissent
1413 5583 1526 5637 loco
1547 5626 1562 5652 ,
1612 5593 1660 5637 et
1698 5583 1915 5653 templo,

327 5648 604 5725 quodper
633 5648 1207 5708 universum'mundum
1242 5648 1555 5720 honoratur,
1591 5671 1685 5725 pro
1715 5648 1812 5710 suit
1834 5648 1919 5710 ve?-

329 5722 619 5799 neratione,
643 5732 689 5775 et
711 5725 978 5799 sanctitate
1007 5728 1214 5799 omnino
1241 5726 1552 5799 impossibile
1573 5722 1700 5782 esse.

402 5794 468 5871 At
508 5792 600 5847 ille
620 5810 714 5871 pro
743 5795 844 5858 his,
875 5813 989 5868 qua:
1017 5797 1230 5852 habebat
1257 5792 1590 5854 in'mandatis
1612 5817 1643 5854 a
1669 5814 1804 5871 rege,
1835 5798 1919 5852 di-

330 5865 472 5940 cebgt
503 5867 644 5940 omni
673 5881 854 5936 genere
877 5865 984 5940 regi
1011 5885 1070 5922 ea
1099 5887 1206 5925 esse
1234 5871 1528 5940 deferenda.

402 5937 698 5993 Constituto
727 5947 896 5995 autem
927 5937 1012 5997 die
1039 5941 1262 5997 intrabat
1292 5937 1354 5997 de
1379 5942 1458 6021 his
1483 5942 1799 5998 Heliodorus
1827 5957 1917 5996 or-

2025 572 2132 616 crat
2174 563 2473 630 trepidatio.

2099 636 2402 689 Sacerdotes
2449 643 2617 688 autem
2644 641 2765 686 ante
2807 635 2968 688 altare
2997 651 3110 688 eum
3147 632 3293 686 stolis
3325 632 3620 687 sacerdota-

2023 704 2156 759 libus
2175 707 2494 776 jactaverunt
2525 722 2600 770 se,
2635 714 2680 758 et
2708 705 3014 759 invocabant
3039 706 3102 758 de
3125 704 3250 759 caelo
3280 720 3415 767 eum,
3447 705 3535 772 qui
3558 706 3622 776 de

2023 775 2270 845 depositis
2300 779 2459 849 legem
2486 778 2679 850 posuit,
2704 787 2757 830 ut
2787 778 2886 844 his,
2919 778 3007 848 qui
3031 779 3371 849 deposuerant
3398 792 3478 841 ea,
3511 775 3620 830 sal-

2022 865 2083 902 va
2111 850 2412 902 custodiret.

2091 919 2213 992 lam
2233 938 2348 975 vero
2376 922 2465 992 qui
2489 920 2685 976 videbat
2713 921 2900 975 summi
2929 920 3209 975 sacerdotis
3229 919 3424 973 vultum
3451 928 3617 992 mente

2022 990 2416 1064 vulnerabatur:
2441 997 2598 1064 facies
2621 995 2778 1064 enim,
2809 1003 2855 1045 et
2878 993 3020 1046 color
3049 993 3354 1045 immutatus
3383 990 3617 1045 declara-

2023 1062 2106 1116 bat
2137 1065 2390 1118 internum
2435 1062 2593 1119 animi
2625 1062 2854 1118 dolorem
2883 1080 2900 1117 :

2095 1132 2420 1202 Circumfusa
2444 1139 2574 1190 enim
2597 1145 2705 1191 erat
2728 1135 2963 1190 iniustitia
2988 1135 3225 1205 quaedam
3249 1135 3380 1198 viro,
3413 1144 3460 1188 et
3486 1134 3615 1187 hor-

2021 1221 2111 1260 ror
2136 1209 2388 1278 corporis,
2425 1226 2515 1278 per
2550 1224 2701 1278 quem
2730 1208 3033 1278 manifestus
3073 1206 3444 1278 aspicientibus
3470 1207 3622 1260 dolor

2023 1277 2198 1330 cordis
2229 1277 2337 1346 ejus
2361 1277 2685 1350 efficiebatur.

2095 1350 2199 1402 Alii
2227 1347 2651 1422 etiam‘gregatim
2677 1353 2741 1405 de
2769 1350 3002 1404 domibus
3030 1350 3376 1419 confluebant,
3414 1347 3619 1417 publica

2022 1422 2398 1494 supplicatione
2426 1423 2775 1488 obsecrantes,
2809 1438 2903 1493 pro
2927 1439 2984 1478 eo
3009 1423 3148 1494 quod
3190 1423 3244 1476 in
3273 1430 3618 1492 contemptum

2022 1491 2172 1546 locus
2195 1506 2323 1548 esset
2353 1506 2618 1549 venturus.

2094 1564 2448 1635 Accinctazque
2487 1568 2725 1620 mulieres
2780 1565 2961 1619 ciliciis
3015 1573 3223 1636 pectus,
3281 1582 3371 1632 per
3420 1563 3618 1635 plateas

2023 1637 2382 1710 confluebant:
2409 1637 2498 1710 sed
2522 1651 2566 1692 et
2589 1638 2828 1710 virgines,
2864 1652 2978 1707 qua!
3000 1637 3251 1710 conelusce
3279 1646 3443 1700 erant,
3493 1653 3616 1710 pro-

2023 1708 2296 1762 currebant
2323 1709 2389 1762 ad
2426 1708 2613 1764 Oniam
2638 1708 2799 1763 (alia:
2838 1720 3010 1761 (intem
3046 1709 3113 1762 ad
3142 1723 3352 1762 muros:
3381 1708 3618 1778 quietiam

2024 1794 2144 1852 vero
2170 1796 2260 1848 per
2288 1783 2536 1852 fenestras
2566 1778 2898 1852 aspiciebant.

2100 1849 2361 1924 Universae
2387 1861 2555 1906 autem
2587 1851 2949 1924 protendentes
2986 1867 3167 1905 manus
3195 1851 3246 1904 in
3281 1850 3462 1904 cce/um
3483 1894 3496 1919 ,
3531 1850 3621 1905 de-

2023 1923 2387 1994 precabantur.

2095 1994 2228 2049 Erat
2257 1996 2394 2050 enim
2422 1997 2610 2050 misera
2636 1995 2915 2049 commist
2950 1994 3326 2061 multitudinis,
3366 2002 3414 2048 et
3446 1995 3620 2064 magni

2021 2067 2305 2121 sacerdotis
2334 2068 2387 2121 in
2419 2084 2582 2136 agone
2609 2068 2872 2121 constituti
2904 2067 3235 2133 exspectatio.

2096 2136 2164 2190 Et
2200 2139 2254 2192 hi
2293 2135 2497 2203 quidem
2539 2140 2842 2192 invocabant
2883 2139 3278 2208 omnipotentem
3326 2135 3525 2200 Deum,
3563 2144 3618 2191 ut

2023 2210 2220 2264 credita
2247 2212 2343 2266 sibi
2372 2212 2470 2280 his,
2504 2213 2592 2283 qui
2621 2211 2966 2275 crediderant,
3000 2225 3116 2263 cum
3147 2210 3286 2263 omni
3325 2208 3625 2282 integritate

2025 2294 2470 2336 conservarentur.

2095 2353 2415 2409 Heliodorus
2467 2365 2639 2409 autem
2667 2397 2680 2418 ,
2748 2353 2888 2417 quod
2946 2353 3276 2418 decreverat,
3323 2351 3619 2423 perficiebat

2024 2425 2201 2478 eodem
2245 2427 2354 2480 loco
2401 2429 2508 2496 ipse
2538 2444 2652 2480 cum
2695 2426 3000 2480 satellitibus
3039 2426 3177 2480 circa
3197 2425 3440 2479 a’rarium
3485 2441 3621 2496 prte-

2026 2513 2166 2550 88MB.

2096 2567 2204 2623 Sed
2229 2570 2440 2642 spiritus
2472 2570 2834 2637 omnipotentis
2864 2569 2956 2624 Dei
2985 2585 3228 2642 magnam
3254 2568 3512 2642 fecitrsuaz
3533 2584 3618 2622 os-

2025 2642 2271 2695 tensionis
2316 2643 2653 2706 evidentiam,
2687 2644 2759 2694 ita
2790 2651 2844 2694 ut
2875 2641 3090 2706 omnes,
3140 2642 3231 2710 qui
3271 2641 3386 2693 ausi
3415 2643 3625 2711 fuerant

2026 2727 2205 2780 parere
2235 2715 2302 2777 ei,
2335 2721 2538 2766 ruentes
2559 2713 2651 2765 Dei
2680 2715 2882 2775 virtute,
2914 2715 2964 2767 in
2992 2712 3405 2778 dissolutionem,
3435 2721 3479 2765 et
3511 2715 3622 2783 for-

2025 2783 2273 2838 midinem
2302 2794 2728 2839 com'erterentur.
2989 2801 2992 2803 λ

2097 2857 2351 2928 Apparuit
2380 2857 2513 2909 enim
2541 2857 2648 2910 illis
2689 2857 2901 2928 quidam
2933 2873 3091 2928 equus
3121 2854 3398 2928 terribilem
3429 2853 3622 2909 habens

2025 2927 2309 2990 sessorem,
2358 2928 2565 2992 optimis
2595 2927 2920 2998 operimentis
2967 2927 3251 2981 adornatus
3278 2943 3296 2980 :
3330 2927 3473 2990 isque
3504 2942 3620 2998 cum

2026 2999 2219 3069 impetu
2262 2999 2549 3054 Heliodoro
2591 2997 2785 3067 priores
2839 2999 3002 3052 calces
3032 3000 3210 3052 elisit:
3257 3000 3342 3070 qui
3375 3008 3548 3051 autem
3578 2997 3626 3052 ei

2027 3071 2256 3136 sedebat,
2279 3071 2546 3124 videbatur
2571 3088 2715 3125 arma
2745 3070 2929 3126 [rabere
2951 3087 3130 3124 aurea.

2097 3144 2204 3196 Alii
2251 3144 2405 3197 etiam
2432 3151 2786 3215 apparuerunt
2827 3144 2928 3195 duo
2969 3144 3181 3206 juvenes
3215 3142 3401 3215 virtute
3429 3141 3619 3205 decori,

2030 3215 2208 3286 Optimi
2230 3215 2430 3288 gloria,
2459 3213 2770 3282 speciosique
2808 3216 2999 3288 amictu
3021 3229 3040 3288 ς
3065 3215 3153 3282 qui
3179 3213 3619 3288 circumsteterunt

1948 3278 1993 3343 C
2027 3278 2140 3367 eum
2161 3327 2173 3349 ,
2204 3278 2252 3338 ei
2277 3303 2344 3368 esi
2380 3278 2594 3368 utraque
2625 3278 2768 3368 parte
2807 3278 3176 3356 flagellabant,
3220 3286 3330 3338 sine
3357 3284 3619 3339 intermis-

2029 3357 2173 3410 sione
2198 3359 2370 3410 multis
2400 3359 2566 3427 plagis
2605 3357 2943 3411 verberantes.

2102 3429 2284 3482 Subito
2321 3439 2492 3481 autem
2533 3427 2846 3484 Heliodorus
2876 3428 3098 3482 concidit
3135 3429 3188 3483 in
3229 3436 3437 3486 terram.
3481 3443 3624 3481 eum-

2027 3515 2124 3572 que
2165 3503 2329 3554 multa
2357 3499 2577 3569 caligine
2605 3500 2974 3568 circumfusian
3015 3508 3301 3572 rapuerunt
3327 3540 3342 3565 ,
3390 3508 3539 3570 atque
3567 3499 3624 3552 in

2029 3571 2157 3644 sella
2189 3572 2469 3642 gestatoria
2502 3574 2724 3640 pauitant
2755 3575 3037 3644 ejecerunt.

2105 3643 2167 3695 Et
2191 3641 2255 3710 is,
2287 3645 2373 3714 qui
2402 3660 2515 3696 cum
2542 3645 2714 3696 multis
2740 3641 3055 3705 cursoribus,
3081 3652 3126 3695 et
3151 3641 3465 3714 satellitibus
3485 3655 3620 3714 prth

2027 3714 2225 3767 dictum
2265 3712 2526 3782 ingressus
2566 3725 2641 3767 est
2675 3716 2914 3766 ararinm
2936 3756 2949 3770 .
2983 3714 3308 3784 portabatur,
3351 3712 3497 3766 nullo
3526 3713 3624 3770 sibi

2026 3787 2286 3838 auxilium
2308 3788 2519 3855 ferente,
2556 3786 2826 3853 manifesta
2858 3785 2949 3838 Dei
2976 3787 3183 3854 cognita
3212 3787 3398 3838 virtute
3424 3800 3442 3836 :

2103 3856 2168 3911 Et
2207 3856 2296 3910 ille
2321 3856 2523 3925 quidem
2552 3875 2640 3928 per
2674 3859 2900 3910 divinum
2935 3857 3170 3910 virtutem
3189 3857 3400 3930 jacebat
3425 3865 3626 3925 mutus,

2027 3938 2178 3994 atque
2209 3931 2346 3982 omni
2370 3947 2458 3997 spe
2489 3943 2534 3981 et
2563 3930 2726 3981 salute
2757 3931 3012 3997 privatus.

2101 4000 2177 4054 Hi
2216 4011 2386 4054 autem
2437 3999 2717 4055 Dominum
2749 3999 3130 4068 benediccbant,
3162 4000 3286 4071 quia
3313 3999 3623 4069 magnifica-

2029 4073 2112 4126 bat
2143 4073 2309 4126 locum
2339 4090 2488 4126 suum
2513 4089 2529 4126 :
2558 4083 2603 4126 et
2628 4074 2906 4140 templum,
2954 4072 3092 4142 quod
3121 4073 3279 4140 paulo
3301 4082 3419 4124 ante
3441 4072 3625 4142 timore

2028 4161 2089 4198 ac
2112 4143 2334 4198 tuum/tu
2357 4155 2462 4217 erat
2493 4139 3029 4217 plenum,apparente
3057 4139 3407 4215 omnipotente
3439 4139 3622 4195 Domi-

2029 4233 2119 4275 no,
2140 4217 2333 4284 gaudio
2362 4226 2408 4269 et
2440 4215 2622 4270 la‘titia
2652 4215 2916 4282 impletum
2940 4225 3032 4272 est.

2100 4287 2248 4342 Tunc
2295 4306 2410 4342 vero
2462 4306 2524 4342 ea?
2567 4287 2746 4340 amicis
2799 4286 3073 4340 Heliodori
3109 4285 3322 4356 quidam
3374 4285 3624 4354 rogabant

2029 4361 2295 4431 confestim
2346 4359 2529 4413 Oniam
2558 4401 2571 4424 ,
2632 4371 2683 4431 ut
2739 4359 2994 4431 invocaret
3043 4359 3398 4423 Altissimum,
3449 4369 3504 4409 ut
3543 4358 3624 4410 vi-

2028 4429 2136 4485 tam
2183 4432 2396 4486 donaret
2454 4434 2499 4486 ei
2529 4472 2544 4498 ,
2597 4429 2684 4500 qui
2731 4430 2785 4483 in
2832 4445 3072 4499 supremo
3117 4431 3304 4502 spiritu
3343 4438 3452 4484 crat
3501 4445 3626 4482 cou-

2028 4506 2257 4558 stitutus.

2101 4575 2445 4630 Considerans
2473 4583 2645 4627 autem
2685 4589 2916 4626 summus
2949 4573 3193 4627 sacerdos
3214 4614 3229 4636 ,
3263 4588 3324 4626 ne
3361 4576 3491 4637 forte
3533 4589 3624 4627 rex

2029 4648 2383 4716 suspicaretur
2413 4647 2665 4699 malitiam
2699 4643 2925 4716 aliquam
2950 4661 3013 4698 ea;
3041 4643 3242 4716 Iudicis
3273 4645 3420 4716 circa
3440 4642 3622 4696 Helio-

2029 4714 2216 4773 dorum
2252 4726 2697 4783 consummatam,
2729 4714 2911 4769 obtulit
2958 4731 3050 4786 pro
3078 4714 3244 4770 salute
3276 4715 3373 4769 viri
3401 4714 3623 4768 hostiam

2027 4791 2326 4846 salutarem.

2100 4861 2330 4932 Cumque
2365 4875 2593 4914 summus
2643 4859 2882 4913 sacerdos
2921 4869 3179 4932 exoraret,
3219 4858 3392 4932 iidem”
3417 4859 3626 4926 iuvenes

2028 4935 2219 4988 eisdem
2246 4930 2465 4988 vestibus
2495 4933 2699 4997 amicti,
2733 4939 2961 4984 astantes
2995 4930 3272 4985 Heliodoro
3293 4972 3307 4993 ,
3340 4930 3620 4986 dixerunt:

2033 5005 2180 5060 Unice
2205 5005 2459 5060 sacerdoti
2486 5005 2677 5073 gratias
2703 5019 2831 5073 age:
2853 5020 2974 5057 nam
2997 5013 3203 5075 prapter
3232 5017 3348 5056 eum
3369 5000 3620 5057 Dominus

2029 5079 2120 5132 tibi
2147 5079 2302 5132 vitam
2323 5078 2551 5130 donavit.

2104 5148 2181 5204 Tu
2218 5160 2384 5204 autem
2420 5166 2450 5201 a
2506 5146 2610 5202 Deo
2653 5149 2974 5220 flagellatus.
3030 5147 3213 5200 nuntia
3243 5143 3477 5199 omnibus
3511 5161 3622 5198 ma-

2028 5221 2206 5293 gnalia
2235 5222 2362 5287 Dei,
2395 5230 2442 5273 et
2479 5219 2800 5294 potestatem.
2833 5219 2899 5274 Et
2936 5219 3016 5272 his
3046 5220 3226 5290 dictis,
3267 5235 3370 5272 non
3415 5233 3623 5289 compa-

2025 5304 2261 5348 ruerunt.

2103 5365 2420 5420 Heliodorus
2458 5376 2628 5421 autem
2649 5407 2661 5428 ,
2694 5364 2858 5418 hostia
2889 5360 2996 5416 Deo
3042 5363 3248 5430 oblata,
3281 5372 3329 5416 et
3355 5362 3486 5416 votis
3513 5378 3626 5416 ma-

2030 5439 2144 5507 gnis
2174 5438 2437 5505 promissis
2463 5439 2526 5502 ei,
2556 5440 2643 5508 qui
2674 5436 2835 5490 vivere
2858 5434 2936 5488 illi
2964 5436 3231 5508 concessit,
3263 5445 3307 5489 et
3337 5433 3485 5488 Unice
3506 5450 3629 5506 gra-

2031 5505 2138 5581 tias
2156 5527 2331 5581 agens,
2365 5505 2833 5581 recepto'ercercilu.
2859 5505 3132 5576 repedabat
3155 5508 3225 5560 ad
3253 5522 3440 5581 regem.

2099 5578 2405 5635 Testabatur
2440 5590 2607 5634 autem
2648 5579 2879 5633 omnibus
2923 5594 2983 5630 ea
3026 5595 3140 5651 quin
3184 5578 3277 5633 sub
3315 5578 3486 5634 oculis
3515 5578 3626 5632 suis

2023 5652 2220 5725 viderat
2251 5669 2406 5725 opera
2431 5653 2606 5723 magni
2642 5652 2754 5707 Dei.

2099 5722 2225 5777 Cum
2247 5722 2418 5797 autem
2443 5722 2920 5797 reximerrogasset
2953 5724 3312 5790 Heliodorum,
3344 5722 3460 5794 quis
3497 5728 3624 5775 esset

2027 5805 2179 5867 aptus
2208 5795 2390 5868 adhuc?
2404 5795 2558 5850 semel
2584 5795 2965 5868 Jerosolymam
2996 5797 3152 5860 mitti,
3188 5797 3300 5850 ait:

2101 5868 2161 5922 Si
2187 5885 2338 5938 quem
2373 5867 2529 5924 habes
2555 5869 2750 5924 hostem
2773 5865 2807 5934 ,⁷
2825 5879 2914 5923 aut
2942 5870 3086 5940 regni
3128 5870 3202 5922 tui
3242 5865 3621 5940 insidiatorem,

2027 5939 2171 5994 mitte
2213 5941 2373 6008 illuc,
2419 5950 2467 5995 et
2521 5942 2841 6013 flagellatum
2893 5938 3016 5994 eum
3061 5941 3304 6011 recipies,
3356 5938 3400 5992 si
3449 5946 3620 5989 tamen
