4182 6338
338 284 445 343 50)

1527 280 1732 340 LIBER
1773 281 1815 338 ll
1857 277 2434 341 ΜΑΟΗΑΒᾹΞΟΗῊΒ.

3531 280 3639 352 310

412 397 605 482 Itaque
654 396 972 483 Iftolemn'us
1001 400 1055 454 in
1101 399 1326 482 quodqu
1373 398 1506 455 atrio
1545 399 1767 482 positum
1798 399 1946 470 quasi
1972 400 2026 464 Α
2130 399 2325 457 Verum
2370 416 2476 455 non
2496 406 2727 527 [propter
2766 400 2959 470 locum,
3004 397 3245 475 gentem;
3289 407 3380 463 sed
3430 423 3639 489 propter

412 472 691 528 rrsaerandt
737 480 907 528 aratta
954 487 1123 528 reaem
1170 472 1333 528 adut.
1378 480 1425 525 et
1471 470 1687 527 deduxit
1734 489 1766 527 α
1818 487 1939 526 sen-
2047 481 2271 528 rientem.
2297 472 2468 527 locum
2547 488 2639 528 eus
2666 472 2834 528 eleait.

339 470 691 543 refrigerandi
736 472 907 544 gratia
954 487 1123 544 regem
1170 471 1333 541 adiit,
1378 480 1425 525 et
1471 470 1687 527 deduxit
1734 489 1766 527 α
1818 487 1939 526 sen-

343 556 506 601 tentia
534 560 554 599 ἔ

418 616 488 669 Et
520 615 818 671 Menelaum
842 615 1053 687 quidem
1074 615 1336 670 universa:
1358 614 1574 669 malitia:
1594 630 1739 687 reum
1768 615 1945 687 crimi-

340 688 497 745 nibus
523 687 746 742 absolvit
778 686 1032 744 :miseros
1052 696 1249 753 autem,
1272 688 1381 759 qui,
1411 686 1615 743 etiamsi
1640 686 1787 754 apud
1811 687 1942 759 Scy-

340 762 460 815 thas
508 775 723 816 causam
777 760 1055 826 dixissent,
1089 757 1390 815 innocentes
1423 759 1813 831 judicarentur,
1848 757 1947 814 hos

339 840 509 887 morte
535 832 824 888 damnavit.

360 896 365 901 ’
411 901 528 958 Cito
555 920 680 977 ergo
710 905 964 986 injustam
999 919 1204 986 plenam
1246 902 1530 967 dederunt,
1577 902 1669 973 qui
1696 916 1792 984 pro
1818 901 1944 986 ciii-

342 985 466 1040 tate,
490 983 539 1028 et
558 975 777 1048 populo,
800 983 848 1031 et
846 975 1035 1048 _sacris
1058 975 1193 1031 vasis
1216 991 1428 1048 causam
1451 975 1707 1043 prosecuti
1727 981 1870 1048 sunt.

415 1044 591 1114 Quam
615 1044 677 1103 ob
704 1063 810 1102 rem
842 1045 993 1118 Tyrii
1022 1062 1223 1118 quoque
1244 1046 1527 1118 indignati,
1557 1062 1682 1118 erga
1712 1044 1947 1114 sepultu-

344 1134 459 1173 ram
489 1136 667 1174 eorum
697 1118 1052 1174 liberalissimi
1079 1119 1408 1174 exstiterunt.

414 1189 692 1246 Menelaus
737 1200 934 1257 autem,
980 1199 1194 1264 prapter
1242 1206 1443 1264 eorum,
1473 1190 1560 1259 qui
1608 1189 1664 1244 in
1716 1190 1948 1264 potentia

342 1272 512 1330 erant,
544 1264 844 1330 avaritiam,
876 1261 1213 1332 permanebat
1243 1262 1295 1317 in
1326 1269 1605 1333 potestate,
1641 1277 1871 1317 crescens
1892 1261 1948 1315 in

342 1336 548 1393 malitia
576 1337 646 1391 ad
673 1334 896 1392 insidias
928 1335 1145 1393 civium.

982 1470 1213 1530 CAPUT
1262 1471 1325 1528 V.

420 1608 622 1666 Eodem
663 1618 895 1683 tempore
946 1610 1230 1669 Antiochus
1258 1610 1534 1667 secundam
1567 1610 1948 1683 profectionem

348 1685 556 1755 paravit
579 1684 634 1738 in
664 1682 980 1755 nggptum.

415 1754 646 1827 Contigit
674 1754 848 1809 autem
871 1770 962 1825 per
990 1755 1280 1810 universam
1300 1754 1745 1827 Jerosulgmorum
1767 1754 1948 1827 civita-

347 1838 449 1883 tem
474 1826 640 1881 videri
670 1827 848 1881 diebus
880 1827 1231 1899 quadraginta
1256 1844 1347 1899 per
1376 1845 1499 1899 acra
1512 1825 1717 1897 equites
1743 1825 1945 1881 discur-

341 1909 535 1964 rentes,
567 1908 779 1955 auratas
806 1897 970 1954 stolas
994 1896 1265 1967 habentes,
1293 1907 1337 1956 et
1366 1897 1549 1965 hastis,
1570 1896 1723 1969 quasi
1752 1899 1943 1953 cohor-

343 1982 441 2038 tes,
472 1981 725 2026 armatos.

421 2043 486 2097 Et
513 2059 699 2098 cursus
722 2057 970 2113 equorum
999 2059 1090 2112 per
1121 2043 1326 2099 ordines
1345 2043 1587 2114 digestos,
1620 2053 1667 2097 et
1697 2058 1945 2114 congres-

343 2116 517 2170 siones
540 2116 653 2184 ﬁeri
684 2115 939 2186 cominus,
964 2125 1009 2170 et
1030 2125 1295 2170 scutorum
1326 2113 1515 2179 motus,
1544 2125 1588 2168 et
1616 2113 1944 2186 galeatorum

344 2187 736 2243 multitudinem
778 2185 973 2257 gladiis
1003 2186 1276 2255 districtis,
1308 2197 1356 2241 et
1400 2185 1628 2241 telorum
1652 2188 1854 2257 jactus,
1894 2193 1943 2240 et

344 2274 919 2315 aureorumarmorum
949 2258 1301 2330 splendorem,
1334 2260 1599 2329 omnisque
1630 2258 1834 2329 generis
1865 2258 1944 2311 lo-

344 2333 598 2387 ricarum.

423 2405 754 2475 Quapropter
777 2418 954 2459 omnes
982 2400 1231 2477 regebant
1264 2404 1317 2457 in
1342 2402 1535 2464 bonum,
1558 2410 1791 2461 monstra
1812 2417 1939 2458 con-

349 2487 503 2533 ιέτιι.

422 2548 534 2603 Sed
559 2563 678 2602 cum
704 2548 872 2620 falsus
899 2562 1077 2602 rumor
1097 2548 1305 2620 exisset,
1342 2559 1603 2619 tamquam
1626 2548 1731 2620 vita
1760 2562 1940 2620 exces-

345 2622 497 2678 sisset
539 2618 856 2688 Antiochus,
902 2622 1184 2691 assumptis
1233 2618 1401 2674 Jason
1443 2618 1545 2673 non
1585 2619 1765 2691 minus
1804 2618 1944 2672 mille

346 2694 476 2749 viris
502 2735 517 2761 ,
562 2701 768 2765 repente
815 2690 1089 2765 aggressus
1132 2701 1203 2765 est
1242 2693 1498 2746 civitatem
1523 2734 1550 2765 ,_
1568 2698 1616 2745 et
1648 2690 1842 2765 civibus
1872 2691 1942 2745 ad

348 2782 559 2819 murum
580 2762 991 2829 convolantibus,
1012 2766 1086 2818 ad
1105 2762 1343 2821 ultimum
1365 2763 1689 2835 apprehensa
1711 2762 1937 2830 civitate,

350 2837 631 2908 Menelaus
657 2837 790 2908 fugit
818 2839 871 2893 in
895 2853 1067 2892 arcem
1084 2852 1107 2908 7:

420 2907 591 2964 Jason
632 2906 754 2965 vero
786 2926 887 2964 non
916 2907 1159 2982 parcebat
1188 2909 1243 2963 in
1272 2908 1415 2964 ccede
1449 2906 1644 2962 civibus
1674 2906 1827 2982 suis:
1852 2922 1944 2963 nec

348 2982 611 3055 cogitabat
640 2979 1031 3055 prosperitatem
1055 2979 1333 3055 adversum
1354 2989 1605 3055 cognatos
1622 2979 1816 3034 malum
1836 2994 1944 3034 esse

346 3053 662 3121 maximum,
693 3053 954 3111 arbitrans
982 3053 1209 3107 hostium
1231 3062 1276 3110 et
1307 3053 1631 3108 non'civium
1666 3068 1719 3108 se
1749 3061 1945 3121 tropica

348 3136 650 3199 capturum.

2047 481 2271 552 gentem,
2297 472 2468 527 locum
2496 472 2644 552 Deus
2666 472 2834 545 elegit.

2119 544 2351 627 Ideoque
2389 554 2435 598 et
2484 545 2598 627 ipse
2627 544 2770 599 locus
2814 546 3072 627 particeps
3119 552 3287 627 factus
3335 558 3409 606 est
3458 556 3641 627 populi

2050 617 2306 699 malqrum
2336 632 2355 670 :
2377 626 2557 698 postea
2586 626 2765 699 putem
2807 617 2895 699 fiet
2934 617 3129 699 socius‘
3149 622 3429 699 bonorum,
3461 617 3641 699 'et'qui

2047 688 2325 761 derelictus
2370 688 2422 741 in
2465 688 2547 742 ira
2575 685 2673 761 Dei
2701 685 3072 761 enmipotentis
3101 701 3197 760 est,
3222 685 3490 752 iterum-in
3520 685 3638 753 nia-

2084 765 2134 819 ni
2174 756 2388 815 Domini
2417 756 2856 816 reconciliatione
2881 778 2999 817 cum
3024 756 3226 821 summa
3245 766 3413 838 gloria
3442 771 3640 825 exalta-

2080 839 2207 893 itur.
3251 848 3255 853 '

2119 903 2294 979 Igitur
2322 901 2611 979 Antiochus
2640 902 2783 979 mille
2796 913 2856 979 _et
2880 906 3188 979 octingentis
3206 909 3391 966 ablatis
3421 912 3486 969 de
3518 923 3640 973 tem-

2048 981 2137 1050 plo
2155 975 2396 1042 talentis,
2423 975 2664 1051 velociter
2686 975 3307 1051 Antiochiam'regressus
3337 994 3434 1047 est;
3460 987 3639 1041 existi-

2048 1045 2196 1106 mans
2221 1064 2275 1130 se
2299 1064 2414 1130 pra:
2433 1045 2676 1130 superbia
2705 1054 2900 1130 terram
2922 1051 2993 1103 ad
3016 1045 3390 1124 navigandum,
3417 1045 3632 1130 pelagus

2048 1139 2167 1199 vero
2196 1120 2265 1175 ad
2291 1122 2391 1174 iter
2418 1117 2678 1191 agendum
2711 1118 3059 1176 deducturum
3083 1117 3297 1199 propter
3319 1117 3502 1183 mentis
3528 1117 3641 1185 cla-

2049 1197 2262 1251 tionem.
3185 1197 3189 1199 ν
3406 1234 3414 1239 ί

2122 1264 2352 1341 Reliquit
2380 1271 2557 1341 autem
2587 1272 2635 1318 et
2674 1265 3091 1341 prteposijos_ad
3131 1267 3470 1341 afﬂigendam
3517 1289 3643 1341 gen-

2052 1349 2152 1395 tem
2182 1335 2567 1417 :Jerosolgmis
2596 1336 2825 1417 nquidem
2877 1335 3196 1417 Philippum
3235 1335 3420 1412 genere
3462 1335 3641 1417 Phry-

2050 1428 2185 1484 gem,
2216 1404 2456 1464 moribus
2476 1404 2828 1463 crudeliorem
2860 1425 2919 1463 eo
2955 1404 3089 1482 ipso,
3121 1428 3154 1465 a
3183 1404 3285 1483 quo
3327 1404 3644 1473 constitutus

2050 1495 2124 1540 est
2153 1501 2171 1539 .'

2124 1555 2194 1633 In
2234 1551 2467 1607 Carisius
2506 1558 2685 1633 autem
2713 1552 3094 1633 Andronicum,
3116 1563 3176 1633 et
3206 1554 3525 1627 Menelaum,
3553 1560 3646 1633 qui

2052 1629 2260 1701 gravius
2282 1641 2439 1697 quam
2462 1624 2637 1701 ca’teri
2665 1624 2997 1680 imminebant
3026 1627 3244 1701 civibus.

2125 1699 2352 1767 Cumque
2384 1696 2658 1769 appositus
2682 1708 2811 1769 esset
2840 1708 3021 1753 contra
3046 1697 3282 1764 Judtvos,
3315 1702 3456 1756 misit
3490 1703 3640 1757 odio-

2052 1789 2165 1827 sum
2217 1770 2505 1844 principim
2552 1768 2891 1844 Apollonium
2929 1787 3047 1844 cum
3091 1772 3320 1827 exercitu
3365 1774 3548 1844 viginti
3595 1782 3645 1829 et

2050 1840 2253 1916 duobus
2280 1840 2540 1916 millibus,
2568 1840 2874 1916 prtccipiens
2901 1841 2946 1895 ei
2988 1858 3161 1916 omnes
3194 1840 3440 1916 perfecta}
3476 1845 3643 1901 aetatis

2048 1914 2339 1985 interficere
2356 1929 2377 1978 ;
2411 1910 2655 1965 mulieres
2686 1928 2746 1985 a_c
2764 1912 2983 1982 juvenes
3005 1910 3244 1970 vendere.

2120 1981 2225 2055 Qui
2270 2002 2389 2039 cum
2434 1984 2647 2056 venisset
2693 1981 3100 2055 Jerosolymam,
3135 2002 3312 2056 pacem
3354 1986 3633 2055 simulans,

2045 2054 2262 2133 quievit_
2277 2071 2436 2133 usque
2486 2055 2554 2108 ad
2599 2054 2739 2109 diem
2789 2066 3023 2133 sanctum
3061 2054 3262 2133 sabbati
3296 2073 3313 2112 :
3343 2067 3390 2113 et
3419 2068 3542 2113 tunc
3570 2054 3645 2133 fe-

2046 2127 2200 2186 riatis
2225 2127 2431 2183 Iudaeis
2454 2143 2601 2201 arma
2625 2142 2812 2197 capere
2837 2128 2949 2201 suis
2978 2130 3245 2201 prwcepit.

2121 2203 2410 2271 Omnesque
2428 2200 2514 2272 qui
2530 2198 2597 2253 ad
2624 2197 2972 2272 spectaculum
2999 2197 3375 2271 processerant,
3406 2201 3642 2256 trucida-

2046 2274 2160 2329 vit:
2205 2283 2256 2329 et
2284 2271 2564 2346 “civitatem
2614 2286 2733 2346 eum
2772 2271 2986 2325 armatis
3015 2272 3339 2344 discurrens,
3387 2273 3642 2346 ingentem

2049 2345 2427 2417 multitudinem
2452 2343 2712 2417 pe_remit._
2960 2414 2967 2417 _
3017 2415 3026 2417 _

2116 2416 2284 2472 Judas
2306 2412 2479 2470 autem
2500 2412 2557 2469 Μ
2561 2413 2858 2480 αεΙιαὺιειιε,
2880 2414 2969 2485 qui
2992 2415 3223 2471 decimus
3243 2417 3414 2487 fuerat
3431 2459 3445 2481 ,
3474 2432 3640 2487 seces.

2045 2498 2184 2544 serat
2208 2490 2263 2543 in
2294 2488 2554 2543 desertum
2583 2488 2749 2540 locum
2771 2527 2785 2551 ,
2815 2488 2983 2555 ibique
3028 2488 3162 2543 inter
3188 2486 3329 2558 feras
3375 2490 3531 2544 vitam
3579 2486 3636 2547 in

2048 2560 2300 2615 montibus
2330 2575 2448 2613 cum
2474 2558 2583 2614 suis
2613 2560 2793 2628 agebat
2818 2574 2836 2612 :
2875 2568 2922 2613 et
2965 2559 3070 2627 feni
3095 2560 3207 2614 cibo
3237 2571 3493 2616 vescentes
3516 2602 3530 2628 ,
3556 2565 3644 2621 de-

2048 2633 2381 2689 morabantur
2405 2672 2421 2700 ,
2452 2648 2517 2685 ne
2543 2631 2829 2702 participes
2858 2642 3023 2685 essent
3055 2632 3507 2702 coinquinationis.

2651 2744 2880 2803 CAPUT
2922 2728 3009 2801 Vt;

2121 2842 2231 2915 Sed
2275 2857 2381 2915 non
2416 2840 2796 2915 post_multum
2841 2841 3083 2915 temporis
3138 2841 3277 2915 misit
3315 2860 3423 2915 _re:c
3471 2860 3644 2899 senem

2045 2913 2319 2987 quemdam
2347 2910 2754 2987 Antiochenum,
2807 2912 2894 2987 qui
2928 2910 3276 2987 _'c_ompelleret
3300 2912 3518 2970 Iudaeos
3545 2925 3647 2985 ,με

2045 2982 2102 3043 se
2129 2991 2469 3056 transferrent
2497 3002 2530 3038 a
2560 2983 2743 3050 patriis
2774 2993 2820 3039 et
2840 2982 2938 3040 Dei
2959 2984 3176 3056 legibus.

2120 3054 2490 3113 Contaminare
2519 3058 2674 3110 etiam
2715 3056 2854 3127 quod
2899 3057 2952 3127 in
2981 3054 3324 3127 Jerosolgmis
3364 3067 3476 3112 erat
3519 3067 3647 3111 tem-

2049 3131 2191 3203 plum
2217 3170 2233 3197 ,
2282 3138 2331 3183 et
2367 3129 2729 3203 cognominare
2752 3125 2897 3181 lovis
2922 3126 3150 3203 Olympii
3174 3125 3205 3203 ,ξ
3217 3138 3264 3182 et
3294 3130 3345 3183 in
3372 3128 3604 3203 (jar-inim
3627 3170 3644 3197 ,

423 3197 496 3277 fit
515 3198 866 3269 principatum
891 3196 1096 3277 quidem
1121 3213 1229 3277 non
1253 3196 1496 3277 obtinuit,
1529 3196 1685 3265 finem
1712 3210 1830 3277 vero
1857 3195 1942 3250 ine
1970 3213 2013 3275 ρ
2047 3195 2142 3277 pro
2268 3195 2497 3257 erant'lti
2520 3243 2534 3269 ,
2575 3200 2666 3271 qui
2712 3198 2884 3255 locum
2934 3195 3332 3268 inhabitabant,
3363 3199 3510 3256 ,Ιουὶε
3551 3195 3647 3258 Iw;

347 3268 611 3327 sidiarum
663 3268 878 3325 suarum
925 3268 1281 3338 confusionem
1320 3270 1543 3340 accepit,
1595 3279 1641 3323 et
1688 3271 1941 3340 profugus

346 3343 541 3398 iterum
566 3341 693 3395 abiit
714 3340 767 3395 in
795 3342 1145 3399 Ammanilen.

424 3414 507 3470 Ad
530 3413 789 3480 ultimum,
817 3414 867 3467 in
890 3414 1109 3468 eritium
1129 3412 1215 3467 sui
1235 3410 1507 3466 conclusus
1538 3410 1601 3464 ab
1629 3411 1787 3466 Areto
1810 3411 1942 3464 Aron

349 3487 472 3542 bum
496 3494 740 3556 tyranno,
770 3486 972 3556 fugiens
1002 3486 1066 3538 de
1086 3485 1289 3538 civitate
1318 3486 1370 3538 in
1394 3485 1670 3556 civitatein,
1703 3482 1942 3538 omnibus

347 3555 589 3631 odiosus,
617 3566 674 3613 ut
698 3555 1141 3631 refuga_legum,
1181 3566 1228 3610 et
1271 3555 1621 3620 exsecrabilis,
1654 3566 1707 3608 ut
1755 3556 1942 3625 patrias

349 3632 539 3684 civium
568 3629 754 3697 hostis,
778 3627 852 3682 in'
871 3627 1161 3701 tEggptum
1185 3635 1424 3701 extrusus
1451 3636 1524 3681 est
1558 3640 1576 3679 :

427 3701 495 3756 Et
521 3702 610 3771 qui
633 3703 823 3756 multos
851 3700 914 3755 de
942 3699 1113 3771 patria
1139 3715 1233 3756 sua
1260 3699 1552 3767 expulerat,
1583 3712 1793 3770 peregre
1816 3713 1935 3771 per-5

347 3775 435 3841 iit,
468 3769 871 3829 Lacedtemonas
901 3769 1161 3843 profectus
1184 3811 1198 3838 ,
1230 3771 1380 3842 quasi
1409 3785 1505 3842 pro
1541 3769 1843 3839 cognatione
1867 3769 1940 3825 ibi

347 3846 613 3918 refugium
637 3844 910 3918 habiturus
934 3859 955 3898 :

427 3912 492 3973 1ιὶ
518 3918 609 3987 qui
638 3916 925 3986 insepultos
950 3916 1138 3971 multos
1176 3913 1456 3986 abjecerat,
1487 3914 1596 3985 ipse
1624 3922 1671 3969 et
1699 3912 1940 3968 illamen-

349 3998 514 4057 tatus,
545 3999 594 4043 et
635 3989 924 4060 insepultus
970 3987 1748 4062 abjicitur,‘sepulturdneque
1787 4001 1937 4055 pere-

347 4062 508 4135 grina
534 4077 683 4135 usus,
716 4058 879 4131 usque
906 4058 1077 4131 patrio
1099 4059 1343 4135 sepulcro
1376 4058 1719 4135 participans.

424 4133 481 4188 Η
489 4136 531 4187 is
561 4134 732 4203 itaque
756 4128 934 4203 gestis,
966 4128 1277 4204 suspicatus,
1299 4138 1374 4185 est
1413 4145 1505 4185 res:
1533 4131 1825 4204 societatem
1851 4128 1941 4204 de-

346 4217 580 4261 serturos
605 4201 844 4270 Judteos,
875 4213 920 4258 et
947 4205 1010 4259 ob
1035 4201 1133 4256 hoc
1154 4201 1413 4272 profectus
1453 4219 1518 4257 es:
1556 4202 1790 4273 zlz'ggpto
1815 4201 1941 4268 e/l'e-

348 4279 487 4332 ratis
507 4277 722 4343 animis,
754 4276 1012 4330 civitatem
1036 4276 1244 4345 quidem
1262 4274 1425 4329 armis
1455 4275 1610 4345 cepit.

422 4347 596 4404 Jussit
640 4359 813 4404 autem
854 4348 1102 4403 militibus
1147 4347 1458 4418 interﬁcere,
1492 4362 1586 4401 nec
1606 4360 1817 4418 parcere
1852 4361 1941 4401 oe-

348 4421 712 4493 cursantibus,
740 4428 788 4475 et
810 4436 901 4493 per
926 4419 1105 4475 domos
1125 4417 1454 4473 ascendentes
1486 4417 1771 4493 trucidare.

430 4492 651 4549 Fiebant
686 4492 815 4565 ergo
850 4493 1016 4548 caedes
1034 4496 1312 4565 juvenuni.
1343 4506 1403 4565 ac
1430 4492 1715 4565 seniorum,
1747 4497 1797 4544 et
1825 4506 1940 4544 mu-

348 4568 565 4632 lierum,
591 4574 639 4620 et
666 4563 906 4623 natorum
944 4563 1274 4632 exterminia,
1307 4563 1684 4634 virginumque,
1715 4571 1761 4617 et
1814 4576 1941 4633 par-

350 4639 602 4697 vulorum
627 4653 793 4694 neces.

426 4710 599 4784 Erant
621 4719 795 4767 autem
820 4720 929 4784 toto
957 4708 1133 4784 triduo
1159 4711 1425 4784 octoginta
1465 4711 1635 4765 millia
1665 4712 1947 4783 interfecti,

350 4783 704 4856 quadraginta
740 4783 907 4841 millia
943 4783 1121 4851 vincti,
1155 4800 1257 4838 non
1283 4783 1468 4839 minus
1524 4794 1699 4838 autem
1733 4799 1946 4840 venum-

351 4859 490 4912 dati.

430 4928 541 4986 Sed
570 4944 665 4984 nec
689 4931 792 4985 ista
818 4929 1076 5001 sufficiunt
1104 4945 1124 4983 :
1145 4944 1301 4985 ausus
1324 4938 1396 5001 est
1420 4929 1576 5001 etiam
1604 4926 1801 5001 intrare
1818 4937 1944 4984 tem-

352 5003 505 5074 plum
552 5003 793 5059 universa
837 4999 977 5057 terra
1019 5003 1271 5068 sanctius,
1307 4999 1549 5055 Menelao
1590 5000 1824 5071 ductore,
1856 5003 1946 5072 qui

351 5075 554 5146 legum,
579 5082 626 5129 et
651 5075 835 5146 patria:
855 5075 955 5145 fuit
985 5074 1218 5143 proditor
1241 5090 1259 5128 :

427 5146 499 5200 Et
544 5147 774 5203 scelestis
829 5147 1062 5201 manibus
1108 5162 1314 5201 sumens
1343 5152 1525 5200 sancta
1553 5161 1697 5213 vasa,
1717 5161 1834 5215 quae
1874 5147 1939 5201 ab

351 5220 477 5273 aliis
518 5218 749 5289 regibus,
779 5228 827 5274 et
866 5219 1155 5273 civitatibus
1193 5227 1338 5273 erant
1385 5222 1553 5287 posita
1591 5218 1658 5272 ad
1700 5227 1943 5273 ornatum

352 5292 481 5361 loci,
510 5300 555 5346 et
584 5292 807 5362 gloriam
835 5290 1185 5346 contrectabat
1210 5290 1440 5362 indigne,
1463 5300 1511 5345 et
1532 5290 1823 5344 contamina
1835 5290 1941 5345 bat.

429 5360 517 5417 Ita
545 5360 809 5419 alienatus
847 5372 1013 5417 mente
1069 5360 1355 5416 Antiochus
1375 5403 1389 5425 ,
1423 5379 1527 5416 non
1559 5362 1942 5431 considerabat,

350 5436 500 5561 Ὲιοά
527 5444 741 5508 prapter
776 5443 983 5504 peccata
1004 5433 1347 5488 habitantium
1375 5435 1656 5516 civitatem,
1687 5434 1948 5516 modicum

411 5525 496 5561 eus
529 5513 699 5561 fuerat
730 5509 890 5561 iratus
920 5523 939 5561 :
969 5516 1183 5561 propter
1211 5504 1347 5561 quod
1385 5514 1436 5561 et
1473 5506 1664 5560 accidit
1696 5523 1834 5561 circa
1868 5509 1948 5561 lo-

411 5525 496 5562 eus
526 5504 699 5578 fuerat
730 5509 890 5561 iratus
919 5523 939 5573 ;
969 5516 1183 5578 propter
1211 5504 1347 5577 quod
1385 5514 1436 5561 et
1473 5506 1664 5560 accidit
1696 5507 1834 5561 circa
1868 5509 1951 5562 lo-

352 5597 476 5635 cum
503 5580 782 5650 despectio.

427 5652 679 5723 Alioquin
700 5652 1119 5724 nisicontigisset
1152 5666 1235 5705 eos
1266 5650 1445 5724 multis
1473 5652 1697 5721 peccatis
1726 5667 1834 5724 esse
1866 5651 1946 5707 in-

351 5721 581 5788 volutos,
611 5726 743 5777 sicut
792 5721 1134 5790 Heliodorus,
1164 5724 1252 5793 qui
1278 5723 1465 5777 missus
1513 5732 1588 5778 est
1636 5740 1669 5778 a
1717 5723 1941 5779 Seleuco

352 5811 476 5866 rege
504 5793 576 5850 ad
602 5794 1002 5868 exspoliandum
1026 5797 1290 5861 aerarium,
1308 5794 1562 5868 etiamltic
1590 5798 1767 5851 statim
1787 5797 1945 5851 adve-

357 5869 512 5924 niens
533 5867 861 5941 ﬂagellatus,
877 5877 926 5926 et
947 5868 1183 5939 repulsus
1206 5868 1385 5939 utique
1404 5867 1587 5937 fuisset
1607 5867 1671 5923 ab
1692 5868 1937 5928 audacia.

2046 3272 2273 3330 spitalis.

2113 3293 2273 3330 ιιαιιε.

2074 3293 2356 3401 pPessima
2399 3351 2571 3400 autem
2624 3350 2673 3399 et
2712 3342 2962 3399 universis
3006 3344 3178 3415 gravis
3226 3352 3336 3398 erat
3388 3342 3639 3400 malorum

2041 3433 2265 3473 τηειινδιο
2288 3435 2307 3475 ἔ
2987 3447 2991 3450 ”

2115 3489 2257 3544 Nam
2297 3487 2544 3560 templum
2574 3487 2793 3560 luxuria
2814 3532 2828 3557 ,
2862 3496 2911 3541 et
2929 3486 3390 3560 comessationibus
3417 3488 3646 3560 gentium

2042 3573 2149 3616 erat
2172 3558 2417 3633 plenum,
2462 3572 2510 3616 ct
2531 3559 2868 3633 seei-tantiam
2894 3574 3011 3633 cum
3030 3558 3385 3633 meretricibus
3417 3558 3436 3614 Ξ
3462 3575 3638 3633 sacra.

2043 3630 2211 3701 iisque
2263 3632 2460 3688 a'dibus
2514 3631 2754 3703 mulieres
2805 3647 2862 3703 se
2916 3630 3055 3686 ultro
3101 3630 3442 3703 ingerebant,
3507 3632 3649 3686 intro

2042 3709 2265 3776 ferentes
2286 3720 2346 3759 ea
2367 3746 2382 3771 ,
2412 3720 2529 3774 qua:
2553 3719 2669 3776 non
2697 3701 2899 3776 licebat.

2042 3772 2052 3776 ⁷
2117 3776 2294 3832 Altare
2319 3772 2477 3831 etiam
2506 3773 2718 3847 plenum
2746 3783 2856 3829 erat
2882 3773 3111 3844 illicitis,
3156 3788 3272 3845 qute
3298 3772 3496 3845 legibus
3526 3791 3647 3846 pro~

2042 3848 2369 3903 hibebantur.

2080 3849 2369 3904 ibebantur.

2114 3920 2296 3992 Neque
2340 3926 2513 3975 autem
2555 3917 2770 3979 sabbata
2825 3917 3292 3992 custodiebantur,
3328 3933 3506 3992 neque
3539 3918 3648 3985 dies

2041 3988 2292 4049 solemnes
2339 3992 2500 4074 patrii
2549 3993 2885 4074 servabantur
2905 4032 2920 4057 ,
2940 4006 3041 4074 pec
3070 3989 3371 4074 simpliciter
3394 3988 3646 4044 Iudicum

2043 4081 2097 4120 se
2125 4080 2235 4119 esse
2261 4060 2533 4135 quisquam
2558 4060 2679 4134 [AL
2711 4060 2960 4133 quisque]
2991 4060 3351 4135 conﬁtebatur.

2113 4132 2448 4191 Ducebantur
2490 4132 2661 4190 autem
2711 4150 2830 4188 cum
2874 4132 3054 4188 amara
3097 4132 3400 4191 necessitate
3442 4133 3496 4186 in
3556 4133 3645 4188 die

2043 4209 2234 4264 natalis
2289 4207 2427 4279 regis
2480 4206 2548 4262 ad
2599 4206 2859 4279 sacriﬁcia
2897 4221 2915 4260 :
2965 4215 3047 4271 et,
3098 4220 3215 4259 cum
3276 4203 3451 4279 Liberi
3497 4220 3647 4279 sacra

2043 4273 2427 4336 celebrarentur
2450 4318 2466 4347 ,
2497 4273 2808 4351 cogebantur
2837 4276 3029 4335 hedera
3076 4276 3312 4332 coronati
3335 4273 3520 4334 Libero
3547 4278 3652 4332 cir-

2043 4369 2205 4407 curre.

2118 4424 2391 4480 Decretum
2405 4429 2575 4496 autem
2594 4424 2719 4478 exiit
2744 4424 2797 4478 in
2821 4423 3084 4493 proximas
3104 4422 3375 4496 gentilium
3393 4419 3644 4496 civitates,

2043 4497 2431 4569 suggerentibus
2488 4494 2821 4563 Ptolemaeis,
2871 4504 2928 4551 ut
2969 4493 3295 4569 pari'modo
3324 4503 3371 4549 et
3421 4494 3520 4561 ipsi
3550 4493 3647 4546 ad-

2052 4566 2231 4625 versus
2256 4567 2472 4625 Judatos
2526 4578 2769 4637 agerent,
2812 4575 2867 4621 ut
2897 4566 3293 4637 sacrificarent:

1976 4617 2029 4679 ι)
2055 4617 2232 4695 "tibi
2257 4617 2469 4708 mea;
2493 4617 2861 4710 ninguitur
2884 4617 3227 4711 inussisse?
3237 4617 3477 4694 instituta
3523 4654 3648 4711 gen-

2054 4712 2211 4784 tium,
2245 4712 2589 4783 interﬁcerent
2620 4728 2640 4765 :
2668 4720 2775 4766 erat
2807 4728 2931 4784 ergo
2958 4711 3130 4766 videre
3149 4710 3430 4765 miseriam.

2123 4783 2258 4839 Duae
2282 4780 2421 4839 enim
2452 4785 2687 4838 mulieres
2716 4780 2902 4838 delata:
2951 4790 3069 4838 sunt
3101 4791 3248 4837 natos
3277 4797 3397 4837 suos
3426 4780 3648 4835 circum-

2050 4857 2242 4912 cidisse
2290 4873 2308 4911 :
2353 4872 2512 4928 quas,
2559 4854 2844 4927 infantibus
2890 4854 2960 4909 ad
3000 4853 3159 4909 ubera
3208 4854 3500 4924 suspensis,
3534 4867 3649 4905 cum

2049 4930 2257 5005 publice
2298 4949 2389 5003 per
2445 4930 2701 4986 civitatem
2756 4930 3218 4985 circumduxissent
3243 4971 3257 4999 ,
3323 4942 3415 4997 per
3474 4938 3651 4977 muros

2047 5004 2512 5076 prtecipitaverunt.

2119 5068 2225 5133 Alii
2273 5093 2389 5132 vero
2429 5077 2497 5133 ad
2526 5078 2788 5148 proximas
2832 5083 3070 5130 coeuntes
3112 5070 3389 5148 speluncas
3414 5106 3442 5148 ,_
3490 5077 3537 5125 ct
3569 5068 3654 5123 la-

2048 5159 2212 5205 tenter
2256 5149 2454 5205 sabbati
2502 5141 2638 5203 diem
2691 5147 3006 5203 celebrantes
3055 5161 3172 5198 cum
3222 5141 3442 5197 indicati
3490 5152 3650 5197 essent

2051 5222 2333 5295 Philippo,
2366 5223 2591 5294 ﬂammis
2624 5221 2856 5295 succensi
2882 5230 3000 5272 sunt
3021 5259 3065 5295 ,_
3091 5232 3151 5269 eo
3178 5214 3317 5286 quod
3350 5216 3652 5295 verebantur

2052 5288 2263 5367 prapter
2320 5288 2627 5364 religionem
2672 5300 2722 5347 et
2776 5289 3196 5355 observantiam,
3247 5303 3407 5342 manu
3452 5288 3654 5343 sibimet

2054 5365 2311 5421 auxilium
2343 5370 2496 5437 ferre.

2132 5430 2353 5492 Obsecro
2379 5448 2549 5493 autem
2570 5453 2686 5508 eos,
2713 5435 2803 5508 qni
2828 5434 2966 5489 hunc
2994 5433 3181 5488 librum
3211 5430 3392 5508 lecturi
3420 5440 3561 5498 sunt,
3589 5447 3655 5486 ne

2056 5509 2425 5565 abhorrescant
2452 5505 2680 5581 propter
2708 5505 2952 5563 adversos
3001 5522 3151 5581 casus
3173 5545 3189 5573 ,
3236 5505 3328 5559 sed
3352 5514 3614 5581 -reputent
3632 5546 3648 5570 ,

2056 5599 2149 5648 ea,
2179 5597 2294 5648 qua:
2314 5575 2648 5645 acciderunt,
2704 5580 2901 5636 nonad
2931 5579 3231 5649 interitum,
3273 5575 3363 5632 sed
3413 5575 3484 5631 ad
3530 5592 3648 5632 cor-

2056 5656 2343 5725 reptionem
2362 5668 2470 5707 esse
2494 5654 2695 5724 generis
2720 5654 2902 5708 nostri.

2129 5727 2330 5781 Etenim
2370 5720 2534 5780 multo
2577 5733 2803 5797 tempore
2841 5741 2944 5781 non
2989 5724 3156 5780 sinere
3186 5720 3539 5797 peccatoribus
3582 5734 3647 5797 es;

2050 5799 2303 5855 sententia
2332 5813 2517 5868 agere,
2546 5799 2637 5852 sed
2664 5793 2838 5854 statim
2870 5797 3093 5854 ultiones
3139 5795 3378 5852 adhibere
3402 5835 3417 5861 ,
3474 5793 3650 5864 magni

2051 5871 2282 5944 beneficii
2302 5880 2375 5927 est
2403 5868 2679 5927 indicium.
3538 5878 3545 5889 '
