4036 6330
507 323 608 383 5H

1515 322 1575 381 S.
1616 319 1998 380 IllERONYMI
2038 317 2272 379 DIVINA
2310 318 2793 379 BIBLIOTHECA.

3698 322 3801 382 5η

581 442 707 500 Non
750 444 920 517 enim,
948 445 1082 502 sicut
1128 444 1185 502 in
1209 443 1330 501 aliis
1357 441 1652 517 nationibus
1672 438 1982 517 ,JDominus
2011 458 2108 517 p_a-
2132 441 2182 501 Α
2282 435 2522 517 Diceates
2567 455 2605 517 :_
2635 438 2891 517 Dominus
2941 438 3104 517 Deus_
3134 440 3359 517 aspiciet
3397 438 3665 517 veritatem
3693 480 3709 517 ,_
3758 451 3803 496 et

509 514 691 591 tienter
717 513 1009 591 exspectat,
1042 528 1098 573 ut
1123 535 1210 574 eas
1230 563 1245 587 ,
1270 533 1391 571 cum
1423 513 1625 591 iudicii
1664 514 1772 569 dies
1806 513 2103 580 advenerit,

492 586 568 641 *in
598 586 919 659 plenitudine
949 586 1278 659 peccatorum
1305 589 1490 659 puniat
1518 603 1540 644 :

583 657 670 734 Ita
691 669 738 715 et
761 661 815 717 in
844 655 992 718 nobis
1029 662 1246 727 statuit,
1272 655 1328 716 in
1354 659 1578 734 peccatis
1617 655 1805 713 nostris
1850 657 1907 712 in
1951 655 2108 727 ﬁnem

512 729 767 786 devolutis
789 773 806 798 ,
852 734 925 789 ita
947 735 1152 789 demum
1173 734 1229 788 in
1256 729 1618 788 nos'vindicet.

584 800 811 874 Propter
832 805 972 877 quod
1012 821 1295 878 numquam
1322 803 1532 877 quidem
1558 818 1592 878 ᾳ
1628 800 1774 878 nobis
1812 799 2111 878 Amiserieor-

511 872 654 929 diam
681 871 1050 935 suam’amovet
1073 894 1093 934 :
1118 871 1402 950 cbrripie'ns
1424 891 1541 931 vero
1557 875 1609 928 in
1625 873 1849 928 adversis
1864 871 2111 944 populum

509 960 665 1020 suum
684 965 792 1020 non
813 950 1143 1020 derelinquit.

585 1016 693 1073 Sed
722 1021 831 1076 htec
855 1023 998 1077 nobis
1022 1015 1095 1077 ad
1142 1020 1589 1076 commonitionem
1646 1016 1923 1088 legentium
1971 1015 2111 1071 dicta

511 1087 618 1161 sint
648 1095 846 1161 paucis.
874 1091 999 1149 lam
1026 1103 1200 1148 autem
1227 1093 1533 1148 veniendum
1552 1099 1626 1145 est
1646 1087 1714 1143 ad
1735 1087 2109 1161 narrationem.

586 1159 757 1233 Igitur
786 1163 1068 1221 Eleazarus
1097 1181 1235 1220 unus
1262 1164 1326 1219 de
1354 1162 1662 1235 primoribus
1684 1159 2016 1235 scribarum,
2034 1160 2112 1214 vir

514 1230 666 1288 wtaie
695 1247 963 1306 provectus
988 1278 1003 1303 ,
1035 1246 1086 1292 et
1114 1238 1258 1291 vultu
1286 1230 1506 1290 decorus
1530 1276 1546 1303 ,
1597 1240 1774 1306 aperto
1828 1247 1915 1286 ore
1961 1230 2111 1286 hians

521 1305 923 1380 compellebatur
949 1324 1157 1365 carnem
1180 1309 1453 1380 porcinam
1480 1305 1814 1380 manducare.

593 1374 656 1431 Al
681 1377 770 1432 ille
792 1374 1218 1449 gloriosissimam
1245 1390 1462 1433 mortem
1499 1377 1665 1448 magis
1691 1391 1846 1448 quam
1870 1374 2114 1449 odtbilem

517 1450 672 1523 vitam
697 1447 1038 1523 complectens
1055 1494 1068 1515 ,
1096 1453 1385 1523 voluntarie
1412 1447 1625 1521 praeibat
1651 1450 1721 1502 ad
1773 1447 2111 1523 supplicium.

516 1556 517 1567 η
590 1519 1032 1596 Intuensautem,
1061 1519 1488 1596 quemadittodem
1535 1528 1788 1596 oporteret
1833 1519 2111 1596 accedere,

518 1592 772 1665 patienter
814 1587 1103 1664 sustinens,
1145 1594 1415 1649 destinavit
1460 1587 1577 1649 non'
1619 1591 1887 1645 admittere
1932 1587 2116 1644 illicita

521 1676 730 1790 proﬁter
750 1666 869 1721 vita:
898 1683 1144 1722 amorem.

654 1736 673 1790 i
716 1747 921 1790 autem.
949 1739 1038 1790 aui
1083 1739 1351 1790 astabant.
1398 1737 1579 1790 iniaua
1623 1734 1852 1790 miserati

654 1737 673 1791 i
716 1747 921 1806 autem,
949 1739 1038 1808 qui
1083 1739 1351 1802 astabant,
1398 1737 1579 1807 iniqua
1623 1737 1950 1808 miseratione
1980 1749 2119 1788 com—

518 1809 673 1875 moti,
704 1820 910 1882 propter
934 1806 1202 1882 antiquam
1246 1810 1343 1863 viri
1392 1806 1708 1882 amicitiam,
1735 1806 1972 1882 tollentes
2002 1821 2118 1882 eum

520 1876 715 1935 secreto
752 1876 1001 1952 rogabant
1031 1876 1213 1949 afferri
1241 1896 1441 1944 carnes,
1473 1878 1661 1951 quibus
1685 1879 1818 1933 vesci
1839 1877 1885 1932 ei
1910 1876 2116 1952 licebat,

517 1960 573 2005 ut
601 1948 931 2007 simularetur
951 1948 1290 2009 manducasse
1311 1994 1328 2021 ,
1378 1948 1513 2007 sicut
1556 1968 1649 2008 rex
1693 1952 2031 2022 imperaverat
2054 1948 2120 2004 de

522 2022 767 2090 sacriﬁcii
796 2024 1033 2080 carnibus
1058 2040 1077 2079 :

598 2091 688 2159 Ut,
705 2094 817 2166 hoc
842 2095 1005 2165 facto,
1033 2113 1067 2150 a
1100 2105 1266 2151 morte
1291 2095 1596 2150 liberaretur
1624 2109 1644 2150 :
1676 2102 1964 2166 etprapter
1986 2101 2121 2148 vele-

521 2179 630 2237 rem
664 2165 762 2237 viri
789 2167 1092 2234 amicitiam,
1125 2169 1258 2222 hanc
1288 2168 1341 2221 in
1361 2183 1418 2222 eo
1437 2166 1694 2237 faciebant
1721 2165 2118 2220 humanitatem.

595 2236 661 2309 At
690 2235 778 2292 ille
804 2239 1034 2309 cogitare
1063 2240 1212 2309 capit
1230 2240 1396 2294 (etatis
1437 2235 1505 2293 ac
1559 2238 1836 2293 senectutis
1864 2253 1972 2291 sua:
1996 2237 2122 2309 emi-

524 2308 752 2362 nentiam
796 2308 1042 2381 dignam,
1100 2322 1149 2366 et
1204 2309 1475 2383 ingenitae,
1508 2309 1791 2365 nobilitatis
1843 2308 2117 2375 canitiem,

523 2387 675 2453 atque
694 2396 727 2434 a
767 2396 928 2452 puero
955 2384 1165 2453 optimm
1193 2382 1593 2437 conversationis
1620 2390 1768 2435 actus
1797 2396 1817 2434 :
1861 2390 1913 2435 et
1939 2396 2123 2435 secun-

525 2450 649 2505 dum
682 2450 889 2525 esanctte
932 2450 998 2506 et’
1029 2471 1063 2508 a
1093 2453 1203 2508 Deo
1232 2454 1456 2509 conditte
1498 2453 1626 2525 legis
1677 2453 1993 2518 constituta,
2035 2467 2121 2506 re-

521 2522 732 2599 spo_ttdit
751 2525 855 2599 cito
875 2568 890 2593 ,
924 2525 1100 2599 dicens
1128 2568 1144 2592 ,
1171 2526 1415 2599 praemitti
1436 2542 1489 2579 se
1509 2522 1639 2579 velle
1659 2525 1715 2599 in
1739 2525 2019 2599 infernum.

599 2592 723 2667 Non
743 2592 881 2650 enim
910 2598 1078 2652 aetatis
1108 2592 1296 2652 nostra:
1320 2597 1532 2666 dignum
1555 2606 1652 2664 est,
1676 2592 1861 2667 inquit,
1892 2596 2086 2667 fingere
2103 2611 2123 2650 :

525 2674 582 2721 ut
609 2665 761 2748 multi
810 2667 1216 2724 adolescentium
1242 2669 1620 2748 ,‘arbitr‘antes
1668 2665 1982 2748 Eleazarum
2030 2683 2126 2722 no-

528 2737 744 2807 naginta
805 2756 1064 2795 annorum
1128 2737 1371 2796 transisse
1446 2737 1517 2795 (id
1572 2740 1729 2795 vitam
1806 2740 2126 2813 alienigena-

525 2826 641 2864 rum
668 2827 689 2865 ἔ

598 2878 670 2957 Et
720 2882 824 2955 ipsi
879 2893 1109 2957 propter
1135 2900 1305 2939 meam
1351 2884 1766 2957 simulationem,
1817 2890 1864 2938 et
1914 2894 2126 2955 propter

531 2952 785 3027 modicum
807 2952 1155 3025 corruptibilis
1184 2959 1299 3010 vine
1328 2964 1527 3026 tempus
1549 2955 1874 3025 decipiantur
1892 2952 1921 3020 ,’
1959 2952 2125 3027 et‘per

528 3021 629 3108 hoc
657 3028 944 3096 maculam,
965 3021 1131 3100 atque
1151 3021 1550 3083 exsecrationem
1578 3021 1705 3082 mea:
1727 3028 1974 3081 senectuti
2003 3021 2126 3081 con-

530 3111 752 3167 queram.

604 3167 787 3243 Nam,
814 3170 910 3243 etsi
935 3173 987 3224 in
1007 3171 1248 3243 praesenti
1277 3179 1503 3240 tempore
1549 3170 1818 3242 suppliciis
1857 3169 2124 3225 hominum

531 3238 726 3315 eripior
746 3282 760 3307 ,
789 3242 878 3315 sed
906 3238 1119 3296 manum
1165 3238 1542 3315 Omnipotentis
1566 3238 1659 3295 nec
1686 3242 1828 3295 vivus
1854 3285 1869 3312 ,
1900 3258 1994 3296 nec
2036 3244 2127 3298 de-

532 3313 744 3384 funetus
775 3312 1042 3384 effugiam.

611 3380 784 3455 Quam
821 3380 899 3439 ob'
931 3400 1043 3438 rem
1089 3386 1291 3455 fortiter
1342 3385 1446 3439 vita
1492 3384 1821 3455 excedenda,
1872 3394 2133 3441 senectute

531 3452 748 3528 quidem
777 3456 965 3527 dignus
994 3452 1260 3528 apparebo
1288 3473 1307 3511 :

603 3525 1038 3583 Adolescentibus'
1060 3539 1233 3583 autem
1258 3529 1552 3597 exemplum
1573 3529 1707 3598 forte
1728 3530 2017 3599 relinquam
2045 3576 2060 3600 ,
2090 3534 2134 3586 si

537 3608 777 3674 prompto
804 3600 981 3674 animo
1000 3642 1015 3665 ,
1041 3616 1103 3655 ac
1133 3601 1336 3672 fortiter
1358 3616 1451 3670 pro
1483 3602 1802 3674 gravissimis
1828 3618 1889 3674 ac
1916 3604 2135 3674 sanctis-

533 3660 701 3744 simis
731 3660 931 3744 legibus
980 3660 1193 3728 hones'ta
1243 3660 1407 3726 morte
1471 3660 1775 3744 iicrfungar.
1828 3672 1931 3728 His
1983 3672 2135 3729 dictis

536 3740 807 3866 corefestim
834 3744 903 3797 ad
919 3746 1232 3815 supplicium
1259 3740 1581 3799 trahebatur.

667 3813 683 3865 ἰ
712 3824 887 3866 autem
905 3856 920 3866 .
952 3818 1041 3866 aui
1069 3832 1186 3866 eum
1207 3816 1493 3866 ducebant-
1527 3826 1573 3866 et

667 3813 683 3865 i
712 3824 887 3870 autem
905 3856 921 3881 ,
952 3813 1041 3887 qui
1069 3832 1186 3871 eum
1207 3816 1493 3881 ducebant,
1527 3826 1573 3870 et
1598 3814 1760 3888 paulo
1785 3826 1905 3871 ante
1927 3817 2137 3887 fuerant

536 3882 767 3961 mitiores
789 3932 804 3957 ,
834 3888 890 3941 in
916 3882 1048 3961 iram
1076 3888 1312 3943 conversi
1337 3897 1461 3942 sunt
1483 3882 1692 3961 propter
1712 3882 2061 3961 sermonesab
2076 3905 2137 3943 eo

537 3955 737 4082 getes,
785 3955 914 4030 quos
942 3959 1022 4014 illi
1080 3976 1169 4029 per
1211 3955 1590 4034 arrogantiatn'
1619 3960 1852 4031 prolatos
1909 3960 2135 4015 arbitra-

610 4045 640 4080 n
669 4045 751 4082 ur.

572 4037 751 4085 antur.

611 4097 749 4176 Sed,
780 4118 899 4156 cum
927 4102 1098 4176 plagis
1126 4103 1489 4174 perimeretur,
1532 4104 1812 4176 ingemuit,
1858 4111 1907 4158 et
1952 4103 2088 4158 dixit
2117 4120 2138 4158 :

540 4169 764 4252 Domine
785 4218 805 4252 _,
845 4169 940 4245 qui
961 4169 1375 4230 habes-sanctam
1403 4169 1670 4252 scientiam
1689 4216 1704 4240 ,
1729 4169 2027 4252 ‘niauifeste
2084 4184 2142 4230 tu

540 4246 675 4316 scis,
708 4246 860 4312 quia,
892 4262 1012 4299 cum
1042 4263 1075 4300 a
1110 4259 1275 4301 morte
1304 4265 1503 4316 possem
1531 4247 1773 4311 liberari,
1820 4249 1979 4302 duros
2024 4262 2138 4301 cor-

543 4314 685 4391 poris
710 4317 935 4372 sustineo
959 4317 1165 4391 dolores
1182 4334 1201 4372 :
1226 4314 1506 4391 secundum
1528 4319 1756 4372 animam
1783 4336 1901 4375 vero
1930 4327 2140 4391 prapter

541 4384 775 4459 timorem
802 4397 946 4442 tuum
971 4388 1186 4443 libenter
1213 4390 1323 4444 haec
1352 4392 1542 4459 patior.

617 4454 682 4509 Et
713 4458 808 4530 iste
827 4461 1032 4530 quidem
1082 4461 1177 4513 hoc
1206 4454 1362 4515 modo
1382 4462 1487 4516 vita
1525 4463 1742 4517 decessit
1767 4504 1783 4528 ,
1836 4479 1940 4517 non
1969 4464 2139 4518 solum

532 4529 839 4605 juvenibus,
865 4534 954 4585 sed
979 4542 1026 4586 et
1051 4533 1302 4605 universa:
1329 4535 1465 4605 genti
1492 4535 1792 4588 memoriam
1817 4534 2001 4589 mortis
2030 4551 2141 4591 sua:

542 4598 612 4656 ad
636 4604 929 4677 exemplum
958 4604 1161 4659 virtutis
1184 4614 1233 4659 et
1260 4598 1583 4677 fortitudinis
1604 4605 1992 4679 derelinquens.

1150 4724 1381 4783 CAPUT
1421 4726 1535 4783 VII.

613 4813 841 4891 Contigit
865 4825 1035 4873 autem
1067 4827 1117 4873 et
1137 4826 1333 4891 septem
1363 4820 1551 4891 fratres
1578 4837 1685 4875 una
1713 4836 1831 4873 eum
1859 4828 2023 4875 matre
2048 4836 2144 4877 sua

543 4889 890 4975 apprehenso:
920 4889 1166 4974 compelli
1191 4889 1225 4945 a
1273 4889 1391 4975 rege
1416 4892 1562 4975 edere
1609 4904 1790 4948 contra
1832 4893 1913 4964 fas
1963 4909 2144 4947 carnes

545 4960 815 5034 porginas,
848 4960 1065 5034 ﬂagris,
1093 4971 1141 5017 et
1174 4960 1369 5018 taureis
1394 4965 1671 5021 cruciatos.

621 5028 768 5086 Unus
788 5028 957 5087 autem
983 5050 1051 5107 ex,
1074 5035 1213 5102 illis,
1240 5035 1329 5105 qui
1358 5045 1467 5090 erat
1492 5038 1688 5107 primus
1708 5081 1723 5104 ,
1754 5036 1827 5091 sic
1857 5038 1931 5089 ait
1959 5053 1979 5092 :
2005 5034 2143 5102 Quid

541 5108 732 5180 quaeris
758 5146 774 5170 ,
823 5115 872 5180 et
924 5106 1054 5177 quid
1097 5108 1171 5161 vis
1200 5108 1395 5180 discere
1432 5123 1470 5180 ea
1496 5106 1703 5163 nobis?
1750 5109 1920 5180 parati
1960 5124 2139 5162 sumus

542 5176 698 5250 mofi,
722 5178 911 5247 magis,
937 5194 1091 5248 quam
1119 5179 1317 5249 patrias
1345 5178 1441 5234 Dei
1479 5179 1613 5248 leges
1636 5176 1989 5250 prmbaricari.

616 5243 795 5335 Iratus
811 5243 990 5335 itaque
1018 5243 1128 5305 rex'
1142 5251 1304 5334 jussit
1334 5243 1653 5335 sartagines,
1696 5261 1745 5306 et
1794 5250 1926 5305 ollas
1971 5266 2140 5307 teneas

543 5319 819 5390 suceendi:
846 5320 1031 5390 quibus
1053 5319 1228 5378 statim
1253 5319 1541 5389 succensis,

616 5386 881 5461 Jussitei',
921 5398 1013 5465 qui
1041 5396 1187 5468 prior
1213 5398 1384 5468 fuerat
1444 5386 1677 5463 locutus,
1719 5398 1981 5468 amputari
2032 5394 2139 5451 lin-

547 5476 705 5533 guam
738 5477 758 5517 :
786 5472 857 5531 et,
911 5475 1026 5538 cute
1072 5467 1259 5530 capitis
1304 5466 1607 5535 abstracta,
1667 5466 1894 5523 summas
1940 5484 2141 5538 quoque

549 5548 732 5613 manus
771 5544 834 5613 et_
860 5536 1013 5613 pedes
1040 5540 1108 5613 ei_
1136 5539 1444 5607 prwscindi,
1491 5542 1689 5597 caeteris
1737 5544 1849 5613 ejus
1898 5536 2148 5610 fratribus

548 5611 597 5658 et
629 5614 798 5660 matre
816 5608 1225 5675 inspicientibus.

618 5675 718 5744 Et,
743 5695 862 5757 cum
889 5682 1120 5757 iamper
1159 5683 1331 5757 omnia
1352 5683 1553 5741 inutilis
1581 5687 1749 5756 factus
1780 5692 1945 5750 esset,
1984 5687 2148 5757 jussit

544 5750 715 5827 ignem
747 5750 1040 5827 admoveri,
1073 5764 1121 5808 et
1160 5756 1331 5809 adhuc
1349 5750 1632 5827 spirantem
1663 5758 1847 5819 torreri
1896 5758 1949 5811 in
1978 5750 2149 5811 ξαντα-

543 5824 664 5893 gine
692 5838 711 5876 :
753 5824 810 5879 in
850 5842 951 5897 qua
992 5842 1110 5881 cum
1156 5827 1247 5881 diu
1290 5824 1649 5893 cruciaretur,
1690 5829 1858 5886 exteri
1886 5845 1990 5885 una
2034 5844 2150 5884 cum

541 5902 707 5951 matre
735 5897 949 5956 invicem
977 5916 1034 5959 se
1061 5898 1403 5957 hortabantur
1428 5903 1560 5957 mori
1581 5900 1819 5971 fortiter,

2210 510 2560 566 consolabitur
2586 511 2643 565 in
2672 512 2817 565 nobis
2839 552 2853 576 ,
2883 512 3315 580 quemadmodum
3340 513 3395 566 in
3441 513 3806 581 protestatione

2210 583 2395 707 eantici
2416 582 2703 637 declaravit
2731 581 2979 655 MOgses:
3023 582 3091 637 Et
3140 585 3193 639 in
3232 584 3390 639 servis
3416 584 3525 639 suis
3570 584 3807 640 consola-

2243 664 2368 708 itur.

2284 724 2494 799 Mortuo
2523 728 2696 799 itaque
2723 726 2817 799 illo
2843 728 3044 799 primo,
3075 728 3170 782 hoc
3197 727 3348 781 modo
3378 737 3671 798 sequentem
3720 727 3809 783 de-

2211 797 2468 871 ducebant
2492 796 2571 871 ad
2600 796 2960 854 illudendum:
3002 809 3084 863 et,
3137 809 3252 855 cute
3305 796 3492 867 capitis
3531 800 3648 871 ejus
3693 816 3809 855 cum

2212 868 2419 939 capillis
2447 870 2725 935 abstracta,
2753 870 3165 944 interrogabant,
3197 873 3240 925 si
3270 868 3609 944 manducaret
3630 877 3808 943 prius,

2210 957 2364 1016 quam
2390 950 2499 1016 toto
2528 956 2749 1016 corpore
2771 958 2860 1012 per
2889 942 3114 998 membra
3140 944 3349 1016 singula
3370 942 3668 1016 puniretur.

2284 1012 2349 1066 At
2381 1013 2500 1077 ille,
2526 1013 2843 1084 respondens
2868 1016 3039 1086 patria
3062 1030 3182 1069 voce
3200 1012 3373 1077 {dixit
3404 1029 3423 1067 :
3450 1012 3571 1068 Non
3596 1014 3810 1085 faciam.

2222 1083 2449 1154 PrOpter
2472 1083 2618 1154 quod
2646 1093 2694 1139 et
2738 1083 3109 1156 iste,'sequenti
3154 1086 3300 1151 loco,
3355 1085 3513 1157 primi
3561 1083 3814 1141 tormenta

2212 1158 2436 1212 suscepit
2463 1173 2482 1212 :

2304 1176 2331 1208 ε
2422 1176 2435 1208 ι
2463 1176 2482 1212 ;

2457 1228 2636 1283 ultimo
2658 1220 2846 1301 spiritu
2869 1231 3176 1286 constitutus
3193 1274 3207 1297 ,
3232 1229 3307 1282 sic
3328 1227 3441 1301 ait:
3469 1227 3547 1282 Tu
3576 1228 3810 1299 quidem,

2214 1298 2602 1373 scelestissime,
2634 1298 2696 1354 in
2734 1304 2977 1373 praesenti
3007 1303 3110 1357 vita
3134 1316 3252 1373 nos
3291 1299 3466 1373 perdis
3515 1316 3536 1354 :
3581 1298 3674 1353 sed
3709 1301 3816 1373 Rex

2215 1370 2395 1425 mundi
2419 1371 2687 1443 defunctos
2719 1370 2810 1427 nos
2846 1390 2945 1443 pro
2972 1374 3081 1429 suis
3125 1371 3321 1443 legibus
3364 1371 3419 1425 in
3466 1380 3677 1426 aeterna:
3703 1372 3817 1426 vita:

2213 1445 2639 1498 resurrectionem
2661 1445 2948 1500 suscitabit.

2292 1512 2421 1568 Post
2451 1518 2588 1569 hunc
2627 1516 2802 1570 tertius
2833 1516 3104 1586 illuditur,
3155 1525 3202 1569 et
3243 1516 3476 1584 linguam
3525 1513 3817 1583 postulatus

2218 1586 2317 1658 cita
2339 1588 2585 1658 protulit,
2617 1595 2662 1640 et
2688 1604 2872 1643 manus
2897 1597 3192 1644 constanter
3211 1586 3447 1658 extendit
3468 1600 3488 1638 :

2296 1655 2361 1711 Et
2376 1674 2499 1729 cum
2539 1659 2733 1728 ﬁducia
2758 1662 2834 1714 ait
2860 1676 2879 1714 :
2912 1660 2959 1714 E
2983 1661 3109 1716 cardo
3140 1660 3239 1713 ista
3270 1655 3543 1727 possideo,
3571 1657 3666 1711 sed
3692 1673 3816 1729 pro-

2218 1738 2332 1804 pter
2360 1728 2456 1783 Dei
2478 1732 2614 1797 leges
2667 1748 2805 1785 nunc
2850 1733 2962 1786 haec
3016 1734 3131 1804 ipsa
3177 1730 3437 1797 despicio,
3481 1728 3731 1798 quoniam
3758 1728 3818 1783 ab

2146 1842 2195 1904 Β
2218 1801 2345 1904 ipse,
2356 1817 2436 1854 me
2462 1818 2521 1904 ea
2542 1814 2865 1904 receptetrum
2884 1801 3045 1887 sper_o'
3060 1820 3080 1858 :

2293 1869 2381 1925 Ita
2424 1882 2479 1948 ut
2526 1869 2727 1948 ree,'et
2749 1878 2835 1943 qui
2856 1869 3106 1948 eumipsa
3132 1872 3664 1948 erant_,_mirarentur
3690 1871 3820 1926 ado-

2222 1944 2462 2026 lescentis
2482 1945 2738 2015 animum,
2763 1951 2902 2018 quod
2929 1944 3189 2019 tamquam
3214 1944 3438 1999 nihilum
3467 1945 3679 1999 duceret
3709 1960 3825 1998 cru-

2221 2025 2404 2071 ctatus.

2297 2086 2364 2142 Et
2411 2087 2508 2143 hoc
2549 2089 2623 2143 ita
2674 2090 2948 2161 defuncto,
3000 2098 3239 2161 quartum
3288 2086 3538 2143 vexabant
3586 2086 3825 2143 similiter

2224 2169 2540 2231 torquentes.

2295 2232 2551 2304 Et,cum
2587 2235 2705 2304 jam
2751 2243 2881 2288 esset
2916 2235 2986 2287 ad
3039 2243 3291 2300 mortem,
3337 2232 3413 2286 sic
3458 2231 3574 2285 ait:
3634 2230 3820 2304 Patius

2225 2314 2297 2358 est
2319 2304 2381 2357 ab
2409 2302 2705 2359 hominibus
2746 2308 2899 2360 morti
2941 2307 3089 2361 datos
3119 2321 3261 2373 spem
3286 2313 3583 2373 exspectare
3623 2320 3656 2355 a
3678 2302 3788 2357 Deo
3807 2345 3823 2367 ,

2222 2375 2409 2448 iterum
2435 2377 2499 2431 ab
2522 2376 2634 2448 ipso
2649 2378 3032 2435 resuscitandas
3056 2394 3075 2434 :
3113 2379 3204 2434 tibi
3233 2377 3369 2430 enim
3413 2375 3728 2429 resurrectio
3757 2376 3825 2429 ad

2224 2447 2383 2502 vitam
2408 2464 2511 2501 non
2535 2449 2653 2503 erit.

2300 2518 2369 2601 Et
2397 2535 2513 2602 eum
2532 2521 2877 2603 admovissent
2897 2524 3133 2599 quintum
3151 2566 3167 2593 ,
3197 2520 3446 2577 vexabant
3475 2535 3614 2574 eum.
3633 2516 3825 2588 Atille,

2223 2606 2499 2658 respiciens
2526 2608 2581 2646 in
2600 2610 2715 2647 eum
2730 2634 2748 2662 ,
2927 2605 2944 2619 ‘

2298 2662 2475 2717 Dixit:
2500 2663 2811 2722 Potestatem
2830 2668 2965 2723 inter
2984 2667 3215 2723 homines
3227 2664 3441 2729 habens,
3474 2678 3591 2716 cum
3618 2663 3690 2717 sis
3714 2678 3830 2717 cor-

2224 2735 2519 2805 ruptibilis,
2546 2738 2702 2859 Jacis
2744 2740 2883 2812 quod
2908 2742 2984 2797 vis
3015 2757 3034 2795 :
3074 2740 3179 2794 noli
3227 2746 3401 2791 autem
3448 2743 3633 2805 putare
3667 2750 3828 2807 genus

2227 2815 2462 2859 nostrum
2481 2824 2512 2859 a
2597 2824 2656 2859 eo
2684 2826 2797 2859 esse
2819 2812 3121 2859 derelictum
3140 2827 3159 2859 :

2227 2815 2462 2861 nostrum
2481 2824 2512 2862 a
2546 2812 2656 2862 Deo
2684 2826 2797 2867 esse
2819 2812 3121 2867 derelictum
3140 2827 3159 2864 :

2298 2877 2379 2932 Tn
2408 2888 2579 2933 autem
2595 2882 2848 2950 patienter
2873 2885 3069 2940 sustine
3086 2929 3101 2952 ,
3133 2892 3179 2938 et
3206 2879 3395 2934 videbis
3413 2893 3659 2952 magna"?
3676 2886 3830 2952 Paw"

2225 2957 2410 3004 statem
2432 2952 2595 3020 ipsius
2612 2993 2627 3017 ,
2649 2954 2874 3020 qualiter
2894 2967 2941 3009 te
2965 2999 2980 3019 .
3011 2966 3057 3011 et
3079 2950 3251 3010 semen
3282 2963 3425 3005 tuum
3450 2950 3726 3019 torquebit.

2302 3020 2428 3076 Post
2453 3021 2591 3076 hunc
2618 3024 2871 3081 ducebant
2898 3038 3100 3083 sextum
3119 3069 3134 3093 ,
3167 3035 3214 3079 et
3244 3026 3288 3078 is
3313 3065 3327 3088 ,
3360 3023 3493 3076 mori
3537 3022 3829 3091 incipiens,

2227 3093 2302 3166 sic
2329 3095 2402 3147 ait
2426 3109 2445 3166 ς
2474 3093 2604 3149 Noli
2630 3098 2826 3164 frustra
2853 3115 3024 3154 errare
3046 3115 3064 3153 :
3085 3115 3180 3152 nos
3209 3098 3345 3151 enim
3366 3105 3577 3166 propter
3606 3101 3832 3146 nosmet-

2289 3181 2371 3218 sos
2416 3165 2834 3242 haectpatimur,
2868 3179 3131 3242 peccantes
3179 3169 3257 3242 in;
3280 3168 3443 3242 Deum
3474 3174 3751 3232 nostrum,
3787 3173 3836 3218 et

2229 3181 2371 3289 Ἄιδος
2416 3181 2527 3221 meo
2579 3181 2834 3237 patimur,
2868 3181 3131 3242 peccantes
3179 3186 3233 3223 in
3280 3181 3361 3221 ue:

2154 3233 2200 3299 C
2268 3237 2389 3311 igtta
2417 3238 2763 3295 admiratione
2793 3246 2929 3311 facta
2947 3252 3062 3296 sunt
3090 3242 3145 3295 in
3171 3239 3317 3294 nobis
3342 3255 3361 3293 :

2310 3307 2385 3361 Tu
2413 3319 2591 3384 autem
2629 3328 2692 3366 ne
2716 3307 2977 3369 existimes
3008 3314 3098 3367 tibi
3124 3315 3335 3384 impune
3367 3314 3607 3382 futurum
3631 3351 3648 3375 ,
3691 3307 3836 3379 quod

2232 3390 2413 3455 contra
2439 3378 2606 3436 Deum
2634 3401 2868 3455 pugnare
2899 3387 3199 3440 tentaveris.

2309 3451 2486 3524 Supra
2521 3451 2739 3510 modum
2780 3467 2954 3510 autem
2981 3467 3149 3511 mater
3177 3452 3469 3517 mirabilis,
3502 3460 3551 3506 et
3582 3451 3840 3505 bonorum

2235 3523 2483 3600 memoria
2512 3527 2694 3597 digna,
2728 3544 2844 3597 qua:
2867 3538 3141 3600 pereuntes
3168 3536 3367 3594 septem
3388 3526 3527 3600 ﬁlios
3550 3523 3650 3577 sub
3679 3524 3841 3576 unius

2237 3594 2341 3648 diei
2368 3594 2595 3669 tempore
2626 3594 2952 3669 conspiciens
2976 3640 2993 3664 ,
3038 3600 3169 3654 bono
3189 3600 3365 3653 animo
3396 3595 3595 3667 ferebat
3621 3605 3843 3667 propter

2235 3682 2402 3739 spem,
2426 3685 2582 3739 quant
2610 3670 2666 3724 in
2696 3669 2867 3724 Deum
2892 3672 3110 3725 habebat
3136 3687 3154 3724 :

2309 3737 2568 3811 Singulos
2610 3742 2829 3796 illorum
2872 3742 3185 3796 hortabatur
3232 3754 3356 3795 voce
3404 3739 3579 3811 patria
3627 3738 3845 3808 fortiter

2236 3808 2434 3891 repleta
2473 3814 2731 3891 sapientia
2753 3829 2773 3868 :
2798 3824 2846 3869 et
2879 3815 3116 3886 feminea:
3150 3808 3453 3885 cogitationi
3482 3811 3843 3865 masculinum

2238 3885 2472 3936 animum
2497 3885 2727 3940 inserens
2755 3901 2775 3939 :

2311 3950 2458 4029 Dixit
2487 3955 2557 4009 ad
2587 3973 2672 4011 eas
2697 3972 2716 4011 :
2750 3956 2945 4012 Nescio
2974 3957 3203 4029 qualiter
3238 3957 3294 4010 in
3335 3964 3481 4029 utero
3519 3971 3633 4009 meo
3663 3970 3845 4029 ᾳρρητ

2238 4026 2418 4101 ruistis
2441 4044 2459 4081 :
2508 4045 2670 4093 neque
2720 4031 2854 4083 enim
2907 4023 3000 4101 ego
3030 4031 3269 4101 spiritum
3298 4034 3346 4081 et
3377 4028 3612 4082 animam
3644 4023 3849 4101 donavi

2239 4096 2382 4151 vobis
2407 4142 2422 4168 ,
2455 4109 2504 4154 et
2542 4102 2734 4167 vitam,
2766 4109 2815 4155 et
2840 4096 3171 4171 singulorum
3199 4100 3425 4155 membra
3458 4115 3559 4152 non
3595 4113 3697 4169 ego
3727 4100 3851 4168 ipsa

2240 4186 2472 4241 compegt
2498 4188 2519 4228 :

2315 4240 2421 4297 Sed
2451 4246 2587 4299 enim
2615 4245 2799 4300 mundi
2823 4243 3061 4310 Creator,
3083 4246 3174 4315 qui
3203 4245 3447 4315 formavit
3476 4240 3719 4294 hominis
3752 4255 3852 4315 na-

2242 4316 2487 4371 tivitatem
2509 4362 2522 4385 ,
2555 4317 2743 4387 quique
2785 4319 3017 4371 omnium
3062 4311 3254 4372 invenit
3285 4317 3571 4387 originem,
3605 4322 3655 4365 et
3686 4311 3858 4387 spiri-

2242 4399 2350 4445 tum
2383 4388 2521 4442 vobis
2570 4385 2761 4441 iterum
2805 4405 2928 4442 cum
2963 4389 3327 4443 misericordia
3371 4385 3548 4441 reddet
3580 4394 3627 4439 et
3655 4385 3853 4449 vitam,

2243 4462 2374 4516 sicut
2399 4476 2538 4532 nunc
2564 4461 2901 4531 vosmetipsos
2926 4460 3192 4530 despicitis
3219 4468 3431 4532 propter
3457 4457 3595 4527 leges
3621 4458 3769 4532 ejus.-

2315 4531 2603 4586 Antiochus
2633 4526 2807 4586 autem
2831 4572 2847 4598 ,
2893 4526 3151 4585 contemni
3180 4526 3234 4586 se
3264 4526 3567 4592 arbitratus,
3602 4526 3774 4580 simul
3804 4535 3857 4580 et

2170 4625 2225 4687 D
2248 4602 2610 4687 exprobrantis
2638 4619 2760 4659 voce
2787 4605 3082 4687 despecta...
3099 4619 3213 4687 cum
3247 4602 3423 4687 adhuc
3461 4599 3859 4687 adolescentior

2246 4670 2571 4743 superesset,
2602 4692 2707 4729 non
2744 4670 2911 4730 solum
2942 4673 3109 4728 verbis
3146 4672 3474 4737 hortabatur,
3519 4670 3608 4743 sed
3642 4678 3693 4723 et
3729 4685 3856 4723 eum

2236 4741 2884 4822 juramentoaffirmabat,
2915 4762 2968 4822 se
2995 4744 3208 4822 divitem
3236 4756 3284 4822 et
3315 4741 3855 4822 beatumfacturum,

2245 4816 2295 4875 et
2322 4816 2640 4875 translatum
2668 4836 2701 4872 a
2730 4819 2912 4888 patriis
2943 4818 3139 4888 legibus
3168 4819 3393 4873 amicum
3423 4816 3735 4871 habitarunt
3756 4854 3775 4881 ,
3806 4820 3859 4867 et

2245 4909 2327 4948 res
2354 4892 2677 4948 necessarias
2709 4892 2756 4945 ei
2780 4889 3147 4963 praebiturum.

2319 4965 2425 5021 Sed
2450 4964 2521 5018 ad
2550 4964 2661 5018 haec
2688 4956 2802 5016 cum
2832 4960 3137 5016 adolescens
3179 4977 3512 5034 nequaquam
3553 4956 3861 5034 inclinate-

2246 5046 2332 5093 tur
2358 5080 2374 5102 ,
2426 5037 2626 5091 vocavit
2672 5050 2767 5088 res:
2796 5043 3013 5087 matrem
3037 5074 3052 5100 ,
3097 5046 3145 5088 et
3173 5027 3424 5089 suadebat
3451 5033 3496 5088 ei
3523 5072 3539 5098 ,
3570 5037 3627 5085 ut
3659 5027 3861 5083 adole-

2244 5110 2409 5165 scenti
2432 5110 2577 5176 ﬁeret
2606 5108 2660 5161 in
2686 5106 2926 5160 salutem.

2318 5180 2448 5237 Cum
2474 5188 2644 5233 autem
2673 5178 2849 5232 multis
2891 5193 3007 5231 eam
3053 5178 3218 5233 verbis
3250 5189 3382 5233 esset
3410 5179 3686 5239 hortatus,
3724 5187 3865 5243 pro-

2245 5254 2386 5308 misit
2416 5266 2688 5306 suasuram
2718 5266 2773 5304 se
2794 5248 2909 5318 ﬁlio
2945 5266 3067 5304 suo.

2318 5323 2506 5395 Itaque
2544 5322 2796 5376 inclinata
2822 5322 2891 5374 ad
2917 5321 3070 5395 il_lud,
3111 5322 3337 5395 irridens
3368 5321 3631 5395 crudelem
3660 5330 3865 5394 ιυηιη..

2212 5462 2215 5465 η
2248 5415 2372 5453 num
2396 5391 2515 5462 {ait
2544 5395 2716 5463 patria
2744 5408 2902 5447 voce:
2934 5391 3044 5448 Fili
3072 5394 3184 5460 mi,
3231 5395 3476 5448 miserere
3499 5392 3622 5457 mei,
3652 5391 3784 5461 qm
3815 5405 3866 5449 te

2247 5471 2301 5524 in
2329 5479 2476 5524 utero
2504 5482 2682 5520 novem
2712 5465 2974 5520 mensibus
3005 5467 3234 5533 portavi,
3264 5475 3313 5519 et
3334 5466 3417 5519 lac
3446 5466 3672 5519 triennio
3702 5468 3862 5535 deai,

2213 5551 2297 5596 σει
2326 5541 2462 5608 alui,
2491 5547 2539 5594 et
2570 5539 2624 5592 in
2649 5546 2857 5593 aetatem
2881 5540 3036 5611 istam
3062 5537 3303 5611 perduxi.

2327 5612 2453 5669 Peto
2476 5656 2490 5681 ,
2523 5619 2641 5664 nate
2665 5653 2680 5678 ,
2717 5620 2770 5664 ut
2797 5610 3025 5677 aspicias
3050 5608 3117 5664 ad
3145 5608 3329 5663 ctelum
3355 5620 3403 5663 et
3430 5619 3623 5662 terram
3650 5651 3667 5673 ,
3704 5619 3763 5681 et
3788 5609 3867 5664 ad

2250 5686 2424 5739 omnia
2452 5699 2568 5755 qua:
2596 5684 2651 5737 in
2680 5683 2754 5737 eis
2795 5692 2921 5755 sunt
2940 5697 2960 5735 :
2988 5692 3037 5735 et
3076 5682 3339 5751 intelligas
3364 5724 3379 5749 ,
3420 5682 3544 5753 quia
3583 5697 3648 5736 ex
3680 5680 3867 5737 nihilo

2250 5757 2371 5827 fecit
2392 5756 2487 5811 illa
2511 5754 2677 5824 Deus,
2710 5763 2759 5809 et
2781 5754 3055 5827 hominum
3075 5770 3236 5827 genus
3260 5768 3278 5806 :

2323 5825 2410 5881 Ita
2437 5830 2548 5896 ﬁet,
2578 5838 2635 5882 ut
2667 5843 2770 5882 non
2795 5826 2974 5881 timeas
3002 5825 3301 5896 carniﬁcem
3322 5825 3500 5892 istum,
3529 5826 3618 5880 sed
3650 5826 3868 5897 dignus

2252 5899 2499 5972 fratribus
2530 5900 2631 5956 tuis
2654 5898 2870 5969 effectus
2897 5898 3177 5970 particeps,
3205 5897 3410 5968 suscipe
3435 5907 3676 5968 mortem,
3714 5910 3776 5953 ut
3805 5902 3864 5952 in
