4036 6330
533 356 640 417 ﬁlii

536 551 700 617 giens,
731 551 875 604 solus
902 551 1034 603 venit
1073 549 1420 618 Antiochiam,
1471 549 1722 604 summam
1771 552 2132 621 infelicitatem

537 621 601 672 de
622 621 830 673 interitu
860 623 940 674 sui
968 623 1220 675 exercitus
1247 631 1574 676 consecutus.

613 690 675 743 Et
695 693 780 760 qui
812 693 1114 763 promiserat
1144 691 1395 746 Romanis
1422 712 1474 747 se
1501 694 1746 747 tributum
1773 694 2042 746 restituere
2072 691 2134 745 de

533 762 835 836 captivitate
863 762 1328 836 Jerosolgmorum,
1373 765 1685 836 pra’dicobat
1714 779 1852 818 nunc
1878 774 2135 836 praecla-

537 849 642 886 rem
677 833 840 887 Deusu
889 833 1338 897 habereJuda'os.
1370 833 1415 890 et
1444 836 1504 890 ob
1533 838 1701 908 ipsum
1732 833 2134 889 invulnerabiles

537 921 665 972 esse,
693 921 753 960 eo
781 908 920 977 quod
947 919 1280 978 sequerentur
1320 908 1453 979 leges
1485 908 1547 960 ab
1577 909 1687 979 ipso
1711 909 2035 961 constitutas.

1137 1023 1364 1079 CAPUT
1400 1025 1490 1078 IX.

541 1183 589 1237 Ρ
615 1113 808 1237 Eozem
841 1125 1068 1185 tempore
1097 1117 1380 1173 Antiochus
1409 1119 1676 1173 inhoneste
1706 1118 2052 1174 revertebatur
2073 1120 2136 1174 de

591 1203 689 1237 erst
731 1204 773 1237 ϐ.

575 1187 773 1240 ’erside.

609 1257 902 1334 Intraverat
930 1261 1064 1334 enim
1094 1260 1145 1313 in
1179 1276 1287 1334 eam
1309 1304 1321 1328 ,
1351 1277 1467 1332 qua:
1495 1262 1688 1315 dicitur
1740 1262 2056 1334 Persepolis,
2092 1274 2137 1316 et

540 1331 748 1402 tentavit
779 1333 1068 1398 exspoliare
1100 1331 1369 1402 templum,
1418 1344 1462 1388 et
1491 1335 1747 1387 civitatem
1803 1331 2091 1402 Opprimere
2118 1352 2136 1391 :

537 1400 630 1453 sed
665 1401 994 1477 multitudine
1023 1404 1092 1477 ad
1130 1400 1284 1477 arma
1303 1414 1662 1477 concurrente,
1706 1406 1761 1459 in
1807 1400 1982 1477 fugam
2009 1407 2138 1459 versi

539 1481 658 1548 sunt
684 1488 702 1525 :
729 1482 775 1525 et
806 1475 879 1527 ita
904 1475 1137 1546 contigit,
1172 1484 1226 1528 ut
1252 1475 1536 1531 Antiochus
1563 1486 1676 1546 post
1703 1475 1882 1548 fugam
1921 1478 2138 1548 turpiter

537 1545 746 1596 rediret.

609 1612 677 1667 Et
700 1631 823 1692 cum
870 1619 1090 1673 venisset
1099 1620 1254 1692 _circa
1284 1617 1624 1688 Ecbatauam,
1680 1621 1976 1692 recognovit
2024 1635 2138 1688 quin

537 1700 665 1760 erga
679 1685 1004 1760 Nicanorem
1024 1701 1070 1744 et
1096 1689 1586 1760 Timotheum'gesta
1615 1685 1755 1747 sunt.

618 1757 806 1836 Elatus
833 1771 1000 1836 autem
1030 1763 1204 1824 inira,
1236 1750 1592 1836 arbitrabatur
1639 1781 1690 1819 se
1735 1764 1984 1836 injuriam
2011 1762 2131 1816 illo-

541 1845 656 1904 rum
684 1834 765 1898 qui
797 1849 850 1886 se
881 1833 1203 1904 fugaverant,
1253 1849 1402 1901 posse
1447 1836 1499 1888 in
1543 1834 1758 1889 Juda’os
1786 1833 2089 1902 retorquere
2120 1851 2136 1892 :

538 1901 756 1971 ideoque
778 1901 1153 1976 jussit'ugitari
1181 1921 1390 1959 currum
1420 1922 1590 1970 suum,
1623 1909 1732 1962 sine
1760 1901 2139 1960 intermissione

539 1974 842 2049 agens-iter,
873 1974 1061 2030 caelesti
1089 1993 1204 2030 eum
1225 1977 1428 2048 judicio
1459 1986 1788 2049 perurgente,
1816 1992 1875 2031 eo
1899 1979 2036 2048 quod
2067 1978 2140 2029 ita

541 2045 756 2120 superbe
784 2045 983 2120 locutus
1011 2058 1086 2120 est
1116 2064 1170 2102 se
1191 2045 1466 2102 venturum
1505 2045 1920 2120 Jerosolymam,
1938 2059 1985 2102 et
2018 2065 2140 2102 con-

541 2116 732 2190 geriem
751 2117 975 2185 sepulcri
997 2119 1024 2171 ,Ι
1037 2119 1308 2173 udazorum
1339 2135 1450 2173 eam
1478 2116 1756 2190 facturum.

616 2187 723 2241 Sed
763 2190 850 2256 qui
879 2191 1114 2245 universa
1155 2192 1402 2263 conspicit
1459 2187 1709 2246 Dominus
1763 2192 1905 2263 Deus
1948 2190 2136 2257 Israel,

544 2264 796 2337 percussit
821 2277 933 2337 eum
963 2262 1241 2316 insanabili
1276 2262 1321 2315 et
1351 2265 1597 2318 invisibili
1626 2265 1797 2337 plaga.
1825 2262 2042 2337 Utenim
2071 2265 2138 2332 fi-

544 2331 666 2406 nivit
695 2331 834 2406 hunc
880 2333 1051 2400 ipsum
1101 2349 1403 2398 sermonem,
1455 2331 1794 2406 apprehendit
1824 2351 1940 2388 eum
1989 2331 2140 2388 dolor

542 2403 690 2456 dirus
714 2404 976 2470 viscerum,
1009 2417 1056 2459 et
1079 2422 1259 2459 amara
1290 2403 1612 2460 internarum
1648 2416 1924 2461 tormenta.

611 2472 1088 2550 thuidemosatis
1141 2481 1306 2550 juste,
1336 2479 1528 2547 quippe
1558 2481 1646 2549 qui
1696 2478 1874 2550 multis
1921 2487 1967 2532 et
1995 2479 2142 2532 novis

545 2546 857 2618 cruciatibus
889 2548 1112 2602 aliorum
1141 2546 1380 2604 'torserat
1426 2546 1645 2618 viscera,
1697 2549 1813 2606 licet
1856 2549 1946 2605 ille
1995 2550 2140 2604 nullo

547 2616 700 2669 modo
725 2633 756 2669 a
777 2633 874 2671 sua
893 2621 1094 2674 malitia
1117 2632 1355 2674 cessaret.

619 2687 793 2766 Super
823 2691 917 2766 hoc
932 2701 1116 2766 autem
1158 2693 1400 2766 superbia
1444 2693 1689 2766 repletus,
1719 2694 1890 2766 ignem
1934 2695 2140 2763 spirans

547 2757 1066 2836 aninto_in__._luda:os,
1099 2773 1145 2816 et
1184 2757 1810 2836 pi'tecipiens'accelertiri
1853 2757 2138 2836 negotium,

548 2831 760 2907 contigit
790 2831 941 2907 illum
972 2837 1162 2902 impetu
1184 2831 1388 2888 euntem
1416 2835 1480 2888 de
1507 2851 1668 2889 curru
1693 2836 1896 2904 cadere,
1920 2831 1968 2890 et
1996 2838 2142 2907 gravi

544 2905 777 2967 corporis
801 2904 1070 2960 collisione
1100 2908 1323 2960 membra
1353 2908 1549 2960 vexari.

626 2972 777 3043 Isque
803 2978 892 3046 qui
915 2978 1012 3031 sibi
1038 2978 1303 3031 videbatur
1323 2979 1476 3032 etiam
1502 2979 1742 3048 ﬂuctibus
1787 2979 1947 3034 maris
1977 2979 2142 3046 impe-

544 3049 1205 3122 rare,_supra_humanum
1248 3050 1455 3102 modum
1495 3051 1737 3119 superbia
1789 3051 2037 3122 repletus,
2095 3060 2142 3104 et

545 3118 804 3191 montium,
820 3119 1118 3174 altitudines
1145 3122 1200 3172 in
1223 3130 1414 3174 statera
1455 3122 1766 3191 appendere,
1793 3118 1930 3176 nunc
1971 3123 2144 3176 Immi—

549 3187 720 3263 liuius
737 3190 805 3241 ad
831 3201 1041 3255 terram,
1068 3193 1120 3244 in
1150 3193 1430 3263 gestatoria
1451 3187 1778 3263 portabatur,
1811 3196 2144 3263 manifestam

547 3258 650 3335 Dei
675 3261 909 3335 virtutem
933 3265 984 3330 in
1007 3258 1278 3335 semetipso
1301 3258 1592 3317 contestans
1615 3280 1634 3318 :

620 3329 707 3383 Ita
735 3343 791 3385 ut
813 3333 877 3387 de
902 3329 1117 3402 corpore
1142 3329 1288 3402 impii
1309 3351 1502 3390 vermes
1523 3337 1864 3401 scaturirent,
1887 3353 1947 3390 ac
1972 3338 2142 3392 viven-

549 3401 626 3478 tis“
668 3403 721 3457 in
763 3401 1024 3478 doloribus
1083 3401 1258 3461 carnes
1303 3410 1420 3478 ejus
1450 3408 1741 3477 efﬂuereut,
1775 3409 1934 3463 odore
1987 3410 2142 3463 etiam

545 3472 691 3548 illius
719 3485 764 3528 et
792 3476 950 3546 fetore
989 3480 1241 3532 exercitus
1271 3472 1590 3548 gravaretur.

621 3543 692 3599 Et
716 3543 802 3617 qui
833 3549 991 3618 paulo
1015 3561 1136 3604 ante
1172 3543 1343 3604 sidera
1373 3551 1486 3606 caeli
1515 3551 1808 3621 contingere
1838 3569 1890 3605 se
1916 3553 2140 3606 arbitra-

547 3617 720 3683 batur,
746 3617 861 3675 eum
889 3637 1036 3676 nemo
1066 3632 1262 3692 poterat
1291 3632 1501 3692 propter
1531 3617 1921 3677 intolerantiam
1964 3625 2141 3693 fetoris

548 3699 777 3760 portare.

620 3761 759 3838 Hinc
807 3765 968 3834 igitur
1022 3765 1170 3838 coepit
1223 3781 1288 3819 ex
1313 3766 1460 3836 gravi
1499 3766 1740 3837 superbia
1768 3765 2044 3838 deductus,
2073 3767 2142 3820 ad

547 3835 865 3909 agnitionem
881 3838 960 3891 sui.
991 3835 1179 3902 venire,
1209 3835 1382 3891 divina
1406 3835 1703 3892 admonitus
1722 3837 1897 3909 plaga,
1922 3856 2009 3905 per
2031 3855 2142 3892 mo-

547 3916 716 3980 menta
741 3908 947 3978 singula
975 3909 1240 3963 doloribus
1260 3910 1368 3963 suis
1398 3919 1676 3980 augmenta
1697 3908 2030 3980 capientibus.

621 3975 686 4030 Et
709 3975 948 4051 cum'nec
977 3980 1091 4048 ipse
1109 3981 1223 4050 jam
1255 3975 1645 4051 fetoremvsuum
1674 3975 1812 4051 ferre
1841 3989 2032 4049 posset,
2066 3983 2140 4034 ita

547 4049 617 4100 ait
650 4046 904 4103 :Justum
941 4046 1014 4106 est
1042 4046 1305 4105 subditum
1348 4069 1456 4107 esse
1488 4053 1618 4119 Deo,
1651 4046 1697 4107 et
1729 4046 1998 4106 mortalem
2021 4046 2141 4106 non

546 4121 700 4190 paria
729 4119 839 4175 Deo
860 4124 1068 4176 sentire.

623 4189 816 4246 Orabat
846 4203 1021 4247 autem
1049 4193 1132 4246 hic
1181 4195 1422 4250 scelestus
1471 4195 1771 4263 Dominum,
1825 4213 1856 4249 a
1885 4212 1986 4264 quo
2035 4213 2140 4249 non

543 4269 672 4315 esset
703 4265 1108 4318 misericordiam
1147 4278 1538 4321 consecuturus.

617 4331 686 4408 Ε(
717 4336 991 4402 civitatem,
1017 4337 1088 4391 ad
1102 4354 1256 4406 quam
1277 4341 1530 4408 festinans
1553 4340 1806 4404 veniebat,
1840 4350 1891 4394 ut
1928 4357 2040 4394 eam
2069 4342 2137 4395 ad

548 4405 715 4458 solum
766 4408 1058 4483 deduceret,
1109 4426 1169 4463 ac
1199 4405 1494 4478 sepulcrum
1531 4422 1893 4483 congestorum
1921 4413 2135 4483 faceret,

546 4492 685 4530 nunc
709 4488 851 4546 aptat
880 4480 1096 4534 liberam
1122 4483 1355 4536 reddere.

615 4546 683 4602 Et
713 4550 728 4621 [η
868 4560 990 4637 lacn
1162 4553 1406 4637 Judatos,
1429 4572 1558 4637 quos
1600 4571 1691 4609 nec
1722 4556 1991 4637 sepultura
2027 4557 2113 4637 qui
2125 4586 2141 4599 ι
2177 4602 2189 4617 .

2169 4664 2223 4726 D

541 4618 660 4697 dem
691 4617 948 4697 sedigno:
971 4617 1294 4692 habiturum,
1316 4617 1406 4679 sed
1427 4617 1606 4681 avibus
1636 4644 1694 4681 ac
1726 4617 1847 4697 feris
1877 4627 1980 4679 diri
1988 4617 2136 4695 pien-

543 4691 638 4746 dos
661 4691 993 4768 traditurum,
1009 4706 1055 4751 et
1068 4711 1181 4750 cum
1195 4691 1424 4767 parvulis
1437 4691 1896 4753 exterminatur-um
1911 4691 2135 4768 dixerat,

542 4765 762 4842 a’quales
789 4784 921 4842 nunc
947 4765 1340 4824 Atheniensibus
1373 4775 1629 4841 factm'um
1657 4769 1952 4842 pollicetur.

613 4834 887 4913 Templum
911 4843 1062 4894 etiam
1091 4852 1348 4909 sanctum,
1373 4834 1513 4912 quod
1545 4834 1687 4913 prius
1735 4841 2133 4912 exspoliaverat,

539 4908 754 4976 optimis
785 4911 934 4967 donis
955 4917 1277 4978 amaturum,
1311 4908 1354 4967 et
1391 4908 1574 4967 sancta
1603 4931 1723 4966 vasa.
1754 4908 2134 4985 multiplicata;

543 4994 678 5062 rum,
702 4991 750 5036 et
777 4985 1082 5062 pertinentes
1112 4987 1180 5038 ad
1208 4986 1467 5055 sacrificia
1495 4997 1730 5057 sumptus
1761 4984 1825 5038 de
1849 4984 2138 5042 redditibus

545 5055 654 5106 suis
683 5055 1058 5122 prcestiturum.

618 5123 789 5196 Super
812 5126 940 5191 Iuec,
967 5138 1013 5182 et
1039 5127 1282 5184 Judteum
1309 5146 1361 5182 se
1383 5128 1636 5198 futurum,
1669 5137 1714 5183 et
1741 5144 1942 5180 omnem
1965 5128 2137 5183 locum

542 5203 692 5250 terra:
737 5199 1232 5271 perambulaturum,
1266 5209 1314 5255 et
1353 5202 1755 5272 prazdicaturum
1785 5198 1881 5252 Dei
1909 5211 2135 5269 potesta-

543 5275 663 5322 teni.

611 5337 720 5418 Sed
743 5356 847 5395 non
873 5344 1191 5418 cessantibus
1215 5344 1484 5400 doloribus
1516 5342 1901 5418 (supervenerat
1927 5344 2137 5418 euiaiin

537 5424 658 5487 eum
683 5412 883 5487 justum
904 5413 1003 5487 Dei
1019 5417 1332 5487 judicium),
1375 5412 1654 5487 desperans
1701 5417 1908 5482 scripsit
1943 5416 2013 5468 ad
2039 5414 2138 5469 Ju-

542 5480 682 5534 dteos
702 5483 758 5537 in
792 5486 998 5541 modum
1019 5480 1404 5559 deprecationis
1435 5480 1710 5560 epistolam
1734 5480 1845 5546 haec
1867 5491 2141 5542 continen-

543 5560 593 5605 te
599 5568 647 5606 ηι
679 5569 699 5608 ἔ

618 5624 840 5704 _0ptimis
893 5629 1086 5686 civibus
1121 5629 1324 5688 Iudaeis
1356 5635 1636 5704 plurimam
1663 5633 1904 5697 salutem,
1938 5642 1981 5686 et
2015 5631 2139 5686 bene

543 5696 731 5764 valere,
758 5707 809 5752 et
832 5715 940 5756 esse
969 5704 1167 5772 felices,
1195 5722 1286 5760 rex
1306 5696 1364 5761 et'
1382 5707 1620 5779 princeps
1651 5696 1960 5761 Antiochus.

1537 359 1593 417 Β.
1638 357 2021 419 HIERONYM!
2061 355 2291 416 DIVINA
2336 355 2814 417 BIBLIOTIIECA.
3693 357 3775 428 illi}

529 477 848 545 stimaverat,
882 478 1112 551 deposita
1138 486 1274 551 veste
1301 477 1500 551 glorite,
1531 494 1620 551 per
1649 480 2022 533 mediterranea
2048 478 2129 544 [τις
2160 477 2210 536 Α

2311 474 2370 529 Si
2399 475 2520 528 bene
2551 473 2745 530 valetis,
2779 479 2825 522 et
2866 470 2962 538 ﬁlii
3003 471 3173 535 vestri,
3229 478 3275 524 et
3320 484 3382 526 etc
3411 472 3634 526 sententia
3663 480 3776 530 vobis

2243 555 2425 600 cuncta
2458 556 2603 608 sunt,
2630 544 2880 596 maa‘imas
2908 542 3107 611 agimus
3139 544 3350 612 gratias.

2313 617 2376 669 Et
2401 633 2496 687 ego
2519 618 2570 669 iu
2595 614 2901 687 inﬁrmitate
2926 615 3258 679 constitutus,
3283 614 3601 687 vestriautim
3625 633 3781 669 memor

2239 683 2474 756 benigne,
2509 702 2742 741 reversus
2769 686 2830 737 de
2863 683 3099 741 Persidis
3131 689 3276 748 locis,
3303 698 3346 738 et
3369 685 3648 755 infirmitate
3667 691 3782 754 gravi

2238 747 2605 831 apprehensus,
2659 756 2998 810 necessarium
3041 758 3166 812 duxi
3194 747 3288 829 pro
3317 747 3558 811 communi
3596 747 3782 813 utilitate

2238 847 2418 885 curam
2449 833 2631 884 habere
2662 845 2679 882 .'

2315 902 2435 956 Non
2470 904 2746 971 desperans
2791 905 3168 974 memetipsum,
3203 901 3291 952 sed
3317 915 3453 971 spem
3480 897 3673 952 multum
3700 898 3778 952 ha~

2240 975 2361 1048 beas
2393 974 2672 1047 effugiendi
2703 978 3075 1048 infirmitatem.

2312 1041 2610 1118 Respiciens
2641 1041 2813 1102 autem
2835 1051 2971 1118 quod
2997 1055 3043 1101 et
3070 1055 3218 1118 pater
3243 1059 3406 1104 meus,
3429 1041 3598 1118 quibus
3621 1051 3781 1118 tempo-

2239 1118 2382 1172 ribus
2409 1115 2460 1172 i'n
2501 1119 2625 1172 locis
2648 1115 2998 1186 superioribus
3021 1115 3243 1171 ducebat
3283 1116 3570 1173 exercitum,
3599 1115 3782 1167 ostendit

2240 1191 2464 1264 qui__post
2492 1208 2544 1244 se
2566 1193 2843 1264 susciperet
2879 1197 2888 1264 ζ
2919 1193 3004 1246 Al.
3031 1186 3294 1264 suscipiet]
3327 1186 3650 1264 principatum
3686 1201 3700 1236 :

2317 1260 2383 1314 Ut
2409 1263 2451 1315 si
2473 1262 2594 1331 quid
2624 1257 2936 1317 contrarium
2959 1257 3233 1326 accideret,
3259 1269 3348 1311 aut
3389 1257 3581 1328 difficile
3607 1258 3784 1309 ηηηιέῖο

2241 1340 2400 1392 retur,
2435 1337 2652 1386 scientes
2675 1336 2748 1398 hi,
2779 1337 2865 1405 qui
2890 1337 2942 1388 in
2969 1331 3266 1405 regionibus
3295 1341 3455 1392 erant,
3478 1331 3554 1381 cui
3575 1337 3685 1381 esset.
3722 1345 3785 1380 rc-

2241 1419 2352 1457 rum
2385 1421 2581 1457 summa
2615 1405 2878 1471 derelicta,
2912 1423 3014 1459 non
3047 1404 3398 1456 turbarentur.

2313 1476 2394 1527 Ad
2447 1477 2574 1538 ha’c,
2611 1479 2944 1531 considerans
2975 1477 3038 1529 de
3067 1475 3303 1540 proximo
3329 1479 3549 1544 potentes
3577 1487 3784 1540 quosque,

2241 1555 2290 1601 et
2320 1547 2511 1600 vicinos
2569 1549 2874 1618 temporibus
2914 1546 3239 1618 insidiantes,
3265 1553 3355 1618 ret_
3387 1552 3611 1596 eventum
3636 1557 3789 1607 exspe-

2241 1628 2458 1683 ctantes,
2477 1615 2738 1690 designavi
2760 1621 2930 1689 filium.
2956 1635 3123 1673 meum
3151 1615 3458 1690 Antiochum
3479 1629 3790 1682 regem,quem

2243 1706 2376 1761 swpe
2402 1687 2666 1744 recurrens
2694 1693 2746 1744 in
2760 1687 3036 1762 superiora
3061 1705 3220 1760 regna
3251 1687 3428 1762 multis
3456 1695 3659 1740 vestrum
3677 1700 3789 1736 com.

2243 1758 2549 1834 mendabam
2574 1779 2589 1814 :
2623 1771 2669 1814 et
2699 1758 2884 1832 scripsi
2909 1763 2977 1817 ad
3008 1758 3132 1814 enni
3152 1775 3271 1834 qua;
3295 1758 3518 1834 subiecta
3547 1767 3673 1809 sunt.
3693 1826 3700 1834 Ι
3723 1827 3745 1834 η

2319 1833 2424 1887 Oro
2455 1835 2624 1902 itaque
2648 1850 2756 1899 vos,
2779 1826 2823 1889 et
2845 1845 2959 1903 peto
2980 1826 3232 1887 memores
3255 1826 3792 1903 beneﬁciorumpublire

2245 1913 2290 1959 et
2318 1900 2576 1977 privatim,
2606 1915 2661 1958 ut
2687 1900 3040 1977 unusquisque
3069 1910 3328 1957 conservet
3381 1900 3530 1969 ﬁdem
3560 1901 3621 1951 ad
3649 1915 3714 1951 me
3755 1906 3791 1950 et

2243 1977 2312 2030 ad
2334 1976 2501 2046 ﬁlium
2531 1993 2714 2030 meum.
2839 1976 2844 1977 ί
3117 2010 3123 2034 .-

2315 2045 2533 2115 Conﬁdo
2585 2050 2717 2101 enim
2766 2066 2881 2103 eum
2911 2049 3132 2103 modeste
3164 2055 3209 2101 et
3238 2045 3463 2098 humane
3495 2051 3729 2124 actui-uin,
3755 2051 3791 2092 et

2243 2129 2532 2190 sequentem
2556 2122 2878 2189 propositum
2903 2136 3089 2185 meum,
3119 2130 3163 2172 et
3187 2132 3509 2190 communem
3539 2115 3665 2167 vobis
3688 2116 3792 2183 fore.

2316 2190 2486 2262 Igitur
2540 2188 2818 2253 homicida,
2859 2201 2905 2246 et
2937 2193 3266 2263 blasphemus
3295 2188 3511 2265 pessime
3540 2201 3791 2265 percussus,

2245 2271 2290 2317 et
2316 2257 2368 2315 ut
2401 2265 2510 2331 ipse
2538 2265 2670 2315 alios
2702 2257 3268 2334 tractaverat,'peregre
3295 2257 3350 2315 in
3397 2257 3640 2312 montibus
3668 2257 3794 2308 mise-

2245 2335 2396 2388 rabili
2430 2333 2566 2387 obitu
2597 2336 2696 2387 vita
2731 2337 2940 2400 functus
2971 2346 3064 2389 est.

2316 2405 2678 2474 Transferebat
2718 2416 2896 2460 autem
2941 2422 3128 2478 corpus
3171 2405 3452 2478 Philippus
3498 2400 3798 2478 {ollac‘ancus

2245 2480 2356 2548 ejus
2391 2471 2547 2548 :qui,
2581 2486 2811 2531 metuens
2843 2479 3008 2547 ﬁliuni
3032 2471 3328 2544 'Antiochi,
3362 2471 3440 2529 ad
3496 2471 3794 2528 Ptolema'um

2248 2548 2651 2604 Philometorem
2681 2552 2734 2604 iu
2757 2549 3048 2622 eEgyptum
3085 2549 3230 2604 abiit.

2867 2665 3095 2722 CAPUT
3133 2663 3202 2719 Χ.

2319 2760 2650 2817 Machabteus
2677 2771 2867 2824 autem,
2899 2772 2945 2815 et
2978 2763 3202 2828 quicum
3228 2775 3285 2811 eo
3312 2765 3483 2821 erant,
3520 2754 3722 2810 Domino
3761 2768 3804 2805 se

2247 2845 2558 2906 protegente,
2594 2835 2843 2904 templum
2864 2833 3090 2906 quidem,
3123 2843 3168 2885 et
3199 2831 3458 2906 civitatem
3481 2829 3679 2896 recepit.

2322 2902 2453 2958 Aras
2485 2917 2674 2964 autem.
2699 2902 2704 2904 Ἴ
2728 2923 2856 2976 quas
2902 2905 3208 2972 alienigenis
3236 2918 3328 2972 per
3356 2902 3550 2973 plateas
3579 2906 3806 2954 exstruxe-

2247 2987 2386 3051 rant,
2423 2979 2640 3047 itemque
2667 2978 2882 3051 delubra
2912 2976 3188 3051 demolitus
3211 2985 3305 3051 est.
3645 3043 3653 3051 ι
3708 3040 3717 3051 .
3783 3037 3792 3048 θ

2320 3050 2391 3101 ΕΙ
2423 3043 2644 3120 purgato
2669 3047 3040 3121 teinplo,aliud
3068 3047 3234 3121 altare
3257 3047 3492 3121 fecerunt
3516 3052 3596 3121 :_et
3624 3043 3680 3095 de
3705 3043 3809 3121 igni:

2247 3121 2313 3175 tis
2345 3115 2603 3191 lapidibus
2634 3123 2750 3192 igne
2773 3115 3044 3192 concepto,
3092 3118 3354 3186 sacri/icit:
3403 3115 3682 3170 obtulerunt
3715 3118 3809 3192 post

2249 3193 2532 3260 biennium,
2552 3203 2595 3246 et
2621 3195 2901 3259 incensum,
2929 3200 2974 3246 et
3001 3191 3260 3257 lucernas,
3280 3202 3328 3243 ct
3354 3205 3511 3260 panes
3535 3191 3809 3257 propositio-

2170 3270 2219 3335 ί)
2250 3265 2330 3317 nis
2360 3273 2658 3334 posuerunt.

2324 3330 2520 3402 Quibus
2547 3337 2716 3408 gestis,
2749 3335 2998 3408 rogabant
3036 3334 3317 3408 Dominum
3353 3331 3596 3404 prostrati
3638 3330 3686 3408 in
3727 3338 3812 3404 ter-_

2249 3424 2382 3473 ram,
2427 3424 2489 3462 ne
2522 3402 2747 3474 amplius
2789 3402 2976 3461 talibus
3020 3406 3172 3461 malis
3198 3402 3488 3460 inciderent
3519 3419 3536 3457 :
3564 3402 3649 3456 sed
3692 3410 3732 3453 et
3777 3402 3811 3449 si

2247 3480 2456 3548 quando
2482 3489 2794 3546 peccassent,
2824 3489 2879 3532 ut
2905 3478 2967 3532 ab
2995 3480 3106 3544 ipso
3142 3479 3314 3532 mitius
3363 3479 3746 3546 eorriperentur,
3776 3477 3814 3521 et

2248 3567 2348 3604 non
2383 3551 2643 3616 barbaris,
2677 3567 2738 3604 ac
2769 3551 3080 3619 blasphemis
3102 3549 3393 3603 hominibus
3427 3548 3754 3619 traderentur.

2322 3622 2437 3687 Qua
2468 3624 2549 3676 die
2573 3615 2743 3676 autem
2763 3615 3007 3692 templum
3039 3622 3099 3674 ab
3131 3621 3439 3691 alienigenis
3466 3618 3708 3692 pollutum
3727 3615 3814 3692 fui"

2246 3703 2347 3758 rat,
2375 3695 2584 3764 contigit
2627 3688 3374 3778 eadem,dielpuriﬁcatiouem
3417 3688 3551 3760 ﬁeri,
3603 3688 3819 3761 vigesima

2246 3768 2431 3836 quinta
2458 3767 2664 3828 mensis,
2693 3767 2780 3835 qui
2814 3766 2908 3831 fuit
2933 3765 3136 3818 Casleu.

2321 3835 2387 3889 Et
2419 3856 2534 3891 cum
2559 3829 2736 3891 livtitia
2767 3829 2944 3890 diebus
2972 3846 3086 3890 octo
3110 3845 3319 3908 egerunt
3342 3837 3394 3888 in
3440 3833 3645 3888 modum
3673 3829 3816 3908 taber-

2249 3909 2575 3973 naculorum,
2605 3911 2930 3962 recordantes
2957 3908 3092 3974 quod
3138 3918 3254 3960 ante
3299 3909 3564 3962 modicum
3603 3913 3817 3972 tcmports

2248 3981 2383 4034 diem
2408 3981 2681 4033 solemnem
2711 3980 3159 4033 tabernaculorum
3189 3980 3240 4032 in
3265 3979 3526 4034 montibus
3555 3986 3602 4030 et
3635 3977 3681 4027 in
3707 3986 3818 4042 spc-

2247 4053 2412 4105 luncis
2453 4068 2593 4106 more
2615 4051 2897 4106 bestiarum
2926 4062 3153 4122 egerant.

2322 4122 2546 4197 Propter
2591 4125 2729 4196 quod
2775 4115 2997 4193 thyrsos,
3031 4132 3076 4176 et
3115 4138 3288 4197 ramos
3321 4121 3546 4197 virides,
3572 4127 3614 4173 et
3647 4115 3822 4189 palmas

2247 4194 2688 4267 prcvferelmut'ei,
2717 4197 2802 4266 qui
2830 4195 3144 4266 prosprravit
3171 4194 3414 4248 mundari
3447 4195 3612 4246 locum
3635 4201 3789 4267 suum.

2323 4266 2390 4319 Et
2422 4261 2751 4321 decreverunt
2775 4261 3032 4319 communi
3059 4279 3314 4336 pra’cepto
3344 4275 3393 4320 et
3425 4267 3624 4319 decreto
3646 4261 3823 4315 univcr-

2248 4355 2320 4393 δα)
2349 4341 2487 4410 genti
2507 4338 2812 4393 Judworum
2837 4340 3070 4392 omnibus
3103 4339 3254 4390 annis
3280 4353 3436 4408 agere
3466 4337 3729 4410 diesistos.
3761 4400 3771 4410 .

2323 4407 2388 4463 Et
2414 4411 2655 4465 Antiochi
2679 4412 2909 4482 quidem,
2939 4412 3025 4481 qui
3059 4407 3360 4479 appellatus
3381 4417 3457 4464 est
3487 4407 3707 4471 Nobilis,
3729 4407 3826 4454 vilic

2249 4498 2487 4537 excessus
2515 4484 2588 4536 ita
2618 4499 2671 4536 se
2702 4483 2902 4536 habuit.

2324 4555 2480 4607 Nunc
2503 4564 2672 4607 autem
2713 4554 2777 4606 de
2808 4551 3091 4624 Eupatore,
3124 4555 3367 4609 Antiochi
3399 4553 3548 4624 impii
3577 4549 3827 4624 ﬁliosﬁlfffv

2247 4636 2392 4698 gesta
2419 4617 2903 4693 suntmnrabimus,
2959 4617 3240 4682 breviantes
3286 4629 3434 4681 mala
3471 4617 3586 4696 gnte
3623 4623 3672 4675 in
3701 4617 3826 4671 bellis

2249 4711 2390 4770 gesta
2422 4710 2560 4752 sunt.
3772 4756 3799 4770 _,

2329 4770 2610 4843 Ilicienim,
2641 4779 2878 4843 suscepto
2904 4786 3079 4843 regno,
3132 4771 3401 4826 constituit
3446 4783 3599 4843 super
3646 4768 3827 4843 11039130

2248 4844 2390 4914 regni
2423 4842 2636 4913 Lysiam
2666 4835 2979 4912 quemdam;
3020 4841 3281 4898 Phoenicis
3341 4853 3393 4898 et
3459 4835 3628 4912 Suria’
3657 4835 3830 4888 milium

2250 4914 2558 4983 principem.

2324 4987 2466 5061 Nam
2494 4986 2829 5061 Parte-meus,
2855 4987 2943 5061 qui
2974 4987 3240 5061 dicebatur
3275 4987 3477 5054 Macer,
3504 4982 3634 5056 justi
3663 4989 3826 5061 tino-'1';

2249 5074 2370 5128 erga
2396 5057 2610 5110 .Iudwos
2640 5075 2748 5111 esse
2770 5057 3055 5125 constituit,
3075 5068 3125 5112 et
3142 5061 3407 5130 pra'cipue
3429 5065 3638 5130 propter
3662 5057 3830 5118 iniqui-

2251 5140 2406 5183 tatem
2439 5145 2551 5200 qua:
2593 5131 2731 5199 facta
2767 5139 2875 5182 erat
2917 5131 2969 5183 in
3018 5144 3133 5199 eos,
3184 5141 3229 5184 et
3271 5131 3489 5202 paciﬁce
3537 5139 3684 5199 agere
3726 5131 3827 5171 cum

2250 5217 2342 5255 eis.

2322 5271 2428 5328 Sed
2455 5272 2515 5326 ob
2541 5272 2637 5325 hoc
2659 5281 2930 5326 accusatus
2959 5272 3019 5326 ab
3055 5283 3078 5310 ιι
3111 5275 3293 5328 amicis
3335 5272 3481 5345 apud
3509 5269 3826 5345 Eupatorms

2249 5361 2366 5417 eum
2395 5345 2683 5417 frequenter
2708 5346 2939 5417 proditor
2967 5345 3197 5413 audiret,
3232 5364 3290 5401 eo
3319 5341 3463 5417 quod
3491 5341 3713 5417 Cyprum
3733 5348 3830 5417 επε-

2243 5407 2406 5469 ditani
2432 5407 2525 5470 sibi
2550 5434 2578 5468 a
2604 5407 2962 5471 Philometore
2987 5407 3401 5484 deseruissen'et
3432 5418 3503 5470 ad
3535 5407 3831 5484 Antiochum

2249 5488 2497 5541 Nobilem
2543 5492 2827 5544 translatus
2864 5491 3021 5543 etiam
3046 5490 3109 5543 ab
3141 5506 3196 5546 eo
3223 5490 3538 5552 recessisset,
3561 5494 3746 5538 (septeno
3765 5491 3829 5530 vi-

2249 5569 2355 5613 tam
2377 5560 2561 5629 finivit.
3787 5616 3809 5629 λ.

2320 5625 2542 5705 Gorgias
2589 5642 2782 5704 autem,
2831 5651 2948 5689 cum
2977 5643 3108 5689 esset
3157 5633 3264 5688 dna;
3286 5632 3545 5699 locorum,
3575 5625 3832 5693 assumpm

2250 5703 2481 5769 advenis,
2510 5707 2800 5775 frequenter
2823 5705 3038 5762 Juda'os
3063 5706 3364 5762 debellabat.

617 5873 637 5898 η
669 5863 742 5920 Ita
765 5865 1308 5942 echrazcusfprxlcrt
1331 5871 1557 5929 ὑπὸτῶν
1586 5873 1734 5946 φίλων
1768 5888 1782 5924 ε
1813 5871 2008 5942 vulgati
2043 5880 2223 5931 autem
2255 5871 2349 5929 alii
2382 5872 2504 5930 libri
2535 5873 2736 5932 habent
2764 5877 2826 5931 ab
2861 5879 3110 5933 inimicis.
