4036 6330
199 346 281 404 Bi'l
1366 340 1568 404 LIBER
1605 342 1651 405 ll
1690 341 1779 404 MA

1924 338 2269 403 .BASORUM.

253 455 419 509 Judai
470 471 612 528 vero,
668 458 755 528 qui
799 458 1036 511 tenebant
1086 465 1408 528 opportunas
1448 458 1780 525 munitiones,
1810 458 1862 520 Δ

197 534 387 599 fugatos
420 529 486 583 ab
512 527 861 600 Jerosblymis
887 527 1259 598 suscipiebant,
1303 538 1351 583 et
1383 528 1575 584 bellare
1614 539 1780 583 tenta-

196 601 322 654 bant.

254 671 324 725 Ili
352 688 467 725 vero
498 673 588 742 qui
612 681 758 726 erant
788 688 903 726 cutn
930 671 1254 741 Maeliabtco,
1274 690 1363 744 per
1388 673 1645 728 orationes
1674 672 1785 725 Do-

198 742 375 818 minuat
390 753 669 818 rogantes,
684 754 739 797 ut
758 753 883 798 esset
907 744 1005 799 sibi
1019 745 1254 816 adjutor,
1272 742 1523 818 impetum
1549 747 1783 816 fecerunt

196 816 239 869 in
260 815 571 871 munitiones
607 815 976 870 ldunueorum.

255 885 523 957 Multaque
552 888 600 941 vi
639 888 947 955 insistentes,
982 888 1095 942 loca
1129 886 1479 950 obtinuerunt,
1508 903 1784 942 occurren-

192 966 267 1030 tes,
298 962 691 1024 interemerunt,
738 968 787 1013 et
830 974 1001 1015 omnes
1038 960 1194 1014 simul
1237 977 1343 1015 non
1382 961 1551 1015 minus
1604 959 1785 1030 uiginti

191 1028 409 1084 millibus
438 1031 847 1085 trucidaverunt.

253 1101 476 1175 Quidam
493 1110 687 1168 autem,
714 1119 827 1156 cum
852 1103 1201 1175 confugissent
1222 1104 1273 1157 in
1297 1102 1427 1158 duas
1448 1111 1615 1175 turres
1636 1102 1784 1157 valde

192 1174 424 1247 munitas,
445 1189 649 1247 omnem
669 1182 979 1246 apparatum
1002 1174 1070 1227 ad
1096 1176 1493 1247 repugnandum
1516 1174 1779 1247 habentes,

249 1242 582 1317 Machameus
632 1242 712 1300 ad
741 1242 924 1300 eorum
969 1242 1425 1317 expugnationem,
1466 1247 1645 1301 relicto
1695 1245 1785 1299 Si-

192 1332 347 1383 mone,
371 1327 421 1370 et
447 1315 697 1388 Josepho,
724 1318 943 1386 itemque
965 1315 1209 1381 Zachato,
1233 1320 1380 1387 eiqne
1398 1320 1486 1387 qui
1516 1333 1634 1371 cum
1656 1316 1782 1389 ipsis

186 1398 339 1461 erant,
373 1390 502 1443 satis
544 1390 744 1456 multis,
774 1390 880 1461 ipse
904 1391 975 1443 ad
1000 1405 1106 1455 eas,
1136 1406 1250 1461 quis
1284 1391 1508 1461 amplius
1538 1402 1781 1459 perurge-

188 1459 315 1523 bant,
345 1477 546 1530 pugnas
568 1459 845 1515 conversus
865 1470 964 1516 est.

244 1530 315 1584 Ili
348 1548 483 1599 vero,
517 1533 606 1602 qui
634 1549 752 1586 cum
780 1532 993 1587 Simone
1013 1542 1193 1597 erant,
1224 1533 1510 1601 cupiditate
1551 1532 1715 1599 ducti,
1748 1548 1781 1586 a

183 1602 496 1672 quibusdam,
528 1605 615 1674 qui
638 1606 692 1657 in
723 1605 952 1658 turribus
988 1615 1156 1673 erant,
1190 1608 1334 1660 suasi
1369 1612 1492 1658 sunt
1518 1604 1738 1674 pecunia
1762 1620 1781 1658 :

185 1683 223 1727 et
241 1677 567 1747 septuaginta
589 1674 826 1729 millibus
858 1674 1179 1731 didrachmis
1200 1676 1444 1747 acceptis,
1471 1677 1778 1730 dimiserunt

182 1748 420 1819 quosdam
448 1746 697 1819 effugere.

241 1816 370 1891 Cum
390 1816 575 1891 autem
593 1817 898 1873 Machabteo
925 1820 1219 1873 nuntiatum
1251 1830 1378 1874 esset
1406 1820 1543 1889 quod
1583 1820 1775 1891 factum

180 1899 261 1953 est,
278 1889 606 1963 principibus
632 1893 814 1963 populi
838 1891 1184 1963 congregatis,
1213 1892 1494 1957 accusavit,
1521 1889 1659 1963 quod
1686 1905 1776 1962 pe-

180 1962 318 2015 clnia
343 1962 535 2031 fratres
562 1962 910 2016 uendidissent
939 1962 953 2027 ,
981 1963 1294 2017 adversariis
1315 1979 1491 2018 eorum
1522 1962 1771 2017 dimissis.

243 2031 351 2086 Hos
381 2034 540 2103 igitur
569 2033 862 2103 proditores
890 2033 1058 2100 factos
1102 2034 1379 2104 interfecit,
1423 2045 1470 2090 et
1506 2034 1774 2105 confestim

182 2102 296 2157 tluas
318 2102 488 2158 turres
508 2102 799 2173 occupavit,

240 2177 410 2249 Armis
432 2185 629 2243 autem,
655 2191 717 2249 ac
746 2175 987 2249 manibus
1018 2177 1191 2231 omnia
1218 2192 1465 2249 prospere
1488 2177 1690 2248 agendo
1716 2177 1771 2230 in

180 2247 375 2320 duabus
394 2247 769 2320 munitionibus
796 2248 915 2320 plus
939 2264 1092 2320 quam
1121 2249 1301 2319 viginti
1330 2247 1500 2302 millia
1530 2247 1771 2320 peremit.

239 2319 297 2371 At
331 2318 657 2384 Timotheus,
688 2320 778 2390 qui
804 2319 951 2390 prius
987 2337 1021 2373 a
1044 2318 1244 2373 Juda'is
1276 2319 1445 2391 fuerat
1475 2318 1772 2391 superatus,

176 2400 441 2445 convocato
479 2393 708 2446 exercitu
743 2392 1027 2463 peregrina:
1069 2390 1443 2463 multitudinis,
1480 2390 1773 2463 etcongre-

177 2475 282 2531 gato
302 2464 534 2533 equitatu
561 2463 781 2530 Asiana,
807 2461 1016 2517 advenit
1038 2464 1183 2533 quasi
1205 2461 1365 2517 armis
1384 2461 1625 2518 Iudaeam
1650 2461 1774 2533 cap-

174 2541 329 2587 181⁵118.

239 2605 577 2660 Μαειιηιγωιιε
600 2614 794 2673 autem,
820 2614 870 2661 et
888 2607 976 2677 qui
1001 2622 1117 2661 cum
1141 2607 1255 2675 ipso
1281 2616 1453 2675 erant,
1486 2607 1773 2677 appropin-

175 2686 352 2744 quante
386 2677 503 2741 illo,
541 2678 956 2748 deprecabantur
986 2677 1289 2745 Dominum,
1322 2687 1477 2748 caput
1508 2687 1646 2731 terra
1688 2694 1773 2732 as-

175 2697 352 2744 quame
386 2697 503 2741 tuo,
541 2697 604 2731 ae
645 2697 956 2732 rccaoantur
986 2697 1289 2745 uommum,

173 2759 448 2819 pergentes,
488 2697 785 2820 lumfosque
808 2749 993 2803 ciliciis
1018 2750 1306 2821 prmcincti.

237 2822 314 2874 Ad
353 2822 542 2875 altaris
588 2820 1225 2892 crepidinem-pravoluti,
1255 2830 1311 2873 ut
1355 2820 1450 2873 sibi
1489 2821 1770 2892 prapitius,

174 2893 381 2947 inimicis
410 2902 587 2947 autem
606 2908 785 2947 eorum
818 2901 947 2947 esset
971 2892 1237 2960 inimicus,
1270 2900 1315 2946 et
1342 2892 1656 2947 adversariis
1679 2894 1775 2946 ad-

176 2974 406 3027 versetur,
439 2965 575 3019 sicut
601 2964 686 3019 lea:
712 2964 857 3018 dicit.

237 3034 302 3090 Et
322 3039 395 3090 ita
416 3046 539 3106 post
565 3037 873 3103 orationem,
900 3036 1117 3105 sumptis
1135 3034 1538 3106 armis,longius
1558 3034 1622 3089 de
1649 3037 1776 3090 civi-

171 3117 265 3162 tate
283 3105 647 3176 procedentes,
671 3118 717 3161 et
746 3107 968 3174 proximi
990 3106 1220 3161 hostibus
1250 3105 1771 3173 clfectiresederunt.

238 3179 417 3234 Primo
458 3188 631 3233 autem
667 3178 793 3234 solis
841 3187 957 3233 ortu
997 3178 1201 3248 utrique
1234 3178 1599 3232 commiserunt
1644 3195 1663 3233 :
1688 3181 1775 3234 isti

171 3252 372 3322 quidem
394 3251 652 3316 victoriae,
684 3262 731 3305 et
754 3250 1113 3322 prosperitatis
1133 3264 1431 3322 sponsorem
1452 3264 1570 3322 cum
1591 3252 1776 3306 virtute

171 3321 448 3377 Dominum
494 3322 786 3379 habentes:
826 3320 907 3376 illi
951 3330 1124 3374 autem
1162 3320 1349 3375 ducens
1389 3320 1511 3376 belli
1545 3324 1775 3377 animum

170 3394 439 3451 habebant.

236 3464 363 3531 Sed,
394 3482 515 3522 cum
544 3466 813 3531 vehemens
835 3480 1011 3536 pugna
1033 3472 1188 3527 esset,
1220 3473 1575 3533 apparuerunt
1596 3467 1776 3520 adrer-

168 3539 314 3593 sariis
335 3539 403 3593 de
422 3538 554 3593 cmlo
576 3538 669 3592 viri
692 3540 915 3607 quinque
933 3538 989 3591 in
1012 3537 1176 3605 equis,
1203 3536 1362 3605 frenis
1381 3538 1553 3591 aureis
1574 3537 1772 3604 decori,

171 3608 410 3663 ducatum
440 3609 645 3663 Iudaeis
673 3619 975 3678 pra’stantes
1002 3624 1021 3661 :

232 3678 318 3736 Ea:
334 3683 530 3752 quibus
553 3680 659 3735 duo
682 3680 1042 3733 Machabosum
1066 3680 1295 3733 medium
1322 3677 1586 3752 habentes,
1614 3681 1775 3735 armis

166 3754 264 3807 suis
292 3751 703 3822 circumseptum
727 3753 1039 3805 incolumem
1068 3751 1437 3805 conservabant
1458 3765 1477 3803 :
1500 3751 1555 3804 in
1585 3752 1776 3805 adver-

166 3827 325 3880 sarios
355 3836 535 3879 autem
564 3825 691 3890 tela,
725 3833 770 3878 et
792 3824 1019 3893 fulmina
1031 3823 1316 3895 jaciebant.
1343 3838 1407 3895 ex
1430 3838 1531 3893 quo
1555 3832 1605 3877 et
1628 3825 1777 3878 eieci-

164 3904 261 3950 tate
282 3898 522 3967 confusi,
545 3907 595 3951 et
618 3896 800 3967 repleti
825 3893 1211 3967 perturbatione
1233 3893 1502 3967 cadebant.

228 3966 510 4034 Interfecti
557 3966 684 4022 sunt
736 3966 908 4021 autem
952 3967 1131 4038 viginti
1175 3966 1343 4020 millia
1388 3967 1679 4037 quingenti,
1730 3975 1779 4022 et

167 4040 350 4107 equites
372 4041 631 4095 sexcenti.

230 4110 561 4168 Timothteus
614 4127 733 4166 vero
772 4112 1008 4183 confugit
1051 4111 1106 4165 in
1154 4110 1415 4165 Casuram
1472 4111 1781 4181 prtesidium

164 4184 441 4255 munitum,
468 4185 554 4237 cui
578 4194 797 4255 praeerat
822 4184 1081 4238 Oneratas.

227 4254 585 4310 Machabaeus
604 4265 800 4320 autem,
834 4266 883 4308 et
903 4256 990 4325 qui
1020 4270 1134 4309 cum
1156 4270 1216 4308 eo
1236 4263 1405 4323 erant,
1436 4254 1668 4310 instantes
1687 4255 1780 4311 ob-

160 4327 403 4381 sederunt
440 4328 745 4399 prtesidium
773 4327 951 4382 diebus
981 4336 1226 4396 quatuor.

222 4402 288 4451 At
317 4399 402 4466 hi,
450 4401 544 4469 qui
578 4400 719 4453 intus
761 4409 938 4466 erant,
973 4398 1073 4453 loci
1101 4399 1347 4467 ﬁrmitate
1372 4399 1578 4471 con/isi,
1620 4415 1781 4471 supra

157 4471 365 4543 modum
395 4470 811 4533 maledicebant,
842 4481 888 4525 et
918 4486 1180 4543 sermones
1211 4470 1460 4542 nefandos
1482 4470 1777 4543 jactabant.

222 4541 332 4596 Sed
387 4561 520 4597 cum
547 4542 657 4615 dies
682 4543 860 4615 quinta
893 4542 1237 4607 illucesceret,
1268 4541 1451 4615 uiginti
1470 4541 1688 4612 juvenes
1716 4558 1782 4597 ea:

1807 1846 1899 1939 Bt

3376 347 3479 405 διε

1961 456 2300 530 Congregatis
2342 458 2599 530 octoginta
2633 456 2877 530 millibus,
2905 467 2949 510 ct
2974 458 3199 526 equitatu
3231 463 3360 514 unici
3380 481 3483 530 »δυ’

1888 529 2115 603 veniebat
2145 527 2655 603 adversusgiadatos,
2682 529 2982 603 existimans
3010 546 3062 582 se
3085 531 3334 584 ciritateut
3372 527 3486 603 qui;

1896 599 2011 671 dem
2041 610 2247 667 captam
2273 601 2508 671 gentibus
2535 600 2887 653 habitaculum
2911 601 3187 668 facturum,

1963 669 2229 739 Templum
2254 669 2373 725 vero
2399 673 2450 726 in
2485 674 2712 736 pecunia:
2735 680 3008 739 qumstum,
3034 674 3163 726 sicut
3195 681 3378 727 ca’tera
3401 675 3487 727 de-

1885 741 2034 795 lubra
2064 744 2293 814 gentium
2320 743 2640 811 habiturum,
2671 752 2717 794 et
2750 760 2839 814 per
2867 744 3094 816 singulos
3125 761 3286 799 annos
3310 746 3488 800 venale

1884 816 2227 868 sacerdotium
2252 830 2270 868 :

1960 887 2229 956 Nusquam
2272 888 2561 957 recogitans
2606 886 2699 941 Dei
2730 897 3053 957 potestatem,
3095 889 3184 942 sed
3214 898 3382 942 mente
3410 890 3487 955 el-

1886 957 2113 1026 frenatus
2136 958 2189 1010 in
2212 957 2547 1029 multitudine
2569 961 2816 1026 peditum.
2845 972 2891 1013 et
2913 962 2964 1012 in
2989 958 3219 1014 millibus
3241 961 3485 1029 equitum,

1885 1039 1931 1080 et
1964 1028 2017 1101 in
2044 1030 2307 1099 octoginta
2336 1028 2626 1098 elephantis
2654 1033 2956 1101 conﬁdebat.

1958 1098 2235 1170 Ingressus
2266 1111 2438 1155 autem
2463 1101 2723 1165 Juda'am,
2752 1098 2811 1155 ‘et
2844 1104 3165 1173 apprOpians
3193 1103 3482 1172 Bethsura',

1883 1186 1999 1245 qua:
2044 1183 2155 1226 erat
2200 1174 2264 1245 in,
2294 1184 2529 1245 angusto
2555 1173 2689 1239 loco,
2735 1175 2798 1226 ab
2843 1174 3171 1245 Jerosolyma
3215 1178 3486 1230 intervallo

1883 1244 2106 1316 quinque
2131 1244 2438 1316 stadiorum,
2465 1244 2605 1316 illud
2633 1247 2927 1313 pra’sidium
2948 1244 3296 1316 expugnabat.

1961 1312 2029 1368 Ut
2058 1325 2226 1369 autem
2258 1312 2613 1392 Machameus,
2637 1325 2681 1369 et
2710 1319 2932 1392 quicum
2959 1312 3200 1392 coenant,
3241 1337 3485 1392 cognove-

1883 1401 2005 1461 rttnt
2035 1388 2324 1461 expugnari
2372 1387 2634 1461 pra’sidia,
2679 1405 2792 1441 cum
2816 1391 2937 1458 ﬂeta
2967 1400 3014 1442 et
3053 1387 3489 1461 lacrymis'roga-

1884 1456 2004 1535 bant
2036 1455 2335 1535 Dominum,
2367 1455 2793 1535 ct_omnis_turba
2817 1455 2991 1527 simul,
3027 1471 3081 1514 ut
3117 1455 3299 1515 bonum
3330 1455 3485 1535 unge-

1884 1529 1991 1581 lum
2016 1531 2238 1583 mitteret
2261 1530 2329 1582 ad
2356 1528 2573 1583 salutem
2600 1529 2787 1585 Israel.

1956 1600 2023 1674 Et
2051 1602 2159 1672 ipse
2197 1602 2397 1672 primus
2424 1600 2777 1669 Machameus,
2815 1604 3032 1674 sumptis
3061 1606 3240 1672 armis,
3274 1614 3487 1659 cancros

1881 1670 2289 1748 adhortatuses!
2315 1673 2474 1748 simul
2501 1690 2669 1748 secum
2701 1670 2982 1746 pericu/um
3023 1676 3193 1730 subire
3216 1670 3235 1743 ,⁷
3264 1686 3311 1730 et
3349 1677 3485 1748 ferre

1881 1743 2135 1814 auxilium
2170 1744 2420 1814 fratribus
2446 1745 2578 1799 suis.

1955 1813 2183 1889 Cumque
2205 1817 2395 1884 pariter
2420 1826 2662 1889 prompto
2690 1817 2864 1871 animo
2890 1818 3242 1889 procederent,
3275 1817 3488 1873 Jeroso-

1903 1886 2035 1956 ymis
2066 1889 2310 1959 apparuit
2350 1887 2641 1958 praecedens
2677 1905 2762 1943 eos
2792 1886 2945 1959 eques
2978 1893 3031 1944 in
3071 1901 3205 1945 veste
3234 1891 3482 1958 candida,

1879 1958 2039 2011 armis
2067 1960 2238 2012 aureis
2260 1958 2462 2012 hastam
2488 1960 2709 2013 vibrans.

1953 2027 2098 2083 Tunc
2139 2047 2313 2084 omnes
2353 2032 2509 2085 simul
2541 2032 2907 2086 benedia'entnt
2949 2033 3332 2087 misericordem
3380 2034 3487 2087 Do-

1878 2101 2096 2173 minum,
2141 2113 2189 2173 et
2230 2101 2597 2156 convaluerunt
2624 2105 2852 2157 animis:
2890 2120 2991 2158 non
3028 2105 3195 2158 solum
3233 2107 3485 2173 homines,

1875 2172 1965 2225 sed
1994 2182 2042 2225 et
2069 2172 2252 2228 bestias
2282 2175 2647 2243 ferocissimas,
2685 2185 2730 2229 et
2764 2190 2935 2230 muros
2980 2178 3174 2245 ferreos
3204 2179 3374 2248 parati
3403 2172 3491 2249 pe-

1878 2253 2097 2299 netrare.

1949 2313 2106 2369 Ibant
2128 2317 2287 2387 igitur
2314 2318 2561 2391 prompti,
2590 2319 2653 2370 de
2681 2318 2808 2372 coelo
2834 2320 3076 2373 habentes
3098 2320 3411 2391 adjutorem,
3443 2330 3489 2375 et

1877 2386 2202 2459 miserantem
2225 2406 2380 2459 super
2400 2386 2483 2443 eos
2506 2386 2806 2443 Dominum.

1948 2456 2178 2513 Leonum
2212 2456 2381 2535 autem
2404 2476 2546 2535 more
2572 2462 2773 2535 impetu
2795 2464 3045 2517 irruentes
3074 2463 3126 2515 in
3153 2461 3341 2529 hostes,
3368 2480 3485 2535 pro-

1875 2539 2161 2605 straverunt
2193 2548 2255 2585 ex
2294 2533 2365 2585 eis
2406 2531 2639 2585 undecim
2681 2533 2846 2587 millia
2874 2536 3124 2605 peditum,
3173 2544 3222 2589 et
3263 2531 3486 2603 equitum

1888 2601 2029 2655 mille
2053 2613 2336 2657 sexcentos.

1956 2670 2228 2747 Universos
2261 2684 2429 2728 autem
2460 2678 2514 2729 in
2552 2676 2730 2747 fugam
2760 2686 3013 2733 verterunt
3059 2691 3075 2728 :
3104 2676 3279 2747 plures
3318 2688 3487 2732 autem

1874 2759 1943 2819 ea:
1968 2745 2041 2799 eis
2058 2748 2320 2819 vulnerati
2348 2749 2477 2801 nudi
2504 2745 2793 2804 evaserunt.
2830 2749 2937 2806 Sed
2966 2760 3014 2804 et
3040 2745 3145 2819 ipse
3166 2747 3353 2819 Lysias
3376 2759 3487 2803 tur-

1878 2818 2009 2889 pite_r
2039 2818 2239 2889 fugiens
2268 2821 2445 2874 erasit.

1951 2886 2020 2941 Et
2059 2886 2180 2959 quia
2218 2892 2656 2963 nonrinsensatus
2685 2902 2815 2957 erat,
2858 2906 3028 2947 secum
3064 2893 3175 2963 ipse
3218 2903 3486 2962 reputans,

1880 2960 2073 3034 factum
2096 2977 2216 3032 erga
2238 2978 2292 3016 se
2314 2962 2723 3031 diminutionem,
2761 2972 2806 3018 et
2834 2960 3123 3034 intelligens
3146 2960 3357 3019 invictos
3381 2960 3491 3019 esse

1882 3030 2163 3100 Hebraeos,
2180 3035 2540 3106 omnipotentis
2572 3034 2669 3090 Dei
2694 3037 2894 3091 auxilio
2921 3030 3219 3105 innitentes,
3251 3037 3389 3091 misit
3419 3036 3488 3089 ad

1882 3118 1967 3157 €08
2002 3119 2019 3155 .'

1956 3174 2308 3248 Promisitque
2330 3194 2384 3255 se
2403 3193 2768 3255 consensurum
2794 3180 3027 3255 omnibus
3052 3196 3166 3251 qua?
3176 3184 3207 3255 j
3212 3190 3324 3236 usta
3345 3189 3488 3248 sunt,

1802 3232 1850 3299 C
1881 3256 1927 3302 et
1952 3262 2122 3318 regem
2148 3232 2544 3320 compulsurith
2561 3232 2783 3305 amicum
2799 3232 2948 3321 fieri.

1954 3320 2151 3395 Annuit
2174 3332 2347 3395 autem
2382 3322 2714 3378 Machaba'us
2744 3320 2979 3393 precibus
3010 3322 3201 3395 Lysim,
3236 3325 3287 3379 in
3327 3324 3492 3379 omni-

1883 3390 1983 3467 bus
2034 3392 2246 3467 utilitati
2291 3395 2566 3467 consulens
2610 3412 2627 3449 :
2682 3390 3107 3467 et'qutecumque
3162 3390 3493 3452 Machabcrus

1878 3463 2086 3535 scripsit
2114 3462 2285 3535 Lysia:
2307 3466 2370 3520 de
2397 3464 2622 3527 Judteis,
2654 3482 2713 3521 ea
2743 3462 2835 3522 rex
2866 3462 3115 3521 concessit
3145 3485 3163 3522 :

1956 3532 2096 3587 Nam
2127 3532 2271 3611 erant
2298 3538 2503 3611 scripta:
2540 3536 2747 3611 Judtvis
2770 3540 3002 3608 epistola?
3030 3555 3062 3592 a
3090 3537 3247 3611 Lysia
3282 3542 3491 3609 quidem

1881 3604 2021 3681 hunc
2064 3607 2272 3661 modum
2313 3604 2677 3663 continentes:
2721 3604 2903 3681 Lysias
2942 3604 3156 3680 papula.
3183 3604 3491 3668 Judtvorum

1880 3675 2122 3733 salutem.

1952 3748 2210 3816 Joannes,
2234 3760 2281 3805 et
2314 3751 2584 3815 Abesalon,
2615 3755 2701 3822 qui
2728 3754 2869 3807 missi
2898 3754 3099 3823 fuerant
3129 3772 3159 3808 a
3190 3755 3358 3822 vobis,
3388 3766 3493 3809 tra-

1883 3822 2055 3898 dentes
2084 3824 2297 3898 scripta,
2330 3825 2681 3898 postulabant,
2722 3834 2775 3877 ut
2806 3822 3030 3895 ea,rqua:
3056 3840 3145 3891 per
3173 3826 3294 3880 illos
3325 3829 3491 3898 signi-

1881 3892 2194 3966 ﬁcabantur,
2224 3894 2510 3966 implerem.

1959 3963 2306 4037 Qutecumque
2332 3969 2489 4050 igitur
2522 3968 2629 4037 regi
2661 3975 2936 4050 potuerunt
2968 3967 3490 4050 perferri,nea'posui:

1880 4045 1930 4089 et
1950 4052 2068 4111 queo
2093 4054 2173 4111 res
2204 4040 2547 4107 permittebat,
2580 4041 2822 4094 concessit
2853 4040 2961 4111 [AL
2994 4040 3271 4111 concessi].

1958 4107 2019 4163 Si
2050 4110 2209 4180 igitur
2311 4114 2529 4180 negotiis
2560 4113 2715 4181 ﬁdem
2734 4107 3155 4186 conservaverttis
3182 4107 3493 4186 ct'tleinceps

1884 4178 2135 4233 bonorum
2161 4182 2297 4235 vobis
2324 4178 2483 4236 causa
2512 4178 2621 4237 esse
2650 4183 2874 4239 tentabo.

1958 4251 2035 4327 De
2077 4255 2276 4327 ueteris
2318 4263 2490 4308 autem
2538 4272 2629 4326 per
2655 4254 2862 4327 singula
2898 4250 3059 4309 'rerbo
3103 4257 3343 4313 mandari
3389 4268 3413 4295 η
3448 4268 3496 4314 ct

1882 4323 2019 4397 istis,
2044 4334 2088 4377 et
2113 4325 2194 4378 his
2218 4328 2358 4396 quia
2390 4344 2468 4380 nte
2492 4323 2637 4380 missi
2663 4323 2799 4387 sunt,
2829 4327 3053 4397 colloqui
3078 4330 3357 4385 vobiscum.

1958 4395 2095 4473 Bene
2113 4395 2337 4473 fatale.
2365 4399 2513 4452 Anno
2549 4399 2825 4473 centesimo
2869 4395 3266 4473 quadragesimo
3315 4410 3495 4458 octavo

1882 4468 2089 4543 mensis
2106 4466 2361 4535 Dioscuri,
2394 4472 2477 4523 die
2504 4472 2751 4540 vigesima
2774 4482 2816 4525 et
2838 4466 3045 4543 quarta.

1960 4539 2115 4612 Regis
2146 4553 2318 4594 autem
2340 4539 2564 4610 epistola
2582 4544 2680 4597 ista
2700 4539 2992 4597 continebat
3016 4559 3035 4597 :
3063 4542 3176 4598 Rea;
3214 4545 3494 4601 Antiochus

157 4610 249 4688 his,
283 4617 379 4685 qui
412 4631 542 4670 cum
568 4609 874 4688 Machawa
898 4621 1066 4679 erant,
1105 4617 1308 4688 accensi
1322 4609 1529 4667 'aniniis
1572 4625 1783 4688 propter
1807 4625 1864 4688 Ῑ)
1893 4609 2061 4688 Lysité
2082 4613 2231 4682 fratri
2262 4613 2504 4688 salutem.

155 4684 561 4758 blasphemiam,
591 4686 817 4740 viriliter
842 4694 1163 4740 accesserunt
1188 4684 1257 4738 ad
1285 4701 1511 4755 murum,
1541 4695 1591 4738 et
1610 4684 1781 4751 feroci

154 4757 326 4813 animo
354 4757 671 4813 incedentes
696 4758 1057 4814 ascendebant.

218 4828 332 4885 Sed
362 4840 417 4886 et
456 4829 557 4884 alii
592 4830 833 4884 similiter
866 4830 1226 4891 ascendentes,
1277 4838 1466 4896 turres,
1499 4835 1781 4897 portasque

149 4904 476 4957 succendere
503 4902 736 4975 aggressi
772 4910 909 4970 sunt,
937 4910 1089 4972 atque
1138 4903 1278 4971 ipsos
1322 4901 1602 4955 maledicos
1639 4901 1779 4956 vivos

149 4987 518 5029 concremare.

212 5043 322 5101 Per
381 5046 704 5101 continuum
754 5053 929 5099 autem
985 5044 1199 5099 biduum
1248 5043 1495 5113 prwsidio
1556 5053 1777 5110 vastato,

145 5113 497 5173 Timotheum
522 5115 870 5173 occultantem
904 5133 959 5171 se
1004 5118 1055 5169 in
1092 5115 1317 5186 quodam
1360 5124 1621 5185 repertum
1660 5115 1778 5170 loco

145 5204 368 5256 peremat
387 5200 494 5245 unt
526 5207 546 5246 :
575 5200 625 5245 et
652 5192 867 5261 fratrem
895 5189 1038 5243 illius
1065 5186 1352 5254 Cheratam,
1382 5197 1430 5241 et
1457 5186 1782 5259 Apollopha—

144 5278 251 5315 nem
278 5264 628 5317 occiderunt.

215 5333 433 5417 Quibus
460 5335 645 5417 gestis,
676 5332 963 5417 inhymnis
995 5342 1050 5417 et
1071 5330 1481 5417 confessionibus
1516 5330 1783 5417 benedice-

143 5403 261 5479 bant
292 5401 625 5476 Dominum,
659 5407 750 5478 qui
774 5401 961 5479 magna
986 5406 1106 5476 fecit
1127 5405 1184 5458 in
1211 5401 1405 5469 Israel,
1434 5412 1482 5458 et
1514 5402 1780 5459 victoriam

143 5478 281 5534 dedit
305 5479 455 5535 illis.

795 5546 1025 5605 CAPUT
1061 5545 1155 5603 XI.

205 5624 319 5681 Sed
346 5638 533 5694 parvo
559 5631 675 5695 post
703 5630 951 5693 tenipore,
979 5619 1165 5691 Lysias
1188 5628 1505 5695 procurator
1532 5620 1692 5692 regis,
1726 5628 1777 5675 et

141 5692 511 5770 propinquus,
543 5692 608 5770 ac
629 5692 952 5770 negotiarssm
978 5692 1305 5763 prwpositus,
1356 5693 1577 5765 graviter
1607 5694 1778 5763 ferens

140 5769 196 5824 de
218 5767 306 5827 his
334 5767 473 5842 qua:
497 5767 819 5835 acciderant,

1964 4682 2122 4737 Patre
2150 4693 2326 4738 nostro
2360 4686 2492 4739 inter
2528 4686 2647 4739 deos
2679 4686 2946 4750 translato,
2989 4702 3080 4741 nos
3128 4688 3348 4741 nolentes
3385 4704 3495 4753 eos,

1888 4754 1975 4831 qui
2004 4763 2119 4831 sunt
2232 4772 2389 4831 regno
2419 4766 2615 4825 nostro,
2651 4758 2758 4813 sine
2799 4759 3018 4812 tumultu
3054 4775 3226 4831 agere,
3255 4770 3305 4815 et
3346 4760 3493 4814 rebus

1890 4827 1999 4899 suis
2029 4825 2271 4899 adhibere
2294 4825 2640 4899 diligentiam,

1963 4897 2267 4952 Audivimus
2319 4897 2536 4955 Juda’os
2585 4917 2707 4973 non,
2739 4902 3053 4957 consensisse
3101 4902 3237 4973 patri
3274 4917 3404 4968 meo,
3442 4912 3495 4973 ut

1892 4974 2298 5040 transferrentur
2344 4972 2412 5025 ad
2460 4973 2619 5026 ritum
2668 4972 2987 5036 ercornm,
3032 4972 3121 5027 sed
3155 4984 3323 5027 tenere
3365 4972 3495 5027 velle

1891 5057 2045 5116 suum
2066 5044 2376 5109 institutum,
2406 5060 2468 5098 ac
2496 5054 2762 5116 prapterea
2782 5044 3042 5115 postulare
3064 5063 3093 5099 a
3119 5047 3262 5099 nobis
3283 5046 3495 5100 concedi

1888 5114 1985 5167 sibi
2013 5115 2239 5183 legitima
2268 5131 2383 5169 sua.

1978 5184 2210 5241 Volentes
2244 5188 2406 5257 igitur
2451 5190 2584 5243 hanc
2610 5203 2808 5258 quoque
2856 5199 3049 5258 gentem
3095 5189 3317 5257 quietam
3361 5205 3492 5256 esse,

1890 5265 2173 5313 statuentes
2190 5260 2571 5334 judicavimus,
2605 5261 2849 5329 templum
2884 5261 3082 5314 restitui
3106 5262 3241 5334 illis,
3278 5271 3335 5315 ut
3375 5278 3495 5334 age—

1888 5339 2005 5403 rent
2028 5332 2308 5385 secundum
2343 5348 2553 5385 suorum
2575 5334 2831 5403 majorum
2857 5333 3292 5403 consuetudinem.

1964 5400 2105 5455 Bene
2133 5403 2292 5474 igitur
2327 5404 2530 5473 feceris,
2576 5404 2620 5456 si
2656 5400 2864 5455 miseris
2902 5402 2969 5454 ad
3005 5418 3111 5474 eos,
3146 5414 3192 5456 et
3227 5409 3492 5459 dexteram

1890 5474 2095 5527 dederis
2118 5489 2137 5526 :
2156 5472 2222 5525 ut
2252 5472 2460 5543 cognita
2487 5484 2658 5526 nostra
2679 5474 2966 5543 voluntate,
3002 5472 3131 5530 bono
3155 5475 3327 5530 animo
3355 5476 3491 5545 'sint,

1889 5554 1939 5601 et
1968 5544 2274 5598 utilitatibus
2307 5545 2532 5615 propriis
2558 5545 2865 5600 deserviant.

1958 5616 2042 5672 Ad
2069 5615 2280 5670 Iudaeos
2308 5630 2428 5669 vero
2449 5616 2584 5685 regis
2615 5617 2834 5685 epistola
2863 5618 2982 5673 talis
3010 5629 3119 5673 erat
3151 5636 3169 5678 :

1958 5688 2074 5743 Rea:
2096 5688 2377 5743 Antiochus
2404 5688 2603 5743 senatui
2632 5688 2959 5757 Judazorum,
2986 5702 3031 5747 et
3053 5691 3250 5748 caneris
3288 5691 3490 5748 Iudicis

1880 5761 2121 5818 salutem.

203 5902 227 5929 ⁸
265 5889 536 5949 Vocuias
564 5897 610 5945 et
640 5890 753 5946 istis
778 5889 976 5962 vulgati
1001 5888 1092 5949 alii
1123 5890 1249 5950 libri
1278 5898 1481 5960 tacent,
1512 5902 1636 5961 qua:
1664 5893 1779 5947 sunt

1924 5897 1999 5942 eo
2024 5884 2077 5940 in
2099 5882 2312 5952 Graeco,
2350 5883 2555 5946 τούτοις
2583 5904 2635 5941 τε
2672 5885 2757 5940 καὶ
2786 5890 2897 5945 τοῖς
2927 5882 3053 5957 παρ’
3075 5884 3219 5955 ἐμοῦ,
3352 5903 3401 5938 τ.
3435 5883 3479 5933 λ.
