4036 6330
561 316 666 376 5W

1543 315 1603 373 8.
1645 312 2024 374 IIIERONYMI
2064 312 2300 373 DIVINA
2342 312 2818 374 BIBLIOTHECA.
3703 320 3789 375 510

561 433 575 455 "
637 433 699 487 Si
726 432 924 500 valetis,
947 430 1024 487 sic
1042 431 1166 487 estis
1193 436 1248 486 ut
1270 429 1544 488 volumus:
1572 431 1663 487 sed
1686 442 1731 487 et
1758 433 1858 503 ipsi
1878 431 2001 489 bene
2026 433 2161 487 vale-
2189 433 2243 494 Α
2266 429 2965 503 rumlatitudinis,sanguine
2993 426 3382 503 iuterfectorum
3398 427 3788 503 fluere’videremr.

563 520 697 558 mus.

634 574 774 629 Adiit
814 591 905 630 nos
936 574 1226 638 Menelaus,
1260 575 1456 644 dicens,
1488 575 1618 631 velle
1642 590 1732 630 vos
1753 576 2056 631 descendere
2094 576 2161 629 ad

561 658 772 718 vestros,
805 648 893 717 qui
916 656 1033 701 sunt
1059 648 1199 718 apud
1225 663 1338 701 nos.

637 716 737 793 His
763 718 947 793 igitur,
970 719 1061 793 qui
1082 716 1370 793 commeant
1397 734 1559 790 usque
1586 718 1655 772 ad
1846 719 2164 793 trigesimum

564 790 750 844 mensis
778 786 1054 858 Xanthici,
1084 789 1265 845 damus
1297 786 1503 846 dextras
1533 790 1848 845 securitatis.

640 858 710 914 Ut
751 858 929 914 Judcei
969 870 1182 915 utantur
1231 863 1377 929 cibis,
1427 869 1475 915 et
1522 862 1717 931 legibus
1752 862 1880 927 suis,
1935 861 2066 916 sicut
2118 870 2167 915 et

569 933 759 1004 prius:
789 940 836 987 et
874 948 1023 987 nemo
1050 948 1224 986 eorum
1264 932 1375 987 ullo
1406 931 1559 985 modo
1607 932 1895 986 molestiam
1939 932 2167 1004 patiatur

570 1004 636 1057 de
650 1002 765 1076 his,
795 1019 909 1070 qua:
933 1021 1024 1076 per
1047 1004 1395 1076 ignariintiam
1419 1010 1562 1075 gesta
1581 1014 1724 1058 sunt.

636 1073 879 1145 Misimus
909 1072 1085 1130 autem
1097 1086 1146 1130 et
1174 1072 1492 1139 Menelaum,
1515 1076 1606 1145 qui
1631 1091 1720 1129 vos
1740 1072 2058 1144 alloquatur.

642 1144 846 1201 Valete.
875 1145 1023 1201 Anno
1046 1147 1319 1201 centesimo
1348 1144 1742 1217 quadragesimo
1784 1155 1983 1215 octavo,
2020 1145 2171 1200 Xan-

564 1214 689 1271 tltici
718 1218 903 1272 mensis
929 1218 1110 1288 quinta
1148 1219 1349 1271 decima
1375 1218 1478 1275 die.

566 1358 597 1413 ὁ
640 1288 894 1344 Miserunt
925 1297 1099 1342 autent
1121 1290 1279 1344 etiam
1301 1287 1527 1344 Romani
1554 1288 1855 1361 epistolam;
1894 1290 1969 1344 ita
1995 1304 2049 1343 se
2076 1289 2171 1343 hu-

600 1369 768 1413 entem
795 1375 815 1413 :

600 1369 768 1415 entem
795 1375 815 1414 ἔ

642 1430 863 1498 Quintus
896 1427 1190 1503 Memmius,
1222 1442 1271 1487 et
1314 1430 1459 1486 Titus
1493 1430 1741 1486 Manilius
1792 1431 1945 1503 legati
1979 1431 2175 1486 Roma-

572 1518 781 1576 norum,
814 1503 1005 1576 populo
1030 1499 1337 1576 Indworum
1367 1504 1611 1559 salutem.

639 1573 720 1628 De
746 1572 851 1639 his,
879 1572 997 1646 quin
1031 1574 1217 1647 Lysias
1246 1585 1496 1647 cognatus
1546 1574 1686 1647 regis
1729 1574 1979 1630 concessit
2008 1572 2173 1641 vobis,

571 1653 620 1701 et
651 1662 743 1701 nos
774 1647 1139 1702 concessimus.

641 1714 723 1790 De
765 1718 949 1790 quibus
986 1729 1157 1773 autem
1200 1718 1268 1772 ad
1316 1733 1487 1790 regem
1524 1717 1780 1790 judicavit
1821 1716 2172 1790 referendum,

570 1789 844 1857 confestim
868 1789 1093 1858 aliquem
1129 1791 1333 1851 mittite,
1376 1789 1675 1859 diligentius
1704 1790 1837 1844 inter
1872 1805 1961 1842 eos
2001 1789 2178 1859 confe-

570 1871 845 1934 r_entes,_ut
885 1860 1243 1934 decernamus,
1277 1862 1410 1916 sicut
1437 1861 1671 1934 congruit
1696 1860 1835 1915 vobis
1861 1878 1879 1915 :
1907 1877 1999 1914 nos
2037 1862 2175 1915 enim

573 1931 907 1987 Antiochiam
926 1933 1243 1987 accedimus.

651 2002 881 2074 Ideoque
903 2005 1141 2076 festinate
1180 2004 1482 2071 rescribere,
1514 2012 1570 2058 ut
1595 2020 1689 2059 nos
1702 2019 1911 2076 quoque
1939 2004 2169 2058 sciamus

575 2077 725 2149 cujus
747 2076 873 2130 estis
894 2075 1197 2149 uoluntatis.

648 2144 790 2222 _Bene
812 2145 1001 2222 valete.
1038 2147 1198 2222 ginno
1230 2149 1511 2222 centesimo
1554 2147 1951 2222 quadragesimo
1977 2155 2177 2213 octavo,

578 2217 756 2289 quinta
786 2218 985 2273 decima
1012 2219 1101 2273 die
1125 2219 1313 2274 mensis
1342 2216 1611 2275 Xanthici.

1191 2334 1422 2393 CAPUT
1460 2336 1577 2391 XII.

652 2427 755 2503 His
812 2431 963 2502 factis
994 2430 1339 2503 pactionibus,
1386 2429 1569 2502 Lysias
1596 2428 1840 2503 pergebat
1886 2427 1956 2484 ad
1989 2444 2181 2503 regem,

580 2499 759 2558 Iudici
779 2499 952 2574 autem
978 2499 1312 2574 agricultura:
1334 2499 1546 2574 operam
1572 2499 1781 2574 dabant.

656 2574 761 2630 Sed
798 2572 874 2646 hi,
905 2575 992 2646 qui
1014 2571 1329 2646 Iresederant
1351 2571 1375 2639 ,V
1412 2571 1739 2646 Timotheus,
1783 2581 1830 2628 et
1875 2571 2185 2646 Apollonius

584 2644 799 2701 Genntei
824 2643 987 2716 ﬁlius,
1018 2643 1107 2716 sed
1132 2653 1180 2699 et
1215 2644 1585 2716 Hieronymus,
1613 2652 1664 2698 et
1692 2643 2003 2716 Demophon
2031 2658 2186 2715 super

583 2717 696 2787 hos,
725 2726 777 2773 et
810 2714 1043 2771 Nicanor
1069 2714 1545 2788 Cypriarches'non
1568 2714 1807 2770 sinebant
1834 2730 1920 2770 eos
1947 2714 2002 2768 in
2030 2714 2189 2769 silen-

585 2791 656 2843 tio
668 2804 855 2862 _ager_e,
879 2798 928 2842 et
956 2788 1147 2858 quiete.

652 2858 883 2931 Jo'ppita:
908 2874 1029 2931 vero
1051 2862 1158 2914 tale
1186 2859 1456 2931 quoddam
1484 2858 1752 2931 flagitium
1772 2867 2134 2931 perpetrarunt
2167 2872 2187 2912 :

652 2877 883 2931 Joppua:
908 2877 1029 2914 vero
1051 2877 1158 2914 tate
1186 2877 1456 2931 quoaaam
1484 2877 1556 2930 [ta
1595 2877 1748 2912 mum
1772 2877 2134 2929 perpetrarunt
2167 2877 2187 2912 :

582 2942 893 3004 rogaverunt
920 2928 1157 2998 Judceos,
1205 2947 1322 2985 cum
1350 2932 1529 3000 quibus
1556 2877 1895 3004 lgiabitabant,
1911 2930 2189 3004 ascendere

585 3000 831 3074 scaphas,
848 3019 979 3074 quas
1006 3011 1336 3072 paraverant,
1362 3018 1477 3057 cum
1498 3002 1769 3074 uxoribus,
1790 3010 1835 3054 et
1859 3000 2010 3071 filiis,
2035 3000 2187 3071 quasi

588 3072 747 3130 nullis
788 3073 1073 3147 inimicitiis
1106 3075 1241 3128 inter
1269 3091 1354 3147 eos
1385 3072 1788 3147 subjacentibus.

661 3146 965 3203 Secundum
1014 3161 1282 3200 commune
1322 3143 1495 3214 itaque
1539 3145 1801 3214 decretum
1848 3143 2089 3214 civitatis,
2139 3151 2186 3198 et

2209 1830 2257 1893 B

2336 502 2473 557 Inde
2513 498 2855 558 discesserunt
2888 499 3060 555 stadia
3101 498 3414 571 septingenta
3443 501 3792 570 quinquaginta,

2265 584 2312 699 St
2333 583 2575 697 venerunt
2601 575 2654 629 in
2686 572 2921 628 Characa
2947 570 3017 624 ad
3048 586 3156 637 eos,
3196 572 3286 642 qui
3311 570 3537 626 dicuntur
3557 571 3795 641 Tubianai,

2308 664 2339 699 ιι
2380 661 2484 698 tuos
2511 661 2530 698 .·
3230 678 3233 681 ι

2308 661 2484 699 uastos
2511 661 2530 698 .'
3230 678 3233 681 λ

2340 714 2412 770 Ει
2446 714 2771 770 Timotheum
2798 714 3006 784 quidem
3026 716 3080 769 in
3106 711 3214 769 illis
3237 713 3361 767 locis
3396 730 3491 767 non
3513 714 3799 786 comprehen-

2270 787 2478 854 derunt,
2508 788 2994 859 nulloqueinegotio
3022 790 3521 859 perfectoregressus
3549 797 3634 853 est,
3657 788 3801 841 relicto

2267 860 2321 914 in
2348 861 2573 927 quodam
2600 856 2714 912 loco
2745 856 3045 927 firmissimo
3074 856 3337 926 praesidio.

2397 931 2629 985 ositlieus
2656 938 2847 994 autem,
2882 938 2931 983 et
2959 928 3249 996 Sosipater,
3280 930 3367 994 qui
3394 939 3531 983 erant
3551 929 3686 983 duces
3711 945 3805 984 cum

2273 1000 2600 1069 Machabceo,
2646 1009 2974 1071 peremerunt
2997 1017 3032 1054 a
3071 998 3338 1055 Timotheo
3364 1002 3562 1056 relictos
3586 1001 3634 1054 in
3661 1002 3808 1072 praesi-

2271 1072 2381 1139 dio,
2409 1074 2584 1129 decem
2605 1073 2774 1127 millia
2797 1072 2952 1136 viros,

2343 1144 2410 1197 At
2444 1144 2804 1209 Machabceus,
2826 1143 3083 1198 ordinatis
3108 1143 3301 1198 circum
3327 1160 3382 1198 se
3415 1160 3504 1200 sea:
3529 1144 3748 1210 millibus,
3773 1152 3810 1197 et

2273 1216 2565 1289 constitutis
2585 1233 2677 1289 per
2698 1218 2951 1282 cohortes,
2967 1217 3215 1289 adversus
3247 1214 3558 1289 Timotheum
3586 1216 3810 1289 processit,

2275 1286 2545 1343 habentem
2582 1286 2759 1342 secum
2795 1296 2994 1342 centum
3022 1288 3206 1359 viginti
3248 1288 3413 1341 millia
3439 1286 3670 1358 peditum,
3700 1286 3813 1355 equi-

2277 1368 2485 1431 tumque
2511 1360 2616 1414 duo
2641 1359 3164 1431 millia_quingentos.

2347 1426 2567 1503 Cognito
2595 1443 2769 1486 autem
2795 1426 3237 1503 Judw'adventu,
3285 1426 3573 1484 Timotheus
3603 1427 3818 1503 primisit

2277 1499 2543 1568 muliires,
2577 1513 2625 1558 et
2647 1503 2819 1573 filios,
2859 1511 2909 1556 et
2935 1499 3197 1568 reliquum
3240 1510 3565 1573 apparatum,
3598 1500 3646 1554 in
3672 1499 3819 1573 praesi-

2279 1573 2443 1635 dium.
2472 1574 2610 1646 quod
2639 1570 2866 1646 Carnion
2895 1573 3098 1646 dicitur
3117 1587 3137 1627 :
3165 1570 3283 1626 erat
3295 1570 3431 1625 enim
3456 1570 3821 1646 inexpugnabile,

2280 1653 2328 1698 et
2359 1643 2571 1701 accessu
2600 1645 2821 1717 difﬁcile
2834 1653 3053 1717 propter
3078 1644 3312 1717 locorum
3341 1643 3642 1717 angustias:

2353 1716 2582 1788 Cumque
2605 1712 2790 1771 cohors
2817 1712 2974 1771 ludat
3004 1715 3176 1788 prima
3194 1712 3540 1788 apparuisset,
3570 1714 3707 1788 timor
3732 1712 3829 1767 hos-

2282 1786 2415 1842 tibus
2441 1786 2677 1843 incussus
2699 1796 2795 1853 est,
2828 1803 2893 1842 ex
2920 1786 3195 1857 praesentia
3224 1786 3342 1852 Dei,
3371 1787 3457 1856 qui
3496 1786 3709 1840 universa
3734 1799 3831 1857 con-

2283 1860 2459 1931 spicit,
2489 1870 2538 1915 et
2568 1861 2621 1913 in
2653 1861 2831 1930 fugam
2857 1854 3134 1931 versisunt
3155 1858 3290 1911 alius
3310 1854 3681 1931 ab‘alio,ita__ut
3698 1854 3831 1931 magis

2283 1925 2448 2057 ulmis
2477 1925 2841 2054 flejicerentur,
2872 1939 2920 2007 et
2951 1928 3250 1999 gladiorum
3286 1945 3502 1984 suorum
3528 1927 3698 1983 ictibus
3723 1925 3835 1980 debi-

2305 2018 2321 2056 i
2347 2018 2469 2056 aren
2500 2020 2581 2056 ur.

2305 2002 2581 2056 itarentur.

2354 2071 2391 2126 J
2396 2077 2524 2129 udas
2563 2082 2736 2129 autem
2759 2072 3073 2146 vehementer
3099 2073 3327 2146 instabat
3351 2074 3563 2146 puniens
3606 2072 3836 2142 profanos,

2283 2154 2331 2200 et
2360 2148 2636 2218 prostravit
2664 2162 2729 2218 e_:c
2748 2146 2824 2199 eis
2850 2144 3062 2215 triginta
3085 2144 3253 2218 millia
3282 2144 3529 2199 virorum.

2358 2213 2483 2288 Ipse
2516 2233 2634 2273 rero
2662 2213 2961 2271 Timotheus
2999 2215 3183 2288 incidit
3226 2217 3279 2270 in
3325 2226 3497 2285 partes
3525 2213 3761 2288 Dosithei,
3793 2220 3838 2288 et

2287 2283 2606 2361 Sosipatris:
2634 2299 2682 2343 et
2708 2286 3149 2361 multisprecibus
3174 2283 3505 2361 postulabat,
3536 2296 3594 2341 ut
3632 2287 3757 2340 vivus
3775 2283 3842 2337 tli-

2287 2356 2606 2426 mitteretur,
2652 2377 2712 2415 eo
2763 2356 2922 2430 quod
2948 2356 3237 2413 multorum
3280 2375 3346 2414 ea:
3406 2357 3605 2413 Judieis
3649 2364 3843 2430 parentes

2287 2432 2519 2503 haberet,
2548 2449 2610 2486 ac
2638 2429 2847 2503 fratres,
2877 2446 3009 2500 quos
3035 2439 3199 2503 morte
3219 2432 3330 2502 ejus
3352 2430 3521 2498 decipi
3541 2429 3757 2484 eveniret.

2360 2501 2430 2557 Et
2457 2520 2573 2558 cum
2604 2497 2759 2573 fidem
2788 2497 3012 2556 dedisset
3042 2497 3398 2556 restituturum
3431 2497 3486 2556 se
3505 2518 3589 2555 eos
3609 2497 3848 2553 secundum

2288 2576 2649 2641 constitutum,
2683 2573 2904 2629 illaesum
2937 2589 3055 2627 eum
3080 2573 3395 2628 dimiserunt
3431 2581 3634 2644 propter
3660 2576 3847 2641 fratrum

2286 2648 2528 2702 salutent.

2359 2717 2395 2773 J
2401 2720 2531 2774 udas
2551 2728 2723 2775 autent
2752 2731 2985 2787 egressus
3012 2724 3086 2772 est
3111 2716 3181 2771 ad
3205 2715 3462 2785 Carnion,
3506 2714 3768 2787 interfectis
3798 2710 3851 2766 vi-

2291 2790 2422 2863 ginti
2440 2792 2662 2863 quinque
2695 2777 2945 2844 millibus.
3100 2794 3109 2805 ‘

2366 2854 2490 2917 Poit
2532 2854 2716 2917 horum
2756 2864 2960 2933 fugam,
2990 2871 3037 2915 et
3080 2877 3275 2929 necem,
3319 2864 3480 2916 movit
3504 2858 3778 2933 exercitum
3798 2854 3853 2909 ad

2290 2932 2506 3005 Ephron
2538 2937 2792 3005 civitatem
2821 2931 3093 3005 munitam,
3139 2934 3327 3005 inqua
3356 2931 3639 2987 multitudo
3666 2932 3856 3005 diversa-

2290 2998 2406 3059 rum
2430 3006 2659 3075 gentium
2700 3003 3007 3058 habitabat:
3039 2998 3089 3058 et
3126 2998 3325 3059 robusti
3344 3006 3565 3076 juvenes
3608 3017 3696 3073 pro
3722 2998 3855 3053 muris

2293 3079 2646 3143 consistentes,
2682 3076 2883 3146 fortiter
2900 3075 3259 3146 repugnabant
3282 3091 3302 3131 :
3331 3075 3389 3130 in
3427 3078 3526 3130 hac
3567 3082 3725 3127 autem
3761 3085 3856 3123 nta-

2292 3148 2462 3203 china:
2489 3148 2699 3219 multae,
2726 3156 2773 3201 et
2808 3147 3025 3200 telorum
3060 3155 3173 3201 erat
3194 3157 3508 3219 apparatus.

587 3217 716 3294 ipsis
745 3216 1493 3294 acquiescentibus,pacisque
1528 3232 1688 3294 causa
1726 3213 1859 3268 nihil
1879 3225 2186 3294 suspectum
2209 3225 2260 3294 ο
2360 3219 2470 3294 Sed
2495 3236 2613 3294 eum
2661 3213 3489 3294 Omnipotentent_invo'cassent,_
3510 3218 3597 3294 qui
3646 3220 3861 3294 potestate

590 3287 914 3355 habentibus,
939 3304 1054 3341 cum
1082 3289 1137 3342 in
1179 3287 1345 3343 altum
1385 3287 1780 3358 processissent,
1807 3287 2186 3341 submerserunt

592 3376 695 3414 non
727 3360 899 3414 minus
927 3360 1176 3415 ducentos
1197 3376 1216 3414 :

667 3432 837 3499 Quam
888 3429 1245 3486 crudelitatem
1294 3429 1468 3486 Judas
1498 3431 1551 3485 in
1593 3446 1701 3486 sua:
1744 3430 1911 3501 gentis
1958 3428 2191 3486 homines

591 3503 805 3575 factam,
827 3514 881 3556 ut
905 3502 1160 3575 cognovit,
1183 3504 1428 3575 praecepit
1456 3504 1598 3571 viris,
1621 3502 1711 3573 qui
1732 3512 1878 3557 erant
1906 3518 2022 3556 cum
2044 3503 2188 3574 ipso:

595 3583 646 3632 et
674 3576 913 3648 invocato
931 3574 1078 3648 justo
1098 3576 1280 3648 judice
1302 3574 1436 3639 Deo,

673 3646 824 3701 Venit
846 3646 1089 3701 adversus
1110 3647 1462 3718 interfectores
1489 3649 1734 3718 fratrum,
1767 3655 1817 3703 et
1837 3653 2047 3718 portum
2071 3646 2189 3718 qui-

593 3718 709 3791 dem
740 3727 892 3773 noctu
914 3716 1200 3787 succendit,
1241 3719 1464 3791 scaphas
1490 3716 1721 3785 exussit,
1764 3716 1849 3773 eos
1879 3716 2192 3788 autein,'qui

593 3789 659 3845 ab
676 3791 807 3863 igne
830 3792 1154 3863 refugerant,
1186 3789 1366 3862 gladio
1396 3792 1628 3860 peremit.

560 3862 565 3867 ’
665 3861 734 3918 Et
764 3878 879 3917 cum
906 3864 1015 3918 haec
1037 3862 1109 3916 ita
1135 3861 1339 3934 egisset,
1375 3863 1611 3917 discessit
1635 3862 1784 3931 quasi
1812 3861 1997 3916 iterum
2022 3877 2192 3917 rever-

594 3950 774 3998 surus,
804 3946 851 3991 et
884 3934 1143 3990 universos
1169 3933 1420 4005 ’Joppitas
1458 3934 1837 3988 eradicaturus.

671 4005 778 4080 Sed
822 4023 939 4061 cum
983 4002 1317 4080 cognovisset,
1344 4018 1408 4080 Aet
1457 4021 1567 4080 eos,
1615 4007 1706 4076 qui
1750 4011 1895 4080 erant
1935 4002 2185 4080 lamnite,

598 4078 728 4149 velle
748 4080 870 4148 pari
898 4073 1241 4149 modo'facere
1265 4078 1615 4133 habitantibus
1628 4073 1813 4149 secum
1834 4073 2057 4142 ludatis,

664 4148 909 4233 Jumnitis
952 4148 1154 4233 quoique
1184 4160 1339 4233 nocte
1374 4148 1704 4233 supervenit,
1754 4156 1800 4203 et
1842 4156 2193 4233 portum'cum

596 4221 812 4292 navibus
836 4216 1103 4275 succendit
1132 4237 1151 4275 :
1178 4223 1254 4275 ita
1280 4231 1337 4276 ut
1373 4216 1551 4275 lumen
1579 4220 1713 4292 ignis
1743 4226 2018 4290 appareret
2040 4216 2195 4274 Jero-

595 4291 809 4365 solymis
831 4310 863 4345 a
893 4292 1072 4347 stadiis
1100 4293 1333 4365 ducentis
1353 4291 1723 4365 quadraginta.

704 4365 803 4437 nde
821 4380 939 4437 gim
950 4366 1067 4437 jam
1093 4364 1338 4420 abiissettt
1366 4362 1577 4420 ’novem'
1599 4364 1801 4431 stadiis,
1850 4372 1897 4437 et
1933 4362 2029 4437 iter
2055 4365 2195 4437 face-

598 4444 711 4492 rent
734 4436 803 4489 ad
829 4434 1176 4500 Timotheum,
1207 4438 1570 4492 commiserunt
1598 4450 1717 4491 cum
1744 4450 1804 4490 eo
1831 4434 2023 4489 Arabes
2043 4435 2196 4504 quin-

598 4506 893 4581 queniillia
922 4507 1040 4574 viri,
1071 4517 1121 4563 et
1144 4509 1336 4581 equites
1364 4509 1662 4581 quingenti,

672 4579 894 4653 cumque
918 4596 1094 4653 pugna
1112 4578 1286 4653 valida
1313 4576 1479 4650 fieret,
1494 4576 1551 4636 'et
1573 4579 1792 4653 {auxilio
1815 4576 1913 4653 D_ei
1936 4594 2195 4653 prospere

600 4646 851 4719 cessisset,
876 4646 1071 4723 residui
1099 4650 1293 4707 Arabes
1313 4646 1472 4719 victi,
1509 4646 1752 4723 peiebant
1781 4667 1812 4703 a
1837 4646 1982 4703 Juda
2022 4646 2195 4723 dexte-

599 4739 716 4778 ram
735 4723 832 4778 sibi
853 4721 991 4789 dari,
1023 4724 1371 4794 promittentes
1391 4739 1446 4779 se
1467 4721 1662 4796 pascua
1686 4722 1920 4788 daturos,
1950 4730 1996 4775 et
2027 4722 2079 4775 in
2101 4735 2191 4775 ca:-

600 4796 721 4867 teris
744 4798 1066 4867 profuturos.

670 4865 848 4921 ludas
878 4875 1072 4937 autem,
1096 4866 1380 4922 arbitratus
1415 4884 1529 4923 vere
1573 4868 1629 4921 in
1673 4865 1850 4920 multis
1894 4881 1978 4919 eos
2024 4865 2195 4937 utiles,

603 4939 841 5011 promisit
878 4936 1101 5010 paceni:
1127 4939 1424 5011 dextrisque
1448 4939 1690 5011 acceptis,
1718 4937 1994 4993 discessere
2023 4936 2091 4989 ad
2122 4947 2201 4991 ta-

602 5010 877 5066 bernacula
903 5028 1019 5066 sua.

675 5083 958 5155 Aggressus
986 5091 1061 5137 est
1088 5089 1260 5137 autem
1290 5089 1335 5137 et
1371 5083 1627 5138 civitatem
1673 5081 1949 5155 quamdam
1990 5081 2196 5155 firmant

675 5101 754 5155 ag
789 5101 958 5139 ressus
986 5101 1061 5137 est
1088 5101 1260 5137 autent
1290 5101 1335 5137 et
1371 5101 1627 5138 civitatein
1673 5101 1949 5153 quamaam
1990 5101 2194 5151 prmam

604 5101 845 5227 pontigus
866 5156 1125 5227 murisque
1151 5156 1562 5227 circumseptam.
1595 5171 1709 5226 quia
1737 5171 1770 5206 a
1797 5154 1970 5227 turbis
1988 5152 2194 5227 habita-

606 5224 755 5297 batur
775 5226 1001 5296 gentium
1024 5224 1455 5297 promiscuarum,
1488 5230 1573 5281 cui
1600 5224 1783 5280 nomen
1809 5224 2059 5297 Casphin.

679 5293 756 5350 Hi
777 5293 924 5365 vero,
973 5293 1063 5370 qui
1106 5299 1247 5352 intus
1275 5293 1450 5370 erant,
1489 5298 1804 5368 conﬁdentes
1840 5298 1895 5351 in
1921 5294 2198 5370 stabilitate

606 5384 893 5442 murorum,
911 5378 957 5442 et
978 5369 1232 5442 apparatu
1255 5369 1647 5442 alimoniarum,
1670 5370 1935 5425 remissius
1957 5369 2194 5442 agebant,

606 5438 897 5495 maledictis
918 5438 1218 5497 lacessentes
1240 5439 1458 5511 Iudam,
1492 5451 1539 5496 et
1565 5438 2006 5515 blasphemantes,
2032 5457 2094 5494 ac
2115 5440 2195 5494 lo-

604 5522 815 5582 quentes
839 5527 953 5582 quis
972 5515 1051 5582 fas
1081 5523 1298 5569 nonest.

683 5581 1016 5658 Machabaius
1038 5596 1229 5650 autem,
1259 5585 1497 5641 invocato
1518 5602 1703 5658 magno
1720 5586 1901 5658 mundi
1926 5582 2192 5658 Principe,

609 5653 698 5729 qui
724 5656 1128 5729 sine_arietibus,
1160 5666 1208 5711 et
1234 5659 1486 5713 machinis
1514 5653 1821 5729 temporibus
1844 5657 1973 5712 Jesu
2008 5653 2196 5726 praeci-

609 5727 789 5798 pitqvit
817 5723 1047 5792 Iericho,
1078 5728 1228 5782 irruit
1255 5729 1491 5798 ferociter
1520 5723 1682 5783 muris
1711 5745 1729 5782 :

682 5795 752 5851 Et
782 5808 933 5870 capta
960 5801 1161 5854 civitate
1189 5795 1277 5870 per
1302 5799 1511 5855 Domini
1540 5801 1870 5868 voluntatem,
1899 5800 2195 5855 innumera-

611 5867 737 5929 biles
750 5867 914 5930 ccedes
931 5872 1073 5946 fecit,
1090 5870 1165 5927 ita
1175 5867 1229 5929 ut
1243 5870 1491 5946 adjacens
1508 5880 1749 5947 stagnum
1770 5867 2057 5931 stadiorum
2070 5871 2197 5930 duo-

2227 4623 2274 4685 D

2289 3308 2389 3347 sua
2413 3291 2546 3346 vires
2576 3289 2802 3345 hostium
2824 3289 3136 3361 confringit,
3167 3303 3420 3359 ceperunt
3444 3290 3695 3361 civitatein
3715 3303 3732 3341 :
3750 3292 3789 3339 et
3808 3299 3861 3338 ea:

2291 3366 2385 3431 eis,
2427 3364 2518 3435 qui
2558 3364 2696 3417 intus
2742 3370 2910 3431 erant,
2954 3361 3140 3433 viginti
3187 3362 3417 3434 quinque
3455 3360 3625 3416 millia
3660 3366 3862 3429 prostra-

2291 3445 2491 3490 verunt.

2362 3506 2392 3561 Ι
2398 3509 2497 3563 nde
2528 3508 2597 3562 ad
2629 3508 2886 3562 civitatem
2907 3504 3223 3577 Scytharum
3247 3507 3511 3574 abierunt,
3533 3520 3649 3577 qua:
3663 3500 3722 3557 ab
3739 3498 3865 3555 Jero-

2291 3580 2505 3655 solymis
2531 3580 2784 3655 sexcentis
2811 3576 2995 3632 stadiis
3017 3576 3214 3655 aberat.
3260 3649 3270 3655 _
3460 3648 3471 3655 _
3512 3576 3554 3655 _’
3644 3647 3655 3655 _
3773 3643 3802 3655 η

2364 3644 2781 3706 Contestantibus
2816 3659 2992 3703 autem
3035 3646 3136 3714 his,
3180 3649 3270 3717 qui
3322 3648 3471 3719 apud
3504 3644 3869 3719 Scythopolitas

2292 3732 2461 3788 erant,
2485 3721 2711 3789 Judieis,
2732 3721 2868 3791 quod
2892 3719 3107 3789 benigne
3152 3716 3216 3774 ab
3243 3720 3317 3773 eis
3357 3716 3723 3791 haberentur,
3738 3716 3869 3769 etiam

2294 3795 2608 3858 temporibus
2636 3788 2956 3864 infelicitatis
2979 3788 3117 3861 quod
3135 3792 3365 3864 modeste
3391 3807 3569 3846 secum
3594 3788 3813 3863 egerint:

2364 3864 2574 3920 Gratias
2604 3861 2812 3938 agentes
2848 3864 2958 3938 eis,
3005 3871 3053 3916 et
3097 3861 3359 3917 erhortati
3411 3864 3568 3938 etium
3612 3861 3873 3938 decutere

2294 3953 2420 4004 erga
2439 3954 2597 4008 genus
2613 3932 2766 3990 suum
2786 3935 3031 4007 benignos
3050 3949 3180 4008 esse,
3203 3943 3462 3989 venerunt
3482 3932 3842 4003 Jerosolyinam
3856 3969 3869 3993 ,

2296 4009 2381 4062 die
2402 4005 2619 4063 solemni
2640 4005 3049 4076 septimanaruin
3092 4005 3316 4059 instante
3339 4020 3359 4059 .'

2365 4078 2436 4133 Et
2464 4088 2577 4151 post
2610 4074 2949 4135 Pentecosten
2981 4075 3219 4131 abierunt
3241 4086 3428 4132 contra
3455 4074 3716 4151 ,Gorgiain
3757 4085 3872 4142 pric-

2298 4148 2523 4225 positum
2551 4148 2821 4206 Iduma'te.
2996 4219 3025 4225 __
3052 4219 3087 4225 __
3249 4219 3281 4225 ﬂ
3456 4148 3591 4225 ί

2370 4221 2543 4278 Επὶυίι
2564 4230 2729 4278 autem
2751 4236 2868 4277 cum
2907 4219 3160 4293 peditibus
3192 4219 3361 4276 tribus
3395 4219 3634 4276 millibus
3655 4227 3701 4275 et
3721 4219 3881 4289 equiti-

2298 4293 2405 4367 bus,
2418 4295 2831 4367 quadringentis.

2371 4362 2570 4441 Quibus
2597 4362 2903 4441 congressis,
2923 4365 3365 4441 _contigit_paucos
3385 4380 3556 4441 ruere
3577 4362 3878 4441 Judieorum-

2370 4431 2651 4508 Dositheus
2674 4431 2791 4493 iero
2810 4436 3021 4507 quidam
3044 4431 3111 4490 de
3135 4431 3425 4508 Bacenoris
3455 4453 3636 4508 eques,
3682 4436 3756 4508 vir
3790 4431 3884 4501 for-

2298 4511 2386 4575 tis,
2399 4507 2649 4583 Gorgiam
2675 4505 2876 4583 teneth
2889 4526 2908 4563 :
2926 4512 2999 4583 fet
3013 4523 3136 4583 cum
3149 4507 3309 4583 pellet
3330 4508 3489 4583 illum
3501 4505 3693 4583 capere
3710 4505 3878 4563 visum,

2298 4598 2451 4654 eques
2479 4578 2693 4651 quidam
2720 4581 2784 4635 de
2808 4579 3095 4654 Thracibus
3142 4578 3305 4654 igruit
3330 4580 3388 4633 in
3431 4595 3577 4654 eum,
3617 4579 3886 4654 humerum-

2298 4646 2407 4726 que
2418 4646 2531 4726 ejus
2551 4652 2861 4725 amputavit,
2884 4660 3039 4726 t_t_lque_
3061 4651 3132 4705 ita
3147 4646 3373 4726 Gorgias
3395 4650 3587 4726 effugit
3608 4651 3662 4703 in
3677 4647 3881 4726 Μαῖρα.

2374 4716 2592 4789 Δι’ἱιιὶδ,
2621 4716 2706 4794 qui
2731 4716 2857 4778 cum
2880 4716 3079 4794 Esdrin
3117 4716 3287 4794 erunt,
3318 4716 3531 4777 diutius
3552 4716 3885 4794 pugnantin

2302 4804 2350 4868 et
2376 4791 2643 4868 fatigatis,
2670 4796 2927 4850 invocavit
2967 4791 3003 4847 J
3008 4795 3139 4849 udas
3160 4791 3457 4849 Dominum
3485 4791 3813 4865 adjut‘orein,
3849 4792 3891 4840 et

2302 4866 2487 4923 duceni
2514 4866 2635 4922 belli
2665 4868 2777 4936 fieri
2799 4882 2855 4932 δέ

2374 4937 2637 5013 Incipiens
2658 4955 2789 5013 voce
2802 4937 2995 5013 patria,
3026 4939 3079 5013 et
3104 4955 3220 5013 eum
3248 4938 3473 5013 hymnis
3509 4937 3784 5013 clamorem
3816 4946 3893 4986 es:-

2302 5007 2512 5086 tol_lens,
2545 5016 2724 5086 fugam
2747 5007 2957 5086 Gorgiae
2984 5010 3229 5086 militibus
3242 5007 3493 5086 incussit.
3509 5007 3693 5086 udas
3716 5013 3891 5071 autem,

2302 5081 2518 5138 collecto
2546 5080 2795 5148 exercitu,
2837 5080 2974 5135 venit
3002 5082 3058 5136 in
3087 5082 3342 5137 civitatem
3370 5080 3629 5135 Odollant
3660 5095 3677 5132 :
3706 5086 3772 5141 et,
3793 5089 3894 5128 cum

2299 5156 2519 5225 septima
2558 5156 2670 5209 dies
2716 5152 3093 5225 superveniret,
3122 5155 3443 5225 secundum
3485 5149 3897 5207 consuetudinem

2301 5224 2587 5299 puriﬁcati,
2614 5228 2669 5281 in
2690 5226 2873 5299 eodem
2905 5224 3019 5299 loco
3048 5224 3319 5299 sabbatum
3344 5233 3594 5299 egerunt.

2378 5295 2449 5353 Et
2469 5298 2699 5369 sequenti
2721 5297 2804 5352 die
2821 5298 2956 5352 venit
2982 5312 3099 5351 cum
3122 5296 3231 5352 suis
3255 5295 3532 5362 ludas,lut
3554 5307 3773 5369 corpora
3789 5305 3897 5369 pro-

2301 5361 2582 5425 stratarum
2605 5370 2825 5435 tolleret,
2861 5381 3051 5424 etcum
3072 5370 3375 5440 parentibus
3404 5361 3723 5439 poneret‘in
3742 5361 3900 5437 sepul-

2300 5443 2400 5495 cris
2423 5443 2668 5496 paternis.

2372 5458 2682 5567 ἲιξῖῗιξέῗιίῗιί
2713 5519 2884 5566 autem
2922 5511 3016 5568 sub
3055 5511 3245 5586 tunicis
3287 5513 3691 5586 interfectorum
3718 5507 3780 5563 de
3813 5502 3899 5586 do;

2299 5586 2463 5658 nariis
2501 5585 2799 5658 idolorum,_
2825 5599 2950 5655 quin.
2989 5586 3133 5658 apud
3173 5583 3446 5658 lamniam
3480 5588 3719 5658 fuerunt,
3752 5595 3784 5632 a
3806 5583 3903 5658 qui-

2300 5655 2391 5709 bus
2414 5654 2499 5710 lecc
2516 5654 2750 5728 prohibet
2769 5654 2982 5710 Iudaeos
2999 5654 3268 5711 {omnibus
3292 5671 3418 5728 ergo
3443 5656 3784 5725 manifestum
3803 5656 3903 5721 {acc

2298 5736 2411 5781 tum
2439 5726 2533 5795 est,
2564 5726 2626 5782 ob
2646 5726 2781 5781 hanc
2808 5742 3017 5781 causam
3044 5742 3135 5781 eos
3164 5726 3445 5782 corruisse.

2374 5793 2564 5873 Omnes
2591 5799 2759 5873 itaque
2787 5798 3153 5873 benediicerunt
3162 5799 3367 5872 justum
3380 5798 3664 5873 judicium
3676 5793 3899 5861 Domini.

2297 5870 2387 5944 qui
2411 5870 2615 5930 occulta
2640 5870 2834 5945 fecerat
2860 5870 3156 5943 manifesta.
