4182 6338
335 301 435 363 Mi

1514 299 1722 364 LIBER
1762 302 1806 366 ll
1843 302 2414 365 ΜΑΟΙΙΑΜΟΙιυΜ.

3530 307 3636 368 323

400 416 566 497 Atque
587 414 660 468 ita
688 415 756 497 ad
784 428 959 497 preces
977 416 1586 497 conversi..roga_verunt,
1610 432 1666 497 ut
1693 422 1768 487 id,
1797 422 1933 497 quod
1961 424 2012 486 Α
2039 423 2161 479 dam
2191 425 2255 480 de
2283 423 2510 480 Iudaico
2529 421 2778 491 exercitu,
2807 423 2895 494 qui
2924 423 3216 494 requisitas.
3231 429 3632 497 comprehensus

327 486 525 565 factum
555 497 697 565 er_at._
720 486 963 565 delictum
994 487 1239 544 oblivioni
1266 486 1656 565 traderetur.At
1680 486 1796 549 vero
1809 486 1933 565 'for-

325 559 558 612 tissimus
586 557 756 633 ludas
784 557 1092 633 hortabatur
1115 560 1366 633 populum
1387 579 1687 619 conservare
1724 582 1777 620 se
1821 557 1936 621 sine

325 640 560 712 peccato,
592 630 688 685 sub
713 629 879 712 oculis
902 629 1150 712 videntes,
1179 629 1294 705 qua:
1324 635 1462 706 facta
1485 645 1603 690 sunt
1625 654 1718 709 pro
1748 653 1934 707 pecca-

325 703 390 756 tis
404 719 615 774 eorum,
647 703 736 774 qui
760 704 1006 774 prostrati
1035 715 1174 760 sunt.

394 771 463 826 Et
495 777 637 846 facta
660 771 984 846 'collatione,
1023 775 1296 831 duodecim
1326 776 1494 833 millia
1527 779 1802 836 drachmas
1841 797 1932 834 ar-

321 846 461 916 genti
491 843 644 920 misit
673 843 1067 920 .lerosolymam
1105 847 1286 916 offerri
1317 867 1411 917 pro
1441 853 1664 920 peccatis
1704 861 1934 907 mortuo-

322 933 441 1000 rum
464 918 814 989 sacrificium,
854 918 980 975 bene
1007 929 1054 975 et
1080 921 1320 991 religiose
1340 921 1405 976 de
1433 918 1803 979 resurrectione
1840 941 1933 979 co-

321 998 518 1061 gitans.

393 1061 545 1132 (Nisi
572 1063 712 1140 euim
739 1080 846 1140 eos,
870 1065 958 1140 qui
986 1065 1312 1132 ceciderant,
1343 1076 1719 1123 resurrecturos
1747 1085 1931 1140 spera-

320 1143 442 1211 ηιλ-
442 1137 783 1211 superﬂuum
796 1135 1079 1211 videretur,
1098 1149 1146 1194 et
1160 1152 1352 1192 vanum
1373 1156 1524 1195 orare
1547 1156 1640 1211 pro
1668 1135 1932 1210 mortuis.)

391 1205 463 1260 Et
486 1205 613 1277 quia
639 1208 1003 1264 considerabat
1013 1211 1158 1285 quod
1179 1211 1254 1285 hi,
1281 1212 1369 1285 qui
1389 1228 1508 1266 cum
1528 1205 1716 1285 pietate
1739 1205 1936 1266 dormi-

322 1276 512 1359 tioneni
552 1290 880 1349 acceperant,
914 1276 1164 1353 Optimam
1210 1276 1454 1338 haberent
1484 1276 1765 1348 repositam
1808 1300 1930 1355 gra-

325 1357 458 1404 tiam
479 1365 497 1404 .'
1427 1383 1442 1392 ‘

399 1421 600 1478 Sancta
627 1440 749 1495 ergo
768 1466 784 1491 ,
826 1435 875 1480 et
917 1424 1142 1500 salubris
1171 1435 1246 1482 est
1285 1427 1528 1499 cogitatio
1559 1443 1654 1500 pro
1682 1427 1935 1498 defunctis

323 1509 566 1562 exorare,
595 1506 650 1550 ut
679 1513 711 1551 a
735 1498 961 1566 peccatis
982 1499 1269 1554 solvantur.

933 1607 1164 1668 CAPUT
1189 1609 1330 1692 xm.

391 1713 549 1789 Anno
579 1715 860 1789 cent_esimo
888 1715 1284 1789 quadragesimo
1322 1733 1488 1780 nono,
1509 1717 1743 1789 cognovit
1764 1715 1934 1773 ludas

319 1784 642 1860 Antiochum
673 1784 994 1860 Eupatorem
1025 1784 1197 1842 venire
1233 1804 1354 1842 cum
1385 1784 1721 1844 multitudine
1753 1790 1933 1844 adver-

319 1875 407 1912 sus
436 1855 684 1915 Iudaeam
697 1902 713 1927 ,

393 1930 467 2005 Et
493 1949 614 1987 cum
635 1949 696 1988 eo
720 1931 934 2005 Lysiam
962 1941 1372 2005 procuratorem,
1403 1940 1454 1986 et
1479 1933 1818 2002 prarpositum
1846 1950 1936 1990 ne-

319 2003 615 2072 gotiorum,
664 2003 835 2060 secum
895 2005 1162 2060 habentem
1209 2003 1444 2073 peditum
1505 2015 1709 2059 centum
1762 2006 1937 2060 decem

320 2074 492 2149 millia
512 2117 528 2142 ,
581 2085 629 2132 et
668 2078 895 2145 equitum
922 2079 1144 2148 quinque
1173 2076 1358 2144 millia,
1389 2085 1436 2129 et
1463 2074 1571 2149 [ΑΙ.
1609 2087 1712 2131 lac.
1742 2078 1806 2149 et]
1831 2079 1934 2132 ele-

321 2145 546 2221 phdntos
577 2151 760 2221 viginti
781 2145 943 2214 duos,
964 2145 1146 2204 currus
1187 2165 1304 2221 cum
1336 2145 1558 2219 falcibus
1587 2145 1863 2205 trecentos.

394 2218 735 2275 Commiscuit
761 2231 931 2275 autem
961 2237 1014 2276 se
1043 2221 1148 2274 illis
1171 2230 1217 2275 et
1241 2218 1546 2274 Menelaus:
1571 2234 1749 2274 etcum
1772 2222 1936 2275 multa

323 2292 546 2364 fallacia
571 2291 951 2364 deprecabatur
978 2291 1315 2360 Antiochum,
1347 2308 1450 2346 non
1495 2308 1589 2364 pro
1629 2294 1814 2364 patria:
1852 2311 1938 2348 sa-

324 2361 457 2426 lute,
483 2364 574 2418 sed
602 2361 818 2435 sperans
845 2381 901 2419 se
926 2366 1176 2419 constitui
1203 2365 1256 2418 in
1283 2361 1652 2435 principatum.

398 2435 510 2490 Sed
537 2434 638 2492 rex
664 2453 842 2508 regum
863 2438 1130 2508 suscitavit
1151 2437 1350 2491 animos
1365 2434 1611 2490 Antiochi
1633 2437 1684 2489 in
1707 2448 1938 2508 peccato-

323 2522 440 2582 rens
480 2521 502 2559 .'
528 2517 575 2563 et
615 2507 920 2582 suggerente
951 2507 1118 2582 Lysia
1147 2509 1283 2564 hunc
1327 2525 1439 2582 esse
1479 2524 1686 2582 causam
1709 2507 1940 2563 omnium

323 2579 608 2653 malorum,
633 2577 894 2653 jussitlut
914 2581 988 2635 eis
1008 2577 1085 2635 est
1106 2577 1449 2651 consuetudo)
1480 2579 1856 2651 apprehensum
1884 2583 1940 2636 in

320 2651 505 2706 eodem
532 2651 645 2707 loco
673 2654 872 2708 necari.

397 2721 533 2777 Erat
563 2734 734 2779 autem
760 2725 816 2778 in
839 2725 1014 2780 eodem
1043 2726 1158 2780 loco
1189 2725 1350 2780 turris
1377 2723 1754 2796 quinquaginta
1793 2725 1938 2781 cubi-

326 2803 536 2860 torum,
575 2806 848 2869 aggestum
887 2799 1118 2869 undique
1161 2796 1355 2852 habens
1394 2797 1630 2850 cineris:
1669 2796 1780 2851 haec
1817 2815 1940 2869 pro-

326 2875 563 2942 spectum
588 2868 813 2942 habebat
842 2870 895 2924 in
928 2868 1180 2942 prteceps.

400 2937 542 2994 Inde
584 2940 905 3014 incinerem
928 2937 1108 3014 'dejici
1139 2940 1303 3014 jussit
1339 2941 1668 3013 sacrilegum,
1703 2943 1940 2998 omnibus

324 3027 457 3084 cuni
476 3013 880 3084 prapellentibus
911 3012 980 3066 ad
1003 3012 1288 3067 interitum.

406 3081 477 3136 Et
510 3081 747 3159 talilege
769 3085 1217 3159 prevaricatorem
1241 3084 1370 3159 legis
1410 3085 1625 3159 contigit
1654 3088 1812 3153 mori,
1838 3102 1935 3142 nec

324 3163 484 3210 terres
507 3156 625 3210 dari
648 3155 966 3213 Menelaum.

2037 505 2136 555 est.
2169 506 2215 551 et
2243 497 2542 552 conclusus.

2111 566 2310 640 Iterum
2337 585 2428 624 rex
2465 583 2753 624 sermonem
2781 565 2960 622 habuit
2989 568 3058 621 ad
3103 575 3218 640 eos',
3257 570 3346 640 qui
3389 581 3536 627 erant
3578 573 3632 627 in

2039 638 2307 695 Bethsuris
2332 657 2350 696 :
2382 642 2616 696 dextram
2645 640 2788 696 dedit
2812 659 2829 695 :
2860 644 3096 710 accepit:
3124 639 3253 694 abiit
3269 638 3296 695 ξ

2110 713 2375 785 Commisit
2397 729 2515 785 cum
2530 710 2566 766 ,1
2572 712 2677 766 uda
2699 728 2716 766 :
2738 722 3018 785 superatus
3043 720 3140 767 est.
3167 710 3235 768 Ut
3256 721 3426 785 autem
3450 730 3640 785 cogno-

2037 784 2107 838 vit
2131 784 2408 840 rebellasse
2447 782 2756 856 Philippum
2785 784 3120 856 Antiochiae,
3141 785 3232 856 qui
3269 784 3483 840 relictus
3512 782 3636 841 'erat

2035 871 2192 930 super
2223 857 2449 930 negotia,
2483 855 2650 911 mente
2683 865 3060 930 consternatus,
3089 855 3305 930 Judteos
3331 855 3637 928 deprecans,

2038 925 2382 1000 subditusque
2400 929 2496 988 eis.
2507 931 2659 1000 jurat
2685 929 2750 984 de
2770 928 3024 1000 omnibus.
3044 925 3230 1000 quibus
3243 925 3450 1000 justum
3473 931 3639 985 visum

2037 1009 2113 1054 est
2157 1009 2270 1070 :ret
2297 999 2689 1056 reconciliatus
2742 999 2927 1054 obtulit
2971 999 3315 1070 sacrificium,
3371 1001 3642 1056 honoravit

2039 1069 2322 1144 templum,
2351 1080 2399 1126 et
2431 1087 2646 1127 munera
2672 1072 2883 1144 posuit:

2111 1140 2838 1216 Machabteumrdmplexatus
2864 1152 2961 1205 est,
3003 1152 3051 1197 et
3087 1143 3210 1211 fecit
3242 1159 3358 1216 eum
3396 1160 3429 1199 a
3457 1142 3640 1200 Ptole-

2037 1215 2210 1286 maide
2236 1231 2397 1286 usque
2424 1215 2494 1268 ad
2521 1213 2778 1270 Gerrenos
2806 1214 2991 1269 ducem
3015 1223 3063 1269 et
3094 1215 3403 1283 principem.

2114 1285 2181 1340 Ut
2210 1296 2382 1341 autem
2403 1288 2539 1341 venit
2568 1286 2969 1352 Ptolemaidam,
2995 1287 3222 1356 graviter
3249 1286 3485 1358 ferebant
3508 1286 3639 1344 Pto-

2039 1357 2287 1431 lemenses
2313 1359 2558 1414 amicitiae
2583 1359 2993 1425 conventionem,
3028 1357 3389 1429 indignantes,
3425 1375 3489 1415 ne
3507 1361 3641 1431 forte

2039 1430 2206 1500 foedus
2227 1431 2591 1500 irrumperent.

2109 1501 2257 1557 Tunc
2280 1502 2514 1557 ascendit
2536 1501 2724 1573 Lysias
2749 1502 3000 1570 tribunal,
3024 1510 3073 1558 et
3095 1503 3335 1573 exposuit
3357 1505 3636 1569 rationem,

2038 1581 2087 1648 et
2116 1575 2368 1648 p0pulum
2398 1573 2632 1648 sedavit,
2677 1589 3043 1648 regressusque
3084 1586 3158 1628 est
3189 1574 3519 1648 Antiochiam
3548 1593 3567 1632 .'
3593 1588 3640 1632 et

2039 1643 2135 1700 hoc
2163 1643 2317 1702 modo
2345 1647 2481 1717 regis
2507 1643 2782 1718 profectio,
2814 1656 2860 1699 et
2884 1646 3081 1700 reditus
3113 1647 3383 1714 processit.

2632 1753 2863 1812 CAPUT
2902 1753 3044 1810 XIV.

1962 1833 2012 1894 Β
2113 1855 2221 1912 Sed
2241 1867 2365 1931 posi
2381 1856 2593 1931 triennii
2621 1852 2821 1931 tempus
2852 1857 3091 1931 cognovit
3112 1855 3303 1931 ludas,
3334 1868 3378 1913 et
3406 1862 3494 1931 qui
3521 1877 3638 1916 cum

2038 1943 2098 1982 eo
2124 1937 2292 1993 erant,
2327 1928 2653 1984 Demetrium
2685 1927 2895 2000 Seleuci
2922 1945 3040 1982 cum
3067 1927 3634 2000 multitudine'valida,

2038 2010 2086 2054 et
2113 2001 2351 2068 navibus,
2401 2017 2493 2072 per
2533 2008 2740 2073 portum
2784 1998 3014 2070 Tripolis
3058 2002 3353 2058 ascendisse
3405 2004 3474 2057 ad
3521 1998 3636 2060 loca

2038 2081 2360 2143 opportuna.

2108 2143 2180 2200 Et
2197 2146 2433 2218 tenuisse
2472 2145 2706 2218 regiones
2733 2144 2980 2200 adversus
3017 2145 3347 2215 Antiochum,
3381 2157 3428 2201 et
3455 2148 3638 2205 ducem

2037 2217 2150 2288 ejus
2180 2217 2414 2288 Lysiam.

2109 2289 2343 2367 Alcimus
2361 2298 2536 2367 autem
2557 2290 2792 2367 quidam,
2811 2290 2901 2360 qui
2920 2307 3153 2367 summus
3180 2294 3420 2349 sacerdos
3445 2301 3638 2367 fuerat,

2038 2361 2128 2415 sed
2141 2361 2430 2416 voluntarie
2443 2363 2804 2432 coinquinatus
2821 2371 2895 2415 est
2909 2364 3221 2428 temporibus
3235 2361 3638 2432 commixtionis,

2038 2435 2374 2508 considerans
2399 2434 2547 2489 nullo
2576 2435 2729 2489 modo
2751 2433 2849 2488 sibi
2875 2450 2983 2489 esse
3002 2434 3246 2504 salutem,
3276 2454 3439 2508 neque
3462 2456 3639 2495 acces-

2038 2521 2157 2560 sum
2187 2507 2256 2560 ad
2285 2508 2472 2561 altare.

2119 2577 2270 2633 Venit
2301 2579 2369 2632 ad
2415 2595 2588 2657 regem
2629 2575 2951 2657 Demetrium
2997 2579 3272 2634 centesimo
3317 2584 3643 2657 quinquage-

2038 2650 2170 2704 simo
2211 2667 2371 2714 anno,
2416 2651 2639 2718 offerens
2671 2651 2717 2704 ei
2755 2666 3001 2704 coronam
3042 2667 3279 2716 auream,
3307 2650 3358 2708 et
3385 2650 3636 2722 palma'm,

2037 2738 2192 2794 super
2213 2723 2322 2778 haec.
2361 2734 2408 2776 et
2441 2723 2665 2789 thallos,
2709 2722 2798 2792 qui
2842 2722 3016 2794 templi
3055 2737 3164 2777 esse
3201 2724 3525 2782 videbantur.
3572 2727 3638 2782 Et

2038 2795 2152 2865 ipsa
2177 2795 2385 2865 quidem
2416 2795 2499 2849 die
2519 2795 2688 2849 siluit.

2114 2864 2337 2937 Tempus
2377 2878 2551 2939 autem
2592 2876 2942 2939 opportunum
2987 2867 3256 2939 dementia:
3293 2885 3404 2924 sua:
3433 2881 3640 2939 nactus,

2039 2936 2348 3014 convocatus
2390 2957 2423 2993 a
2469 2936 2730 3014 Demetrio
2765 2936 2857 3014 _ad_
2885 2938 3179 3014 consilium,
3213 2949 3259 2995 et
3290 2936 3639 3014 interrogatus

2039 3011 2221 3078 quibus
2241 3010 2397 3065 rebus
2419 3021 2468 3066 et
2495 3010 2726 3065 consiliis
2748 3008 2923 3063 Judwi
2950 3010 3256 3066 niterentur.

2116 3081 2405 3156 iicspondit
2431 3098 2449 3136 :
2480 3081 2613 3156 Ipsi,
2643 3079 3015 3156 qui_dicuutur
3055 3082 3276 3156 Assidtei
3303 3084 3638 3156 Judworum,

2044 3150 2232 3222 quibus
2277 3164 2459 3225 prteest
2489 3150 2658 3208 Judas
2711 3150 3068 3225 Machabwus,
3120 3153 3256 3210 bella
3299 3159 3554 3224 nutriunt,
3595 3150 3641 3215 et

402 3225 720 3304 litgpidem
747 3231 876 3304 satis
901 3230 1044 3304 juste
1070 3245 1087 3284 :
1119 3246 1236 3284 nam
1264 3231 1386 3300 quia
1421 3231 1590 3286 multa
1630 3247 1751 3304 erga
1789 3246 1935 3286 aram
1961 3225 2009 3289 C
2039 3224 2318 3304 seditiones
2344 3237 2577 3304 movent,
2591 3242 2682 3279 nec
2698 3224 2983 3304 patiuntur
3004 3242 3224 3304 regnum
3251 3244 3362 3304 esse
3381 3231 3636 3304 quietum.

334 3298 440 3374 _Dei
459 3299 653 3374 delicta
681 3302 959 3369 commisit,
979 3304 1130 3374 cujus
1157 3298 1314 3374 ignis,
1333 3313 1381 3358 et
1405 3304 1534 3358 cinis
1565 3298 1933 3370 eratsanctus,

324 3371 438 3442 ipse
458 3372 512 3425 in
544 3373 732 3426 cineris
762 3381 923 3427 morte
954 3371 1232 3429 damnatus
1263 3386 1356 3430 est.

403 3442 514 3498 Sed
535 3459 629 3520 rex
659 3453 829 3520 mente
852 3445 1138 3514 effrenatus
1159 3447 1416 3517 veniebat,
1453 3449 1750 3518 nequiorem
1771 3462 1824 3503 se
1845 3465 1938 3520 pa-

327 3523 408 3569 tre
437 3532 535 3570 suo
560 3513 765 3572 Judteis
787 3513 1104 3574 ostensurus.

407 3585 608 3663 Quibus
636 3586 811 3663 ludas
831 3591 1084 3663 cognitis,
1128 3592 1370 3663 prwcepit
1413 3591 1631 3662 populo,
1661 3601 1716 3645 ut
1756 3592 1841 3645 die
1877 3608 1938 3644 ac

329 3668 482 3734 nocte
505 3657 794 3714 Dominum
822 3657 1142 3732 invocarent,
1169 3657 1446 3733 qui,’sicut
1473 3657 1692 3734 semper,
1728 3673 1776 3718 et
1803 3679 1938 3718 nunc

326 3730 612 3801 adjuvaret
639 3747 726 3786 eos
751 3747 768 3785 :

408 3801 612 3876 Quippe
638 3805 727 3875 qui
757 3804 890 3875 lege,
915 3814 962 3859 et
988 3806 1182 3877 patria,
1211 3815 1490 3877 sanctoque
1524 3808 1712 3879 templo
1745 3807 1940 3878 privari

328 3883 632 3930 vererentur
659 3891 677 3950 ς
704 3891 765 3930 ac
808 3879 1082 3950 populum,
1117 3879 1204 3950 qui
1250 3896 1418 3950 nuper
1449 3880 1728 3947 paululum
1771 3879 1938 3950 respi-

327 3956 517 4020 rasset,
550 3964 613 4020 ne
633 3948 823 4002 sineret
853 3948 1168 4020 blasphemis
1194 3948 1380 4005 rursus
1407 3950 1704 4004 nationibus
1731 3948 1901 4005 subdi.

409 4017 862 4094 Omnibusitaque
893 4017 1050 4094 simul
1078 4021 1134 4074 id
1164 4021 1494 4091 facientibus.
1521 4031 1570 4076 et
1597 4023 1883 4094 petentibus
1909 4041 1940 4076 (ι

334 4087 566 4166 Domino
616 4087 1025 4166 misericordiam
1054 4087 1173 4148 cum
1203 4097 1340 4166 fletu
1371 4103 1418 4148 et
1449 4087 1699 4166 jejuniis2
1729 4111 1820 4166 per
1847 4096 1942 4148 tri-

333 4161 500 4216 duum
528 4163 833 4218 continuum
862 4167 1162 4234 prostratis,
1191 4161 1430 4220 hortatus
1450 4161 1534 4221 est
1561 4182 1648 4220 eos
1666 4161 1860 4235 ludas,
1884 4176 1938 4221 ut

330 4249 389 4287 se
414 4245 786 4308 prapaarent.

411 4303 536 4375 Ipse
576 4324 697 4362 vero
725 4324 842 4381 cum
881 4308 1173 4381 senioribus
1191 4309 1444 4381 cogitavit
1471 4311 1616 4380 prius
1654 4326 1808 4381 quam
1852 4327 1943 4366 rex

337 4377 640 4435 admoveret
667 4380 955 4435 exercitum
983 4380 1053 4434 ad
1088 4377 1352 4445 Judteam,
1398 4392 1446 4436 et
1471 4377 1732 4438 obtineret
1759 4383 1938 4437 civita-

340 4458 468 4520 tem.
499 4452 663 4520 exire,
699 4460 747 4506 et
775 4451 985 4506 Domini
1011 4452 1209 4520 judicio
1241 4456 1562 4509 committere
1587 4456 1776 4509 exitum
1807 4455 1902 4508 rei.

412 4519 564 4596 Dans
602 4519 778 4596 itaque
825 4519 1132 4596 potestatem
1170 4527 1399 4580 ontnium
1428 4525 1540 4581 Deo
1569 4525 1752 4580 mundi
1799 4543 1941 4581 crea-

343 4593 469 4668 tori,
487 4603 537 4648 et
557 4593 858 4651 exhortatus
880 4613 1023 4667 suos,
1049 4606 1105 4651 ut
1131 4598 1334 4668 fortiter
1354 4598 1684 4659 dimicarent,
1711 4608 1757 4651 et
1783 4613 1942 4665 usque

336 4664 407 4739 ad
437 4675 656 4720 mortem
677 4683 770 4738 pro
799 4664 1017 4739 legibus,
1042 4664 1252 4739 templo,
1278 4669 1502 4736 civitate,
1527 4671 1722 4738 patria,
1747 4679 1793 4723 et
1816 4664 1941 4724 civi-

338 4735 432 4790 bus
464 4735 687 4805 starent,
719 4735 867 4792 circa
894 4738 1079 4794 Modin
1108 4735 1389 4796 exercitum
1411 4735 1701 4796 constituit.

416 4807 628 4884 Et_dato
651 4811 799 4881 signo
823 4812 936 4865 suis
959 4810 1058 4866 Dei
1078 4811 1324 4884 victorias,
1341 4813 1619 4884 juvenibus
1648 4813 1944 4882 fortissimis

338 4879 552 4955 electis,
572 4879 720 4936 nocte
739 4898 1015 4955 aggressus
1030 4883 1226 4955 aulam
1249 4879 1470 4955 regiam,
1492 4887 1549 4939 in
1573 4879 1755 4939 castris
1783 4885 1946 4939 inter-

341 4951 467 5020 fecit
494 4953 644 5028 _viros
669 4951 896 5028 quatuor
924 4954 1127 5028 millia,
1159 4965 1210 5010 et
1241 4951 1526 5010 maximum
1553 4955 1946 5028 elephantorum

337 5038 459 5099 cum
483 5021 567 5078 his
594 5021 692 5096 qui
713 5027 1028 5099 superpositi
1058 5030 1267 5098 fuerant
1291 5043 1309 5081 :

414 5094 741 5172 Summaque
769 5094 928 5163 metu,
975 5115 1037 5152 ac
1058 5094 1454 5170 perturbatione
1497 5100 1732 5172 hostium.
1769 5112 1942 5154 castra

339 5165 625 5244 reptantes,
654 5165 812 5244 rebus
832 5165 1084 5242 prospere
1104 5172 1284 5244 gestis,
1313 5172 1576 5244 abierunt.

415 5235 536 5318 Hoc
567 5248 742 5318 autem
787 5235 981 5318 factum
1021 5235 1215 5298 est'die
1257 5235 1612 5313 illucescente,
1661 5246 1944 5318 adjuvante

342 5323 460 5384 eum
485 5307 698 5384 Domini
724 5307 1062 5384 protectione.

417 5381 675 5457 Sedrex.
718 5381 922 5456 accepto
978 5395 1129 5457 gustu
1175 5388 1413 5443 audaciae
1450 5387 1790 5455 Judworum,
1834 5397 1945 5442 arte

342 5449 700 5521 difﬁcultatem
727 5449 959 5510 locorum
978 5449 1229 5514 lentabat.

416 5522 486 5577 Et
515 5521 644 5578 Beth
655 5543 806 5604 surae,
839 5544 953 5604 quas
977 5540 1084 5584 erat
1108 5530 1416 5604 Iudaeorum
1440 5533 1745 5604 prasidium
1772 5533 1945 5586 muni-

343 5600 682 5721 tum,bt;ttzstru
703 5600 1027 5669 admovebat,
1051 5603 1141 5657 sed
1164 5600 1459 5676 fugabatur,
1483 5605 1822 5676 impingebat,
1850 5604 1946 5657 mi-

343 5681 472 5720 nora
566 5685 647 5721 ur.

343 5677 647 5724 norabadur.

351 5816 368 5858 ι
397 5737 522 5864 bH‘is
547 5749 744 5811 autem,
770 5744 864 5816 qui
889 5747 1032 5801 intus
1053 5757 1229 5819 erant,
1271 5747 1306 5803 .l
1313 5749 1446 5804 udas
1492 5751 1781 5806 necessaria
1822 5749 1944 5803 mit-

369 5826 393 5862 ε
426 5828 458 5864 a
489 5851 504 5864 .

369 5826 504 5866 eoat.

422 5879 722 5943 Enuntiavit
763 5898 935 5945 autem
973 5893 1221 5963 mysteria
1253 5894 1486 5952 hostibus
1517 5893 1806 5951 Rhodocus
1832 5893 1946 5964 qui-

633 5983 914 6050 PATROL.
961 5988 1212 6054 XXIX.

1971 4633 2024 4696 D

2117 3296 2260 3353 Nam
2286 3310 2332 3354 et
2359 3316 2452 3372 ego
2480 3298 2831 3372 defraudatus
2863 3308 3137 3372 parentum
3167 3297 3336 3370 gloria
3370 3296 3520 3372 (dico
3549 3321 3643 3357 au-
3673 3325 3682 3332 ·

2045 3380 2145 3424 tem
2172 3369 2744 3438 summo'sacerdotio),
2771 3369 2868 3422 huc
2896 3371 3027 3423 veni.

2117 3441 2300 3497 Primo
2330 3445 2538 3512 quidem
2576 3441 2891 3515 utilitatibus
2936 3442 3074 3515 regis
3101 3441 3255 3515 fidem
3287 3461 3528 3513 servans,
3563 3464 3644 3503 δε-

2041 3517 2216 3569 eundo
2246 3511 2419 3569 autent
2447 3517 2602 3569 etiam
2632 3511 2740 3585 [ΑΙ.
2768 3522 2873 3585 lac.
2898 3511 3076 3584 etiam]
3105 3514 3300 3569 civibus
3327 3511 3599 3574 consulens
3623 3538 3641 3574 .·

2043 3603 2165 3642 nam
2192 3587 2402 3641 illorum
2432 3586 2686 3659 pravitate
2725 3584 3019 3640 universum
3061 3601 3221 3656 genus
3260 3597 3497 3644 nostrum
3539 3607 3640 3647 non

2042 3659 2251 3713 minime
2278 3669 2515 3713 vexatur.

2117 3728 2224 3804 Sed
2255 3747 2366 3796 oro,
2390 3729 2481 3804 his
2499 3729 2740 3804 singulis,
2774 3743 2804 3782 ο
2832 3745 2956 3804 rex,
2985 3730 3236 3800 cognitis,
3269 3740 3318 3786 et
3343 3735 3561 3804 regioni,
3598 3746 3645 3790 et

2043 3803 2217 3878 generi
2291 3800 2599 3878 secundum
2637 3800 3010 3855 humanitatem
3069 3811 3210 3855 tuam
3281 3800 3642 3878 pervulgatam

2046 3874 2284 3947 om_m_'bus
2306 3876 2565 3947 prospice.

2117 3944 2282 4008 Nam.
2308 3943 2560 4022 quamdiu
2587 3955 2819 4016 superest
2845 3943 2880 4000 J
2889 3944 3046 4011 udas,
3076 3945 3396 4016 impossibile
3420 3959 3516 4015 est,
3541 3967 3639 4022 pa-

2045 4034 2161 4091 ceni
2175 4035 2283 4074 esse
2310 4020 2550 4091 negotiis.

2121 4090 2337 4146 Talibus
2359 4089 2531 4145 autem
2563 4089 2628 4143 ab
2653 4089 2752 4144 hoc
2781 4089 2955 4154 dictis,
2985 4098 3033 4142 et
3063 4091 3233 4145 caeteri
3266 4093 3443 4158 amici,
3471 4095 3640 4150 hosti-

2048 4162 2166 4217 liter
2191 4181 2247 4219 se
2269 4163 2512 4218 habentes
2532 4162 2778 4216 adversus
2805 4160 3028 4228 ludam,
3057 4165 3506 4233 inflammaverunl
3539 4167 3644 4222 De-

2046 4235 2306 4290 metrium.

2121 4308 2226 4376 Qui
2248 4309 2422 4363 statim
2444 4306 2762 4362 Nicanorem
2784 4305 3119 4378 praepositum
3141 4306 3528 4379 elephantorum
3546 4311 3643 4366 du-

2047 4395 2154 4434 cem
2182 4381 2322 4434 misit
2345 4381 2397 4434 in
2427 4379 2665 4435 Iudaeam
2691 4394 2709 4433 :

2119 4450 2273 4507 Datis
2305 4453 2596 4513 mandatis,
2635 4460 2690 4505 ut
2731 4452 2904 4519 ipsum
2932 4451 3140 4520 quidem
3169 4448 3365 4506 ludam
3399 4464 3642 4520 caperet:

2047 4541 2135 4578 eos
2158 4541 2298 4591 vero,
2323 4525 2548 4594 quicum
2570 4522 2662 4578 illo
2684 4533 2853 4586 erant,
2879 4523 3218 4592 dispergeret,
3241 4535 3289 4578 et
3311 4528 3644 4582 constitueret

2051 4596 2304 4649 Alcimum
2336 4596 2549 4649 maximi
2582 4596 3056 4664 templigsumnmm
3087 4597 3424 4649 sacerdotem.

2119 4665 2492 4742 Tuncgentes,
2512 4681 2628 4742 qua:
2657 4662 2720 4742 de
2747 4662 2936 4742 Juda’u
2965 4669 3201 4742 fugerant
3223 4666 3643 4742 Judam,‘grega-

2049 4739 2140 4792 tim
2163 4754 2216 4793 se
2239 4736 2492 4792 Nicanori
2524 4736 2822 4799 miscebant,
2866 4736 3122 4800 miserias,
3153 4749 3200 4792 et
3228 4739 3401 4793 clades
3423 4736 3643 4796 Judti'o-

2048 4826 2164 4864 runt
2192 4811 2562 4882 prosperitates
2590 4825 3003 4882 rerumsuarunt
3034 4811 3402 4867 existimantes.

2120 4878 2323 4936 Audito
2341 4882 2510 4952 itaque
2528 4878 2704 4936 Judazi
2738 4879 3025 4952 Nicanoris
3046 4881 3290 4945 adventu,
3320 4893 3366 4936 et
3393 4896 3644 4940 conventu

2049 4955 2341 5022 nationum,
2366 4951 2627 5025 conspersi
2659 4962 2795 5007 terra
2823 4951 3073 5022 rogabant
3101 4969 3236 5013 eum.
3272 4955 3360 5020 qui
3393 4957 3644 5024 populum

2047 5043 2202 5080 suum
2223 5025 2511 5086 constituit,
2532 5033 2587 5079 ut
2609 5025 2659 5078 in
2687 5033 2938 5096 aeternum
2961 5025 3260 5094 custodiret,
3286 5027 3475 5096 quique
3495 5046 3646 5084 suam

2051 5100 2339 5171 por_tionem
2363 5098 2526 5170 signis
2553 5095 2870 5171 evidentibus
2898 5097 3136 5171 protegit.

2123 5167 2425 5240 Imperante
2442 5179 2615 5240 autem
2628 5168 2786 5240 duce,
2813 5168 2986 5220 statim
3011 5167 3133 5221 inde
3156 5178 3439 5237 moverunt,
3463 5189 3648 5229 conve-

2051 5252 2336 5313 neruntque
2360 5240 2428 5296 ad
2455 5239 2726 5313 casteilum
2749 5239 2972 5313 Dessau.

2125 5309 2309 5370 Simon
2335 5329 2450 5367 vero
2479 5317 2642 5384 frater
2667 5311 2827 5366 Iuda:
2852 5309 3177 5384 commiserat
3198 5329 3316 5366 cum
3350 5313 3647 5373 Nicanore:

2052 5386 2142 5440 sed
2170 5381 2488 5439 conterritus
2516 5393 2588 5440 est
2619 5384 2885 5454 repentino
2913 5381 3137 5436 adventu
3165 5385 3604 5444 adversariorum.

2127 5457 2360 5512 Nicanor
2385 5465 2576 5519 tamen,
2610 5457 2825 5508 audiens
2862 5455 3098 5508 virtutem
3125 5459 3369 5512 comitum
3399 5457 3574 5524 Jutla',
3604 5475 3652 5519 et

2054 5530 2216 5583 animi
2248 5527 2676 5599 magnitudinem,
2719 5542 2872 5599 quam
2915 5541 3007 5599 pro
3052 5530 3236 5598 patria:
3283 5533 3650 5592 certaminibus

2053 5598 2610 5671 habebant,sanguine
2633 5598 2892 5671 judicium
2924 5598 3093 5668 facere
3117 5601 3391 5658 metuebat.

2129 5668 2474 5740 Quamobrem
2521 5668 2772 5742 praemisit
2814 5668 3183 5738 Posidonium,
3223 5683 3268 5726 et
3293 5672 3646 5735 Theodosium

2057 5745 2164 5818 {AL
2197 5741 2595 5818 Theodotium],
2633 5752 2683 5797 et
2723 5741 3030 5809 Matthiam,
3062 5752 3119 5796 ut
3170 5742 3352 5800 darent
3404 5750 3645 5818 dextras,

2053 5816 2205 5887 atque
2230 5816 2540 5887 acciperent.

2127 5887 2196 5944 Et
2221 5885 2352 5944 cunt'
2378 5888 2468 5942 diu
2499 5886 2565 5944 de
2593 5885 2673 5943 his
2702 5887 2977 5945 consilium
3007 5898 3270 5962 ageretur,
3303 5899 3348 5946 et
3385 5891 3497 5960 ipse
3538 5896 3649 5954 dux

2978 5983 3053 6042 17
