4182 6338
522 342 629 405 528

1526 340 1587 399 S.
1629 336 2015 401 HIERONYMI
2052 333 2292 397 DIVINA
2329 332 2807 398 BIBLIOTHECA.

3719 320 3825 388 624

514 458 584 514 ad
615 455 999 517 multitudinem
1029 454 1312 523 retulisset,
1345 438 1575 512 omnium
1604 460 1712 510 una
1734 455 1832 528 fuit
1863 455 2118 510 sententia
2146 456 2194 515 Α
2222 453 2532 506 ininatorem
2552 451 2767 528 vitreae
2795 448 3036 528 spiritus,
3067 456 3126 503 ut
3153 446 3266 503 hate
3298 445 3388 502 illi
3412 442 3605 503 iterum
3634 446 3822 501 redde-

516 529 758 585 amicitiis
789 544 1035 582 annuere.

592 599 777 672 Itaque
799 601 934 654 diem
962 600 1366 667 constituerunt,
1389 615 1494 670 qua
1526 608 1723 655 secreto
1752 600 1887 654 inter
1911 615 1967 655 se
1993 615 2116 671 age—

517 685 653 738 rent,
678 682 725 727 et
757 672 978 745 singulis
1005 672 1146 745 sellae
1168 672 1389 745 prolata:
1417 680 1560 735 sunt,
1584 680 1631 726 et
1654 673 1856 744 positae.

593 742 857 814 Prwcepit
872 755 1046 798 autem
1065 742 1103 799 Ι
1104 744 1235 799 udas
1258 750 1488 797 armatos
1510 759 1618 799 esse
1634 742 1763 797 locis
1781 744 2114 811 opportunis,

521 835 585 875 ne
611 818 744 888 forte
777 816 842 870 ab
875 815 1106 871 hostibus
1133 826 1345 886 repente
1379 815 1505 869 ntali
1539 815 1737 885 aliquid
1777 815 2045 869 oriretur:
2071 824 2120 870 et

519 903 810 959 congruum
840 888 1154 955 colloquium
1186 892 1437 958 fecerunt.

593 956 900 1019 Horabatur
946 969 1116 1014 autem
1162 956 1402 1014 Nicanor
1452 956 1799 1030 Jerosolymie
1823 998 1837 1021 ,
1888 957 2121 1027 nihilque

517 1033 694 1107 inique
721 1033 1247 1107 agebat,_gregesque
1294 1030 1587 1099 turbarunt,
1632 1046 1750 1103 qua
1791 1039 2123 1107 congregatae

518 1103 994 1177 fuerantfdimisit'.
1066 1103 1092 1177 λ
1165 1175 1171 1177 _
1472 1146 1491 1167 .,

598 1175 835 1233 Habebat
862 1183 1035 1230 autem
1062 1174 1093 1230 .l
1102 1175 1262 1230 udam
1287 1191 1487 1247 semper
1509 1174 1726 1237 charum
1755 1190 1823 1229 ex
1846 1174 2049 1242 animo,
2078 1184 2125 1230 et

523 1256 635 1303 erat
669 1249 781 1303 viro
808 1248 1114 1303 inclinatus.

596 1320 914 1403 Rogavitquc
939 1336 1054 1403 eum
1080 1319 1265 1403 ducere
1287 1335 1524 1386 uxorem,
1552 1319 1795 1402 filiosque
1826 1334 2122 1403 procreare.

528 1391 760 1458 Nuptias
785 1392 929 1462 fecit,
960 1392 1129 1461 quiete
1159 1393 1281 1463 egit,
1312 1393 1755 1460 communiterque
1792 1391 2055 1463 vivebant.

594 1464 826 1517 Alcimus
856 1472 1049 1530 autem,
1080 1461 1258 1517 videns
1302 1463 1605 1516 charitatem
1640 1463 1854 1517 illorum
1885 1461 1953 1514 ad
1990 1462 2126 1515 invi:

524 1551 656 1603 cem,
680 1544 729 1590 et
755 1536 1142 1603 conventiones,
1176 1536 1311 1590 venit
1330 1536 1400 1587 ad
1430 1532 1776 1598 Demetrium,
1806 1543 1855 1586 et
1882 1534 2084 1587 dicebat
2111 1548 2128 1585 :

527 1607 851 1663 Nicanorem
899 1608 1049 1662 rebus
1094 1607 1277 1662 alienis
1327 1608 1601 1680 assentire,
1642 1603 1941 1675 ludumque
1984 1604 2133 1680 regni

526 1680 894 1734 insidiatorem
919 1694 1269 1734 successorem
1299 1678 1398 1733 sibi
1431 1679 1734 1737 destinasse.

598 1749 787 1821 Itaque
820 1768 913 1805 rex
943 1761 1297 1822 exasperatus,
1330 1759 1378 1807 et
1424 1750 1659 1817 pessimis
1698 1749 1856 1821 hujus
1885 1749 2135 1822 crimina-

527 1820 746 1877 tionibus
776 1824 1035 1887 irritatus,
1069 1820 1288 1894 scripsit
1334 1822 1613 1887 Nicanori,
1666 1820 1862 1887 dicens,
1906 1820 2134 1893 graviter

529 1894 734 1978 quidem
772 1910 825 1978 se
854 1897 988 1978 ferre
1025 1895 1105 1977 de.
1128 1895 1373 1977 amicitia:
1415 1894 1787 1978 conventione;
1820 1895 2007 1978 jubere
2048 1900 2133 1945 ta-

530 1983 645 2022 men
674 1964 1031 2021 Machameum
1058 1967 1212 2019 citius
1236 1967 1461 2019 vinctum
1482 1966 1683 2019 mittere
1712 1964 2066 2019 Antiochiam.

603 2036 804 2110 Quibus
826 2038 1070 2110 cognitis,
1103 2036 1337 2091 Nicanor
1356 2038 1809 2102 consternabatur,
1836 2044 1883 2089 et
1909 2036 2136 2110 graviter

533 2109 746 2179 ferebat,
777 2110 823 2163 si
867 2106 946 2176 ea,
980 2126 1094 2180 qua:
1126 2117 1488 2176 convenerant,
1535 2110 1689 2163 irrita
1737 2106 1953 2179 faceret,
2003 2106 2137 2161 nihil

536 2183 691 2237 laesus
714 2198 747 2235 a
778 2181 914 2247 viro,

607 2252 714 2307 Sed
742 2254 864 2324 quia
888 2252 999 2323 regi
1030 2253 1267 2306 resistere
1298 2269 1400 2306 non
1430 2260 1662 2320 poterat,
1694 2250 2136 2324 opportunitatem

607 2269 714 2307 aea
742 2269 864 2377 luta
888 2269 998 2323 regt
1030 2269 1267 2306 resistere
1298 2269 1400 2306 non
1430 2269 1631 2320 pateras

534 2324 751 2396 observa
779 2334 855 2396 at,
878 2340 981 2395 qua
1011 2335 1321 2395 prtereptum
1342 2324 1521 2396 perfici
1533 2334 1631 2379 ret.

606 2396 671 2453 At
695 2393 1054 2460 Machabaaus,
1089 2393 1268 2451 videns
1300 2393 1475 2449 secum
1499 2395 1756 2451 austerius
1786 2410 1941 2468 agere
1972 2393 2140 2448 Nica-

532 2483 740 2535 norem,
773 2478 820 2522 et
862 2478 1160 2523 consuetum
1202 2484 1475 2521 occursum
1522 2468 1747 2537 ferocius
1792 2466 2132 2531 exhibentem,

529 2539 818 2609 intelligens
848 2555 954 2593 non
981 2557 1043 2594 ex
1078 2540 1208 2594 bono
1238 2551 1347 2594 esse
1377 2540 1729 2593 austeritatem
1749 2539 1922 2605 istam,
1956 2538 2138 2610 paucis

532 2626 748 2671 suorum
777 2613 1125 2681 congregatis,
1153 2613 1430 2665 occultavit
1460 2629 1513 2665 se
1539 2627 1571 2664 a
1596 2610 1882 2665 Nicanore.

611 2681 766 2749 Quod
787 2699 904 2737 cum
927 2683 1019 2738 ille
1048 2684 1285 2753 cognovit
1313 2684 1516 2750 fortiter
1540 2698 1594 2737 se
1615 2700 1648 2737 a
1668 2684 1780 2736 riro
1801 2689 2136 2754 praventum,

536 2756 671 2810 venit
699 2754 768 2810 ad
794 2754 1081 2809 maximum
1108 2765 1154 2809 et
1176 2756 1560 2809 sanctissimum
1583 2755 1830 2826 templum
1852 2769 1871 2806 :
1894 2763 1941 2826 et
1964 2769 2140 2826 sacer-

538 2825 743 2910 dotibus
770 2828 955 2910 solitas
996 2826 1193 2881 hostias
1247 2825 1603 2895 offerentibus,
1643 2828 1803 2897 jussit
1847 2825 1945 2880 sibi
1997 2825 2139 2883 tradi

538 2908 725 2955 virum.
783 2908 792 2918 ’

611 2968 811 3035 Quibus
836 2985 953 3023 cam
996 2972 1301 3041 juramento
1342 2970 1648 3033 dicentibus,
1706 2969 1903 3041 nescire
1948 2985 2003 3041 se
2051 2967 2140 3022 ubi

540 3051 668 3097 esset
689 3043 779 3112 qui
805 3038 1132 3110 quivrebatur
1167 3042 1444 3112 extendens
1484 3056 1701 3094 ntanum
1724 3038 1792 3093 ad
1830 3039 2098 3107 templum,

607 3111 837 3179 Iuravit,
864 3114 1043 3166 dicens
1074 3128 1091 3167 :
1127 3112 1245 3166 Nisi
1273 3111 1472 3166 ludam
1502 3112 1628 3166 mihi
1654 3113 1881 3166 vinctum
1910 3112 2138 3166 tradide-

540 3185 675 3251 ritis,
702 3185 843 3240 istud
876 3184 969 3237 Dei
993 3188 1176 3255 fartum
1206 3186 1261 3237 in
1290 3185 1558 3255 planitiem
1586 3184 1860 3243 deducam,
1891 3191 1936 3236 et
1957 3182 2140 3255 altare

540 3254 810 3328 effodiam,
841 3264 894 3328 et
921 3254 1169 3328 templum
1191 3254 1295 3328 hoc
1323 3254 1506 3309 Libero
1536 3256 1672 3328 patri
1703 3254 2031 3328 consecrabo.

615 3326 684 3382 Et
722 3327 802 3381 his
841 3327 995 3380 dictis
1037 3326 1185 3382 abiit.
1219 3325 1544 3382 Sacerdotes
1567 3336 1738 3385 autem
1768 3325 2138 3397 protendentes

543 3414 726 3452 manus
756 3398 812 3450 in
841 3398 1045 3461 cwlum,
1080 3398 1385 3453 invocabant
1416 3415 1571 3471 eum,
1600 3399 1689 3469 qui
1714 3414 1913 3469 semper
1943 3415 2142 3471 propu-

544 3478 731 3542 gnator
754 3480 883 3542 esset
908 3471 1075 3542 gentis
1104 3471 1359 3539 ipsorum,
1382 3471 1492 3523 lues
1520 3470 1780 3542 dicentes:

619 3540 727 3607 Tu,
764 3540 985 3596 Domine
1015 3542 1403 3607 universorum,
1446 3541 1535 3611 qui
1562 3540 1759 3596 nullius
1797 3540 2022 3613 indiges,
2052 3558 2145 3596 vo-

549 3613 691 3684 luisti
725 3613 971 3684 templum
1000 3614 1345 3669 habitationis
1370 3623 1474 3668 tua:
1502 3613 1619 3683 ﬁeri
1645 3614 1702 3667 in
1725 3614 1890 3684 nobis.

618 3682 689 3738 Et
718 3682 882 3748 nunc,
917 3694 1093 3739 sancte
1134 3695 1430 3740 sanctorum
1463 3682 1693 3739 omnium
1726 3683 1971 3748 Domine,
2021 3701 2146 3740 con-

544 3771 690 3812 serva
702 3756 763 3829 in
785 3765 1031 3812 teternum
1050 3756 1378 3829 impollutam
1407 3757 1620 3813 domum
1639 3757 1816 3825 istam,
1839 3773 1956 3828 quia
1978 3774 2144 3826 nuper

548 3828 801 3885 mundata
825 3836 918 3883 est.

621 3899 815 3956 Rasias
843 3906 1015 3972 autem
1040 3901 1256 3972 quidam
1285 3900 1349 3954 de
1388 3899 1678 3955 senioribus
1708 3900 1772 3956 ab
1798 3897 2144 3971 Jerosolyinis

2220 535 2294 578 ret
2313 540 2333 580 :
2358 533 2513 594 atque
2544 525 2614 578 ita
2644 525 2754 578 vita
2774 520 3053 593 defunctus
3074 527 3171 575 est.

2823 630 3052 691 CAPUT
3108 629 3226 687 XV.

2294 736 2529 792 Nicanor
2553 745 2746 800 autem,
2774 746 2831 789 ut
2859 736 3112 805 comperit
3135 733 3334 789 Iudam
3359 746 3467 791 esse
3486 733 3541 788 in
3568 732 3699 805 locis
3719 734 3828 790 Sa-

2222 811 2423 873 marite,
2455 810 2699 875 cogitavit
2737 824 2861 863 cum
2903 800 3046 863 omni
3078 810 3274 878 impetu
3313 805 3403 859 die
3444 800 3651 861 sabbati
3687 822 3833 860 com-

2223 882 2423 935 mittere
2450 880 2665 935 bellum.

2293 952 2498 1007 Iudicis
2522 969 2659 1025 vero,
2683 953 2771 1023 qui
2792 952 2943 1025 illum
2962 968 3056 1025 per
3083 952 3440 1025 necessitatem
3462 950 3829 1025 sequebantur,

2224 1025 2517 1079 dicentibus
2547 1041 2563 1077 :
2600 1022 2701 1077 Ne
2727 1025 2803 1078 ita
2834 1022 3099 1094 ferociter,
3143 1032 3190 1077 et
3221 1023 3444 1077 barbare
3491 1022 3697 1091 feceris,
3742 1023 3835 1078 sed

2226 1099 2474 1151 honorem
2504 1097 2669 1151 tribue
2699 1097 2801 1151 diei
2846 1096 3303 1165 sanctificationis,
3340 1104 3387 1149 et
3438 1094 3640 1149 honora
3678 1111 3797 1149 eum
3820 1136 3835 1161 ,

2227 1168 2324 1240 qui
2346 1170 2588 1222 universa
2609 1169 2861 1240 conspicit
2887 1183 2905 1223 :

2300 1239 2403 1295 Ille
2430 1239 2620 1308 infelix
2646 1237 2982 1313 interrogavit
3010 1282 3025 1306 ,
3076 1240 3121 1295 si
3147 1247 3227 1295 est
3270 1245 3453 1311 potens
3479 1237 3534 1293 in
3563 1238 3714 1306 coelo,
3747 1239 3839 1311 qui

2230 1313 2503 1384 imperavit
2529 1316 2614 1384 agi
2634 1313 2774 1366 diem
2800 1312 3157 1384 sabbatorum.

2304 1382 2375 1455 Et
2404 1381 2835 1455 respondentibus
2865 1382 3014 1438 illis:
3047 1383 3137 1438 Est
3183 1381 3443 1437 Dominus
3474 1383 3616 1439 vivus
3644 1385 3757 1455 ipse
3781 1382 3839 1437 in

2232 1454 2358 1529 cinia
2386 1454 2587 1529 potens,
2618 1456 2718 1529 qui
2726 1456 2887 1529 jussit
2912 1458 2998 1527 agi
3041 1457 3312 1527 septimam
3343 1456 3504 1522 diem,

2307 1526 2373 1579 Et
2402 1526 2493 1581 ille
2521 1528 2593 1581 ait
2625 1545 2643 1582 :
2672 1526 2739 1582 Et
2769 1545 2862 1599 ego
2900 1526 3245 1600 patenssnm
3282 1542 3440 1600 super
3478 1536 3699 1600 terram,
3748 1527 3842 1598 qui

2233 1602 2430 1672 impero
2461 1601 2597 1653 sumi
2626 1596 2813 1667 arma;
2847 1596 2909 1672 et'
2938 1600 3147 1671 negotia
3176 1600 3311 1672 regis
3356 1596 3588 1670 impleri.
3642 1596 3840 1652 Tamen

2237 1687 2342 1725 non
2372 1671 2617 1739 obtinuit,
2646 1680 2703 1726 ut
2728 1671 3007 1726 consilium
3047 1671 3336 1741 perﬁceret.

2310 1741 2377 1796 Et
2428 1742 2664 1799 Nicanor
2692 1744 2901 1815 quidem
2938 1759 3057 1798 cum
3086 1740 3289 1798 summa
3334 1740 3585 1815 superbia
3613 1751 3842 1815 erectus,

2236 1816 2552 1884 cogitaverat
2577 1811 2852 1870 commune
2877 1825 3135 1885 trapceum
3162 1811 3413 1869 statuere
3431 1816 3500 1871 de
3525 1811 3692 1868 Inda.

2164 1861 2214 1922 Β
2238 1861 2851 1942 "magnanimae:
2873 1861 3401 1957 sumendo
3432 1861 3554 1943 ἓῖιηὶ
3567 1861 3729 1940 765i};
3752 1902 3847 1958 spe

2236 1959 2496 2014 auxilium
2523 1959 2621 2014 sibi
2658 1977 2689 2013 a
2718 1959 2828 2015 Deo
2851 1959 3162 2028 affuturum.

2313 2029 2379 2084 Et
2422 2029 2731 2086 hortabatur
2773 2048 2932 2097 suos,
2963 2047 3028 2086 ne
3071 2028 3418 2101 formidarent
3451 2028 3523 2085 ad
3565 2029 3849 2084 adventum

2237 2102 2534 2166 nationum,
2563 2103 2656 2158 sed
2684 2104 2737 2159 in
2768 2113 2937 2159 mente
2966 2102 3214 2159 haberent
3254 2102 3530 2176 adjutoria
3554 2101 3653 2156 sibi
3679 2102 3847 2243 iacta

2237 2175 2301 2228 de
2319 2176 2467 2240 caelo,
2498 2184 2546 2228 et
2574 2191 2712 2230 nunc
2731 2185 3001 2243 sperarent
3029 2175 3094 2230 ab
3123 2173 3496 2243 Omnipotente
3519 2172 3620 2230 sibi
3647 2191 3679 2228 a
3726 2184 3847 2229 utn-

2236 2175 2301 2228 de
2319 2176 2467 2240 caelo,
2498 2184 2546 2228 et
2574 2191 2712 2230 nunc
2731 2185 3001 2247 sperarent
3029 2175 3094 2230 ab
3123 2172 3496 2246 Omnipotente
3519 2172 3620 2230 sibi
3647 2172 3850 2243 aﬁ'utn-

2237 2262 2358 2300 ram
2386 2247 2679 2301 victoriam.

2319 2316 2385 2372 Et
2415 2317 2678 2374 allocutus
2726 2336 2812 2374 eos
2858 2321 2924 2374 de
2949 2318 3105 2390 Lege,
3132 2330 3183 2374 et
3214 2316 3524 2391 Prophetis,
3555 2318 3847 2375 admonens

2241 2390 2396 2443 etiam
2452 2392 2780 2457 certamina,
2823 2406 2942 2463 quae
2986 2394 3215 2462 fecerant
3258 2392 3408 2463 prius
3436 2428 3454 2459 ,
3501 2392 3849 2462 promptiores

2237 2463 2507 2517 constituit
2536 2479 2642 2519 eos.

2310 2532 2379 2586 Et
2407 2534 2699 2609 itaanimis
2729 2551 2906 2590 eorum
2933 2534 3137 2602 erectis,
3182 2534 3340 2590 simul
3369 2533 3673 2609 ostendebat
3712 2553 3847 2609 gen-

2238 2603 2375 2680 tium,
2401 2605 2692 2680 fallaciam,
2726 2617 2774 2661 et
2787 2610 3213 2680 jurarnentorum
3235 2603 3736 2680 prawaricationem'.

2313 2675 2572 2749 Singulos
2619 2675 2803 2734 autem'
2842 2679 3055 2733 illorum
3097 2678 3340 2740 armavit,
3392 2692 3495 2732 non
3539 2678 3744 2749 clypei,
3792 2689 3843 2734 et

2239 2746 2740 2812 hostaz'nsunitione,
2770 2751 2861 2806 sed
2892 2751 3213 2805 sermonibus
3254 2749 3485 2821 optimis,
3515 2758 3567 2803 et
3592 2746 3851 2807 esthorta-

2241 2821 2488 2889 tionibus,
2518 2824 2756 2893 exposito
2784 2823 2945 2896 digno
2968 2822 3073 2891 ﬁde
3094 2823 3316 2889 somnio,
3349 2837 3441 2892 per
3465 2821 3608 2893 quod
3644 2824 3849 2879 univcr-

2241 2892 2660 2964 sosﬂlwtiﬁcavit.

2239 2909 2323 2947 sos
2355 2897 2660 2948 la’tiﬁcavit.

2312 2963 2447 3019 Erat
2467 2963 2643 3021 autem
2664 2966 3025 3039 hujuscemodi
3066 2966 3250 3022 visus:
3284 2966 3475 3022 Onions
3497 3006 3512 3033 ,
3543 2968 3636 3039 qui
3677 2968 3849 3038 fuerat

2241 3053 2475 3111 summus
2499 3040 2761 3108 sacerdos,
2786 3040 2954 3093 virum
2975 3040 3164 3093 bonum
3185 3047 3235 3094 et
3259 3039 3562 3111 benignum,
3594 3054 3851 3094 verecun-

2243 3110 2368 3162 dum
2394 3110 2528 3177 visu,
2563 3113 2851 3167 modestum
2877 3111 3130 3180 moribus,
3164 3118 3213 3164 et
3259 3110 3464 3181 eloquio
3492 3111 3765 3179 decorum,
3800 3120 3849 3164 et

2243 3181 2385 3255 quia
2412 3197 2570 3251 puero
2598 3183 2651 3235 in
2678 3181 2952 3255 virtutibus
2978 3185 3290 3255 exercitatus
3311 3184 3394 3247 sit,
3427 3199 3612 3238 manus
3633 3193 3852 3255 proten-

2163 3252 2212 3315 C
2243 3251 2469 3327 dentem,
2490 3271 2649 3327 orare
2671 3270 2768 3327 pro
2797 3253 2940 3309 omni
2976 3254 3171 3327 populo
3199 3254 3510 3309 Judworunt
3536 3269 3556 3308 :

2317 3323 2451 3398 Post
2478 3324 2575 3380 hoc
2601 3323 2908 3398 apparuisse
2936 3323 2985 3378 et
3013 3323 3179 3398 alium
3206 3327 3370 3380 virum
3394 3336 3567 3393 atate,
3599 3334 3650 3398 et
3676 3325 3849 3396 gloria

2246 3395 2561 3469 mirabilem,
2586 3395 2644 3451 et'
2665 3395 2840 3469 magni
2870 3397 3069 3469 decoris
3094 3397 3407 3469 habitudine,
3418 3399 3565 3469 circa
3586 3395 3737 3452 illum
3759 3411 3777 3449 :

2319 3466 2735 3539 Respondentem
2752 3466 2879 3524 vero
2907 3468 3098 3523 Onions
3129 3469 3324 3525 dixisse
3347 3468 3492 3525 :Hic
3517 3476 3593 3523 est
3627 3472 3849 3540 fratrum

2246 3548 2467 3614 amator,
2500 3550 2549 3595 et
2571 3541 2755 3614 populi
2780 3540 2953 3595 Israel
2980 3556 3000 3595 :
3027 3539 3112 3594 hic
3130 3548 3229 3614 est,
3254 3541 3344 3614 qui
3365 3540 3591 3614 multum
3611 3539 3849 3614 eratpro

2248 3612 2462 3737 apulo,
2496 3622 2545 3666 et
2573 3611 2811 3670 universa
2830 3620 3016 3669 sancta
3042 3612 3269 3679 civitate,
3295 3611 3552 3667 Jeremias
3585 3611 3850 3682 propheta

2331 3699 2366 3735 ι.

2322 3751 2630 3827 Extendisse
2672 3764 2845 3811 autem
2895 3754 3180 3812 Jeremiam
3224 3756 3458 3811 dextram
3488 3799 3504 3827 ,
3552 3766 3602 3811 et
3638 3754 3845 3813 dedisse

2246 3823 2408 3899 Judw
2434 3827 2674 3899 gladium
2698 3844 2933 3891 aureum,
2958 3829 3212 3883 dicentem
3245 3842 3264 3882 :

2319 3897 2511 3969 Accipe
2533 3911 2770 3954 sanctum
2810 3900 3049 3970 gladium
3076 3917 3267 3955 munus
3292 3915 3325 3955 tt
3364 3897 3499 3968 Deo,
3531 3899 3588 3955 in
3610 3915 3717 3970 quo
3758 3898 3852 3953 de-

553 3973 753 4026 tlelatus
778 3981 854 4026 est
884 3968 1162 4044 Nicanori,
1191 3974 1270 4027 vir
1314 3984 1519 4044 amator
1544 3972 1768 4029 civitatis
1786 4013 1802 4037 ,
1832 3982 1876 4025 et
1903 3968 2031 4044 bene
2052 3989 2151 4027 au-
2248 3968 2393 4044 iicigs
2418 3970 2744 4026 adversarios
2767 3968 2951 4044 populi
2978 3972 3080 4025 mei
3100 3970 3295 4027 Israel.

553 4044 701 4116 diens
731 4059 749 4097 :
779 4045 866 4116 qui
899 4060 991 4109 pro
1016 4042 1207 4111 affectu
1237 4054 1388 4116 pater
1409 4043 1725 4099 Judatorum
1753 4043 2144 4115 appellabatur.

625 4114 728 4169 llic
758 4113 935 4187 multis
964 4113 1282 4183 temporibus
1329 4117 1661 4170 continentiae
1707 4113 2028 4187 propositum
2071 4124 2145 4170 te-

554 4188 667 4241 nuit
696 4188 750 4239 in
777 4184 1076 4253 Judaismo,
1109 4204 1430 4257 corpusque,
1462 4197 1508 4242 et
1532 4189 1761 4243 animam
1792 4184 1999 4242 tradere
2023 4203 2148 4242 con-

554 4267 721 4311 tentus
754 4273 845 4324 pro
875 4262 1276 4326 perseverantia.

630 4326 823 4400 Valens
853 4338 1025 4383 autem
1074 4329 1315 4385 Nicanor
1360 4330 1699 4400 manifestare
1739 4329 1956 4396 odium,
1998 4331 2147 4400 quod

552 4399 782 4473 habebat
803 4401 859 4452 in
896 4399 1132 4473 Judteos,
1162 4403 1305 4456 misit
1335 4399 1521 4456 milites
1563 4402 1901 4473 quingentos,
1944 4411 2001 4456 ut
2029 4418 2148 4457 eum

554 4470 1069 4543 comprehenderent.

626 4540 855 4617 Putabat
875 4544 1038 4617 enim,
1065 4545 1112 4599 si
1133 4544 1285 4599 illum
1312 4546 1620 4617 decepissel,
1640 4560 1696 4601 se
1717 4544 1923 4601 cladem
1942 4542 2150 4600 ludatis

555 4613 840 4668 maximam
868 4615 1162 4672 illaturum.

2323 4040 2804 4115 Exhortatiitaque
2836 4040 2997 4099 ludar
3026 4044 3349 4101 sermonibus
3379 4042 3529 4115 bonis
3576 4042 3749 4108 valde,
3781 4040 3850 4096 de

2248 4111 2433 4187 quibus
2456 4113 2637 4171 extolli
2668 4111 2842 4187 posset
2869 4116 3115 4187 intpetus,
3160 4125 3209 4170 et
3236 4114 3399 4169 animi
3436 4117 3692 4187 juvenum
3721 4129 3850 4167 con-

2250 4184 2792 4269 fortari,_statuerunt_
2816 4184 3088 4269 dimicare,
3119 4196 3169 4242 et
3208 4184 3491 4269 conﬂigere
3517 4185 3720 4269 fortiter
3743 4201 3762 4240 :
3792 4193 3848 4269 ut

2249 4258 2413 4311 virtus
2441 4257 2505 4312 de
2525 4259 2741 4330 negotiis
2762 4260 3055 4330 judicaret,
3081 4276 3139 4315 eo
3168 4259 3307 4330 quod
3337 4257 3518 4313 civitas
3564 4266 3773 4326 sancta,
3802 4265 3851 4312 et

2251 4331 2503 4402 templum
2530 4330 2969 4402 periclitarentur.

2321 4398 2453 4474 _Erat
2478 4398 2620 4457 enim
2647 4416 2742 4474 pro
2770 4402 3043 4468 uxoribus,
3073 4411 3122 4458 et
3145 4402 3304 4474 ﬁliis,
3323 4402 3571 4474 itemque,
3599 4416 3695 4474 pro
3741 4400 3854 4471 fra-

2252 4470 2436 4546 tribus,
2470 4482 2518 4529 et
2542 4470 2779 4546 cognatis
2825 4475 2996 4529 κᾶπον
3040 4470 3384 4529 sollicitudo:
3431 4470 3694 4529 menititus
3732 4470 3855 4528 vero

2251 4552 2301 4598 et
2325 4545 2525 4615 primus
2556 4562 2651 4615 pro
2678 4546 2950 4601 sanctitate
2982 4546 3142 4600 timor
3166 4554 3278 4600 erat
3306 4545 3506 4615 templi.

2326 4613 2433 4688 Sed
2457 4627 2504 4671 et
2530 4613 2637 4684 eos,
2659 4619 2749 4688 qui
2771 4618 2827 4672 in
2845 4618 3054 4673 civitate
3077 4626 3248 4685 erant,
3273 4634 3380 4673 non
3405 4613 3624 4672 mam
3651 4613 3855 4671 sollici-

625 4659 1034 4741 Turbis'auiem'
1054 4659 1272 4743 "inruere
1304 4689 1375 4762 in_
1401 4689 1614 4744 domum
1641 4691 1781 4762 ejus,
1833 4698 1883 4762 et
1922 4691 2149 4762 januam
2175 4659 2231 4722 Π
2254 4659 2748 4762 rmiﬂiia'a't'p'ié

554 4758 894 4831 disrumpere,
913 4767 1077 4831 atque
1096 4761 1268 4831 ignem
1308 4759 1580 4816 admovere
1621 4758 1985 4830 cupientibus,
2031 4777 2150 4815 cum

553 4830 672 4903 iatn
687 4828 1229 4903 comprehengdere'tur,
1255 4832 1437 4901 gladio
1461 4850 1511 4887 se
1544 4828 1715 4903 petiit,

624 4900 839 4973 Eligens
864 4900 1164 4957 notabiliter
1193 4900 1325 4957 mori
1359 4900 1554 4971 potius,
1590 4920 1748 4974 quam
1766 4902 2006 4958 subditus
2035 4903 2151 4973 ﬁeri

552 4974 933 5045 peccatoribus,
982 4984 1029 5029 et
1059 4985 1242 5031 contra
1274 4974 1477 5030 natales
1508 4992 1630 5032 suos
1675 4976 1907 5047 indignis
1934 4975 2152 5047 injuriis

551 5046 659 5118 agi.

2327 4758 2420 4825 Et,
2448 4777 2564 4815 cum
2606 4757 2726 4831 jam
2775 4757 2949 4817 omnes
2990 4757 3259 4831 sperarent
3281 4757 3547 4829 judicium
3591 4760 3848 4830 futurum,

2254 4827 2527 4903 hostesque
2576 4827 2844 4900 adessent,
2885 4827 3043 4901 atque
3079 4827 3339 4887 exercitus
3379 4841 3511 4886 esset
3551 4827 3849 4898 ordinatus,

2255 4902 2451 4975 bestite,
2484 4905 2777 4975 equitesque
2800 4914 3099 4974 opportuno
3117 4904 3173 4957 in
3206 4903 3324 4959 loco
3344 4903 3633 4975 compositi,

2329 4973 3045 5031 Consideransllachabwus
3070 4976 3353 5031 adventum
3380 4973 3728 5029 multitudinis
3744 5013 3760 5037 ,
3803 4979 3853 5026 et

2257 5058 2567 5115 apparatum
2595 5050 2798 5102 varium
2816 5064 3102 5114 armorum,
3128 5058 3174 5103 et
3199 5046 3523 5118 ferocitatem
3542 5046 3850 5118 bestiarum,

623 5116 731 5193 S_ed
761 5134 876 5171 cum
909 5133 1005 5193 per
1041 5118 1457 5193 festinationem
1480 5135 1584 5175 non
1623 5127 1763 5174 certo
1803 5118 1907 5173 ictu
1937 5119 2151 5191 plagam
2256 5120 2533 5193 extendens
2561 5136 2748 5174 manus
2778 5121 2835 5193 in
2854 5119 3063 5186 calum,
3096 5115 3338 5193 prodigia
3363 5118 3636 5189 facientem
3666 5115 3853 5193 Domi-

551 5187 799 5257 dedisset,
830 5187 1065 5261 etturbte
1088 5190 1231 5245 intra
1271 5192 1405 5244 Ostia
1442 5192 1828 5261 irruntperent,
1874 5187 2147 5246 recurrens

462 5324 467 5333 ἓ
551 5261 800 5334 audacter
825 5259 894 5313 ad
920 5276 1162 5328 murum,
1191 5263 1537 5334 pra’cipitavit
1561 5259 1896 5332 sentelipsum
1926 5261 2149 5319 viriliter

551 5332 606 5385 in
637 5331 810 5387 turbas
840 5348 858 5388 :

626 5404 828 5479 Quibus
876 5404 1118 5479 velociter
1164 5405 1336 5461 locum
1363 5405 1610 5462 dantibus
1637 5406 1783 5462 casui
1826 5410 1963 5479 ejus,
2008 5407 2145 5462 venit

553 5490 643 5544 per
673 5476 896 5529 mediam
927 5477 1174 5532 cervicem
1202 5494 1221 5533 :

624 5544 691 5600 Et
723 5564 840 5602 cum
868 5548 1040 5602 adhuc
1070 5551 1314 5618 spiraret,
1346 5566 1596 5607 accensus
1624 5552 1800 5607 animo
1820 5594 1835 5619 ,
1870 5550 2094 5606 surrexit
2119 5566 2139 5605 :

549 5628 753 5695 et_cum_
771 5620 981 5695 sanguis
1003 5622 1115 5689 ejus
1142 5638 1329 5695 magno
1352 5625 1500 5693 fluxu
1522 5623 1798 5695 deﬂueret,
1830 5634 1877 5679 et
1897 5623 2140 5695 gravissi-

549 5689 959 5768 miivulneribus
981 5700 1111 5746 esset
1127 5689 1360 5768 saucius,
1384 5711 1540 5749 cursu
1563 5689 1769 5751 turbam
1793 5689 2136 5768 pertransiit:

617 5758 688 5816 Et
715 5776 861 5817 stans
911 5758 1403 5839 supra_quamdain
1447 5776 1648 5839 petram
1692 5758 2010 5839 prtaruptam
2031 5809 2045 5832 ,
2087 5777 2135 5822 ot

544 5834 654 5909 iam
700 5834 977 5909 exsanguis
1027 5834 1247 5903 e/Tectus
1274 5878 1291 5905 ,
1351 5836 1654 5909 complexus
1692 5834 1951 5894 intestina
1997 5855 2130 5904 sua,

545 5908 777 5978 utrisque
805 5904 1041 5961 manibus
1067 5910 1286 5983 proiecit
1322 5904 1480 5979 super
1509 5910 1706 5978 turbas,
1757 5912 2001 5966 invocans
2035 5909 2132 5965 do-

2254 5205 2378 5263 num
2404 5192 2675 5257 invocavit,
2700 5192 2791 5263 qui
2815 5208 2916 5247 non
2938 5191 3225 5251 secundum
3244 5189 3512 5263 armorum
3535 5189 3849 5262 potentiam,

2249 5262 2518 5337 sedmprout
2546 5264 2647 5329 ipsi
2676 5262 2867 5337 placet,
2908 5265 3011 5337 dat
3028 5264 3200 5337 dignis
3222 5262 3517 5337 victoriam.

2324 5328 2472 5407 Discit
2512 5328 2686 5407 autem
2716 5328 2963 5389 invocans
2991 5328 3226 5407 hoc'[Al.
3258 5335 3316 5389 in
3356 5331 3696 5407 @ch0qu:
3724 5328 3809 5383 Τα
3831 5368 3849 5395 s

2251 5403 2496 5479 Domine,
2526 5406 2617 5479 qui
2665 5407 2851 5479 misisti
2875 5403 3297 5479 angelum—tuum
3334 5404 3431 5460 sub
3455 5403 3693 5479 Ezechia
3732 5416 3853 5471 rege

2246 5473 2412 5542 Juda,
2444 5473 2493 5531 et
2538 5473 2846 5550 interfecisti
2892 5473 2969 5533 de"
3001 5479 3188 5534 castris
3232 5474 3592 5533 Sennacherib
3640 5482 3854 5527 centum

2250 5550 2515 5622 octgginta
2540 5551 2765 5619 quinque
2794 5550 2965 5606 millia
2990 5566 3010 5604 :

2319 5617 2393 5674 Et
2426 5617 2581 5688 nunc,
2625 5617 2921 5698 dominator
2946 5623 3191 5678 calorum
3214 5663 3228 5678 .
3260 5621 3406 5675 mitte
3428 5617 3674 5698 angelum
3700 5624 3853 5698 tuum

2246 5692 2583 5818 gonitlprante
2610 5709 2707 5749 nos
2747 5696 2800 5748 in
2852 5696 3036 5750 timore
3061 5738 3075 5762 ,
3112 5704 3159 5749 et
3206 5702 3425 5748 tremore
3473 5688 3854 5762 magnitudinis

2277 5781 2369 5818 rat:
2410 5782 2446 5818 tt
2475 5773 2550 5818 tut
2581 5781 2600 5818 :

2245 5765 2448 5819 brachii
2475 5766 2552 5821 tui
2581 5781 2600 5820 :

2319 5835 2388 5892 Ut
2431 5844 2658 5893 metuant
2696 5838 2933 5908 quicum
2991 5836 3311 5906 blasphemia
3361 5835 3565 5908 veniunt
3599 5833 3853 5908 adversus

2238 5916 2478 5967 sanctum
2507 5904 2946 5981 populumtuuns.
2995 5907 3065 5966 Et
3105 5904 3189 5967 hic
3210 5907 3420 5982 quidem
3449 5906 3525 5963 ita
3564 5904 3845 5979 peroravit.
