4182 6338
359 347 458 405 535

1145 347 1518 410 PREFATIO
1561 351 1932 411 Hll'IRONYMl
1976 353 2043 411 ΙΝ
2080 354 2409 426 QUATUOR
2450 355 2863 416 EVANGELIA.

3539 360 3642 416 seu

427 463 659 552 Nicanor.
680 475 872 552 autem,
906 478 950 552 et
979 469 1066 540 qui
1097 487 1213 525 cum
1239 472 1351 543 ipso
1381 483 1547 543 erant,
1589 491 1702 528 ru-n
1735 473 1870 530 tubis
1892 487 1938 531 et
1967 476 2016 539 Α
2044 475 2188 552 latim
2219 475 2398 530 avibus
2419 477 2534 552 dari
2564 494 2578 552 ς
2609 493 2818 531 manum
2840 483 3014 531 autem
3037 472 3289 530 dementis
3311 482 3494 528 contra
3518 485 3635 531 tem-

357 536 560 590 canticis
589 538 948 595 admovebant.

423 605 590 689 ludas
616 626 756 679 vero,
789 621 836 668 et
868 613 958 689 qui
983 629 1101 669 cum
1127 630 1189 672 eo
1228 626 1396 689 erant,
1424 617 1663 675 invocato
1694 617 1824 688 Deo,
1853 636 1942 688 per

359 685 611 736 orationes
632 685 892 742 conaressi
916 695 1036 742 sunt
1064 703 1083 742 :

427 749 588 807 Manu
618 749 825 825 quidem
865 766 1182 830 pugnantes,
1234 760 1324 816 sed
1377 760 1660 818 Dominum
1703 763 1946 818 cordibus

360 834 580 906 orantes,
614 836 1001 906 prostraverunt
1030 846 1133 906 non
1150 834 1318 906 minus
1337 834 1547 906 triginta
1568 835 1795 906 quinque
1825 835 1944 890 util-

357 894 463 974 lia.‘
475 894 745 969 prt'esentia
771 897 870 956 Dei
896 902 1173 974 magniﬁce
1202 894 1442 962 detectaii
1468 922 1486 960 :

425 965 652 1053 Cumque
677 965 1222 1053 cessassent,'et'cum
1247 980 1442 1053 gaudio
1473 980 1721 1053 redirent,
1747 993 1944 1052 caque-

361 1051 532 1094 verunt
557 1040 876 1100 Nicanorem
905 1045 1072 1101 ruisse
1089 1063 1207 1102 cum
1237 1040 1397 1104 armis
1428 1051 1558 1106 suis.

423 1111 592 1196 Facto
639 1115 813 1186 itaque
840 1117 1116 1196 _clamore,
1153 1128 1212 1196 et
1264 1123 1648 1196 perturbatione
1699 1121 1943 1189 excitata,

360 1189 527 1268 patria
555 1201 687 1268 voce,
711 1189 1110 1268 omnipotentem
1141 1189 1424 1268 Dominum
1457 1195 1840 1268 benedicebant.

427 1256 689 1336 _Pra:cepit
741 1256 1150 1336 autem__.ludas,
1198 1265 1286 1333 qui
1323 1282 1413 1336 per
1441 1266 1616 1323 omnia
1643 1281 1858 1334 corpore
1906 1275 1952 1319 et

359 1329 525 1405 animo
551 1329 684 1383 mori
711 1345 806 1403 pro
835 1333 1031 1405 civibus
1083 1329 1300 1405 paratus
1323 1329 1463 1405 erat,
1511 1349 1665 1405 caput
1719 1329 1954 1393 Nicano-

356 1403 530 1485 ris,_et
552 1417 765 1485 manum
786 1417 904 1458 cum
950 1403 1164 1461 humero
1209 1403 1516 1478 abscissam,
1567 1403 1953 1482 Jerosotymam

362 1489 605 1545 perferri.

477 1562 544 1631 uq
573 1563 691 1631 cum
737 1550 1088 1631 pervenisset,
1120 1555 1411 1631 conuocatis
1457 1552 1855 1631 contribulibus,
1911 1560 1956 1606 et

362 1618 712 1699 sacerdotibus
737 1618 827 1675 ‘ad
874 1623 1062 1692 altare,
1113 1626 1348 1683 accersiit
1396 1637 1445 1682 et
1498 1643 1606 1698 eos,
1640 1627 1730 1699 qui
1758 1618 1959 1684 inane

362 1698 527 1744 erant.

427 1759 496 1814 Et
521 1771 727 1840 ostenso
750 1764 1248 1840 capite‘Nicanoris,
1279 1778 1325 1823 et
1356 1786 1515 1824 manu
1553 1769 1776 1840 nefaria,
1803 1785 1960 1840 quam

362 1834 642 1914 extendens
689 1834 872 1914 qontra
901 1836 1115 1894 domum
1164 1834 1395 1896 sanctam
1426 1834 1790 1914 omnipotentis
1816 1834 1922 1896 ὐιὶ
1943 1883 1956 1906 ,

361 1905 637 2032 ηιαίῃίρω
663 1907 918 1994 gtqriatus
950 1921 1024 1994 est
1046 1927 1067 1967 .'

477 1994 694 2032 mauam
719 1997 867 2032 imm:
909 1980 1067 2032 Niem

477 1973 694 2051 inquam
719 1981 867 2052 impii
909 1980 1198 2040 Nicanoris
1231 1987 1503 2058 prtecisam
1522 1987 1686 2062 jussit
1734 1986 1968 2060 particu-
1999 1973 2046 2034 Β

2050 546 2200 621 plu_m
2229 549 2494 621 suspendi.

2121 616 2495 692 Omnes'igitur
2513 621 2626 692 creti
2649 621 3020 676 benedixerunt
3051 617 3349 686 Dominum,
3381 616 3639 692 dicentes:

2050 691 2381 757 Benedictus,
2417 694 2503 760 qui
2535 691 2706 750 locum
2732 709 2880 750 suum
2910 692 3376 753 incontaminatum
3405 691 3643 750 servavit.

2123 763 2409 834 Suspendit
2457 775 2629 819 autem
2675 763 2959 821 Nicanoris
2990 773 3143 835 caput
3171 763 3222 815 in
3258 778 3458 835 summa
3507 779 3641 827 arce,

2052 845 2105 890 ut
2136 831 2342 906 evidens
2365 849 2512 901 esset,
2542 845 2586 890 et
2617 836 2946 905 manifestum
2975 831 3180 906 signum
3204 833 3389 888 auxilii
3417 831 3535 888 Dei.

2125 905 2311 979 Itaque
2342 923 2516 963 omnes
2567 909 2834 964 communi
2879 905 3098 964 consilio
3136 907 3467 961 decreverunt
3500 905 3646 960 nullo

2053 980 2211 1035 modo
2240 981 2379 1034 diem
2409 981 2564 1035 istum
2600 980 2789 1049 absque
2814 980 3110 1036 celebritate
3142 980 3426 1047 prwterire.

2128 1050 2333 1110 Habere
2354 1061 2522 1108 autem
2567 1047 2914 1108 celebritatem
2943 1050 3299 1110 tertiodecimo
3328 1050 3415 1110 die
3463 1047 3651 1104 mensis

2057 1125 2217 1190 Λάαν,
2253 1124 2389 1196 quod
2442 1123 2632 1180 dicitur
2679 1140 2797 1179 voce
2829 1123 3069 1196 Syriaca,
3113 1120 3284 1195 pridie
3329 1120 3654 1177 Martiae/tati

2057 1196 2180 1251 diei.

2132 1265 2306 1341 Igitur
2331 1268 2566 1341 _lt_is_erga
2594 1265 2914 1341 Nicanorem
2944 1267 3135 1338 gestis,
3165 1275 3211 1322 et
3236 1282 3301 1322 ea:
3325 1264 3434 1321 illis
3463 1274 3659 1341 tenipo—

2057 1333 2200 1396 ribu's
2230 1338 2293 1394 ab
2321 1338 2374 1398 11
2381 1333 2561 1396 ebriis
2601 1339 2805 1394 civitate
2837 1333 3098 1410 possessa,
3121 1333 3224 1411 ego
3268 1352 3470 1410 quoque
3500 1333 3662 1392 {aliis

2059 1411 2254 1483 faciam
2275 1411 2432 1482 ﬁnem
2461 1412 2730 1469 sermonis.

2136 1482 2252 1537 Etsi
2270 1477 2508 1555 fquidem
2551 1483 2697 1550 bene,
2725 1491 2774 1539 et
2814 1491 2868 1537 ut
2900 1481 3130 1539 historice
3171 1477 3582 1555 competit,_ltoc
3613 1490 3662 1532 et

2058 1549 2355 1680 ipsleyeliin
2383 1571 2403 1611 :
2432 1557 2511 1612 sin
2537 1549 2712 1611 autem
2739 1555 2908 1611 minus
2957 1555 3144 1628 digne,
3175 1549 3560 1609 concedendum
3591 1559 3666 1606 est

2061 1644 2130 1680 mi
2150 1642 2212 1680 tt.

2061 1642 2187 1686 mmt
2198 1668 2212 1681 .

2137 1698 2443 1772 Sicut‘enim
2467 1700 2640 1772 vinum
2666 1715 2863 1772 semper
2889 1699 3080 1768 bibere,
3111 1708 3202 1772 aut
3228 1711 3429 1772 semper
3446 1712 3660 1772 aquam,

2063 1769 2388 1826 contrarium
2415 1781 2489 1826 est
2520 1787 2537 1825 :
2566 1768 2782 1826 alternis
2827 1781 2997 1825 autem
3046 1771 3155 1836 uti,
3206 1768 3511 1826 delectabile
3537 1783 3555 1825 :
3588 1769 3662 1823 ita

2068 1840 2380 1914 legentibus,
2397 1845 2439 1898 si
2461 1858 2659 1914 semper
2683 1853 2891 1899 exactus
2911 1845 2977 1899 sit
3003 1857 3194 1913 sermo,
3217 1859 3320 1898 non
3342 1843 3439 1899 erit
3460 1849 3667 1912 gratus.

2071 1860 2380 1974 taqenuous,
2397 1861 2438 1898 st
2461 1860 2659 1914 semper
2683 1860 2891 1899 exactus

2133 1930 2178 1974 tc
2207 1929 2335 1985 ergo
2363 1916 2460 1972 erit
2485 1925 2894 1976 consummatus.

1545 2105 1865 2177 Expliciunt
1888 2103 2014 2160 libri
2044 2102 2499 2166 bbehabaeorum.

374 2250 1974 2290 CFW

1940 2259 3598 2292 ΞΜ

824 2296 826 2298 ’
939 2389 1092 2504 s.
1173 2385 1886 2502 musam:
1965 2292 3107 2538 aranearum,

1372 2625 1378 2629 ·
1463 2602 2033 2668 STRIDONENSIS
2075 2603 2592 2674 PRESBYTER],

605 2798 1526 2962 nmqu
1657 2792 3416 2964 BIBLIOTHEC/E

1405 3069 1860 3199 PARS
1929 3065 2666 3237 TERTIA,

1285 3289 1832 3344 COIPLECTENS
1871 3289 2141 3343 NOVUM
2180 3289 2784 3344 TESTAMENTUM.

1171 3599 1595 3710 ouoo
1711 3595 2823 3708 EVANGELICUS
2859 3662 2897 3735 ,

1043 3804 1126 3867 In
1154 3822 1276 3888 quo
1312 3810 1462 3867 sunt
1492 3800 1642 3868 libri
1675 3822 1695 3863 :
1723 3799 2090 3873 Matthwus,
2134 3801 2423 3877 Marcus,
2462 3801 2694 3881 Lucas,
2723 3801 3028 3868 Joannes.

526 4053 1139 4144 PR/EFATIO
1213 4011 1908 4138 HIERONYMI‘
1967 4053 2089 4136 IN
2164 4054 2762 4167 QUATUOR
2837 4058 3558 4154 EVANGELIA.

1323 4222 1705 4288 Beatissimo
1737 4236 1920 4302 papas
1943 4221 2228 4286 Damaso
2257 4221 2716 4306 Hieronymus.

459 4405 676 4461 Novum
707 4417 846 4477 opus
878 4403 1057 4460 facere
1093 4416 1180 4458 me
1210 4401 1362 4475 cogis
1385 4415 1451 4456 ex
1495 4397 1708 4470 veteri,
1751 4405 1812 4454 ut
1864 4403 1990 4468 post
2019 4396 2066 4461 C
2095 4395 2408 4469 discrepare
2435 4397 2582 4470 quod
2616 4398 2845 4468 lectitat,
2875 4414 2986 4456 non
3014 4401 3199 4460 statim
3237 4413 3492 4474 erumpat
3519 4404 3574 4460 in
3602 4421 3700 4462 vo-

384 4499 724 4571 exemplaria
753 4498 1160 4570 Seripturarum
1191 4503 1306 4552 toto
1330 4494 1463 4551 orbe
1491 4493 1738 4564 dispersa
1761 4533 1775 4559 ,
1829 4491 1986 4562 quasi

385 4591 609 4663 quidam
639 4590 849 4647 arbiter
878 4589 1101 4645 sedeam
1131 4605 1144 4643 :
1191 4596 1250 4645 et
1292 4587 1417 4658 quia
1467 4586 1610 4641 inter
1653 4599 1715 4640 se
1746 4583 1985 4649 variant,

386 4700 513 4755 qua:
541 4685 652 4740 sint
679 4683 769 4741 illa
801 4700 924 4755 qua!
955 4698 1077 4741 cum
1116 4681 1306 4738 Grmca
1343 4677 1693 4735 consentiant
1724 4676 1984 4747 veritate,

388 4786 413 4816 ⁸
440 4779 763 4836 decernam.
783 4777 911 4832 Pius
941 4777 1119 4843 labor,
1151 4774 1246 4832 sed
1284 4771 1590 4845 periculosa
1613 4768 1986 4841 prmsumptio,

382 4871 638 4942 judicare
657 4870 731 4927 de
753 4871 993 4936 caeteris,
1021 4870 1194 4939 ipsum
1227 4867 1295 4922 ab
1319 4864 1575 4922 omnibus
1595 4861 1948 4936 iudicandum
1975 4877 1988 4914 :

387 4965 539 5021 senis
566 4974 781 5024 mutare
810 4965 1078 5034 linguam,
1104 4971 1157 5018 et
1185 4967 1566 5016 canescentem
1592 4957 1704 5029 jam
1729 4955 1990 5012 mundum

387 5061 457 5116 ad
491 5059 645 5115 initia
679 5057 962 5114 retrahere
1006 5056 1378 5128 parvulorum.
1422 5053 1556 5123 Quis
1607 5053 1752 5110 enim
1799 5051 1992 5111 doctus

391 5155 599 5225 pariter
627 5154 714 5210 vel
745 5151 1023 5220 indoctus,
1053 5167 1178 5209 cum
1213 5151 1266 5206 in
1287 5165 1480 5207 mulius
1503 5149 1758 5205 volumen
1778 5163 1992 5204 assum—

389 5247 603 5318 pserit,
640 5256 695 5303 et
725 5261 757 5302 a
799 5245 973 5302 saliva
999 5291 1012 5316 ,
1050 5259 1212 5317 quam
1266 5243 1436 5301 semel
1480 5241 1743 5308 imbibit,
1795 5239 1994 5297 viderit

473 5415 499 5444 α
531 5405 611 5462 Ex
635 5407 746 5482 Διιοο
773 5405 918 5474 loco,
947 5404 1119 5482 multo
1147 5412 1332 5460 autem
1356 5403 1559 5460 clarius
1601 5416 1666 5458 ex
1706 5408 1818 5482 toto
1842 5401 1990 5482 sub-

397 5479 646 5547 sequenti
699 5487 954 5533 contextu
1002 5478 1211 5546 liquet.
1264 5492 1372 5532 non
1423 5489 1619 5530 novam
1664 5488 1729 5529 ex
1778 5478 1991 5547 integro

397 5544 822 5621 Evangeliorum
861 5544 1368 5621 interpretationem
1407 5547 1650 5621 Latina_m
1693 5560 1760 5621 ex
1803 5544 1994 5601 Graeco

399 5617 792 5694 Hieronymum
826 5617 1123 5694 adornasse
1152 5637 1164 5672 :
1195 5619 1288 5673 sed
1321 5628 1556 5694 veterem
1588 5617 1995 5688 Latiuam,qu;e

399 5694 570 5763 Vulgo
602 5689 908 5760 obtinebat,
943 5709 1063 5747 cum
1088 5692 1283 5747 Grmco
1308 5689 1558 5760 originali
1580 5698 1756 5763 _textu
1801 5697 1995 5763 contu-

400 5759 557 5827 lisse,
581 5781 835 5837 eamque,
871 5776 925 5819 ut
951 5767 1064 5837 ipse
1096 5763 1322 5837 interius
1355 5759 1462 5824 ait.
1495 5761 1743 5837 codicum
1788 5759 1994 5837 Greece-

401 5851 540 5901 rum,
572 5838 661 5892 sed
684 5830 910 5892 veterum
939 5830 1239 5899 collatione,
1265 5836 1335 5889 ita
1360 5835 1677 5900 eruendus-se,
1704 5841 1760 5886 ut
1787 5849 1849 5886 ne
1868 5830 2001 5886 ntul-

2095 4508 2239 4559 cem,
2267 4507 2355 4548 me
2380 4491 2661 4548 falsarium
2689 4535 2702 4560 ,
2750 4507 2841 4550 me
2885 4494 3131 4551 clamans
3163 4511 3285 4552 esse
3329 4497 3659 4570 sacrilegum
3682 4541 3696 4564 ,

2097 4585 2187 4656 qui
2217 4583 2446 4640 audeam
2478 4584 2681 4656 aliquid
2722 4585 2776 4642 in
2809 4587 3088 4648 veteribus
3122 4588 3276 4647 libris
3309 4571 3692 4660 addere,mu-

2099 4690 2246 4749 tare,
2290 4681 2603 4754 corrigere?
2647 4681 2923 4740 Adversus
2973 4698 3138 4754 quam
3187 4683 3446 4740 invidiam
3493 4683 3698 4756 duplex

2097 4787 2262 4831 causa
2289 4789 2378 4831 me
2397 4774 2719 4832 consolatur
2745 4793 2756 4829 :
2789 4775 2932 4847 quod
2963 4783 3017 4832 et
3048 4785 3134 4845 tu,
3167 4778 3259 4848 qui
3308 4791 3556 4834 summus
3595 4777 3694 4834 Sa-

2097 4865 2299 4923 cerdos
2323 4883 2407 4932 es,
2437 4867 2554 4924 ﬁeri
2581 4867 2748 4940 jubes
2782 4887 2795 4925 :
2822 4879 2879 4926 et
2909 4886 3093 4927 verum
3127 4886 3235 4928 non
3267 4887 3392 4938 esse
3419 4872 3564 4944 quod
3608 4889 3702 4930 va-

2103 4959 2229 5027 riat,
2265 4961 2430 5016 etiam
2463 4961 2861 5022 maledicorum
2913 4964 3232 5024 testimonio
3286 4967 3699 5036 comprobatur.

2102 5051 2162 5108 Si
2192 5052 2336 5110 enim
2365 5053 2578 5112 Latinis
2605 5056 3018 5126 exemplaribus
3057 5055 3195 5112 ﬁdes
3215 5064 3301 5112 est
3346 5056 3653 5114 adhibenda
3683 5102 3696 5124 .

2103 5147 2503 5217 respondeant,
2553 5148 2752 5220 quibus
2799 5166 2810 5202 :
2867 5158 2945 5205 tot
3001 5148 3144 5205 enim
3197 5158 3322 5208 sunt
3363 5153 3698 5224 exemplaria

2100 5238 2130 5279 ι)
2161 5254 2301 5312 pene
2333 5249 2464 5312 quot
2491 5241 2734 5300 codices.
2762 5242 2858 5304 Sin
2884 5254 3066 5302 autem
3082 5243 3284 5302 veritas
3301 5253 3388 5304 est
3411 5247 3700 5316 quaarenda

2097 5403 2300 5475 calamo
2329 5403 2654 5472 temperauit,
2681 5412 2737 5458 ut
2775 5405 2858 5460 Itis
2880 5413 3081 5461 tantum
3103 5445 3118 5472 ,
3140 5421 3262 5475 qua:
3318 5423 3526 5463 sensum
3565 5410 3706 5465 uide-

2100 5474 2535 5617 qanturtmutare,
2561 5479 2808 5532 correctis
2831 5517 2845 5542 ,
2877 5476 3079 5543 reliqua
3100 5474 3308 5534 manere
3338 5490 3621 5550 pateretur,
3650 5491 3706 5537 ut

2127 5563 2285 5601 ueran
2317 5585 2332 5600 ο

2127 5553 2332 5601 'uerant.

2179 5615 2205 5654 δ
2245 5617 2561 5686 llujusmodi
2606 5620 2989 5692 exemplarle
3035 5636 3296 5692 perquam
3347 5625 3495 5680 tenui
3538 5643 3709 5681 mem-

2105 5690 2276 5748 brana
2308 5705 2584 5767 purpureo
2617 5691 2803 5767 colore
2833 5690 3055 5761 infecta,
3087 5690 3284 5748 litteris
3311 5698 3513 5762 aureis,
3547 5706 3710 5767 atque

2107 5762 2384 5831 argenteis
2416 5777 2630 5816 summo
2660 5764 2842 5820 studio
2868 5775 3179 5830 exaratum,
3214 5769 3500 5820 vetustatis
3530 5762 3707 5823 auti-m

2110 5843 2298 5900 tant-.e,
2329 5842 2388 5887 ut
2415 5842 2676 5902 quantum
2701 5847 2810 5903 est,
2850 5845 2946 5894 aut
2972 5846 3123 5893 certe
3169 5837 3435 5900 hactenus
3475 5840 3715 5894 innotuit

406 5879 573 5963 tum’a
603 5908 838 5966 lectionis
881 5909 1086 5964 Latina:
1114 5879 1483 5962 cons'uetudine
1521 5879 1839 5973 discreparet
1868 5947 1881 5972 ,
1931 5903 2004 5956 ita
2036 5879 2086 5941 θ
2110 5879 2359 5962 ουίιίρᾶιιι
2402 5879 2918 5980 ιιῖθηιιδοτίνῶέιιῖιῖ
2951 5909 3111 5966 facile
3160 5895 3487 5979 exsuperet,
3537 5879 3722 5969 servat
