4182 6338
508 380 614 443 Βξτ

1500 376 1561 437 8.
1603 370 1987 440 HIERONVMI
2004 433 2011 439 ,
2028 367 2263 432 υινιΝΑ
2301 363 2780 429 ΒιθιιοτιιεοΑ.

3701 363 3804 425 δὲ.

505 497 575 553 de
604 492 851 567 pluribus
878 511 890 553 :
921 506 1021 548 cur
1043 506 1149 550 non
1177 491 1245 554 ad
1288 495 1535 551 Graecam
1588 494 1855 567 originem
1909 503 2101 547 rever-
2129 492 2178 553 Α
2207 484 2517 557 Evangelia,
2545 494 2774 555 quorum
2804 476 2941 536 ordo
2968 485 3056 537 est
3086 474 3187 532 istc
3213 513 3227 541 ,
3258 481 3283 510 °
3305 471 3594 533 Malthzeus
3615 517 3631 543 ,
3666 475 3807 530 Mar-

510 596 711 654 tentes,
736 601 800 642 ea
823 601 947 658 qua:
969 585 1105 642 vela
1131 586 1749 659 vitiosisinterpretibus
1766 584 1906 641 male
1931 582 2103 649 edita,

506 682 652 740 vela
681 680 1173 754 prtesumptoribus
1215 681 1486 752 imperitis
1538 679 1826 737 emendata
1876 690 2104 749 perver-

507 776 645 844 sius,
676 775 766 833 vel
797 790 825 831 a
856 774 1098 830 librariis
1129 773 1563 830 dormitantibus
1586 772 1769 829 addita
1801 778 1935 826 sunt
1956 811 1971 837 ,
2014 777 2109 823 aut

506 878 741 938 mutata,
773 867 1140 941 corrigimus?
1160 865 1348 940 Neque
1369 882 1501 925 vero
1533 881 1636 939 ego
1666 866 1736 922 de
1777 861 1950 919 veteri
1994 860 2110 917 dis-

506 972 640 1035 puto
667 962 1045 1030 Testamento,
1068 960 1217 1033 quod
1255 976 1286 1017 a
1315 959 1675 1031 Septuaginta
1714 954 2023 1012 senioribus
2055 952 2107 1007 in

505 1058 757 1117 Graecam
783 1057 1022 1130 linguam
1051 1071 1313 1122 versum,
1372 1055 1534 1111 tertio
1587 1064 1613 1092 ιι
1667 1051 1839 1126 gradu
1894 1051 1960 1106 ad
2009 1065 2111 1107 nos

508 1164 681 1223 usque
705 1150 980 1222 pervenit.
1013 1147 1130 1204 Non
1160 1162 1348 1220 qnzero
1376 1148 1506 1219 quid
1535 1146 1756 1219 Aquila,
1789 1143 1920 1217 quid
1953 1142 2113 1217 Sym-

505 1244 731 1302 machus
756 1243 1010 1317 sapiant,
1048 1257 1218 1314 quare
1257 1240 1604 1298 Theodotion
1657 1240 1803 1295 inter
1837 1252 2011 1296 novos
2057 1246 2114 1294 et

506 1349 728 1397 veteres
755 1336 970 1394 medius
999 1335 1238 1393 incedat.
1282 1335 1364 1394 Sit
1395 1334 1485 1390 illa
1521 1348 1651 1391 vera
1698 1329 2110 1403 interpretatio,

500 1448 665 1505 quam
698 1430 947 1503 Apostoli
988 1431 1380 1501 probaverunt.
1426 1429 1504 1486 De
1545 1443 1693 1485 novo
1735 1441 1883 1483 nunc
1917 1426 2115 1497 loquor

508 1525 870 1583 Testamento
901 1541 917 1579 :
950 1523 1095 1595 quod
1122 1523 1373 1580 Griecum
1402 1537 1530 1579 esse
1560 1538 1669 1577 non
1716 1520 1940 1577 dubium
1981 1528 2068 1577 est
2094 1559 2111 1587 ,

507 1627 741 1690 excepto
768 1616 1020 1689 apostolo
1048 1614 1075 1654 ι’
1104 1615 1359 1672 Matthzeo
1383 1659 1398 1681 ,
1449 1614 1542 1686 qui
1586 1615 1798 1687 primus
1840 1614 1894 1669 in
1926 1611 2113 1669 Judaea

511 1712 873 1784 Evangelium
926 1709 1132 1766 Christi
1188 1708 1472 1765 Hebraicis
1504 1706 1701 1763 litteris
1748 1705 1940 1764 edidit.
2001 1705 2117 1762 Hoc

512 1815 664 1863 certe
691 1820 814 1861 cum
842 1804 896 1860 in
933 1814 1121 1859 nostro
1153 1816 1409 1858 sermone
1440 1800 1752 1867 discordat,
1783 1811 1804 1839 ε
1835 1810 1890 1856 et
1927 1798 2113 1856 diver-

2207 594 2326 645 cus,
2359 579 2555 642 Lucas,
2584 576 2847 641 Joannes,
2880 572 3131 629 codicum
3162 570 3480 628 Graecorum
3517 567 3808 625 emendaza

2208 670 2526 738 collatione,
2554 668 2648 724 sed
2683 667 2964 723 Veterum.
2995 664 3130 733 Quae
3148 678 3217 721 ne
3244 663 3475 720 multum
3500 676 3531 717 a
3553 659 3809 718 lectionis

2209 763 2415 821 Latina:
2444 760 2839 819 consuetudine
2859 758 3261 831 discreparent,
3286 755 3306 796 τ
3334 757 3407 813 ita
3428 755 3642 813 calamo
3671 761 3809 810 tem-

2211 856 2547 929 peravimus,
2573 869 2632 912 ut
2661 854 2748 911 his
2779 863 2986 910 tantum
3034 867 3155 924 qure
3180 865 3431 929 sensum
3483 847 3810 905 videbantur

2213 960 2445 1016 mutare,
2474 948 2761 1016 correctis,
2787 945 2998 1017 reliqua
3031 959 3254 1003 manere
3271 953 3581 1015 pateremur
3597 949 3660 996 ut
3684 939 3810 997 fue-

2213 1052 2355 1100 rant.
2387 1042 2638 1100 Canones
2659 1054 2877 1113 quoque
2901 1081 2917 1109 ,
2959 1054 3099 1111 quos
3141 1036 3416 1095 Eusebius
3456 1032 3811 1093 Caesariensis

2214 1137 2503 1209 episcopus
2534 1133 2965 1193 Alexandrinum
2998 1141 3224 1190 secutus
3244 1128 3619 1196 Ammonium,
3637 1128 3692 1185 in
3714 1127 3813 1185 de-

2214 1245 2334 1288 cem
2363 1244 2627 1287 nuineros
2667 1227 2969 1293 ordinavit,
3006 1227 3151 1283 sicut
3190 1226 3245 1282 in
3275 1225 3473 1283 Graeco
3519 1223 3809 1291 habentur,

2215 1321 2781 1395 expressimus.Quod
2807 1322 2853 1377 si
2883 1321 3008 1393 quis
3024 1321 3094 1377 de
3113 1320 3346 1377 curiosis
3367 1318 3603 1375 voluerit
3623 1333 3811 1388 nosse,

2216 1432 2338 1489 qua:
2370 1416 2424 1472 in
2456 1415 2795 1488 Evangeliis,
2828 1413 2919 1470 vel
2946 1414 3139 1470 eadem
3164 1455 3180 1482 ,
3210 1412 3299 1470 vel
3328 1411 3537 1481 vicina,
3577 1411 3665 1469 vel
3692 1411 3810 1468 sola

2218 1513 2350 1577 sint,
2369 1526 2559 1568 eorum
2585 1509 2934 1567 distinctione
2954 1515 3267 1580 cegnoscat.
3291 1508 3516 1579 Magnus
3543 1505 3814 1579 siquidem

2221 1606 2311 1662 hic
2339 1605 2394 1661 in
2418 1605 2625 1661 nostris
2651 1602 2934 1661 codicibus
2957 1617 3116 1659 error
3142 1600 3405 1671 inolevit,
3440 1599 3568 1656 dum
3595 1600 3738 1672 quod
3760 1600 3816 1657 in

2220 1699 2411 1756 eadem
2451 1714 2510 1755 re
2540 1697 2680 1755 alius
2708 1697 3054 1769 Evangelista
3099 1695 3222 1769 plus
3266 1695 3443 1761 dixit,
3469 1696 3522 1751 in
3549 1695 3661 1752 alio
3687 1693 3815 1767 quia

2222 1796 2403 1852 minus
2428 1794 2761 1868 putaverint,
2788 1803 2814 1842 κ
2841 1792 3190 1849 addiderunt.
3240 1790 3338 1848 Vel
3379 1790 3507 1847 dum
3553 1790 3810 1848 eumdem

509 1915 602 1957 sos
627 1898 932 1965 rivulgrum
959 1896 1204 1952 tramites
1235 1894 1419 1951 ducit:
1446 1911 1555 1950 uno
1582 1896 1652 1951 de
1685 1894 1831 1950 fonte
1859 1907 2113 1965 quaaren-
2143 1898 2194 1960 Β
2222 1906 2442 1947 sensum
2475 1890 2616 1947 alius
2636 1890 2800 1945 aliter
2828 1888 3141 1961 expressit,
3175 1887 3270 1944 ille
3293 1887 3387 1959 qui
3411 1902 3579 1943 unum
3614 1901 3646 1943 e
3681 1902 3818 1959 qua-

508 1993 636 2049 duin
668 1960 809 2059 emi.
798 1990 1169 2047 Praetermitto
1200 2002 1295 2044 eos
1320 1986 1540 2044 codices
1567 2032 1580 2056 ,
1622 2001 1762 2058 quos
1793 2002 1821 2039 a
1864 1984 2110 2041 Luciano

509 2096 561 2142 et
593 2083 865 2157 Hesychio
894 2078 921 2120 ά
955 2090 1320 2153 nuncupatos,
1362 2095 1656 2151 paucorum
1695 2078 1975 2136 hominum
2016 2093 2108 2135 as-

503 2181 641 2239 serit
671 2194 933 2253 perversa
961 2177 1245 2236 contentio
1276 2191 1290 2230 :
1323 2174 1522 2246 quibus
1551 2173 1738 2247 utique
1771 2188 1872 2230 nec
1911 2174 1965 2229 in
2008 2188 2107 2230 ve-

501 2274 603 2331 teri
632 2273 1007 2330 lnstrumeuto
1037 2279 1165 2343 post
1185 2270 1539 2343 Septuaginta
1563 2269 1900 2341 lnterpretes
1920 2283 2110 2325 emen-

504 2368 641 2425 dare
672 2367 803 2440 quid
828 2367 1003 2435 licuit,
1043 2380 1145 2422 nec
1192 2365 1245 2420 in
1290 2362 1446 2420 Novo
1490 2362 1693 2435 profuit
1741 2361 2103 2419 emendasse:

505 2480 632 2522 cum
653 2464 946 2520 multarum
961 2460 1202 2534 gentium
1226 2460 1426 2533 linguis
1451 2458 1736 2531 Scriptura
1765 2465 1895 2515 ante
1926 2467 2105 2514 trans-

507 2558 637 2624 lata,
680 2557 878 2614 doceat
908 2555 1039 2612 falsa
1065 2569 1190 2611 esse
1220 2569 1343 2626 quae
1370 2552 1553 2609 addita
1592 2546 1941 2624 suntJlgitur
1989 2550 2106 2606 haec

511 2665 759 2723 praesens
808 2648 1230 2722 praefatiuncula
1275 2647 1568 2720 pollicetur
1605 2653 1845 2718 quatuor
1893 2655 2102 2701 tantum

509 2834 806 2891 etiamnum
831 2830 1164 2888 Veronensis
1193 2828 1457 2886 Ecclesiae
1480 2826 1814 2884 bibliotheca
1846 2844 1861 2883 :
1894 2841 2104 2899 nosque

516 2906 647 2962 illud
676 2914 801 2961 ante
831 2918 1004 2960 annos
1032 2903 1202 2959 ferme
1231 2902 1422 2957 decem
1455 2900 1810 2971 perlegimus,
1840 2907 2005 2969 atque
2033 2915 2101 2957 ex

510 2992 576 3034 eo
600 2985 855 3047 excerpta
877 2974 1293 3047 quaedam,qu:e
1316 2971 1539 3047 majoris
1560 2973 1835 3047 _mom_ent_i
1846 2972 2105 3047 videban-

516 3058 622 3120 tur,
656 3042 783 3106 (ιυηὶ
810 3042 919 3102 alio
960 3042 1338 3120 antiquissimo
1386 3042 1750 3120 Vercellensis
1795 3044 2099 3120 Ecclesize,

511 3120 580 3177 ad
610 3114 780 3190 'quam
811 3133 878 3173 ea
915 3114 1191 3174 etiam’de
1228 3129 1392 3171 causa
1442 3114 1882 3190 diverteramus,
1915 3115 2105 3190 sedulo

511 3187 967 3263 comparavimus.
996 3190 1064 3245 Et
1088 3187 1664 3263 quamquammutilus
1688 3196 1916 3256 uterque
1941 3187 2012 3263 sit
2036 3187 2101 3241 li-

514 3257 914 3333 berfmaleque
953 3257 1216 3333 temporis
1246 3259 1461 3329 injuriis
1503 3257 1735 3333 affectus
1759 3300 1774 3325 ,
1831 3259 2104 3329 prarcipue

516 3328 697 3391 autem
730 3328 1084 3397 Veronensis,
1110 3331 1164 3386 in
1190 3328 1512 3400 quo'eorum
1543 3328 1728 3394 etiam,
1763 3328 1886 3401 quae
1908 3345 2103 3399 supcr-

514 3416 661 3472 sunt,
694 3419 874 3461 exesa:
902 3404 1189 3459 maximam
1216 3410 1449 3471 partem,
1479 3410 1645 3472 atque
1672 3401 1932 3457 exsoleta:
1971 3416 2102 3457 ocu-

516 3477 692 3532 lorum
724 3474 895 3532 aciem
923 3474 1357 3545 eﬂ'ugiuntsmpe
1394 3472 1595 3528 littera:
1640 3490 1653 3526 :
1702 3475 1871 3545 certis
1918 3482 2098 3529 tamen

510 3547 747 3615 indiciis,
774 3561 896 3618 quas
922 3556 978 3602 et
1006 3544 1127 3601 cum
1160 3561 1250 3601 res
1280 3545 1436 3613 feret,
1471 3544 2007 3618 repraesentabimus,
2027 3560 2098 3618 ex

515 3635 580 3676 ea
606 3616 897 3676 collatione
928 3618 1569 3688 internovimus,verum
1605 3616 1708 3671 hoc
1744 3630 1911 3688 esse.
1956 3616 2101 3688 quod

513 3691 602 3747 hic
622 3690 681 3749 S.
713 3690 872 3746 Pater
899 3698 1151 3756 testatur,
1170 3688 1277 3743 Tot
1295 3687 1427 3742 olim
1456 3687 1627 3744 fuisse
1651 3688 1855 3743 Latina:
1878 3687 2102 3744 Versic-

511 3763 597 3819 nis
624 3762 958 3833 exemplaria
984 3775 1122 3833 pene
1149 3771 1279 3831 quot
1306 3758 1555 3815 codices.
1581 3759 1714 3833 Nam
1742 3774 1863 3814 cum
1910 3760 2100 3815 Hiero-

513 3832 821 3907 nymianam
849 3832 1289 3907 emendationem
1316 3840 1470 3907 certo
1496 3832 1698 3886 certius
1715 3840 2097 3907 ‘antevertant,

512 3902 677 3978 alque
697 3906 836 3962 adeo
852 3904 1209 3978 vetustiorem
1238 3902 1881 3978 Versionemprmferant
1902 3945 1916 3968 ,
1967 3905 2101 3978 locis

513 3974 694 4033 tamen
727 3976 867 4032 haud
896 3991 1028 4032 sane
1057 3974 1245 4045 paucis
1266 3976 1336 4029 ita
1356 3974 1705 4036 dissentiunt,
1730 3983 1789 4028 ut
1813 3974 1882 4030 ab
1904 3975 2099 4031 eodem

514 4047 711 4105 Latino
740 4046 1064 4118 exemplari,
1089 4046 1233 4117 quod
1263 4045 1408 4117 apud
1428 4060 1629 4118 omnes
1650 4045 1922 4118 obtineret
1949 4092 1962 4115 ,
2006 4062 2100 4103 ac-

516 4129 672 4190 cepta
693 4116 919 4176 minime
946 4116 1119 4190 videri
1149 4116 1381 4189 possint.
1420 4116 1573 4190 idem
1613 4134 1681 4173 ex
1707 4133 1771 4173 ea
1812 4116 2101 4190 didicimus

514 4188 755 4248 editione
782 4188 1060 4262 Evangelii
1092 4188 1387 4246 secundum
1416 4188 1750 4262 Matthmum,
1774 4204 1937 4262 quam
1973 4189 2103 4245 Vul-

512 4271 692 4334 gatam
722 4259 997 4334 antiquam
1038 4260 1290 4334 Latinam
1334 4259 1614 4334 et_ltalam
1667 4260 1985 4334 inscripsit,
2037 4277 2102 4318 ac

514 4331 986 4416 singuiariljbello
1006 4333 1214 4403 primus
1241 4332 1518 4389 veteribus
1547 4348 1682 4416 mss.
1719 4332 1920 4416 publici
1958 4333 2101 4416 juris

517 4403 1038 4476 fecitAMartianaaus,
1064 4416 1124 4476 _et
1154 4418 1312 4476 quam
1345 4418 1452 4460 non
1485 4404 1660 4459 solum
1686 4404 1773 4476 ab,
1795 4404 1920 4459 aliis
1956 4403 2100 4475 apud

515 4474 766 4547 eumdem
797 4475 1035 4546 antiquis
1063 4474 1218 4531 libris
1240 4490 1385 4547 saepe
1405 4477 1629 4547 saepius,
1658 4475 1756 4533 sed
1785 4488 1841 4533 et
1860 4490 1891 4531 a
1921 4474 2099 4533 Vero-

519 4548 675 4604 nensi
703 4545 808 4604 hoc
826 4545 1042 4617 nostro,
1073 4555 1237 4618 atque
1256 4545 1377 4617 ipso
1401 4545 1735 4604 Vercellensi
1784 4547 1839 4603 in
1880 4548 2097 4604 diversa

2218 1994 2341 2043 tuor
2380 1986 2615 2064 primum
2648 1985 2897 2056 legerat,
2943 1983 3011 2039 ad
3066 1983 3185 2055 ejus
3229 1982 3541 2053 esemplum
3586 1989 3819 2038 exteros

2217 2096 2437 2154 quoque
2465 2081 2824 2138 aestimaverit
2846 2079 3242 2137 emendandos.
3280 2076 3439 2135 Unde
3484 2076 3716 2144 accidit,
3760 2085 3821 2132 ut

2215 2176 2358 2247 apud
2383 2192 2490 2232 nox
2515 2177 2683 2232 mixta
2708 2175 2821 2232 sint
2850 2175 3053 2237 omnia.
3082 2182 3138 2231 et
3156 2174 3214 2231 in
3245 2173 3430 2229 Marco
3459 2171 3612 2243 plura
3641 2170 3807 2227 Luca:

2214 2277 2382 2341 atque
2408 2269 2651 2326 Matthrei
2685 2286 2699 2325 :
2729 2283 2948 2325 rursum
2988 2269 3041 2324 in
3091 2265 3353 2324 Matthzeo
3383 2267 3538 2337 plura
3586 2264 3820 2322 Joannis

2215 2372 2271 2419 et
2297 2364 2486 2433 Marci,
2512 2373 2567 2420 et
2598 2365 2652 2419 in
2681 2363 2902 2420 caeteris
2926 2363 3265 2434 reliquorum
3303 2376 3425 2434 quae
3446 2360 3571 2417 aliis
3598 2360 3820 2433 propria

2215 2468 2365 2525 sunt,
2393 2458 2765 2515 inveniantur.
2791 2455 2929 2513 Cum
2955 2455 3140 2528 itaque
3166 2454 3421 2512 Canones
3465 2454 3694 2525 legeris,
3725 2452 3845 2525 qui'

2212 2550 2449 2623 subjecti
2476 2561 2629 2621 sunt,
2657 2551 2995 2608 confusionis
3020 2563 3210 2606 errore
3239 2548 3459 2604 sublato
3481 2588 3496 2615 ,
3529 2554 3587 2603 et
3614 2546 3817 2602 similia

2212 2646 2455 2704 omnium
2490 2647 2666 2717 scies,
2696 2655 2752 2703 et
2781 2645 3011 2717 singulis
3036 2658 3133 2700 sua
3164 2657 3397 2716 qumque
3436 2640 3714 2699 restitues.
3755 2639 3816 2697 In

2207 2842 2293 2901 ce,
2321 2842 2428 2885 non
2462 2828 2597 2885 Heb.
2626 2828 2744 2884 sive
2775 2828 3004 2901 Syriace
3054 2825 3411 2901 Evangelium
3440 2825 3805 2901 contendunt.

2208 2899 2280 2955 Ut
2304 2915 2436 2955 vero
2461 2916 2584 2971 qua:
2628 2901 2682 2956 in
2722 2899 2842 2956 eam
2882 2916 2997 2957 rem
3050 2900 3186 2955 alias
3222 2899 3604 2971 congessimus
3655 2914 3817 2970 argu-

2210 2981 2413 3041 menta,
2449 2969 2539 3027 hic
2561 2981 2954 3040 praetereamus
2984 2987 2998 3026 :
3036 2971 3170 3027 illud
3198 2980 3284 3027 est
3304 2969 3437 3027 sane
3468 2971 3521 3025 in
3552 2969 3654 3026 hac
3690 2969 3817 3027 sen-

2212 3045 2379 3100 tentia
2410 3058 2671 3115 perquam
2705 3043 3054 3101 commodum
3086 3086 3103 3111 ,
3149 3043 3295 3115 quod
3349 3042 3814 3115 uti_reliquorum

2211 3112 2680 3187 Evangelistarum
2710 3158 2726 3182 ,
2761 3112 3216 3187 Scriptorumque
3262 3115 3386 3170 novi
3430 3112 3765 3187 Testamenti
3797 3155 3813 3181 ,

2210 3187 2283 3241 ita
2309 3196 2366 3243 et
2392 3186 2627 3242 Matthasi
2658 3187 2835 3252 ipsum
2866 3186 3221 3259 Evangelium
3254 3186 3541 3244 αὐθεντικὸν
3567 3186 3817 3243 creditur

2133 3238 2181 3303 C
2208 3238 2835 3331 ῥῦρὲὶῖὲἐὲέἑῖιίὶὶέιῖἆξ
2859 3238 3342 3331 missimissi.
3355 3238 3808 3327 Bisi-T516636;

2206 3329 2437 3396 litteris;
2463 3329 2779 3402 econtrario
2803 3334 2894 3401 qui
2925 3329 3230 3402 oppositam
3281 3330 3602 3400 opinionem
3636 3338 3816 3402 tuen-

2207 3410 2317 3470 tur,
2346 3403 2449 3457 alia
2481 3416 2542 3458 se
2570 3401 2826 3468 debeant,
2853 3401 3028 3473 eaque
3056 3402 3376 3458 obscuriore
3428 3415 3510 3473 ac
3547 3401 3813 3473 tralatitia

2204 3475 2511 3540 quastione
2541 3473 2802 3545 expedire
2857 3470 3335 3545 (quandoquidem
3375 3470 3659 3545 originalis
3710 3472 3816 3531 He-

2207 3545 2421 3601 braicus
2450 3543 2632 3601 textus
2648 3544 2861 3615 jamdiu
2886 3543 3017 3601 olim
3043 3543 3349 3614 intercidit)
3373 3543 3592 3599 cuinam
3622 3543 3814 3601 Graeca

2208 3616 2498 3673 tribuenda
2530 3618 2603 3673 sit
2628 3617 2841 3673 versio?
2869 3616 3068 3689 Papias
3120 3618 3269 3689 enim
3318 3616 3460 3685 apud
3512 3615 3812 3673 Eusebium

2204 3688 2344 3745 Hist.
2378 3688 2525 3745 Eccl.
2552 3689 2646 3745 lib.
2669 3704 2748 3757 Ill,
2769 3704 2820 3744 c.
2852 3688 2959 3753 39,
2979 3692 3049 3752 ὥς
3075 3688 3293 3750 ἠδύνατο
3321 3689 3557 3752 ἕκαστος,
3588 3699 3644 3742 at
3670 3689 3815 3758 quis-

2202 3778 2299 3833 que
2325 3761 2504 3826 valuit,
2539 3775 2640 3830 pro
2665 3776 2759 3815 sua
2802 3761 3111 3833 eruditione
3138 3771 3304 3832 atque
3331 3777 3435 3833 usu
3458 3759 3649 3816 Graece
3679 3760 3813 3816 illud

2203 3832 2564 3899 convertisse,
2590 3842 2780 3888 auctor
2808 3841 2911 3889 est.
2946 3832 3015 3888 Et
3042 3834 3135 3903 qui
3167 3841 3325 3887 certo
3352 3832 3590 3903 cuipiam
3644 3834 3814 3887 inter-

2206 3904 2343 3975 preti
2373 3919 2493 3959 eam
2519 3919 2742 3973 operam
2773 3906 3090 3975 ascribunt,
3123 3903 3319 3960 mirum
3350 3913 3612 3975 quantum
3642 3904 3811 3975 inter

2203 3973 2264 4031 se
2294 3974 2644 4031 dissentiant.
2672 3977 2809 4031 Sunt
2833 3974 2933 4047 qui
2955 3975 3164 4033 Jacobo
3219 3973 3394 4045 primo
3438 3973 3817 4046 Jerosolymo-

2205 4063 2324 4120 rum
2354 4047 2812 4120 Episcono,isunt
2840 4060 2893 4105 et
2921 4049 3012 4120 qui
3056 4047 3252 4105 Joanni
3308 4047 3572 4120 Apostoio
3591 4087 3613 4120 ε
3634 4055 3691 4102 et
3710 4047 3805 4120 qui

2203 4118 2468 4191 Barnabze
2498 4119 2912 4191 translationem
2939 4117 3064 4175 eam
3095 4117 3365 4176 asserant'
3394 4137 3408 4173 :
3460 4117 3556 4174 alii
3589 4118 3760 4191 Paulo
3788 4164 3806 4191 ,

2203 4201 2299 4247 aut
2329 4189 2771 4261 Luctc,denique
2803 4194 2978 4262 ipsum
3023 4191 3334 4247 Matthteum
3383 4191 3587 4246 suimet
3632 4188 3810 4262 Evan-

2201 4263 2326 4334 gelii
2352 4261 2602 4318 Graecum
2632 4261 2993 4334 interpretem
3025 4266 3307 4334 exstitisse
3331 4305 3346 4329 ,
3405 4262 3499 4334 alii
3560 4261 3802 4317 tradunt.

2202 4332 2347 4407 Nihil
2369 4346 2579 4407 certum
2610 4333 2755 4407 quod
2781 4332 3056 4407 sequaris,
3092 4333 3148 4390 in
3173 4344 3319 4390 tanta
3345 4333 3671 4405 opinionum
3705 4349 3800 4389 va-

2202 4405 2421 4471 rietate,
2447 4405 2636 4462 habes.

2280 4488 2302 4551 ς
2344 4476 2421 4532 lta
2465 4492 2598 4533 mss.
2639 4492 2832 4551 omnes
2871 4478 3314 4551 antiquioresac
3347 4477 3593 4534 melioris
3622 4487 3808 4551 notae.

2201 4546 2426 4621 Aliquot
2470 4550 2804 4606 recentiores
2851 4565 2975 4606 cum
3010 4546 3190 4606 'editis
3221 4550 3449 4621 legunt,
3489 4551 3546 4603 in
3576 4550 3808 4606 diversos

515 4619 703 4695 abire,
733 4619 931 4695 passim
970 4618 1476 4695 animadvertimus.
1517 4618 1801 4695 _Lau_dat_ur
1854 4627 1933 4695 et_
1962 4621 2105 4695 aniti-
2128 4632 2183 4695 Ῑ)
2206 4618 2496 4695 rivnlorum
2525 4624 2755 4677 tramites
2778 4636 2798 4677 :
2828 4623 2915 4677 vel
2941 4622 3011 4677 ad
3036 4618 3300 4695 diversos,
3334 4631 3443 4678 etc.
3478 4621 3660 4677 Mur.

515 4690 809 4759 quissimus
838 4689 998 4747 Beza:
1024 4705 1129 4745 ms.
1154 4698 1210 4745 et
1235 4690 1377 4747 alter
1399 4689 1598 4761 Regius
1626 4691 1800 4748 Paris.
1851 4692 1937 4748 vel
1980 4693 2104 4748 Cla-

518 4771 895 4829 romontanus,
927 4777 959 4818 e
983 4761 1179 4831 quibus
1205 4761 1397 4818 Versio
1428 4762 1517 4817 illa
1559 4762 1834 4833 antiquior
1863 4762 2105 4819 creditur

521 4834 733 4891 restitui
763 4847 926 4906 posse
949 4851 979 4906 ελ
1002 4833 1132 4906 quin
1167 4832 1341 4906 etiam
1387 4833 1592 4890 scimus
1647 4832 1918 4906 ejusmodi
1963 4836 2103 4892 alios

516 4920 647 4963 mss.
672 4907 729 4962 in
769 4905 941 4963 Italiae
970 4903 1324 4977 bibliothecis
1345 4918 1633 4977 superesse
1661 4903 1692 4969 ,⁷
1729 4921 1871 4977 quos
1919 4916 2101 4964 tamen

511 4977 687 5034 oculis
710 4991 983 5049 usurpare,
1000 4975 1158 5032 nobis
1185 4975 1328 5049 haud
1359 4975 1632 5049 contigit.
1660 4975 1762 5049 Ae
1791 4979 2103 5049 praecedere

508 5049 729 5120 quidem
762 5046 877 5121 eos
907 5046 1402 5121 illieronymianam
1441 5046 1879 5105 emendationem
1906 5094 1920 5119 ,
1967 5049 2101 5106 nihil

508 5121 720 5185 dubito,
741 5119 976 5178 describi
1004 5119 1184 5176 autem
1209 5120 1449 5189 proprie,
1473 5134 1536 5175 ac
1555 5129 1706 5176 certo
1730 5136 1889 5191 posse
1910 5137 1979 5177 ex
2005 5136 2103 5178 eo-

511 5208 629 5248 rum
658 5192 859 5264 aliquo,
883 5207 955 5249 ne
985 5191 1284 5264 Veroneusi
1306 5191 1523 5262 quidem
1545 5201 1798 5262 excepto.
1821 5208 1941 5249 eam
1961 5193 2100 5260 Ver-

513 5263 889 5335 sionem,’qua:
914 5264 1049 5320 Itala
1068 5263 1214 5320 dicta
1237 5273 1320 5318 est
1342 5264 1666 5335 Augustino,
1689 5277 1783 5319 seu
1818 5264 2100 5335 Vulgatam

510 5333 805 5401 veterem,
854 5351 976 5405 quae
1024 5351 1129 5391 una
1179 5333 1449 5392 Ecclesiis’
1490 5333 1803 5391 Latinorum
1847 5333 2104 5394 omnibus

512 5418 711 5477 praesto
736 5406 926 5479 fuerit,
953 5405 1042 5479 vix
1074 5406 1316 5479 credam,
1345 5418 1439 5479 aut
1468 5421 1539 5463 ue
1560 5406 1651 5464 vix
1679 5407 1917 5479 quidem.
1950 5407 2103 5465 Adeo

509 5492 701 5551 verum
734 5477 841 5551 hoc
865 5489 949 5534 est
970 5477 1285 5551 ﬂieronymi
1317 5477 1560 5545 effatum,
1590 5477 1740 5551 quod
1775 5494 1873 5535 nos
1903 5480 2003 5551 ipsi
2044 5481 2098 5536 in

512 5550 862 5605 conferendis
888 5547 1538 5617 codicibus’experientia
1569 5547 1885 5607 didicimus.

582 5629 609 5658 η
638 5621 719 5676 Ex
767 5621 996 5678 Hebraeo
1015 5618 1070 5676 in
1108 5618 1392 5690 Grmcum,
1437 5631 1493 5678 et
1535 5636 1608 5677 ex
1636 5621 1829 5679 Graeco
1861 5626 1911 5678 in
1956 5623 2104 5679 Lati-

508 5706 660 5748 nllm.

582 5763 610 5802 δ
646 5764 886 5820 Diximus
913 5764 1065 5833 alibi,
1113 5773 1170 5819 et
1204 5765 1506 5833 praesertim
1532 5766 1599 5821 ad
1632 5765 1726 5821 lib.
1757 5766 1826 5822 de
1854 5767 2106 5834 Scripto-

516 5837 669 5891 ribus
695 5834 1115 5908 Ecclesiasticis,
1150 5850 1338 5908 eorum
1378 5852 1489 5908 nos
1514 5907 1517 5908 ν
1539 5840 1765 5908 propius
1815 5837 2106 5894 sententia:

512 5908 794 5974 accedere,
825 5908 918 5979 qui
945 5906 1015 5964 ab
1038 5906 1159 5978 ipso
1182 5906 1348 5964 etiam
1373 5906 1925 5981 Matthzco'scriptum
1955 5909 2109 5968 Grac-

2279 4690 2306 4775 ξι
2338 4692 2465 4776 Haec
2490 4702 2811 4776 porro_su_nt
2838 4708 2957 4776 quin
2986 4692 3300 4776 apocrypha
3326 4702 3604 4776 notantur,
3628 4707 3814 4776 a_c_rc-

2202 4762 2466 4839 jieiuntur
2494 4762 2548 4820 in
2581 4762 2875 4839 Gglasiano
2905 4762 3477 4839 Decreto,:Evang_elia
3505 4780 3625 4839 quia
3644 4765 3813 4839 falsa-

2208 4836 2277 4910 nit
2307 4835 2591 4910 Lucianus.
2610 4835 2908 4910 Evangelia
2935 4853 3051 4908 quia
3096 4834 3678 4910 falsaviti'ﬂesyehius.
3712 4836 3810 4892 Vi-

2206 4906 2715 5034 ggsis7llusserium
2773 4906 3137 4983 Synta‘gmat‘e
3192 4909 3262 4964 de
3308 4906 3807 4981 LXX'lnterpret.

2276 4996 2329 5034 ι).
2395 5022 2409 5034 .

2206 4994 2329 5035 can.
2358 4994 2409 5035 'l.

2276 4996 2489 5124 gellius
2518 5067 2716 5124 nempe
2737 5052 2867 5109 olim
2896 5052 3035 5124 ordo
3066 5060 3186 5109 erat
3214 5049 3412 5109 nedum
3455 5049 3517 5124 in
3557 5050 3811 5124 Graecis,

2206 5121 2300 5178 sed
2329 5132 2383 5179 et
2410 5122 2621 5180 Latinis
2649 5121 2955 5183 codicibus.
2982 5123 3039 5179 In
3067 5136 3259 5180 nostro
3286 5124 3450 5180 etiam
3479 5122 3808 5192 Veronensi,

2205 5209 2365 5265 quem
2394 5196 2559 5251 modo
2588 5196 2953 5260 laudavimus,
2988 5197 3246 5252 Matthteo
3272 5195 3509 5251 Joannes
3535 5196 3809 5261 succedit,

2205 5280 2313 5321 non
2359 5265 2567 5334 Lucas,
2620 5268 2763 5338 quod
2820 5267 3044 5325 Graecus
3085 5282 3357 5325 nonnemo
3414 5267 3468 5321 in
3499 5267 3812 5338 vernaculis

2206 5335 2873 5409 exemplaribus'faetum
2930 5338 3067 5395 dixit
3114 5340 3172 5395 in
3222 5338 3634 5395 similitudinem
3682 5335 3815 5395 boni

2204 5411 2480 5481 agricolae.
2506 5413 2597 5480 qui
2632 5410 2891 5467 fortiores
2916 5412 3083 5468 hostes
3138 5411 3317 5481 primo
3354 5410 3557 5481 iungit.
3590 5409 3810 5466 Videsis

2264 5480 2567 5607 ﬂnéfredutn
2602 5481 2849 5554 llodyum
2881 5483 2948 5539 de
2995 5480 3295 5539 BibliOrum
3338 5480 3605 5539 Textibus
3643 5483 3813 5555 origi-

2302 5569 2314 5605 ι
2364 5569 2445 5607 us.

2209 5567 2445 5609 ιιειιιῡιιε.

2288 5621 2306 5660 τ
2349 5624 2577 5697 Codices
2606 5640 2738 5682 mss.
2776 5626 3158 5696 quamplures,
3206 5626 3593 5697 imperauimus.
3623 5624 3806 5682 Man'r.

2284 5703 2308 5741 Β
2336 5696 2575 5752 Consule
2614 5715 2732 5765 qme
2777 5699 2829 5753 in
2864 5696 3510 5765 l’rolegomenisnoslris
3535 5698 3811 5753 ediximus

2209 5766 2277 5821 de
2303 5767 2493 5840 Latino
2522 5768 2762 5824 Matthrei
2794 5770 3088 5840 Evangelia
3113 5786 3212 5825 usu
3241 5771 3531 5839 receptoin
3563 5769 3807 5824 Ecclesia

2208 5847 2334 5893 ante
2368 5839 2788 5913 Hieronymum,
2818 5842 2906 5895 ubi
2942 5839 3189 5909 exempla
3237 5842 3615 5913 proposuimus
3646 5840 3805 5898 addi-

2208 5918 2569 5969 tamentorum
2610 5912 2945 5984 liujusmodi.
2975 5913 3157 5971 Mur.
