4182 6338
414 352 523 413 59.9

1568 349 1909 413 'CANONES
1949 355 2518 420 EVANGELIORUM.

3607 366 3710 427 550

413 468 638 524 Canone
667 465 847 538 primo
875 466 1207 524 concordant
1232 475 1486 538 quatuor,
1518 469 1803 525 Matihaeus
1823 513 1836 535 ,
1869 468 1994 523 Mar-

2113 474 2512 543 reqnirendus.‘
2530 474 2664 530 Cum
2699 475 2865 546 igitur
2884 487 3075 548 aperto
3097 478 3307 548 codice,
3326 481 3472 538 verbi
3503 484 3698 554 gratia,

411 579 537 631 cus,
569 562 766 630 Lucas,
799 560 1058 618 Joannes.
1089 563 1147 618 ln
1190 563 1430 619 secundo
1472 574 1620 632 tres,
1677 564 1962 620 Matthtcus
1989 611 2002 634 ,

407 659 647 730 Marcus,
680 660 876 716 Lucas.
909 659 967 715 lii
1000 660 1162 716 tertio
1216 668 1360 728 tres,
1417 660 1708 716 Matthmus
1729 703 1743 727 ,
1786 659 1965 715 Lucas
1990 702 2004 727 ,

401 752 668 811 Joannes.
700 753 757 811 In
785 763 982 825 quarto
1012 767 1121 810 tres
1150 799 1164 824 ,
1198 754 1479 810 Mattliaeus
1500 798 1514 822 ,
1561 745 1812 819 Marcus,
1843 756 2008 812 Joan-

404 863 527 904 nes.
558 847 616 903 In
647 848 836 919 quinto
861 841 989 912 duo,
1021 847 1326 914 Matthteus,
1360 849 1555 904 Lucas.
1591 849 1646 905 ln
1675 859 1829 905 sexto
1861 850 2000 916 duo,

401 941 718 1010 Mattliteus,
751 941 1062 999 Marcus.ln
1094 942 1328 1013 septimo
1353 943 1486 1010 duo,
1514 942 1821 1009 Mattlimus,
1845 942 2006 998 Joan-

404 1051 529 1092 nes.
564 1036 622 1092 ln
649 1046 845 1092 octavo
866 1036 977 1092 duo
999 1079 1014 1104 ,
1047 1037 1256 1104 Lucas,
1305 1037 1534 1093 Marcus.
1584 1037 1641 1092 In
1679 1053 1824 1092 nono
1856 1037 1961 1092 duo
1986 1079 2001 1099 .

401 1129 601 1196 Lucas,
625 1129 884 1186 Joannes.
927 1129 984 1185 ln
1016 1129 1233 1186 decimo
1265 1139 1288 1167 ο
1323 1130 1541 1201 propria
1587 1130 1959 1201 unusquisque
1987 1171 2001 1194 ,

402 1240 523 1296 quae
557 1240 665 1280 non
695 1224 966 1281 habentur
994 1224 1046 1280 in
1076 1225 1216 1292 aliis,
1253 1225 1566 1281 ediderunt.
1599 1226 1839 1296 Singulis
1873 1240 2000 1280 vero

404 1316 739 1387 Evangeliis.
763 1317 832 1372 ab
858 1332 970 1373 uno
1000 1317 1265 1387 incipiens
1307 1333 1477 1389 usque
1523 1317 1590 1372 ad
1631 1317 1794 1374 linem
1830 1317 2000 1373 libro-

397 1424 544 1477 rum,
579 1408 764 1479 dispar
807 1423 1068 1464 numerus
1109 1410 1370 1465 increscit
1398 1409 1508 1482 [ΑΙ.
1558 1409 1866 1482 accrescit].
1901 1410 1999 1464 llic

395 1500 553 1573 nigro
581 1501 766 1558 colore
798 1503 1170 1573 praescriptus,
1192 1502 1294 1558 sub
1315 1517 1375 1559 se
1403 1503 1570 1560 habet
1599 1503 1761 1558 alium
1794 1518 1863 1558 ex
1898 1503 1998 1557 mi-

393 1596 488 1651 nio
517 1612 803 1653 numerum
831 1595 860 1635 ι)
908 1595 1273 1666 discolorem,
1327 1597 1417 1666 qui
1464 1598 1530 1652 ad
1577 1596 1768 1652 decem
1821 1612 1994 1667 usque

391 1691 722 1764 procedens,
754 1691 957 1747 indicat
985 1692 1137 1762 prior
1161 1706 1442 1759 numerus,
1462 1691 1515 1746 in
1539 1707 1646 1761 quo
1673 1691 1742 1746 sit
1768 1690 1990 1748 Canone

2117 565 2249 621 illttd
2278 567 2392 622 sive
2424 567 2553 623 illud
2584 569 2879 640 capitulum
2912 570 3056 628 scire
3087 572 3353 643 volueris,
3403 576 3556 644 cujus
3603 577 3704 631 (3η-

2115 659 2273 713 nonis
2300 659 2389 726 sit,
2423 661 2607 714 statim
2646 677 2712 715 ex
2745 662 2993 731 subjecto
3033 680 3259 720 numero
3299 665 3612 734 doceberis,
3653 677 3708 724 et

2113 766 2402 807 recurrens
2430 751 2495 806 ad
2533 753 2820 824 principia,
2858 755 2909 808 in
2941 754 3137 825 quibus
3168 757 3449 812 Cauonuni
3484 768 3566 814 cst
3594 757 3704 814 dis-

2120 845 2282 900 tincta
2311 845 2618 917 congeries,
2650 847 2954 918 eodemque
2994 850 3174 904 statim
3203 849 3425 907 Cimone
3451 866 3514 906 ex
3546 853 3705 907 titulo

2115 940 2307 994 frontis
2359 940 2608 1006 invento,
2669 940 2818 995 illum
2871 956 3033 1012 quem
3082 942 3366 1013 qumrcbas
3415 958 3700 999 numerum

2109 1032 2351 1102 ejusdem
2385 1034 2778 1105 Evangelistac,
2812 1035 2902 1105 qni
2954 1045 3008 1090 ct
3054 1037 3170 1106 ipse
3217 1052 3286 1092 ex
3348 1037 3706 1109 inscriptione

2111 1127 2377 1196 signatur,
2409 1127 2694 1184 invenies:
2729 1139 2890 1198 atque
2929 1144 2959 1184 e
3008 1128 3188 1185 vicino
3230 1140 3556 1186 caeterorum
3599 1141 3706 1186 tra-

2112 1221 2333 1277 mitibus
2362 1221 2653 1291 inspectis,
2686 1237 2823 1292 quos
2855 1239 3114 1278 numeros
3143 1239 3174 1278 e
3198 1225 3418 1294 regione
3440 1224 3702 1290 habeant,

2108 1314 2422 1371 annotabis.
2458 1315 2666 1370 Etcum
2694 1315 2905 1383 scieris,
2927 1331 3179 1372 recurres
3207 1317 3274 1372 ad
3298 1319 3570 1372 volumina
3595 1319 3706 1373 sin-

2106 1409 2385 1480 gulorum,
2415 1417 2471 1462 et
2500 1407 2619 1463 sine
2649 1422 2795 1463 mora
2825 1411 3058 1479 repertis
3093 1413 3338 1466 numeris
3359 1452 3374 1478 ,
3414 1425 3551 1482 quos
3574 1421 3700 1466 ante

2104 1505 2449 1574 signaveras,
2472 1501 2500 1541 ὶι
2533 1503 2782 1573 reperies
2813 1502 2919 1574 [AL
2952 1503 3220 1576 reperias]
3249 1515 3304 1560 et
3332 1506 3474 1573 loca,
3506 1505 3557 1559 in
3585 1506 3704 1576 qui-

2100 1596 2200 1652 bus
2228 1595 2309 1652 vel
2339 1595 2550 1664 eadem,
2589 1595 2673 1651 vel
2701 1595 2878 1650 vicina
2920 1594 3180 1650 dixerunt
3225 1608 3269 1650 ε.
3319 1596 3491 1668 Opto,
3540 1608 3596 1652 ut
3637 1599 3690 1652 in

2099 1689 2317 1747 Christo
2341 1689 2545 1758 valeas,
2567 1700 2620 1744 et
2651 1690 2755 1744 mei
2785 1690 3098 1744 memineris
3119 1731 3132 1756 ,
3176 1689 3320 1760 Papa
3349 1689 3681 1749 beatissime.

461 1858 487 1886 ³
529 1850 605 1905 Ita
653 1865 845 1906 omnes
881 1866 1012 1906 mss.
1069 1850 1327 1905 codices:
1371 1849 1499 1906 editi
1542 1858 1721 1904 autem
1775 1825 2197 1921 legunt,-Btum
2243 1847 2306 1921 ab
2359 1849 2438 1902 liis
2487 1849 2540 1902 in
2582 1847 2840 1921 volumine
2887 1847 3044 1902 semel
3094 1849 3293 1903 dictum
3341 1859 3413 1903 est
3455 1853 3695 1919 ostendit,

393 1923 610 1994 propria
639 1923 825 1992 quique
852 1939 986 1994 quae,
1020 1922 1131 1978 etc.
1162 1922 1342 1977 MART.

459 1992 486 2031 δ
519 1994 622 2048 Pro
652 1991 898 2049 Colorum
926 1994 1264 2056 diversitate,
1294 1993 1635 2049 commodior
1665 1993 1779 2048 visa
1812 2003 1896 2047 est
1930 1991 1983 2047 iii

391 2065 527 2134 ipsis
559 2067 855 2122 numericis
883 2068 1028 2120 notis
1059 2067 1348 2120 diversitas
1379 2083 1394 2120 :
1429 2077 1489 2120 ut
1516 2081 1655 2135 quos
1693 2080 1889 2134 nempe
1919 2080 1985 2119 ex

389 2138 559 2192 minio
606 2139 1022 2208 pra-scripserat
1067 2137 1126 2192 S.
1162 2137 1346 2207 Pater,
1397 2154 1496 2191 nos
1545 2137 1870 2199 Saracenis,
1930 2146 1988 2191 ut

382 2222 580 2274 vocat,
611 2209 752 2265 notis
782 2251 797 2274 ,
843 2220 897 2265 et
925 2225 1062 2281 quos
1091 2225 1157 2265 ex
1183 2209 1337 2280 nigro
1363 2251 1379 2278 ,
1410 2208 1669 2264 Romanis
1700 2208 1987 2264 exhibere-

384 2295 530 2336 mus.

456 2363 480 2391 ε
522 2352 666 2407 Ante
697 2352 854 2407 istam
883 2352 1156 2422 epistolae,
1182 2367 1276 2407 seu
1300 2351 1639 2422 praefationis
1680 2353 1986 2405 conclusio—

378 2438 504 2496 nem
551 2439 615 2478 ac
660 2425 1044 2480 salutationem
1071 2465 1085 2489 ,
1135 2426 1365 2496 legimus
1402 2425 1452 2478 in
1493 2425 1660 2479 editis
1709 2435 1891 2496 atque
1929 2423 1982 2478 in

380 2495 592 2565 aliquot
651 2511 783 2550 mss.
834 2497 985 2551 libris
1035 2512 1154 2566 qua:
1205 2496 1648 2562 subsequuntur:
1703 2495 1985 2549 Sciendum

380 2569 538 2621 etiam
571 2584 632 2620 ne
661 2572 774 2636 quis
803 2569 1046 2639 ignarum
1081 2585 1144 2622 ea:
1167 2568 1512 2622 similitudine
1543 2582 1878 2621 numerorum
1903 2583 1986 2619 er-

379 2654 472 2692 ror
517 2640 739 2693 involvat
764 2681 780 2707 ,
835 2640 973 2711 qu_od
1020 2639 1184 2694 sicubi
1226 2641 1280 2692 in
1321 2640 1678 2711 subnotﬁatione
1717 2639 1985 2711 (Iunonum

380 2711 767 2776 distinctornm,
799 2708 856 2765 in
879 2709 1091 2766 Conone
1116 2712 1339 2782 quolibet
1363 2722 1462 2766 tres
1485 2710 1851 2780 Erangelistw,
1883 2708 1981 2777 bis,

378 2783 460 2836 uel
487 2794 584 2850 ter,
613 2784 687 2837 rel
717 2793 919 2852 quater,
953 2793 1043 2855 aut
1091 2784 1244 2836 etiam
1271 2783 1493 2855 amplius
1542 2782 1776 2836 eumdem
1808 2797 1986 2835 nume-

377 2870 499 2907 rum
549 2871 641 2925 per
691 2854 922 2908 ordinem
965 2853 1238 2910 habuerint
1283 2853 1589 2909 annotatum
1616 2897 1630 2914 .
1677 2862 1722 2908 et
1768 2861 1986 2925 quartus

379 2923 712 2998 econtrario,
756 2927 1149 2998 discrepantes;
1180 2928 1319 2993 quod
1352 2927 1405 2980 id
1446 2937 1546 2981 tres
1586 2925 1682 2998 illi
1706 2927 1760 2978 in
1781 2923 1848 2998 co
1871 2923 1984 2978 loco

379 2999 538 3050 semel
567 2997 790 3052 dixerint
813 3039 828 3064 ,
860 2996 1075 3066 quartus
1103 3000 1246 3052 toties
1279 3000 1330 3051 in
1357 3014 1572 3070 corpore
1599 2996 1877 3070 uoluminis
1901 2998 1985 3049 sui

379 3078 586 3140 ponat,
618 3070 814 3138 quoties
861 3071 1047 3125 diversi
1093 3070 1295 3123 numeri
1336 3071 1390 3123 in
1433 3069 1544 3142 ejus
1574 3069 1783 3124 (Iunone
1829 3070 1986 3142 positi

383 3153 505 3194 sunt
539 3149 717 3195 contra
767 3143 1134 3206 prwdictorum
1179 3141 1511 3195 numerorum
1554 3142 1884 3194 continuatos
1911 3141 1985 3193 si-

381 3213 728 3266 militudines.
764 3211 895 3267 Item
922 3214 966 3267 si
998 3214 1050 3266 iit
1085 3229 1186 3266 uno
1212 3213 1436 3281 quolibet
1463 3230 1674 3278 eorum,
1714 3221 1800 3265 aut.
1829 3211 1985 3264 etiam

380 3285 607 3336 duorum
635 3283 772 3337 idem
799 3286 851 3338 in
881 3283 1090 3338 Conone
1118 3301 1364 3339 numerus
1394 3284 1491 3349 bis,
1525 3295 1621 3351 ter,
1652 3295 1855 3353 quater,
1891 3293 1981 3336 aut

381 3373 442 3408 eo
472 3355 701 3426 amplius
722 3357 1014 3425 reperiatur
1044 3359 1097 3410 in
1127 3356 1306 3410 ordine
1334 3357 1640 3420 collocatus,
1671 3367 1718 3409 et
1746 3356 1981 3424 dispares

379 3427 716 3498 inveniantur
747 3430 800 3480 in
833 3429 1028 3482 caeteris
1053 3445 1070 3482 :
1095 3426 1306 3481 dubium
1337 3444 1439 3480 non
1465 3429 1580 3494 erit,
1611 3429 1735 3498 quin
1764 3427 1816 3480 ia
1842 3429 1982 3496 quod

380 3498 552 3565 illius,
586 3497 862 3554 illorumve
900 3499 1126 3554 Cononis
1162 3515 1406 3553 numerus
1443 3498 1554 3570 bis,
1588 3497 1763 3570 terque
1793 3498 1984 3569 repeti-

381 3641 3503 3664 ww

2091 1920 2224 1974 alter
2254 1920 2464 1974 alterius
2495 1936 2675 1972 eorum
2703 1919 2850 1973 toties
2884 1936 2986 1973 uno
3015 1929 3172 1988 atque
3207 1921 3391 1976 eodem
3430 1933 3583 1977 sensu
3613 1925 3697 1978 lo-

2089 2002 2340 2060 quantur,
2368 1992 2563 2060 quoties
2587 1992 2912 2061 prwtttterint
2937 1993 2989 2045 iu
3014 2008 3343 2046 numerorum
3366 1997 3696 2050 annotatione

2090 2062 2416 2117 distantiam.
2464 2062 2528 2115 Et
2550 2062 2648 2115 hoc
2676 2063 2728 2115 in
2757 2063 2984 2116 omnium
3023 2080 3204 2117 novem
3244 2081 3497 2118 canonum
3526 2065 3692 2118 colla-

2089 2136 2228 2189 tione
2255 2135 2565 2188 sereabitur.
2609 2132 2861 2188 Cteterum
2884 2135 2936 2187 iii
2959 2136 3181 2208 decimo,
3205 2137 3451 2206 quoniam
3472 2138 3686 2208 prapria

2087 2207 2412 2278 singulorum
2445 2209 2803 2259 tantummodo
2833 2207 3181 2278 continentur,
3228 2223 3331 2260 non
3363 2217 3525 2278 potest
3547 2207 3685 2278 con-

2088 2276 2242 2332 tra‘id
2265 2279 2581 2350 comparatio
2602 2293 2709 2331 esse
2737 2276 2875 2348 quod
2900 2279 3072 2350 solum
3098 2287 3188 2331 est.
3220 2276 3428 2346 Opto—ut
3454 2279 3507 2331 iit
3528 2276 3682 2334 Chri-

2087 2359 2168 2406 sto
2196 2347 2388 2414 valeas,
2421 2361 2467 2403 et
2496 2349 2595 2402 mei
2622 2347 2935 2408 memineris,
2975 2347 3123 2418 Papa
3153 2350 3466 2406 beatissime.

2160 2420 2434 2490 [ntegrum
2469 2420 2779 2489 hujusmodi
2821 2419 3242 2476 additamentum
3293 2424 3526 2476 retinent
3556 2437 3689 2480 mss.

2088 2494 2304 2548 codices
2325 2495 2436 2548 duo
2462 2534 2476 2557 ,
2516 2505 2744 2561 quorum
2775 2508 2914 2544 unus
2941 2501 3121 2547 exstat
3148 2497 3198 2548 in
3233 2492 3560 2548 monasterio
3591 2510 3690 2548 no-

2087 2573 2203 2620 stro
2235 2568 2291 2621 S.
2321 2565 2554 2620 Andreae
2580 2608 2596 2635 ,
2638 2566 2775 2619 alter
2817 2564 2871 2618 in
2917 2566 3246 2620 monasterio
3280 2564 3384 2619 PP.
3416 2565 3693 2622 Cartusia-

2089 2654 2282 2692 tiorntn
2311 2653 2468 2692 secus
2497 2635 2854 2708 Avenionem.
2888 2636 3078 2708 Plures
3106 2647 3287 2694 autem
3313 2639 3407 2693 alii
3428 2639 3694 2708 antiquis-

2087 2710 2233 2775 simi,
2273 2717 2394 2778 puta
2428 2708 2741 2772 Vaticanus,
2787 2706 3370 2778 San-Germanenses,
3415 2706 3580 2765 unum
3632 2712 3690 2769 S.

2088 2780 2366 2837 Guillelnii
2414 2779 2468 2834 iii
2513 2783 2774 2843 deserto,
2819 2780 3175 2836 Crasscusem
3228 2795 3473 2836 ntiStruin
3506 2823 3522 2846 ,
3555 2794 3687 2850 ctc.,

2089 2854 2224 2908 nihil
2255 2853 2454 2907 habent
2500 2863 2700 2924 praeter
2744 2866 2808 2906 ea
2833 2867 2958 2924 que
2991 2853 3276 2907 edidimus.
3327 2853 3688 2909 Additamen-

2089 2933 2200 2979 tnm
2235 2926 2397 2995 igitur
2425 2923 2511 2978 est
2535 2924 2785 2994 epistolte
2828 2923 3268 2994 l-Iit-roiiyiniante
3303 2934 3586 2979 consulum
3620 2928 3688 2981 ab

2087 2997 2270 3066 aliquo
2321 2996 2590 3062 scriptore
2652 2996 2980 3066 recentiore.
3043 2996 3196 3062 Quod
3249 2997 3691 3052 manifestissime

2087 3065 2293 3124 indicat
2319 3070 2493 3122 codex
2519 3082 2619 3121 ms.
2647 3065 3176 3122 San-Gennanensis
3210 3079 3415 3134 noster,
3454 3084 3598 3121 unm.
3627 3067 3681 3134 6,

2090 3141 2180 3194 ubi
2231 3155 2354 3207 pars
2403 3137 2589 3192 isthtec
2620 3135 2863 3192 addititia
2900 3140 3192 3206 separatim
3225 3139 3400 3209 posita
3426 3150 3506 3193 est
3533 3141 3690 3209 quasi

2090 3210 2371 3284 prtefatio,
2404 3224 2516 3284 seu
2554 3209 2924 3284 Argumentum
2972 3209 3290 3284 distinctum
3339 3226 3368 3284 a
3407 3214 3688 3284 superiore

2090 3281 2320 3351 epistola
2351 3282 2416 3335 ad
2446 3281 2737 3335 Damasum
2768 3298 2780 3334 :
2813 3289 2868 3334 et
2903 3282 2961 3351 in
2995 3283 3098 3334 line
3127 3299 3232 3336 tinn
3275 3283 3438 3338 habet
3467 3283 3692 3336 conclu-

2087 3350 2320 3420 sionem,
2345 3369 2436 3408 seu
2463 3353 2862 3416 salutationem,
2884 3350 3019 3419 Opto
3044 3355 3187 3418 utin,
3208 3364 3342 3418 ctc.,
3367 3355 3459 3407 sed
3495 3356 3686 3408 imme-

2090 3427 2232 3481 diate
2264 3435 2386 3494 post
2417 3426 2557 3497 ista,
2597 3424 2736 3495 quod
2763 3424 2932 3478 solani
2962 3435 3035 3479 est
3061 3468 3075 3493 ,
3112 3426 3414 3497 subjungit,
3442 3439 3684 3479 nxrucu‘

2092 3513 2480 3554 ancuuenruu.
2508 3496 2684 3551 MART.

3509 3643 3677 3667 ----o

1027 3762 1494 3855 EUSEBII
1571 3769 2341 3855 CESARIENSIS
2393 3768 2418 3795 ³
2497 3768 3057 3853 EPISTOLA

730 3926 842 4000 IN
927 3926 1772 4011 SUBSEQUENTES
1850 3922 2338 3997 CANONES
2419 3922 3341 4002 EVANGELIORUM.

673 4179 1010 4238 EUSEBIUS
1047 4179 1395 4237 CARPIANO
1435 4180 1692 4237 FRATRI

884 4295 941 4351 In
978 4296 1207 4350 Domino
1233 4294 1502 4352 Salutem.

463 4431 790 4489 Ammonius
819 4432 847 4472 δ
881 4431 1096 4504 quidam
1129 4431 1561 4503 Alexandrinus,
1590 4448 1785 4506 magno
1811 4435 1992 4493 studio

466 4581 489 4608 ἰ
518 4570 966 4674 Qualudoqui‘de‘nt
990 4569 1250 4640 Canones,
1277 4589 1403 4644 quos
1427 4571 1684 4628 Eusebius
1707 4575 1986 4674 ordiiit‘i'vit,
2020 4612 2072 4674 D

466 4654 524 4674 ml
551 4646 603 4674 ἱ..
663 4659 809 4674 ,umnn
849 4659 895 4674 ιη
940 4654 1087 4674 antu.-
1138 4660 1197 4674 οη
1234 4653 1464 4674 οηοιιιοηη
1495 4647 1830 4674 ηυνηυιοοζορᾼ
1920 4650 1964 4674 ει.

388 4646 524 4699 sicut
551 4646 603 4697 in
628 4641 809 4698 erco
831 4641 1109 4709 habentur,
1137 4660 1198 4717 se
1234 4641 1464 4698 testatur
1494 4647 1830 4717 expressisse
1869 4641 1992 4701 llic;

386 4731 680 4787 ronymus,
713 4730 935 4785 suaeque
967 4718 1090 4771 novi
1124 4716 1456 4787 'l‘estamcnti
1502 4716 1739 4772 versioni
1778 4719 1992 4785 praemi-

389 4786 534 4860 sisse
565 4803 580 4840 :
609 4799 773 4860 atque
801 4787 901 4857 ipsi
939 4787 1157 4860 quidem
1189 4786 1439 4860 Canones
1465 4787 1518 4842 in
1555 4789 1994 4860 llicronymianis

391 4858 757 4922 editionibus,
787 4868 947 4927 atque
973 4858 1087 4927 ipsa
1121 4875 1281 4928 quain
1312 4859 1657 4914 Martianicus
1686 4858 1992 4928 adernavit,

392 4946 496 4984 suo
524 4930 737 4998 praprie
760 4930 880 4983 loco
897 4931 1236 5002 exhibentur
1261 4948 1274 4986 :
1309 4945 1489 5000 opera:
1515 4947 1731 5001 quoque
1763 4934 1991 5002 pretium

392 5015 518 5056 erat
548 5002 716 5071 ipsam
750 5000 965 5056 Eusebii
999 5003 1309 5072 epistolam,
1339 5018 1444 5072 qna
1483 5000 1996 5058 rationem‘enrum-

394 5073 522 5129 dem
555 5075 857 5136 Canonum,
899 5087 1118 5143 sumque
1149 5075 1431 5128 industria:
1461 5075 1695 5144 explicat
1720 5073 1994 5144 Carpiano

395 5145 577 5210 fratri,
605 5145 707 5215 ipsi
735 5160 1058 5214 praeponere
1084 5146 1136 5198 iii
1163 5145 1392 5200 studiosi
1419 5147 1636 5200 lecturis
1663 5147 1913 5215 gratiam,
1939 5157 1996 5202 ut

396 5231 526 5284 qua:
552 5220 683 5270 solis
711 5217 784 5270 ibi
817 5216 1188 5270 numeralihus
1223 5219 1363 5271 uotis
1394 5217 1721 5285 indicantur,
1754 5233 1998 5273 commo-

397 5289 523 5343 dins
550 5304 614 5342 ex
643 5289 743 5342 ista
768 5289 1092 5356 perciperet.
1126 5288 1257 5343 Nam
1291 5297 1342 5342 et
1372 5303 1435 5343 re
1464 5291 1574 5358 ipsa
1604 5304 1708 5344 non
1740 5291 1916 5344 solum
1943 5293 1995 5346 in

396 5360 607 5415 Grzecis
638 5359 762 5413 novi
800 5358 1130 5413 Testamenti
1163 5359 1514 5426 editiouibus,
1552 5368 1673 5428 post
1702 5361 1910 5415 Erasmi
1935 5379 1998 5417 ac

403 5430 628 5486 Roberli
655 5430 916 5501 Stephani
945 5434 1257 5501 exemplum
1280 5473 1295 5498 ,
1328 5431 1526 5500 passim
1575 5431 1867 5501 invenitur,
1899 5435 1996 5489 sed

400 5513 458 5558 et
484 5502 764 5574 Latineiin
806 5501 1350 5574 Orthodox0graphis
1389 5505 1518 5556 olim
1550 5503 1763 5574 vulgata
1795 5517 1898 5570 cst,
1933 5522 1998 5560 ac

399 5590 549 5644 saepe
580 5576 632 5628 in
680 5573 980 5629 Bibliorum
1025 5575 1308 5630 codicibus
1345 5574 1605 5644 antiquis,
1649 5573 1784 5644 quos
1816 5577 2000 5630 laudat

402 5645 604 5701 \‘ener.
647 5644 953 5700 Cardinalis
980 5644 1323 5713 Tliomasius,
1367 5646 1457 5715 qui
1500 5660 1620 5701 eam
1659 5649 1888 5710 recudit,
1929 5665 1997 5703 ex

399 5716 576 5772 veteri
608 5717 797 5771 Latina
836 5717 1090 5772 versione
1117 5719 1376 5773 occurrit.
1410 5716 1786 5773 Praetermissa
1816 5730 1996 5774 autem

401 5799 539 5845 esta
562 5789 872 5861 Martianteo
898 5805 910 5842 :
934 5788 1080 5861 quod
1110 5790 1394 5853 mirantur,
1432 5797 1596 5861 atque
1635 5805 1781 5861 aegre
1819 5789 1998 5845 ferunt

402 5862 657 5915 homines
679 5860 902 5916 eruditi.
933 5859 1044 5914 Nos
1079 5861 1224 5915 illam
1251 5861 1438 5916 Graece
1478 5859 1778 5929 pariter'ac
1806 5861 1998 5918 Latine

405 5946 474 5987 ex
501 5946 707 6003 nupera
729 5930 962 5988 Fabricii
991 5931 1230 5992 editione
1259 5931 1580 5990 Bibliothec.
1611 5931 1788 5989 Graec.
1818 5933 1910 5990 lib.
1937 5949 1995 5998 v,

2311 4191 2585 4237 ΕΪΣΕΒΙΟΣ
2615 4188 2912 4238 ΚΑΡΠΙΛΝΩ
2937 4191 3215 4240 ΔΓΔῘῙΗΤΩ.
3239 4191 3476 4242 ΛΔΕΛΦΩ

2632 4308 2705 4354 Ἐν
2733 4308 2900 4376 Κυριῷ
2931 4303 3153 4377 χαίρειν.

2167 4441 2447 4516 Ἀμμόνιος
2475 4443 2564 4514 μὲν
2595 4441 2619 4497 ὁ
2648 4441 3014 4520 Ἀλεξανδρεὺς,
3044 4444 3252 4513 πολλὴν,
3280 4447 3349 4507 ὡς
3375 4447 3530 4513 εἰκὸς,
3559 4445 3697 4520 φιλο-

2096 4592 2147 4652 e.
2181 4578 2235 4643 4,
2262 4578 2587 4652 descriptam
2622 4579 2709 4652 liic
2746 4580 3069 4652 exhibemus
3115 4599 3127 4634 :
3171 4581 3384 4636 tametsi
3431 4583 3573 4652 quod
3607 4583 3700 4640 ille

2097 4649 2190 4723 lili.
2220 4665 2295 4716 tv,
2320 4665 2370 4705 c.
2400 4651 2454 4716 5,
2487 4650 2783 4718 existimat,
2816 4651 3060 4707 Latinam
3085 4668 3202 4707 eant
3225 4649 3537 4723 Hieronytui
3574 4670 3698 4710 ver-

2095 4721 2302 4775 sionem
2344 4735 2500 4788 esse,
2537 4731 2790 4791 putemus
2834 4725 3054 4794 quidem
3097 4721 3597 4794 verositnillimum,
3643 4737 3699 4782 at

2097 4807 2196 4862 pro
2220 4801 2371 4846 certo
2403 4807 2650 4849 asserere
2671 4809 2778 4849 non
2803 4795 3120 4851 audeamus.

2169 4862 2195 4900 δ
2225 4864 2360 4918 Sunt
2386 4880 2451 4938 ex
2479 4864 2730 4934 Antiquis
2754 4867 2844 4937 qui
2875 4866 3037 4938 liiujus
3064 4867 3372 4938 llarmotiite
3397 4883 3532 4938 opus
3563 4885 3698 4925 ano-

2098 4951 2316 5006 nymum
2351 4935 2596 4991 tribuunt
2625 4935 2855 4992 Tatiano
2887 4935 3164 4994 liii-retico.
3192 4937 3294 4992 Alii
3335 4935 3524 5008 putant
3553 4941 3694 4997 Baro

2097 5009 2359 5081 maniam,
2384 5024 2504 5076 quin
2536 5008 2748 5063 Tatiani
2779 5019 2899 5064 erat
2937 5011 3019 5065 vel
3062 5010 3274 5081 credita
3307 5019 3412 5071 cst.
3448 5023 3694 5081 postmo-

2097 5078 2225 5154 dum
2250 5079 2503 5154 tributam
2528 5081 2818 5136 Ammonio
2844 5080 3236 5154 Alexandrino,
3257 5089 3312 5154 et
3331 5078 3550 5138 econtra
3573 5101 3696 5154 qua:

2098 5151 2374 5205 Ammonii
2416 5167 2543 5206 vere
2582 5163 2854 5217 censetur,
2896 5152 3127 5206 Tatiano
3168 5153 3458 5222 ascriptam
3501 5151 3689 5211 fuisse.

2099 5222 2250 5276 lianc
2283 5223 2430 5278 litem
2465 5224 2722 5293 singulari
2752 5225 2980 5291 quadam
3023 5223 3405 5279 dissertatione
3444 5225 3503 5281 Ρ.
3547 5225 3696 5282 Non-

2099 5293 2262 5348 risius
2295 5293 2555 5349 dirimere
2585 5303 2834 5360 conatus,
2879 5293 3036 5350 ltaisit
3066 5310 3264 5365 anceps
3307 5295 3448 5352 inter
3478 5308 3690 5354 utrum-

2100 5381 2228 5434 que,
2282 5379 2585 5439 ac_parum
2636 5366 2827 5439 abfuit,
2876 5368 3012 5439 quin
3053 5370 3693 5439 totu_m_opusspurium

2102 5445 2264 5505 atque
2305 5435 2673 5512 adulterinum
2718 5438 2948 5512 diceret.
2983 5437 3172 5512 Quoad
3211 5435 3552 5512 Euangelicos
3591 5440 3697 5496 Ca-

2100 5523 2257 5561 nones
2317 5507 2496 5584 eidem
2565 5509 2877 5584 Harmoniae
2929 5510 3268 5584 _0ppositos,
3333 5507 3697 5584 Hieronymus
3786 5540 3791 5545 ι

2101 5585 2288 5632 noster
2333 5579 2531 5650 aliique
2576 5579 2645 5634 ab
2687 5581 2981 5636 Ainnionio
3027 5581 3363 5650 excogitatos
3409 5579 3693 5650 asserunt,

2101 5663 2425 5719 quamquam
2479 5649 2670 5726 istliaic
2720 5651 2939 5726 Eusebii
2983 5652 3049 5706 ad
3091 5649 3418 5726 Garpiannm
3467 5649 3693 5726 epistola

2100 5730 2288 5794 contra
2307 5730 2482 5794 atque
2512 5723 2715 5779 sentiat
2743 5742 2755 5777 :
2783 5724 2836 5778 iii
2869 5738 2973 5794 qua
3002 5739 3062 5780 se
3101 5724 3179 5778 ait
3222 5723 3514 5782 Eusebius“
3537 5741 3694 5781 occa-

2099 5789 2666 5866 sione‘Aminoniante
2697 5789 3007 5851 Harmonia:
3049 5798 3364 5866 excogitasse
3391 5808 3526 5852 certo
3554 5795 3693 5853 Con-

2097 5863 2219 5918 cilio
2239 5860 2487 5921 Canoues
2516 5867 2670 5923 istos.
3175 5860 3194 5866 ’⁷
3376 5874 3383 5881 ’
