4182 6338
541 355 646 414 διδ

1537 354 1596 412 8.
1639 351 2024 413 HIERONYMI
2064 351 2820 424 DIVINA_BIBLIOTHECA.

3736 360 3843 417 ii“

542 477 769 534 Oriente
825 484 1094 534 venerunt
1135 475 1188 532 in
1235 475 1664 549 Ierosolymam,
1705 477 1948 533 dicentes
1983 493 1997 529 :
2033 473 2135 530 Ubi
2163 475 2214 535 A
2243 471 2621 529 Paenitentiam
2641 473 2806 544 agite,
2830 474 3284 545 apprOpinquavit
3317 475 3460 532 enim
3485 490 3709 547 regnum
3732 492 3844 534 eoe-

544 579 630 628 est
656 569 752 642 qui
778 581 938 627 natus
967 580 1052 627 est
1082 585 1179 627 rex
1203 569 1553 626 Iudaeorum?
1583 569 1819 626 vidimus
1847 566 1992 624 enim
2013 566 2139 623 stel‘

543 662 652 719 lam
681 663 798 736 ejus
836 663 889 718 in
928 664 1161 730 oriente,
1203 672 1259 720 et
1304 663 1550 719 venimus
1580 662 1808 720 adorare
1851 675 1996 718 eum.
2028 657 2139 715 Au-

535 756 694 814 diens
723 766 901 814 autem
949 757 1193 814 Herodes
1233 773 1356 826 rex,
1411 757 1657 814 turbatus
1699 766 1814 824 est,
1863 765 1920 812 et
1955 756 2139 813 omnis

539 851 880 926 Ierosolyma
913 867 1036 908 cum
1071 851 1188 908 illo.
1236 853 1302 907 Et
1335 865 1669 923 congregans
1711 863 1901 906 omnes
1931 851 2137 920 princi-

541 960 639 1019 pes
678 945 1042 1012 sacerdotum,
1087 955 1142 1000 et
1178 944 1383 1000 scribas
1415 944 1622 1016 populi,
1662 943 2043 1000 sciscitabatur
2069 943 2139 998 ab

535 1038 618 1094 eis
645 1035 734 1092 ubi
751 1035 1001 1092 Christus
1024 1045 1359 1092 nasceretur.
1387 1035 1462 1109 [v,
1487 1035 1566 1107 7.]
1591 1037 1660 1091 At
1681 1035 1756 1090 illi
1779 1035 2032 1091 dixerunt
2051 1038 2135 1092 ei:

542 1130 601 1188 In
640 1131 956 1188 Belhlehem
985 1129 1161 1186 ludar.
1184 1130 1274 1186 Sic
1303 1130 1450 1186 enim
1479 1131 1740 1202 scriptum
1771 1139 1856 1186 est
1883 1145 1979 1201 per
2006 1130 2140 1186 Pro-

539 1223 759 1296 phetam
793 1224 899 1279 :Et
941 1231 1016 1290 tu,
1048 1222 1370 1279 Belhlehem
1401 1231 1544 1279 terra
1571 1223 1709 1280 Iuda
1745 1241 1758 1279 :
1797 1238 2140 1296 nequaquam

541 1318 765 1374 minima
793 1332 852 1373 es
874 1316 927 1372 iu
951 1316 1291 1388 principibus
1313 1316 1470 1384 Iuda,
1502 1333 1567 1372 ex
1593 1326 1645 1374 te
1667 1319 1810 1373 enim
1834 1315 1982 1372 exiet
2005 1315 2136 1384 dux,

541 1410 632 1483 qui
648 1420 800 1482 regat
814 1410 1064 1482 populum
1082 1425 1260 1474 meum
1275 1409 1461 1466 Israel.
1479 1408 1694 1482 [vr,lO.]
1709 1410 1751 1465 Τ
1757 1410 2136 1478 uncHerodes,

543 1504 683 1559 clam
716 1503 924 1559 vocatis
956 1503 1149 1574 magis,
1179 1503 1468 1574 diligenter
1498 1502 1684 1558 didicit
1711 1504 1778 1557 ab
1808 1503 1893 1559 eis
1925 1514 2140 1574 tempus

541 1595 736 1664 stellae,
779 1612 900 1667 qua»
932 1598 1184 1668 apparuit
1212 1596 1292 1652 eis
1325 1615 1337 1651 :
1377 1606 1433 1653 et
1474 1597 1698 1653 mittens
1729 1585 1850 1654 illos
1883 1599 1937 1653 in
1979 1597 2142 1653 Beth-

541 1689 742 1756 lehem,
770 1690 909 1746 dixit
939 1689 1074 1758 :Ite,
1105 1700 1159 1746 et
1191 1691 1528 1763 interrogate
1546 1691 1835 1762 diligenter
1857 1691 1923 1748 de
1945 1705 2136 1763 puero,

539 1791 745 1839 etcum
777 1783 1124 1851 inveneritis,
1168 1784 1478 1840 renuntiate
1516 1784 1684 1852 mihi,
1717 1796 1779 1841 ut
1805 1793 1862 1841 et
1902 1801 2003 1857 ego
2043 1801 2142 1840 ve-

543 1879 701 1935 niens
732 1879 955 1934 adorem
984 1894 1128 1934 eum.
1162 1879 1264 1948 Qui
1292 1893 1414 1934 cum
1447 1878 1731 1936 audissent
1759 1896 1964 1952 regem,
1993 1880 2143 1937 abie-
2169 1875 2217 1937 Β

540 1981 704 2029 runt:
729 1981 784 2029 et
829 1987 958 2029 ecce
980 1973 1160 2040 stella,
1190 1988 1351 2044 quam
1393 1974 1643 2030 viderant
1670 1975 1724 2031 in
1752 1974 1992 2045 Oriente,
2044 1993 2141 2033 an-

543 2066 827 2124 tecedebat
875 2082 972 2122 eos
999 2109 1014 2133 ,
1064 2082 1236 2139 usque
1282 2067 1409 2124 dum
1452 2069 1676 2126 veniens
1720 2078 1888 2126 staret
1941 2085 2135 2142 supra,

541 2160 632 2218 ubi
661 2169 778 2218 erat
818 2175 971 2232 puer.
1009 2160 1271 2218 Videntes
1313 2170 1496 2218 autem
1541 2163 1781 2231 stellam,
1809 2165 1981 2235 gavisi
2012 2172 2141 2220 sunt

540 2254 738 2327 gaudio
768 2270 968 2326 magno
997 2257 1176 2312 valde.
1223 2257 1286 2313 Et
1316 2258 1585 2316 intrantes
1625 2258 1867 2327 domum,
1918 2260 2141 2317 invene-

541 2360 671 2406 runt
699 2364 928 2421 puerum
961 2366 1082 2406 cum
1115 2350 1282 2406 Maria
1315 2363 1487 2407 matre
1531 2351 1670 2424 ejus,
1703 2364 1757 2410 et
1788 2356 2138 2426 procidentes

540 2441 906 2498 adoraverunt
945 2458 1070 2499 eum
1103 2460 1116 2498 :
1149 2453 1204 2498 et
1243 2445 1448 2515 apertis
1480 2445 1750 2502 thesauris
1788 2449 1924 2515 suis,
1973 2449 2138 2505 obtu-

541 2537 720 2591 lerunt
752 2535 802 2592 ei
832 2551 1079 2605 munera,
1109 2553 1322 2604 aurmu,
1360 2540 1508 2608 thus,
1537 2549 1592 2596 et
1621 2541 1920 2612 myrrham.
1951 2543 2021 2599 Et
2053 2559 2140 2600 re-

540 2641 743 2698 Sponso
771 2640 994 2700 accepto
1026 2630 1077 2685 in
1108 2632 1333 2700 somnis,
1369 2649 1438 2690 ne
1465 2633 1711 2691 redirent
1736 2635 1802 2691 ad
1831 2637 2136 2702 Herodem,

544 2737 642 2794 per
670 2723 830 2779 aliam
859 2725 998 2780 viam
1027 2729 1233 2783 reversi
1262 2737 1387 2784 sunt
1421 2730 1473 2784 in
1519 2731 1796 2801 regionem
1831 2745 2007 2787 suam.
2038 2734 2137 2800 Qui

543 2833 666 2876 cum
700 2821 1056 2877 recessissent
1104 2839 1233 2880 ecce
1277 2827 1504 2895 angelus
1548 2827 1762 2882 Domini
1792 2831 2040 2900 apparuit
2081 2829 2136 2886 in

541 2913 748 2968 somnis
779 2913 1004 2986 Ioseph,
1033 2914 1222 2972 dicens
1253 2935 1265 2972 :
1302 2918 1503 2989 Surge,
1541 2931 1596 2974 et
1634 2921 1820 2993 accipe
1873 2939 2135 2994 puerum,

538 3017 593 3064 et
620 3019 847 3065 matrem
877 3009 1015 3080 ejus,
1047 3022 1098 3067 et
1127 3012 1247 3083 fuge
1277 3015 1328 3068 in
1362 3014 1683 3088 Egyptum,
1710 3027 1765 3073 et
1795 3029 1913 3074 esto
1943 3020 2016 3076 ibi
2048 3037 2138 3076 us-

541 3116 648 3170 que
679 3101 806 3156 dum
843 3102 1017 3158 dicam
1052 3104 1166 3161 tibi.
1201 3105 1465 3162 Futurum
1494 3118 1580 3165 est
1605 3111 1773 3178 enim,
1808 3121 1867 3166 ut
1895 3111 2135 3169 llerodes

541 3203 753 3266 qumrat
778 3212 1006 3267 puerum
1033 3198 1101 3253 ad
1126 3199 1461 3269 perdendum
1490 3217 1635 3258 eum.
1669 3203 1768 3272 Qui
1801 3219 2136 3278 consurgens

543 3288 758 3358 accepit
788 3303 1015 3358 puerum
1045 3300 1100 3346 et
1129 3300 1356 3347 matrem
1387 3297 1506 3364 ejus
1531 3305 1710 3363 nocte,
1745 3306 1800 3352 et
1828 3300 2054 3354 secessit
2081 3303 2132 3355 in
2161 3280 2206 3342 Ο

543 3380 858 3453 Egyptum,
889 3391 946 3439 et
975 3396 1094 3441 erat
1124 3387 1195 3442 ibi
1223 3403 1394 3458 usque
1438 3388 1507 3444 ad
1544 3389 1749 3445 obitum
1783 3391 2012 3448 Herodis
2043 3409 2056 3447 :
2084 3401 2141 3448 ut

537 3475 934 3547 adimpleretur
971 3477 1112 3549 quod
1143 3479 1349 3535 dictum
1391 3491 1477 3537 est
1516 3498 1545 3537 a
1575 3482 1811 3539 Domino
1862 3501 1962 3557 per
2005 3487 2138 3542 Pro-

546 3571 764 3640 phetam
798 3569 1070 3626 dicentem
1106 3589 1122 3628 :
1152 3571 1238 3628 Ex
1266 3572 1502 3646 Egyplo
1523 3577 1708 3632 vocavi
1739 3576 1907 3634 filium
1931 3596 2135 3638 meum.

541 3663 697 3719 Tunc
721 3663 965 3720 Herodes
993 3664 1192 3721 videns
1219 3669 1474 3737 quoniam
1501 3668 1694 3727 illusus
1719 3680 1864 3728 esset
1887 3689 1916 3728 a
1940 3676 2134 3746 magis,

543 3757 714 3813 iratus
744 3766 828 3814 est
857 3758 1037 3828 valde,
1080 3768 1136 3815 et
1164 3760 1388 3818 mittens
1428 3763 1629 3819 occidit
1671 3779 1866 3823 omnes
1917 3782 2133 3839 pueros,

537 3853 629 3922 qui
659 3862 817 3908 erant
847 3855 899 3908 in
924 3853 1271 3924 Bethlehem,
1301 3865 1357 3912 et
1393 3858 1447 3912 in
1479 3859 1730 3915 omnibus
1763 3862 1958 3919 linihus
1987 3865 2134 3934 ejus,

541 3963 572 4004 a
602 3948 811 4004 bimatu
836 3959 892 4005 et
929 3948 1089 4018 infra,
1117 3951 1418 4008 secundum
1447 3960 1660 4024 tempus
1691 3955 1834 4023 quod
1868 3958 2140 4029 exquisie-

541 4049 627 4096 rat
675 4057 702 4095 a
747 4041 966 4113 magis:
1005 4049 1133 4100 tunc
1187 4043 1541 4116 adimpletum
1603 4057 1690 4103 est
1737 4049 1881 4120 quod
1930 4050 2135 4106 dictum

539 4144 627 4191 est
655 4151 750 4206 per
773 4136 1064 4193 Ieremiam
1093 4139 1412 4209 pr0phetam
1448 4140 1712 4197 dicentem
1749 4162 1763 4198 :
1794 4143 1906 4199 Vox
1941 4145 1993 4200 in
2025 4146 2132 4200 Ra-

546 4243 632 4284 ma
665 4227 848 4285 audita
875 4230 1017 4296 est,“
1045 4231 1286 4301 ploratus
1317 4242 1372 4289 et
1397 4233 1634 4290 ululatus
1664 4234 1864 4292 multus
1895 4254 1908 4289 :
1933 4237 2138 4294 Rachel

541 4321 766 4392 plorans
808 4322 950 4379 filios
994 4309 1143 4392 suos,
1194 4335 1250 4381 et
1292 4327 1464 4382 noluit
1510 4329 1807 4397 consolari,
1859 4331 1984 4402 quia
2030 4348 2136 4387 non

539 4424 688 4472 sunt.
725 4416 996 4474 Defuncto
1023 4429 1202 4476 autem
1231 4421 1465 4487 Herode,
1491 4437 1620 4479 ecce
1654 4425 1882 4496 angelus
1922 4426 2137 4483 Domini

542 4511 796 4580 apparuit
817 4511 869 4568 in
895 4515 1099 4570 somnis
1119 4514 1318 4585 Ioseph
1345 4515 1397 4570 in
1420 4515 1678 4589 Egypto,
1705 4519 1890 4574 dicens
1908 4539 1921 4576 :
1938 4519 2133 4591 Surge,

538 4612 594 4660 et
619 4605 806 4674 accipe
838 4621 1086 4677 puerum,
1111 4617 1166 4664 et
1192 4617 1420 4666 matrem
1447 4614 1588 4681 ejus,
1614 4621 1670 4667 et
1697 4613 1834 4668 vade
1855 4615 1906 4669 in
1936 4623 2134 4670 terram

542 4697 713 4754 Israel
749 4714 765 4754 :
796 4698 1038 4757 defuncti
1069 4711 1198 4758 sunt
1227 4703 1397 4772 enim,
1431 4705 1521 4775 qui
1549 4706 1867 4776 quaerebant
1896 4708 2134 4764 animam

540 4793 718 4864 pueri.
751 4791 856 4862 Qui
883 4809 1240 4867 consurgens,
1286 4799 1496 4870 accepit
1534 4814 1782 4870 puerum,
1825 4812 1880 4856 et
1909 4810 2134 4858 matrem

537 4884 688 4956 ejus,
720 4896 775 4944 et
800 4888 949 4944 venit
975 4889 1026 4956 in
1055 4899 1254 4946 terram
1285 4891 1472 4949 Israel.
1510 4894 1749 4950 Audiens
1779 4905 1961 4953 autem
1990 4899 2135 4969 quod

541 4979 839 5037 Archelaus
870 4992 1125 5053 regnaret
1153 4983 1207 5038 in
1239 4982 1422 5039 Iudaea
1453 5001 1551 5057 pro
1580 4987 1790 5042 llerodc
1819 4996 1971 5058 patre
2012 5004 2133 5059 suo,

541 5074 721 5130 timuit
751 5074 847 5131 illo
879 5077 956 5132 ire
987 5095 996 5130 :
1022 5083 1079 5132 et
1108 5075 1420 5133 admonitus
1461 5080 1514 5134 in
1553 5080 1781 5146 somnis,
1823 5086 2049 5138 secessit
2080 5085 2135 5138 in

539 5177 722 5238 partes
751 5166 1013 5225 Galilzeaa.
1043 5170 1106 5225 Et
1135 5170 1356 5226 veniens
1377 5171 1643 5227 habitavit
1667 5173 1720 5227 in
1742 5174 1980 5240 civitate,
2013 5190 2133 5246 quae

540 5271 767 5316 vocatur
793 5261 1065 5319 Nazareth
1103 5281 1115 5318 :
1141 5274 1200 5320 ut
1227 5263 1622 5329 adimpleretur
1647 5267 1789 5338 quod
1825 5268 2025 5323 dictum
2051 5280 2132 5325 est

537 5367 636 5424 per
671 5353 976 5425 Prophetas
1010 5375 1024 5412 :
1053 5341 1320 5424 Quoniam
1352 5359 1640 5415 Nazarreus
1683 5361 1984 5416 vocabitur.

605 5447 759 5524 [Cap.
791 5451 880 5508 Ill.
917 5469 1010 5525 vn,
1043 5454 1125 5526 5.]
1155 5456 1210 5510 lu
1243 5455 1437 5514 diebus
1458 5467 1636 5513 autem
1663 5458 1772 5512 illis
1792 5460 1942 5514 venit
1963 5458 2132 5514 Ioan-

535 5560 633 5604 nes
659 5547 900 5620 Baptista
924 5550 1228 5619 praadicans
1255 5552 1307 5608 in
1333 5552 1551 5609 deserto
1573 5552 1800 5620 Iudaeae,
1823 5564 1877 5610 et
1900 5553 2085 5610 dicens
2115 5573 2127 5611 :

603 5789 628 5817 ⁸
670 5778 797 5862 Plus
823 5779 881 5862 iit
901 5758 1092 5862 Frictio
1121 5789 1205 5862 est
1233 5791 1402 5850 textu,
1427 5786 1610 5862 θρῆνος
1638 5786 1718 5862 nail
1749 5783 2000 5862 κλαυθμὸς
2028 5789 2110 5839 καὶ
2139 5755 2143 5759 Δ

528 5852 752 5978 ὁδυςέιός
789 5853 954 5978 gold:
999 5871 1012 5908 :
1053 5853 1198 5926 quod
1246 5852 1506 5923 verteris,
1550 5857 1819 5927 gemitus,
1872 5852 2111 5925 ploratus

535 5940 622 5978 mu
675 5941 757 5978 us.
847 5941 896 5978 c.

535 5935 757 5993 ιηυιῐιις,
789 5935 896 5981 θιο.

2243 564 2440 621 lorum.
2485 564 2628 639 [vm,
2672 566 2750 641 1.]
2789 566 2886 622 Hic
2929 577 3013 623 est
3049 571 3216 635 enim,
3255 569 3348 640 qui
3396 569 3574 627 dictus
3612 579 3701 627 est
3744 586 3844 642 per

2244 660 2436 716 Isaiam
2478 660 2800 732 prophetam
2837 661 3109 717 dicentem
3146 679 3157 715 :
3197 663 3308 717 Vox
3339 663 3624 720 clamantis
3655 663 3708 720 in
3741 665 3844 720 de-

2241 765 2391 812 serto
2431 773 2446 810 :
2488 755 2686 813 Parate
2717 756 2859 810 viam
2900 755 3116 810 Domini
3155 772 3168 809 :
3209 765 3390 811 rectas
3421 755 3586 812 facite
3615 757 3843 814 semitas

2241 847 2380 918 ejus.
2414 847 2513 920 [tx,
2544 847 2624 920 6.]
2658 848 2777 917 lpse
2805 857 2985 903 autem
3015 846 3256 904 Ioannes
3281 847 3516 904 habebat
3545 849 3846 907 vestimen-

2243 952 2355 998 tum
2403 941 2470 997 de
2507 941 2630 1012 pilis
2672 942 3026 1008 camelorum,
3073 950 3128 996 et
3155 956 3346 998 zonam
3377 943 3662 1014 pelliceam
3691 945 3844 1001 circa

2241 1036 2458 1094 lumbos
2499 1051 2629 1091 suos
2657 1054 2669 1090 :
2705 1050 2827 1091 esca
2868 1045 3052 1091 autem
3084 1036 3203 1105 ejus
3227 1047 3348 1092 erat
3374 1037 3617 1105 locustae,
3649 1047 3703 1094 et
3733 1039 3843 1095 mel

2239 1132 2516 1186 silvestre.
2549 1129 2702 1186 Tunc
2731 1129 2912 1185 exibat
2942 1129 3010 1184 ad
3038 1145 3158 1185 eum
3186 1129 3548 1204 Ierosolyma,
3580 1143 3635 1187 et
3663 1133 3846 1188 omnis

2240 1223 2449 1292 Iudaea,
2489 1234 2544 1280 et
2583 1224 2761 1280 omnis
2792 1223 2941 1295 regio
2969 1222 3114 1279 circa
3141 1222 3472 1291 Iordanem;
3503 1232 3560 1280 et
3589 1225 3842 1297 baptiza-

2241 1317 2442 1372 bantur
2483 1317 2549 1372 ah
2593 1333 2658 1372 eo
2699 1317 2753 1372 in
2793 1316 3055 1385 Iordane,
3099 1316 3420 1374 conﬁtentes
3463 1330 3685 1390 peccata
3717 1333 3841 1376 sua.

2243 1411 2319 1485 [x,
2363 1409 2442 1485 5.]
2482 1412 2683 1468 Videas
2722 1421 2901 1467 autem
2935 1411 3133 1466 multos
3173 1411 3595 1478 Pharisaeorum,
3627 1422 3681 1469 et
3707 1414 3846 1468 Sad-

2241 1507 2576 1571 ducacorum,
2607 1506 2888 1562 venientes
2913 1505 2978 1560 ad
3001 1504 3331 1576 baptismum
3356 1521 3535 1573 suum,
3563 1505 3696 1561 dixit
3718 1506 3798 1562 eis
3824 1525 3840 1562 :

2239 1601 2542 1673 Progenies
2565 1602 3035 1671 viperarum,quis
3058 1599 3454 1656 demonstravit
3476 1599 3631 1656 vobis
3654 1600 3846 1672 fugere

2239 1711 2271 1752 a
2303 1694 2329 1734 ι)
2363 1704 2584 1751 ventura
2617 1693 2735 1749 ira?
2763 1693 2948 1750 Facite
2979 1709 3110 1765 ergo
3148 1694 3384 1749 fructum
3415 1693 3636 1764 dignum
3668 1693 3848 1764 pteni-

2241 1792 2446 1848 tentiar.
2480 1792 2543 1846 Et
2569 1807 2636 1847 ne
2667 1791 2848 1847 velitis
2876 1792 3064 1848 dicere
3088 1792 3230 1847 intra
3257 1805 3353 1846 vos
3386 1809 3398 1844 :
3429 1789 3645 1847 Patrem
3673 1793 3847 1848 hahe-

2245 1905 2367 1944 mus
2398 1888 2693 1944 Abraham.
2731 1889 2864 1944 Dico
2893 1888 3036 1944 enim
3059 1891 3236 1958 vobis,
3260 1892 3516 1961 quoniam
3543 1899 3736 1962 potens
3758 1899 3848 1947 est

2247 1983 2390 2039 Deus
2420 1984 2486 2039 dc
2519 1983 2788 2055 lapidibus
2820 1982 2937 2038 istis
2965 1985 3230 2040 suscitare
3261 1983 3404 2039 filios
3435 1983 3690 2040 Abrahae.
3721 1984 3844 2039 Iam

2244 2079 2388 2134 enim
2420 2079 2628 2134 securis
2657 2078 2722 2132 ad
2753 2078 2989 2133 radicem
3019 2077 3278 2132 arborum
3308 2077 3486 2149 posita
3519 2087 3622 2133 est.
3651 2078 3846 2134 Omnis

2245 2185 2376 2242 ergo
2415 2172 2603 2238 arhor,
2637 2186 2758 2242 qua:
2790 2184 2896 2226 non
2930 2171 3055 2226 facit
3084 2171 3326 2226 fructum
3359 2171 3581 2234 bonum,
3615 2169 3842 2226 excide-

2243 2273 2354 2330 tur,
2393 2275 2447 2320 et
2493 2265 2545 2320 in
2595 2266 2770 2336 ignem
2813 2266 3081 2321 mittetur.
3116 2265 3213 2337 [κῃ
3248 2263 3321 2335 1.]
3357 2266 3466 2335 Ego
3492 2263 3708 2334 quidem
3743 2265 3842 2317 ha-

2243 2360 2387 2430 ptizo
2429 2374 2526 2414 vos
2566 2361 2616 2414 in
2659 2375 2797 2431 aqua
2832 2360 2888 2415 in
2933 2359 3312 2430 paenitentiam
3348 2378 3360 2414 :
3394 2358 3484 2429 qui
3514 2369 3692 2413 autem
3720 2366 3845 2428 post

2243 2469 2332 2509 me
2373 2462 2632 2511 venturus
2669 2466 2770 2521 est,
2817 2455 3011 2511 fortior
3042 2471 3127 2510 me
3157 2464 3261 2524 est,
3292 2455 3446 2526 cujus
3476 2470 3581 2510 non
3607 2468 3726 2509 sum
3757 2453 3844 2508 di-

2241 2561 2382 2618 gnus
2423 2548 2792 2605 calceamenta
2839 2558 3058 2619 portare
3097 2567 3110 2600 ε
3155 2549 3270 2619 ipse
3313 2563 3407 2604 vos
3449 2547 3741 2617 baptizabit
3783 2547 3838 2602 in

2242 2641 2444 2712 Spiritu
2470 2651 2683 2708 sancto,
2708 2649 2764 2697 et
2784 2642 2912 2713 igni.
2946 2644 3063 2716 ['xn,
3088 2641 3168 2714 5.]
3196 2641 3362 2713 Cujus
3393 2641 3756 2697 ventilahrum
3781 2640 3837 2696 in

2243 2748 2410 2788 manu
2440 2747 2537 2788 sua
2567 2751 2580 2787 :
2613 2743 2668 2790 et
2690 2735 3076 2805 pertnundahit
3104 2749 3282 2790 aream
3314 2749 3464 2788 suam
3493 2744 3584 2789 :et
3610 2749 3840 2804 congre-

2241 2829 2390 2900 gabit
2421 2830 2660 2884 triticum
2697 2845 2850 2886 suum
2883 2831 2934 2884 in
2965 2829 3248 2894 horreum,
3273 2828 3458 2898 paleas
3479 2839 3659 2884 autem
3685 2843 3838 2884 com-

2242 2923 2401 2978 huret
2431 2923 2537 2993 igni
2565 2921 3012 2994 inexstinguiblli.
3035 2923 3172 2995 [χιιι⁷
3200 2920 3313 2993 10.]
3337 2921 3488 2978 Tunc
3510 2922 3656 2976 venit
3677 2921 3840 2976 Iesus

2240 3035 2270 3075 a
2287 3019 2507 3075 Galilzna
2533 3018 2585 3073 in
2602 3019 2897 3074 Iordanem
2922 3018 2987 3072 ad
3009 3017 3295 3083 Joannem,
3314 3027 3372 3071 ut
3391 3016 3755 3086 baptizaretur
3767 3016 3836 3071 ah

2241 3128 2328 3169 eo.
2357 3112 2593 3168 Joannes
2631 3121 2812 3167 autem
2848 3110 3172 3182 prohibebat
3209 3127 3354 3176 cum,
3389 3111 3578 3165 dicens
3610 3128 3623 3166 :
3655 3109 3770 3181 Ego
3799 3126 3836 3166 ει

2241 3214 2294 3261 te
2325 3206 2498 3260 debeo
2541 3204 2825 3275 baptizari,
2855 3213 2911 3259 et
2951 3215 3007 3259 tu
3037 3202 3191 3260 venis
3220 3203 3287 3259 ad
3323 3203 3447 3258 me?
3475 3203 3835 3274 Respondeas

2243 3309 2424 3354 autem
2463 3297 2644 3362 Iesus,
2693 3298 2828 3353 dixit
2867 3297 2916 3353 ci
2950 3315 2964 3351 ε
2996 3298 3125 3354 Sine
3155 3298 3315 3353 modo
3350 3316 3362 3351 :
3395 3299 3473 3352 sic
3504 3297 3648 3352 enim
3676 3296 3837 3353 decet

2244 3407 2345 3447 nos
2389 3391 2618 3462 implere
2660 3406 2876 3448 omnem
2913 3391 3207 3462 justitiam.
3244 3390 3396 3448 Tunc
3441 3391 3646 3447 dimisit
3681 3406 3833 3447 eum.

2244 3485 2376 3559 μιν,
2405 3485 2480 3559 1.]
2511 3487 2823 3557 Baptizatus
2849 3497 3032 3542 autem
3059 3486 3241 3554 Iesus,
3274 3488 3560 3542 confestim
3587 3486 3839 3542 ascendit

2242 3578 2311 3634 de
2332 3594 2491 3649 aqua.
2521 3579 2587 3633 Et
2609 3594 2736 3636 ecce
2757 3581 2928 3649 aperti
2951 3587 3077 3635 sunt
3097 3580 3144 3634 ei
3169 3580 3292 3635 coeli
3318 3597 3331 3633 :
3355 3589 3411 3636 et
3429 3578 3566 3634 vidit
3585 3579 3834 3650 spiritum

2242 3673 2339 3730 Dei
2367 3674 2783 3731 descendentem
2812 3675 2952 3730 sicut
2981 3674 3309 3741 columbam,
3336 3685 3391 3729 et
3415 3674 3721 3730 venientem
3745 3691 3838 3729 su-

2242 3782 2340 3838 per
2364 3782 2444 3824 se.
2473 3768 2541 3824 Et
2568 3783 2698 3825 ecce
2723 3784 2822 3824 vox
2851 3767 2919 3824 de
2950 3768 3124 3834 coelis,
3157 3769 3343 3824 dicens
3373 3785 3386 3822 :
3422 3769 3519 3824 llic
3550 3777 3632 3825 est
3665 3768 3835 3824 Filius

2243 3877 2395 3918 meus
2421 3861 2673 3930 dilectus,
2705 3865 2757 3918 in
2789 3878 2896 3934 quo
2927 3863 3060 3918 mihi
3087 3863 3418 3934 complacui.

2314 3957 2464 4031 [ϐαρ.
2501 3957 2588 4013 IV.
2620 3970 2715 4024 xv,
2744 3957 2824 4030 2.]
2852 3957 3003 4013 Tunc
3040 3957 3200 4015 Iesus
3229 3957 3423 4014 ductus
3453 3967 3537 4014 est
3564 3957 3617 4014 in
3648 3957 3838 4014 deser-

2241 4061 2354 4106 tum
2400 4067 2428 4106 a
2465 4051 2680 4122 Spiritu,
2715 4059 2773 4106 ut
2818 4060 3124 4107 tentaretur
3155 4067 3184 4105 a
3215 4051 3452 4106 diabolo.
3488 4049 3620 4125 [xvt,
3653 4049 3733 4122 5.]
3770 4051 3838 4105 Et

2239 4161 2361 4202 cum
2397 4146 2703 4215 jejunasset
2737 4145 3096 4218 quadraginta
3133 4144 3344 4212 diebus,
3386 4155 3440 4201 et
3477 4145 3838 4216 quadraginta

2240 4237 2518 4306 noctibus,
2558 4246 2742 4308 postea
2784 4238 2996 4294 esuriit.
3035 4237 3102 4293 Et
3139 4236 3402 4293 accedens
3432 4245 3672 4293 tentator
3701 4238 3839 4293 dixit

2239 4333 2288 4389 ei
2324 4352 2334 4387 :
2367 4332 2426 4389 Si
2456 4331 2625 4386 Filius
2654 4332 2752 4388 Dei
2782 4348 2861 4398 es,
2893 4331 3006 4398 dic,
3039 4341 3099 4387 ut
3129 4331 3338 4403 lapides
3363 4331 3450 4387 isti
3480 4346 3650 4402 panes
3681 4331 3834 4388 fiant.

2239 4427 2340 4495 Qui
2383 4427 2719 4499 respondens
2762 4426 2903 4482 dixit
2949 4442 2964 4482 :
3012 4426 3284 4497 Scriptura
3325 4435 3408 4482 est
3438 4443 3454 4480 :
3485 4425 3601 4480 Non
3635 4427 3686 4480 in
3719 4427 3838 4481 solo

2237 4536 2381 4594 pane
2424 4522 2553 4576 vivit
2591 4520 2778 4589 homo,
2812 4520 2908 4576 sed
2939 4521 2990 4574 in
3022 4519 3169 4575 omni
3200 4519 3388 4586 verbo,
3419 4518 3564 4590 quod
3595 4520 3840 4590 procedit

2241 4616 2310 4672 de
2335 4632 2430 4673 ore
2459 4616 2575 4672 Dei.
2601 4615 2752 4671 Tunc
2772 4616 3067 4686 assumpsit
3090 4629 3216 4670 eum
3239 4614 3489 4670 diabolus
3516 4614 3570 4669 in
3593 4625 3837 4670 sanctam

2166 4682 2214 4743 D
2241 4709 2540 4776 civitatem,
2574 4718 2629 4765 et
2671 4708 2862 4765 statuit
2889 4724 3011 4764 eum
3043 4722 3210 4779 super
3240 4707 3592 4779 pinnaculum
3623 4708 3833 4777 templi,

2241 4811 2296 4859 et
2325 4801 2462 4856 dixit
2490 4801 2537 4856 ei
2571 4820 2583 4856 :
2617 4800 2672 4857 Si
2702 4800 2875 4856 Filius
2909 4800 3001 4855 Dei
3025 4815 3107 4864 es,
3133 4801 3288 4855 mitte
3314 4809 3366 4855 le
3395 4798 3669 4854 deorsum.
3694 4799 3840 4854 Scri-

2240 4903 2390 4966 ptum
2418 4902 2501 4950 est
2527 4895 2670 4949 enim
2707 4912 2719 4947 :
2751 4893 2889 4962 Quia
2918 4893 3127 4964 angelis
3153 4893 3267 4948 suis
3291 4891 3565 4947 mandavit
3588 4891 3657 4947 de
3687 4902 3756 4957 te,
3783 4900 3839 4947 et

2237 4993 2292 5048 in
2336 4991 2585 5047 manibus
2631 4990 2819 5046 tollent
2878 5001 2950 5054 te,
3006 5006 3074 5046 ne
3129 4989 3270 5045 forte
3312 4989 3561 5046 oll‘endas
3605 4988 3672 5044 ad
3705 4987 3839 5059 lapi-

2239 5088 2360 5143 dein
2402 5086 2595 5158 pedem
2621 5095 2789 5141 tuum.
2826 5085 2917 5140 Ait
2949 5086 3023 5140 illi
3062 5084 3220 5140 Iesus
3255 5103 3266 5137 :
3299 5083 3537 5139 Rursum
3567 5085 3835 5155 scriptum

2241 5187 2326 5233 est
2355 5195 2370 5233 :
2401 5178 2519 5232 Non
2552 5177 2786 5233 tentabis
2815 5177 3099 5231 Dominum
3135 5177 3300 5231 Deum
3329 5187 3496 5231 tuum.
3523 5175 3721 5231 Iterum
3750 5191 3840 5230 as-

2240 5274 2468 5344 sumpsit
2493 5289 2614 5329 eum
2641 5271 2894 5327 diabolus
2926 5274 2974 5325 iu
3005 5281 3240 5327 montem
3267 5272 3539 5326 excelsum
3563 5271 3719 5325 valde
3746 5289 3758 5324 :
3783 5280 3842 5327 et

2239 5370 2481 5425 ostendit
2507 5369 2556 5423 ei
2586 5368 2766 5422 omnia
2793 5382 2956 5438 regna
2980 5366 3191 5434 mundi,
3216 5375 3271 5422 et
3291 5366 3521 5437 gloriam
3544 5381 3756 5432 eorum,
3784 5374 3840 5421 ct

2239 5462 2372 5515 dixit
2403 5461 2452 5515 ei
2491 5479 2504 5515 :
2533 5461 2659 5515 llmc
2687 5460 2870 5514 omnia
2901 5459 2996 5514 tibi
3027 5460 3190 5527 daho,
3223 5460 3267 5514 si
3296 5460 3499 5516 cadens
3527 5459 3840 5516 adoraveris

2241 5570 2347 5612 me.
2381 5555 2532 5611 Tunc
2564 5554 2693 5610 dicit
2717 5555 2765 5610 ei
2787 5554 2966 5622 Iesus,
2998 5555 3163 5624 Valle,
3191 5555 3390 5613 Satana
3418 5574 3430 5609 :
3457 5555 3732 5626 Scriptura
3755 5563 3841 5612 est

2293 5783 2318 5821 ι’
2351 5782 2507 5857 Tres,
2538 5783 2734 5853 quibus
2761 5782 2985 5852 utimur,
3020 5798 3152 5840 mss.
3189 5781 3306 5853 pari
3336 5795 3610 5839 consensu
3649 5782 3840 5852 prarfea
3888 5848 3900 5857 ,

2215 5865 2362 5925 runt,
2389 5873 2420 5909 a
2446 5855 2626 5927 futura
2654 5857 2752 5910 ira.
