  <div class='ocr_page' id='page_1' title='image "/cluster/home/n/w/nwhite01/storage/ocr_20150623/29/hvd.32044015471428/278.png"; bbox 0 0 4182 6338; ppageno 0'>
   <div class='ocr_carea' id='block_1_1' title="bbox 338 323 442 384">
    <p class='ocr_par' dir='ltr' id='par_1_1' title="bbox 338 323 442 384">
     <span class='ocr_line' id='line_1_1' title="bbox 338 323 442 384; baseline -0.067 -1"><span class='ocrx_word' id='word_1_1' title='bbox 338 323 442 384; x_wconf 65' lang='lat'><strong>518</strong></span> 
     </span>
    </p>
   </div>
   <div class='ocr_carea' id='block_1_2' title="bbox 1323 317 2658 388">
    <p class='ocr_par' dir='ltr' id='par_1_2' title="bbox 1323 317 2658 388">
     <span class='ocr_line' id='line_1_2' title="bbox 1323 317 2658 388; baseline -0.001 -7"><span class='ocrx_word' id='word_1_2' title='bbox 1323 317 1773 382; x_wconf 73' lang='lat' dir='ltr'><strong>EVANGLLIUM</strong></span> <span class='ocrx_word' id='word_1_3' title='bbox 1813 318 2185 385; x_wconf 79' lang='lat' dir='ltr'><strong>SECUNDUM</strong></span> <span class='ocrx_word' id='word_1_4' title='bbox 2226 323 2658 388; x_wconf 66' lang='lat' dir='ltr'><strong>MATTHJEUM.</strong></span> 
     </span>
    </p>
   </div>
   <div class='ocr_carea' id='block_1_3' title="bbox 3527 330 3635 394">
    <p class='ocr_par' dir='ltr' id='par_1_3' title="bbox 3527 330 3635 394">
     <span class='ocr_line' id='line_1_3' title="bbox 3527 330 3635 394; baseline -0.037 0"><span class='ocrx_word' id='word_1_5' title='bbox 3527 330 3635 394; x_wconf 75' lang='grc'><strong>546</strong></span> 
     </span>
    </p>
   </div>
   <div class='ocr_carea' id='block_1_4' title="bbox 339 434 3634 517">
    <p class='ocr_par' dir='ltr' id='par_1_4' title="bbox 339 434 3634 517">
     <span class='ocr_line' id='line_1_4' title="bbox 339 434 3634 517; baseline 0.004 -29"><span class='ocrx_word' id='word_1_6' title='bbox 339 436 482 488; x_wconf 76' lang='lat' dir='ltr'><strong>enim</strong></span> <span class='ocrx_word' id='word_1_7' title='bbox 535 454 547 488; x_wconf 92' lang='lat'>:</span> <span class='ocrx_word' id='word_1_8' title='bbox 595 434 881 491; x_wconf 87' lang='lat' dir='ltr'><strong>Dominum</strong></span> <span class='ocrx_word' id='word_1_9' title='bbox 938 434 1104 490; x_wconf 88' lang='lat' dir='ltr'><strong>Deum</strong></span> <span class='ocrx_word' id='word_1_10' title='bbox 1151 442 1297 490; x_wconf 90' lang='lat' dir='ltr'><strong>tuum</strong></span> <span class='ocrx_word' id='word_1_11' title='bbox 1347 436 1620 503; x_wconf 77' lang='lat' dir='ltr'><strong>adorabis,</strong></span> <span class='ocrx_word' id='word_1_12' title='bbox 1655 436 1807 490; x_wconf 85' lang='lat' dir='ltr'><strong>etilli</strong></span> <span class='ocrx_word' id='word_1_13' title='bbox 1833 436 1933 490; x_wconf 88' lang='lat' dir='ltr'><strong>soli</strong></span> <span class='ocrx_word' id='word_1_14' title='bbox 1962 440 2007 497; x_wconf 79' lang='grc' dir='ltr'><strong>Α</strong></span> <span class='ocrx_word' id='word_1_15' title='bbox 2039 436 2149 490; x_wconf 86' lang='lat' dir='ltr'><strong>Vos</strong></span> <span class='ocrx_word' id='word_1_16' title='bbox 2182 440 2313 494; x_wconf 88' lang='lat' dir='ltr'><strong>estis</strong></span> <span class='ocrx_word' id='word_1_17' title='bbox 2343 443 2421 496; x_wconf 89' lang='lat' dir='ltr'><strong>sal</strong></span> <span class='ocrx_word' id='word_1_18' title='bbox 2455 452 2638 500; x_wconf 76' lang='lat' dir='ltr'><strong>terrm.</strong></span> <span class='ocrx_word' id='word_1_19' title='bbox 2664 438 2817 512; x_wconf 82' lang='lat' dir='ltr'><strong>Quod</strong></span> <span class='ocrx_word' id='word_1_20' title='bbox 2848 441 2892 499; x_wconf 89' lang='lat' dir='ltr'><strong>si</strong></span> <span class='ocrx_word' id='word_1_21' title='bbox 2917 442 2996 499; x_wconf 90' lang='lat' dir='ltr'><strong>sal</strong></span> <span class='ocrx_word' id='word_1_22' title='bbox 3018 443 3318 513; x_wconf 86' lang='lat' dir='ltr'><strong>evanuerlt,</strong></span> <span class='ocrx_word' id='word_1_23' title='bbox 3345 445 3397 502; x_wconf 87' lang='lat' dir='ltr'><strong>in</strong></span> <span class='ocrx_word' id='word_1_24' title='bbox 3420 460 3528 517; x_wconf 87' lang='lat' dir='ltr'><strong>quo</strong></span> <span class='ocrx_word' id='word_1_25' title='bbox 3547 462 3634 503; x_wconf 82' lang='lat' dir='ltr'><strong>sa-</strong></span> 
     </span>
    </p>
   </div>
   <div class='ocr_carea' id='block_1_5' title="bbox 340 528 1940 600">
    <p class='ocr_par' dir='ltr' id='par_1_5' title="bbox 340 528 1940 600">
     <span class='ocr_line' id='line_1_5' title="bbox 340 528 1940 600; baseline 0.001 -17"><span class='ocrx_word' id='word_1_26' title='bbox 340 530 565 583; x_wconf 83' lang='lat' dir='ltr'><strong>scrvies.</strong></span> <span class='ocrx_word' id='word_1_27' title='bbox 602 535 756 595; x_wconf 79' lang='lat' dir='ltr'><strong>[xvtt,</strong></span> <span class='ocrx_word' id='word_1_28' title='bbox 798 528 877 599; x_wconf 87' lang='lat'><strong>6.]</strong></span> <span class='ocrx_word' id='word_1_29' title='bbox 913 528 1066 583; x_wconf 86' lang='lat' dir='ltr'><strong>Tunc</strong></span> <span class='ocrx_word' id='word_1_30' title='bbox 1111 529 1327 600; x_wconf 78' lang='lat' dir='ltr'><strong>reliquit</strong></span> <span class='ocrx_word' id='word_1_31' title='bbox 1370 544 1495 585; x_wconf 89' lang='lat' dir='ltr'><strong>cum</strong></span> <span class='ocrx_word' id='word_1_32' title='bbox 1537 530 1786 585; x_wconf 77' lang='lat' dir='ltr'><strong>diabolus</strong></span> <span class='ocrx_word' id='word_1_33' title='bbox 1828 546 1843 584; x_wconf 90' lang='lat'><strong>:</strong></span> <span class='ocrx_word' id='word_1_34' title='bbox 1884 539 1940 586; x_wconf 90' lang='lat' dir='ltr'><strong>et</strong></span> 
     </span>
    </p>
   </div>
   <div class='ocr_carea' id='block_1_6' title="bbox 339 624 1939 699">
    <p class='ocr_par' dir='ltr' id='par_1_6' title="bbox 339 624 1939 699">
     <span class='ocr_line' id='line_1_6' title="bbox 339 624 1939 699; baseline 0.003 -23"><span class='ocrx_word' id='word_1_35' title='bbox 339 638 463 678; x_wconf 80' lang='lat' dir='ltr'><strong>ecce</strong></span> <span class='ocrx_word' id='word_1_36' title='bbox 488 624 668 693; x_wconf 82' lang='lat' dir='ltr'><strong>angeli</strong></span> <span class='ocrx_word' id='word_1_37' title='bbox 691 633 1060 691; x_wconf 84' lang='lat' dir='ltr'><strong>accesserunt,</strong></span> <span class='ocrx_word' id='word_1_38' title='bbox 1084 634 1133 679; x_wconf 90' lang='lat' dir='ltr'><strong>et</strong></span> <span class='ocrx_word' id='word_1_39' title='bbox 1159 625 1541 681; x_wconf 90' lang='lat' dir='ltr'><strong>ministrabant</strong></span> <span class='ocrx_word' id='word_1_40' title='bbox 1564 628 1634 681; x_wconf 91' lang='lat' dir='ltr'><strong>ei.</strong></span> <span class='ocrx_word' id='word_1_41' title='bbox 1660 625 1835 698; x_wconf 82' lang='lat' dir='ltr'><strong>[xvm,</strong></span> <span class='ocrx_word' id='word_1_42' title='bbox 1858 626 1939 699; x_wconf 72' lang='grc'><strong>4.]</strong></span> 
     </span>
    </p>
   </div>
   <div class='ocr_carea' id='block_1_7' title="bbox 339 715 1940 788">
    <p class='ocr_par' dir='ltr' id='par_1_7' title="bbox 339 715 1940 788">
     <span class='ocr_line' id='line_1_7' title="bbox 339 715 1940 788; baseline 0.001 -17"><span class='ocrx_word' id='word_1_43' title='bbox 339 715 476 771; x_wconf 85' lang='lat' dir='ltr'><strong>Cum</strong></span> <span class='ocrx_word' id='word_1_44' title='bbox 506 726 687 771; x_wconf 89' lang='lat' dir='ltr'><strong>autem</strong></span> <span class='ocrx_word' id='word_1_45' title='bbox 717 717 956 771; x_wconf 79' lang='lat' dir='ltr'><strong>audisset</strong></span> <span class='ocrx_word' id='word_1_46' title='bbox 979 718 1138 773; x_wconf 87' lang='lat' dir='ltr'><strong>Jesus</strong></span> <span class='ocrx_word' id='word_1_47' title='bbox 1167 717 1310 788; x_wconf 89' lang='lat' dir='ltr'><strong>quod</strong></span> <span class='ocrx_word' id='word_1_48' title='bbox 1338 716 1573 773; x_wconf 79' lang='lat' dir='ltr'><strong>Joannes</strong></span> <span class='ocrx_word' id='word_1_49' title='bbox 1600 718 1831 773; x_wconf 91' lang='lat' dir='ltr'><strong>traditus</strong></span> <span class='ocrx_word' id='word_1_50' title='bbox 1853 732 1940 773; x_wconf 84' lang='lat' dir='ltr'><strong>cs-</strong></span> 
     </span>
    </p>
   </div>
   <div class='ocr_carea' id='block_1_8' title="bbox 271 808 1939 883">
    <p class='ocr_par' dir='ltr' id='par_1_8' title="bbox 271 808 1939 883">
     <span class='ocr_line' id='line_1_8' title="bbox 271 808 1939 883; baseline 0.002 -20"><span class='ocrx_word' id='word_1_51' title='bbox 271 872 285 883; x_wconf 83' lang='lat'><em>_</em></span> <span class='ocrx_word' id='word_1_52' title='bbox 340 816 442 875; x_wconf 89' lang='lat' dir='ltr'><strong>set,</strong></span> <span class='ocrx_word' id='word_1_53' title='bbox 476 809 706 864; x_wconf 88' lang='lat' dir='ltr'><strong>secessit</strong></span> <span class='ocrx_word' id='word_1_54' title='bbox 734 809 786 863; x_wconf 92' lang='lat' dir='ltr'><strong>in</strong></span> <span class='ocrx_word' id='word_1_55' title='bbox 814 808 1091 863; x_wconf 56' lang='lat' dir='ltr'><strong>Galilaeam</strong></span> <span class='ocrx_word' id='word_1_56' title='bbox 1126 828 1139 863; x_wconf 89' lang='lat'><strong>:</strong></span> <span class='ocrx_word' id='word_1_57' title='bbox 1173 810 1307 882; x_wconf 61' lang='grc' dir='ltr'><strong>μη,</strong></span> <span class='ocrx_word' id='word_1_58' title='bbox 1332 808 1407 881; x_wconf 84' lang='grc'><strong>7.]</strong></span> <span class='ocrx_word' id='word_1_59' title='bbox 1431 819 1485 866; x_wconf 93' lang='lat' dir='ltr'><strong>et</strong></span> <span class='ocrx_word' id='word_1_60' title='bbox 1510 810 1697 866; x_wconf 90' lang='lat' dir='ltr'><strong>relicta</strong></span> <span class='ocrx_word' id='word_1_61' title='bbox 1719 810 1939 866; x_wconf 88' lang='lat' dir='ltr'><strong>civitate</strong></span> 
     </span>
    </p>
   </div>
   <div class='ocr_carea' id='block_1_9' title="bbox 340 900 1939 974">
    <p class='ocr_par' dir='ltr' id='par_1_9' title="bbox 340 900 1939 974">
     <span class='ocr_line' id='line_1_9' title="bbox 340 900 1939 974; baseline 0.001 -18"><span class='ocrx_word' id='word_1_62' title='bbox 340 900 630 970; x_wconf 78' lang='lat' dir='ltr'><strong>Nazareth,</strong></span> <span class='ocrx_word' id='word_1_63' title='bbox 664 912 691 940; x_wconf 71' lang='grc' dir='ltr'>α</span> <span class='ocrx_word' id='word_1_64' title='bbox 717 901 890 968; x_wconf 83' lang='lat' dir='ltr'><strong>venit,</strong></span> <span class='ocrx_word' id='word_1_65' title='bbox 919 912 974 958; x_wconf 90' lang='lat' dir='ltr'><strong>et</strong></span> <span class='ocrx_word' id='word_1_66' title='bbox 1000 901 1263 958; x_wconf 76' lang='lat' dir='ltr'><strong>habitavit</strong></span> <span class='ocrx_word' id='word_1_67' title='bbox 1287 903 1337 958; x_wconf 94' lang='lat' dir='ltr'><strong>in</strong></span> <span class='ocrx_word' id='word_1_68' title='bbox 1368 904 1745 974; x_wconf 88' lang='lat' dir='ltr'><strong>Capharnaum</strong></span> <span class='ocrx_word' id='word_1_69' title='bbox 1775 904 1939 959; x_wconf 86' lang='lat' dir='ltr'><strong>mari-</strong></span> 
     </span>
    </p>
   </div>
   <div class='ocr_carea' id='block_1_10' title="bbox 345 994 1937 1067">
    <p class='ocr_par' dir='ltr' id='par_1_10' title="bbox 345 994 1937 1067">
     <span class='ocr_line' id='line_1_10' title="bbox 345 994 1937 1067; baseline 0.001 -17"><span class='ocrx_word' id='word_1_70' title='bbox 345 996 497 1064; x_wconf 84' lang='lat' dir='ltr'><strong>tima,</strong></span> <span class='ocrx_word' id='word_1_71' title='bbox 525 996 580 1050; x_wconf 89' lang='lat' dir='ltr'><strong>in</strong></span> <span class='ocrx_word' id='word_1_72' title='bbox 614 994 811 1051; x_wconf 92' lang='lat' dir='ltr'><strong>ﬁnibus</strong></span> <span class='ocrx_word' id='word_1_73' title='bbox 841 994 1084 1051; x_wconf 88' lang='lat' dir='ltr'><strong>Zabulon</strong></span> <span class='ocrx_word' id='word_1_74' title='bbox 1107 1006 1161 1052; x_wconf 91' lang='lat' dir='ltr'><strong>et</strong></span> <span class='ocrx_word' id='word_1_75' title='bbox 1190 995 1557 1067; x_wconf 84' lang='lat' dir='ltr'><strong>Nephthalim,</strong></span> <span class='ocrx_word' id='word_1_76' title='bbox 1584 1006 1639 1050; x_wconf 93' lang='lat' dir='ltr'><strong>ut</strong></span> <span class='ocrx_word' id='word_1_77' title='bbox 1672 996 1937 1066; x_wconf 82' lang='lat' dir='ltr'><strong>adimple-</strong></span> 
     </span>
    </p>
   </div>
   <div class='ocr_carea' id='block_1_11' title="bbox 344 1090 1934 1163">
    <p class='ocr_par' dir='ltr' id='par_1_11' title="bbox 344 1090 1934 1163">
     <span class='ocr_line' id='line_1_11' title="bbox 344 1090 1934 1163; baseline 0.002 -19"><span class='ocrx_word' id='word_1_78' title='bbox 344 1099 492 1146; x_wconf 89' lang='lat' dir='ltr'><strong>retur</strong></span> <span class='ocrx_word' id='word_1_79' title='bbox 515 1090 662 1161; x_wconf 91' lang='lat' dir='ltr'><strong>quod</strong></span> <span class='ocrx_word' id='word_1_80' title='bbox 690 1090 895 1145; x_wconf 91' lang='lat' dir='ltr'><strong>dictum</strong></span> <span class='ocrx_word' id='word_1_81' title='bbox 929 1100 1012 1146; x_wconf 90' lang='lat' dir='ltr'><strong>est</strong></span> <span class='ocrx_word' id='word_1_82' title='bbox 1040 1107 1135 1161; x_wconf 89' lang='lat' dir='ltr'><strong>per</strong></span> <span class='ocrx_word' id='word_1_83' title='bbox 1163 1090 1350 1147; x_wconf 85' lang='lat' dir='ltr'><strong>Isaiam</strong></span> <span class='ocrx_word' id='word_1_84' title='bbox 1383 1092 1703 1163; x_wconf 87' lang='lat' dir='ltr'><strong>prophetam</strong></span> <span class='ocrx_word' id='word_1_85' title='bbox 1730 1112 1742 1147; x_wconf 90' lang='lat'>:</span> <span class='ocrx_word' id='word_1_86' title='bbox 1766 1094 1934 1148; x_wconf 83' lang='lat' dir='ltr'><strong>Terra</strong></span> 
     </span>
    </p>
   </div>
   <div class='ocr_carea' id='block_1_12' title="bbox 339 1183 1936 1254">
    <p class='ocr_par' dir='ltr' id='par_1_12' title="bbox 339 1183 1936 1254">
     <span class='ocr_line' id='line_1_12' title="bbox 339 1183 1936 1254; baseline -0.001 -15"><span class='ocrx_word' id='word_1_87' title='bbox 339 1183 602 1247; x_wconf 82' lang='lat' dir='ltr'><strong>Zabulon,</strong></span> <span class='ocrx_word' id='word_1_88' title='bbox 630 1194 682 1239; x_wconf 92' lang='lat' dir='ltr'><strong>et</strong></span> <span class='ocrx_word' id='word_1_89' title='bbox 709 1192 850 1238; x_wconf 89' lang='lat' dir='ltr'><strong>terra</strong></span> <span class='ocrx_word' id='word_1_90' title='bbox 879 1183 1242 1254; x_wconf 87' lang='lat' dir='ltr'><strong>Nephthalim,</strong></span> <span class='ocrx_word' id='word_1_91' title='bbox 1269 1184 1350 1239; x_wconf 93' lang='lat' dir='ltr'><strong>via</strong></span> <span class='ocrx_word' id='word_1_92' title='bbox 1382 1185 1547 1239; x_wconf 85' lang='lat' dir='ltr'><strong>maris</strong></span> <span class='ocrx_word' id='word_1_93' title='bbox 1572 1194 1719 1240; x_wconf 89' lang='lat' dir='ltr'><strong>trans</strong></span> <span class='ocrx_word' id='word_1_94' title='bbox 1741 1184 1936 1240; x_wconf 81' lang='lat' dir='ltr'><strong>Jorda-</strong></span> 
     </span>
    </p>
   </div>
   <div class='ocr_carea' id='block_1_13' title="bbox 339 1275 1933 1348">
    <p class='ocr_par' dir='ltr' id='par_1_13' title="bbox 339 1275 1933 1348">
     <span class='ocr_line' id='line_1_13' title="bbox 339 1275 1933 1348; baseline -0.001 -16"><span class='ocrx_word' id='word_1_95' title='bbox 339 1293 485 1345; x_wconf 89' lang='lat' dir='ltr'><strong>nem,</strong></span> <span class='ocrx_word' id='word_1_96' title='bbox 502 1275 720 1333; x_wconf 68' lang='lat' dir='ltr'><strong>Galilaea</strong></span> <span class='ocrx_word' id='word_1_97' title='bbox 736 1277 996 1348; x_wconf 90' lang='lat' dir='ltr'><strong>gentium,</strong></span> <span class='ocrx_word' id='word_1_98' title='bbox 1014 1277 1243 1347; x_wconf 89' lang='lat' dir='ltr'><strong>populus</strong></span> <span class='ocrx_word' id='word_1_99' title='bbox 1263 1276 1350 1347; x_wconf 89' lang='lat' dir='ltr'><strong>qui</strong></span> <span class='ocrx_word' id='word_1_100' title='bbox 1366 1276 1587 1332; x_wconf 84' lang='lat' dir='ltr'><strong>sedebat</strong></span> <span class='ocrx_word' id='word_1_101' title='bbox 1604 1276 1654 1331; x_wconf 93' lang='lat' dir='ltr'><strong>in</strong></span> <span class='ocrx_word' id='word_1_102' title='bbox 1673 1276 1933 1342; x_wconf 86' lang='lat' dir='ltr'><strong>tenebris,</strong></span> 
     </span>
    </p>
   </div>
   <div class='ocr_carea' id='block_1_14' title="bbox 339 1371 1936 1443">
    <p class='ocr_par' dir='ltr' id='par_1_14' title="bbox 339 1371 1936 1443">
     <span class='ocr_line' id='line_1_14' title="bbox 339 1371 1936 1443; baseline -0.001 -17"><span class='ocrx_word' id='word_1_103' title='bbox 339 1373 469 1429; x_wconf 90' lang='lat' dir='ltr'><strong>vidit</strong></span> <span class='ocrx_word' id='word_1_104' title='bbox 497 1375 673 1429; x_wconf 89' lang='lat' dir='ltr'><strong>lucem</strong></span> <span class='ocrx_word' id='word_1_105' title='bbox 719 1388 969 1443; x_wconf 88' lang='lat' dir='ltr'><strong>magnam</strong></span> <span class='ocrx_word' id='word_1_106' title='bbox 1003 1389 1014 1425; x_wconf 89' lang='lat'><strong>:</strong></span> <span class='ocrx_word' id='word_1_107' title='bbox 1050 1381 1107 1427; x_wconf 91' lang='lat' dir='ltr'><strong>et</strong></span> <span class='ocrx_word' id='word_1_108' title='bbox 1133 1371 1454 1427; x_wconf 87' lang='lat' dir='ltr'><strong>sedentibus</strong></span> <span class='ocrx_word' id='word_1_109' title='bbox 1483 1371 1534 1425; x_wconf 92' lang='lat' dir='ltr'><strong>in</strong></span> <span class='ocrx_word' id='word_1_110' title='bbox 1566 1372 1787 1440; x_wconf 80' lang='lat' dir='ltr'><strong>regione</strong></span> <span class='ocrx_word' id='word_1_111' title='bbox 1818 1386 1936 1425; x_wconf 86' lang='lat' dir='ltr'><strong>um-</strong></span> 
     </span>
    </p>
   </div>
   <div class='ocr_carea' id='block_1_15' title="bbox 338 1463 1934 1538">
    <p class='ocr_par' dir='ltr' id='par_1_15' title="bbox 338 1463 1934 1538">
     <span class='ocr_line' id='line_1_15' title="bbox 338 1463 1934 1538; baseline -0.002 -15"><span class='ocrx_word' id='word_1_112' title='bbox 338 1468 450 1523; x_wconf 73' lang='lat' dir='ltr'><strong>bne</strong></span> <span class='ocrx_word' id='word_1_113' title='bbox 486 1467 702 1536; x_wconf 91' lang='lat' dir='ltr'><strong>mortis,</strong></span> <span class='ocrx_word' id='word_1_114' title='bbox 735 1467 825 1522; x_wconf 79' lang='lat' dir='ltr'><strong>lux</strong></span> <span class='ocrx_word' id='word_1_115' title='bbox 870 1476 993 1522; x_wconf 89' lang='lat' dir='ltr'><strong>orta</strong></span> <span class='ocrx_word' id='word_1_116' title='bbox 1021 1475 1105 1522; x_wconf 93' lang='lat' dir='ltr'><strong>est</strong></span> <span class='ocrx_word' id='word_1_117' title='bbox 1133 1464 1234 1521; x_wconf 86' lang='lat' dir='ltr'><strong>eis.</strong></span> <span class='ocrx_word' id='word_1_118' title='bbox 1274 1468 1389 1538; x_wconf 75' lang='lat' dir='ltr'><strong>]xx,</strong></span> <span class='ocrx_word' id='word_1_119' title='bbox 1418 1463 1499 1537; x_wconf 85' lang='lat'><strong>6.]</strong></span> <span class='ocrx_word' id='word_1_120' title='bbox 1534 1464 1741 1521; x_wconf 82' lang='lat' dir='ltr'><strong>Exinde</strong></span> <span class='ocrx_word' id='word_1_121' title='bbox 1768 1464 1934 1535; x_wconf 65' lang='lat' dir='ltr'><strong>coepit</strong></span> 
     </span>
    </p>
   </div>
   <div class='ocr_carea' id='block_1_16' title="bbox 334 1559 1937 1633">
    <p class='ocr_par' dir='ltr' id='par_1_16' title="bbox 334 1559 1937 1633">
     <span class='ocr_line' id='line_1_16' title="bbox 334 1559 1937 1633; baseline -0.005 -14"><span class='ocrx_word' id='word_1_122' title='bbox 334 1566 492 1619; x_wconf 83' lang='lat' dir='ltr'><strong>Jesus</strong></span> <span class='ocrx_word' id='word_1_123' title='bbox 522 1561 844 1633; x_wconf 73' lang='lat' dir='ltr'><strong>przcdiearc,</strong></span> <span class='ocrx_word' id='word_1_124' title='bbox 877 1569 933 1617; x_wconf 92' lang='lat' dir='ltr'><strong>et</strong></span> <span class='ocrx_word' id='word_1_125' title='bbox 957 1560 1141 1617; x_wconf 88' lang='lat' dir='ltr'><strong>dicere</strong></span> <span class='ocrx_word' id='word_1_126' title='bbox 1171 1577 1185 1615; x_wconf 89' lang='lat'>:</span> <span class='ocrx_word' id='word_1_127' title='bbox 1221 1559 1602 1616; x_wconf 78' lang='lat' dir='ltr'><strong>Pteuiteutiam</strong></span> <span class='ocrx_word' id='word_1_128' title='bbox 1634 1560 1777 1630; x_wconf 87' lang='lat' dir='ltr'><strong>agite</strong></span> <span class='ocrx_word' id='word_1_129' title='bbox 1805 1578 1815 1613; x_wconf 95' lang='lat'>:</span> <span class='ocrx_word' id='word_1_130' title='bbox 1843 1574 1937 1629; x_wconf 90' lang='lat' dir='ltr'><strong>ap-</strong></span> 
     </span>
    </p>
   </div>
   <div class='ocr_carea' id='block_1_17' title="bbox 334 1654 1935 1729">
    <p class='ocr_par' dir='ltr' id='par_1_17' title="bbox 334 1654 1935 1729">
     <span class='ocr_line' id='line_1_17' title="bbox 334 1654 1935 1729; baseline -0.003 -17"><span class='ocrx_word' id='word_1_131' title='bbox 334 1657 720 1729; x_wconf 86' lang='lat' dir='ltr'><strong>propinquavit</strong></span> <span class='ocrx_word' id='word_1_132' title='bbox 760 1656 905 1712; x_wconf 89' lang='lat' dir='ltr'><strong>enim</strong></span> <span class='ocrx_word' id='word_1_133' title='bbox 936 1671 1162 1726; x_wconf 81' lang='lat' dir='ltr'><strong>regnum</strong></span> <span class='ocrx_word' id='word_1_134' title='bbox 1195 1654 1483 1711; x_wconf 63' lang='lat' dir='ltr'><strong>caelorum.</strong></span> <span class='ocrx_word' id='word_1_135' title='bbox 1510 1654 1813 1709; x_wconf 87' lang='lat' dir='ltr'><strong>Ambulaus</strong></span> <span class='ocrx_word' id='word_1_136' title='bbox 1839 1669 1935 1707; x_wconf 89' lang='lat' dir='ltr'><strong>au-</strong></span> 
     </span>
    </p>
   </div>
   <div class='ocr_carea' id='block_1_18' title="bbox 336 1746 1929 1820">
    <p class='ocr_par' dir='ltr' id='par_1_18' title="bbox 336 1746 1929 1820">
     <span class='ocr_line' id='line_1_18' title="bbox 336 1746 1929 1820; baseline -0.002 -16"><span class='ocrx_word' id='word_1_137' title='bbox 336 1762 439 1806; x_wconf 88' lang='lat' dir='ltr'><strong>tem</strong></span> <span class='ocrx_word' id='word_1_138' title='bbox 480 1752 645 1806; x_wconf 83' lang='lat' dir='ltr'><strong>Jesus</strong></span> <span class='ocrx_word' id='word_1_139' title='bbox 675 1748 829 1820; x_wconf 78' lang='lat' dir='ltr'><strong>juxta</strong></span> <span class='ocrx_word' id='word_1_140' title='bbox 872 1764 1023 1804; x_wconf 87' lang='lat' dir='ltr'><strong>mare</strong></span> <span class='ocrx_word' id='word_1_141' title='bbox 1061 1749 1320 1815; x_wconf 69' lang='lat' dir='ltr'><strong>Galilaeae,</strong></span> <span class='ocrx_word' id='word_1_142' title='bbox 1364 1746 1498 1801; x_wconf 89' lang='lat' dir='ltr'><strong>vidit</strong></span> <span class='ocrx_word' id='word_1_143' title='bbox 1534 1748 1671 1800; x_wconf 92' lang='lat' dir='ltr'><strong>duos</strong></span> <span class='ocrx_word' id='word_1_144' title='bbox 1714 1746 1929 1814; x_wconf 81' lang='lat' dir='ltr'><strong>fratres,</strong></span> 
     </span>
    </p>
   </div>
   <div class='ocr_carea' id='block_1_19' title="bbox 2043 529 3631 609">
    <p class='ocr_par' dir='ltr' id='par_1_19' title="bbox 2043 529 3631 609">
     <span class='ocr_line' id='line_1_19' title="bbox 2043 529 3631 609; baseline 0.008 -26"><span class='ocrx_word' id='word_1_145' title='bbox 2043 529 2242 586; x_wconf 89' lang='lat' dir='ltr'><strong>lietur?</strong></span> <span class='ocrx_word' id='word_1_146' title='bbox 2268 532 2331 586; x_wconf 89' lang='lat' dir='ltr'><strong>ad</strong></span> <span class='ocrx_word' id='word_1_147' title='bbox 2364 534 2593 589; x_wconf 89' lang='lat' dir='ltr'><strong>nihilum</strong></span> <span class='ocrx_word' id='word_1_148' title='bbox 2622 536 2765 592; x_wconf 91' lang='lat' dir='ltr'><strong>valet</strong></span> <span class='ocrx_word' id='word_1_149' title='bbox 2793 536 2957 601; x_wconf 90' lang='lat' dir='ltr'><strong>ultra,</strong></span> <span class='ocrx_word' id='word_1_150' title='bbox 2986 538 3090 593; x_wconf 87' lang='lat' dir='ltr'><strong>nisi</strong></span> <span class='ocrx_word' id='word_1_151' title='bbox 3120 547 3176 593; x_wconf 93' lang='lat' dir='ltr'><strong>ut</strong></span> <span class='ocrx_word' id='word_1_152' title='bbox 3202 538 3445 594; x_wconf 88' lang='lat' dir='ltr'><strong>mittatur</strong></span> <span class='ocrx_word' id='word_1_153' title='bbox 3464 540 3631 609; x_wconf 83' lang='lat' dir='ltr'><strong>foras,</strong></span> 
     </span>
    </p>
   </div>
   <div class='ocr_carea' id='block_1_20' title="bbox 2039 627 3632 703">
    <p class='ocr_par' dir='ltr' id='par_1_20' title="bbox 2039 627 3632 703">
     <span class='ocr_line' id='line_1_20' title="bbox 2039 627 3632 703; baseline 0.006 -24"><span class='ocrx_word' id='word_1_154' title='bbox 2039 630 2096 679; x_wconf 89' lang='lat' dir='ltr'><strong>et</strong></span> <span class='ocrx_word' id='word_1_155' title='bbox 2117 627 2462 684; x_wconf 88' lang='lat' dir='ltr'><strong>conculcetur</strong></span> <span class='ocrx_word' id='word_1_156' title='bbox 2484 628 2552 682; x_wconf 91' lang='lat' dir='ltr'><strong>ab</strong></span> <span class='ocrx_word' id='word_1_157' title='bbox 2584 627 2912 685; x_wconf 91' lang='lat' dir='ltr'><strong>hominibus.</strong></span> <span class='ocrx_word' id='word_1_158' title='bbox 2938 628 3131 703; x_wconf 67' lang='lat' dir='ltr'><strong>[xum</strong></span> <span class='ocrx_word' id='word_1_159' title='bbox 3154 629 3235 703; x_wconf 71' lang='lat'><strong>2.]</strong></span> <span class='ocrx_word' id='word_1_160' title='bbox 3259 631 3368 687; x_wconf 85' lang='lat' dir='ltr'><strong>Vos</strong></span> <span class='ocrx_word' id='word_1_161' title='bbox 3388 632 3519 688; x_wconf 89' lang='lat' dir='ltr'><strong>estis</strong></span> <span class='ocrx_word' id='word_1_162' title='bbox 3540 632 3632 689; x_wconf 81' lang='lat' dir='ltr'><strong>lux</strong></span> 
     </span>
    </p>
   </div>
   <div class='ocr_carea' id='block_1_21' title="bbox 2040 719 3634 797">
    <p class='ocr_par' dir='ltr' id='par_1_21' title="bbox 2040 719 3634 797">
     <span class='ocr_line' id='line_1_21' title="bbox 2040 719 3634 797; baseline 0.006 -24"><span class='ocrx_word' id='word_1_163' title='bbox 2040 719 2249 774; x_wconf 91' lang='lat' dir='ltr'><strong>mundi.</strong></span> <span class='ocrx_word' id='word_1_164' title='bbox 2287 720 2402 776; x_wconf 89' lang='lat' dir='ltr'><strong>Non</strong></span> <span class='ocrx_word' id='word_1_165' title='bbox 2447 730 2627 794; x_wconf 85' lang='lat' dir='ltr'><strong>potest</strong></span> <span class='ocrx_word' id='word_1_166' title='bbox 2671 724 2863 780; x_wconf 87' lang='lat' dir='ltr'><strong>civitas</strong></span> <span class='ocrx_word' id='word_1_167' title='bbox 2899 724 3163 781; x_wconf 85' lang='lat' dir='ltr'><strong>abscondi</strong></span> <span class='ocrx_word' id='word_1_168' title='bbox 3202 740 3367 797; x_wconf 88' lang='lat' dir='ltr'><strong>supra</strong></span> <span class='ocrx_word' id='word_1_169' title='bbox 3395 735 3634 783; x_wconf 90' lang='lat' dir='ltr'><strong>montem</strong></span> 
     </span>
    </p>
   </div>
   <div class='ocr_carea' id='block_1_22' title="bbox 2040 814 3633 889">
    <p class='ocr_par' dir='ltr' id='par_1_22' title="bbox 2040 814 3633 889">
     <span class='ocr_line' id='line_1_22' title="bbox 2040 814 3633 889; baseline 0.007 -24"><span class='ocrx_word' id='word_1_170' title='bbox 2040 814 2235 884; x_wconf 91' lang='lat' dir='ltr'><strong>posita.</strong></span> <span class='ocrx_word' id='word_1_171' title='bbox 2269 814 2453 886; x_wconf 87' lang='lat' dir='ltr'><strong>Neque</strong></span> <span class='ocrx_word' id='word_1_172' title='bbox 2494 817 2802 873; x_wconf 90' lang='lat' dir='ltr'><strong>accendunt</strong></span> <span class='ocrx_word' id='word_1_173' title='bbox 2838 818 3139 888; x_wconf 87' lang='lat' dir='ltr'><strong>lucernam,</strong></span> <span class='ocrx_word' id='word_1_174' title='bbox 3181 830 3237 876; x_wconf 92' lang='lat' dir='ltr'><strong>et</strong></span> <span class='ocrx_word' id='word_1_175' title='bbox 3279 829 3482 889; x_wconf 88' lang='lat' dir='ltr'><strong>ponunt</strong></span> <span class='ocrx_word' id='word_1_176' title='bbox 3512 835 3633 876; x_wconf 89' lang='lat' dir='ltr'><strong>eam</strong></span> 
     </span>
    </p>
   </div>
   <div class='ocr_carea' id='block_1_23' title="bbox 2040 906 3632 984">
    <p class='ocr_par' dir='ltr' id='par_1_23' title="bbox 2040 906 3632 984">
     <span class='ocr_line' id='line_1_23' title="bbox 2040 906 3632 984; baseline 0.006 -24"><span class='ocrx_word' id='word_1_177' title='bbox 2040 906 2143 961; x_wconf 91' lang='lat' dir='ltr'><strong>sub</strong></span> <span class='ocrx_word' id='word_1_178' title='bbox 2178 907 2388 973; x_wconf 91' lang='lat' dir='ltr'><strong>modio;</strong></span> <span class='ocrx_word' id='word_1_179' title='bbox 2431 908 2525 963; x_wconf 92' lang='lat' dir='ltr'><strong>sed</strong></span> <span class='ocrx_word' id='word_1_180' title='bbox 2571 924 2741 979; x_wconf 88' lang='lat' dir='ltr'><strong>super</strong></span> <span class='ocrx_word' id='word_1_181' title='bbox 2774 910 3181 979; x_wconf 89' lang='lat' dir='ltr'><strong>candelabrum,</strong></span> <span class='ocrx_word' id='word_1_182' title='bbox 3224 920 3282 967; x_wconf 90' lang='lat' dir='ltr'><strong>ut</strong></span> <span class='ocrx_word' id='word_1_183' title='bbox 3319 911 3495 968; x_wconf 90' lang='lat' dir='ltr'><strong>luceat</strong></span> <span class='ocrx_word' id='word_1_184' title='bbox 3523 913 3632 984; x_wconf 80' lang='grc' dir='ltr'><strong>[ΑΙ.</strong></span> 
     </span>
    </p>
   </div>
   <div class='ocr_carea' id='block_1_24' title="bbox 2040 999 3633 1072">
    <p class='ocr_par' dir='ltr' id='par_1_24' title="bbox 2040 999 3633 1072">
     <span class='ocr_line' id='line_1_24' title="bbox 2040 999 3633 1072; baseline 0.004 -19"><span class='ocrx_word' id='word_1_185' title='bbox 2040 1007 2094 1053; x_wconf 92' lang='lat' dir='ltr'><strong>et</strong></span> <span class='ocrx_word' id='word_1_186' title='bbox 2124 999 2287 1071; x_wconf 89' lang='lat' dir='ltr'><strong>lucet]</strong></span> <span class='ocrx_word' id='word_1_187' title='bbox 2318 1002 2593 1069; x_wconf 91' lang='lat' dir='ltr'><strong>omnibus,</strong></span> <span class='ocrx_word' id='word_1_188' title='bbox 2621 1004 2711 1072; x_wconf 92' lang='lat' dir='ltr'><strong>qui</strong></span> <span class='ocrx_word' id='word_1_189' title='bbox 2752 1003 2805 1058; x_wconf 93' lang='lat' dir='ltr'><strong>in</strong></span> <span class='ocrx_word' id='word_1_190' title='bbox 2838 1003 2999 1060; x_wconf 92' lang='lat' dir='ltr'><strong>domo</strong></span> <span class='ocrx_word' id='word_1_191' title='bbox 3031 1014 3179 1059; x_wconf 91' lang='lat' dir='ltr'><strong>sunt.</strong></span> <span class='ocrx_word' id='word_1_192' title='bbox 3216 1004 3307 1063; x_wconf 85' lang='lat' dir='ltr'><strong>Sic</strong></span> <span class='ocrx_word' id='word_1_193' title='bbox 3337 1005 3513 1062; x_wconf 88' lang='lat' dir='ltr'><strong>luceat</strong></span> <span class='ocrx_word' id='word_1_194' title='bbox 3540 1006 3633 1061; x_wconf 78' lang='lat' dir='ltr'><strong>lux</strong></span> 
     </span>
    </p>
   </div>
   <div class='ocr_carea' id='block_1_25' title="bbox 2040 1096 3634 1169">
    <p class='ocr_par' dir='ltr' id='par_1_25' title="bbox 2040 1096 3634 1169">
     <span class='ocr_line' id='line_1_25' title="bbox 2040 1096 3634 1169; baseline 0.005 -22"><span class='ocrx_word' id='word_1_195' title='bbox 2040 1102 2221 1150; x_wconf 88' lang='lat' dir='ltr'><strong>vestra</strong></span> <span class='ocrx_word' id='word_1_196' title='bbox 2267 1109 2451 1150; x_wconf 89' lang='lat' dir='ltr'><strong>coram</strong></span> <span class='ocrx_word' id='word_1_197' title='bbox 2502 1096 2812 1155; x_wconf 90' lang='lat' dir='ltr'><strong>hominibus</strong></span> <span class='ocrx_word' id='word_1_198' title='bbox 2838 1140 2853 1166; x_wconf 95' lang='lat'><strong>,</strong></span> <span class='ocrx_word' id='word_1_199' title='bbox 2897 1110 2953 1154; x_wconf 94' lang='lat' dir='ltr'><strong>ut</strong></span> <span class='ocrx_word' id='word_1_200' title='bbox 2992 1098 3208 1154; x_wconf 82' lang='lat' dir='ltr'><strong>videant</strong></span> <span class='ocrx_word' id='word_1_201' title='bbox 3249 1114 3411 1169; x_wconf 90' lang='lat' dir='ltr'><strong>opera</strong></span> <span class='ocrx_word' id='word_1_202' title='bbox 3453 1108 3634 1155; x_wconf 89' lang='lat' dir='ltr'><strong>vestra</strong></span> 
     </span>
    </p>
   </div>
   <div class='ocr_carea' id='block_1_26' title="bbox 2038 1188 3634 1263">
    <p class='ocr_par' dir='ltr' id='par_1_26' title="bbox 2038 1188 3634 1263">
     <span class='ocr_line' id='line_1_26' title="bbox 2038 1188 3634 1263; baseline 0.003 -19"><span class='ocrx_word' id='word_1_203' title='bbox 2038 1188 2204 1256; x_wconf 91' lang='lat' dir='ltr'><strong>bona,</strong></span> <span class='ocrx_word' id='word_1_204' title='bbox 2246 1198 2300 1244; x_wconf 91' lang='lat' dir='ltr'><strong>et</strong></span> <span class='ocrx_word' id='word_1_205' title='bbox 2336 1190 2643 1260; x_wconf 89' lang='lat' dir='ltr'><strong>gloriﬁcent</strong></span> <span class='ocrx_word' id='word_1_206' title='bbox 2683 1201 2891 1261; x_wconf 89' lang='lat' dir='ltr'><strong>patrem</strong></span> <span class='ocrx_word' id='word_1_207' title='bbox 2934 1203 3209 1260; x_wconf 91' lang='lat' dir='ltr'><strong>vestrum,</strong></span> <span class='ocrx_word' id='word_1_208' title='bbox 3252 1194 3341 1263; x_wconf 90' lang='lat' dir='ltr'><strong>qui</strong></span> <span class='ocrx_word' id='word_1_209' title='bbox 3382 1193 3439 1249; x_wconf 92' lang='lat' dir='ltr'><strong>in</strong></span> <span class='ocrx_word' id='word_1_210' title='bbox 3480 1195 3634 1251; x_wconf 72' lang='lat' dir='ltr'><strong>cmlis</strong></span> 
     </span>
    </p>
   </div>
   <div class='ocr_carea' id='block_1_27' title="bbox 2037 1284 3637 1357">
    <p class='ocr_par' dir='ltr' id='par_1_27' title="bbox 2037 1284 3637 1357">
     <span class='ocr_line' id='line_1_27' title="bbox 2037 1284 3637 1357; baseline 0.003 -18"><span class='ocrx_word' id='word_1_211' title='bbox 2037 1291 2143 1340; x_wconf 89' lang='lat' dir='ltr'><strong>est.</strong></span> <span class='ocrx_word' id='word_1_212' title='bbox 2175 1285 2387 1357; x_wconf 80' lang='lat' dir='ltr'><strong>[xxxnr,</strong></span> <span class='ocrx_word' id='word_1_213' title='bbox 2416 1284 2529 1357; x_wconf 92' lang='lat'><strong>10.]</strong></span> <span class='ocrx_word' id='word_1_214' title='bbox 2556 1285 2732 1342; x_wconf 85' lang='lat' dir='ltr'><strong>Nolite</strong></span> <span class='ocrx_word' id='word_1_215' title='bbox 2761 1296 2953 1357; x_wconf 87' lang='lat' dir='ltr'><strong>putare</strong></span> <span class='ocrx_word' id='word_1_216' title='bbox 2979 1284 3236 1357; x_wconf 89' lang='lat' dir='ltr'><strong>quoniam</strong></span> <span class='ocrx_word' id='word_1_217' title='bbox 3265 1287 3390 1343; x_wconf 85' lang='lat' dir='ltr'><strong>veni</strong></span> <span class='ocrx_word' id='word_1_218' title='bbox 3419 1288 3637 1345; x_wconf 88' lang='lat' dir='ltr'><strong>solvere</strong></span> 
     </span>
    </p>
   </div>
   <div class='ocr_carea' id='block_1_28' title="bbox 2037 1380 3633 1452">
    <p class='ocr_par' dir='ltr' id='par_1_28' title="bbox 2037 1380 3633 1452">
     <span class='ocr_line' id='line_1_28' title="bbox 2037 1380 3633 1452; baseline 0.002 -17"><span class='ocrx_word' id='word_1_219' title='bbox 2037 1380 2258 1452; x_wconf 80' lang='lat' dir='ltr'><strong>Legem,</strong></span> <span class='ocrx_word' id='word_1_220' title='bbox 2290 1392 2383 1437; x_wconf 90' lang='lat' dir='ltr'><strong>aut</strong></span> <span class='ocrx_word' id='word_1_221' title='bbox 2410 1382 2711 1452; x_wconf 87' lang='lat' dir='ltr'><strong>Prophetas</strong></span> <span class='ocrx_word' id='word_1_222' title='bbox 2742 1400 2754 1435; x_wconf 86' lang='lat'><strong><em>:</em></strong></span> <span class='ocrx_word' id='word_1_223' title='bbox 2792 1397 2898 1438; x_wconf 92' lang='lat' dir='ltr'><strong>non</strong></span> <span class='ocrx_word' id='word_1_224' title='bbox 2925 1382 3049 1438; x_wconf 86' lang='lat' dir='ltr'><strong>veni</strong></span> <span class='ocrx_word' id='word_1_225' title='bbox 3080 1381 3315 1448; x_wconf 89' lang='lat' dir='ltr'><strong>solvere,</strong></span> <span class='ocrx_word' id='word_1_226' title='bbox 3341 1382 3436 1439; x_wconf 91' lang='lat' dir='ltr'><strong>sed</strong></span> <span class='ocrx_word' id='word_1_227' title='bbox 3458 1382 3633 1438; x_wconf 86' lang='lat' dir='ltr'><strong>adim-</strong></span> 
     </span>
    </p>
   </div>
   <div class='ocr_carea' id='block_1_29' title="bbox 2039 1476 3635 1549">
    <p class='ocr_par' dir='ltr' id='par_1_29' title="bbox 2039 1476 3635 1549">
     <span class='ocr_line' id='line_1_29' title="bbox 2039 1476 3635 1549; baseline 0.004 -18"><span class='ocrx_word' id='word_1_228' title='bbox 2039 1476 2209 1548; x_wconf 86' lang='lat' dir='ltr'><strong>plere.</strong></span> <span class='ocrx_word' id='word_1_229' title='bbox 2256 1477 2461 1549; x_wconf 72' lang='lat' dir='ltr'><strong>[xxxrv,</strong></span> <span class='ocrx_word' id='word_1_230' title='bbox 2505 1476 2586 1547; x_wconf 84' lang='lat'><strong>5.]</strong></span> <span class='ocrx_word' id='word_1_231' title='bbox 2623 1478 2796 1534; x_wconf 81' lang='lat' dir='ltr'><strong>Amen</strong></span> <span class='ocrx_word' id='word_1_232' title='bbox 2843 1480 3042 1549; x_wconf 90' lang='lat' dir='ltr'><strong>quippe</strong></span> <span class='ocrx_word' id='word_1_233' title='bbox 3076 1479 3200 1535; x_wconf 91' lang='lat' dir='ltr'><strong>dico</strong></span> <span class='ocrx_word' id='word_1_234' title='bbox 3242 1478 3417 1545; x_wconf 89' lang='lat' dir='ltr'><strong>vobis,</strong></span> <span class='ocrx_word' id='word_1_235' title='bbox 3458 1480 3635 1538; x_wconf 88' lang='lat' dir='ltr'><strong>donec</strong></span> 
     </span>
    </p>
   </div>
   <div class='ocr_carea' id='block_1_30' title="bbox 2039 1572 3629 1644">
    <p class='ocr_par' dir='ltr' id='par_1_30' title="bbox 2039 1572 3629 1644">
     <span class='ocr_line' id='line_1_30' title="bbox 2039 1572 3629 1644; baseline 0.002 -19"><span class='ocrx_word' id='word_1_236' title='bbox 2039 1581 2277 1627; x_wconf 87' lang='lat' dir='ltr'><strong>transeat</strong></span> <span class='ocrx_word' id='word_1_237' title='bbox 2318 1572 2511 1629; x_wconf 88' lang='lat' dir='ltr'><strong>coelum</strong></span> <span class='ocrx_word' id='word_1_238' title='bbox 2548 1580 2603 1627; x_wconf 90' lang='lat' dir='ltr'><strong>et</strong></span> <span class='ocrx_word' id='word_1_239' title='bbox 2633 1581 2796 1637; x_wconf 85' lang='lat' dir='ltr'><strong>terra,</strong></span> <span class='ocrx_word' id='word_1_240' title='bbox 2830 1573 2937 1627; x_wconf 90' lang='lat' dir='ltr'><strong>iota</strong></span> <span class='ocrx_word' id='word_1_241' title='bbox 2976 1588 3164 1638; x_wconf 92' lang='lat' dir='ltr'><strong>unum,</strong></span> <span class='ocrx_word' id='word_1_242' title='bbox 3199 1581 3292 1627; x_wconf 92' lang='lat' dir='ltr'><strong>aut</strong></span> <span class='ocrx_word' id='word_1_243' title='bbox 3320 1586 3460 1628; x_wconf 92' lang='lat' dir='ltr'><strong>unus</strong></span> <span class='ocrx_word' id='word_1_244' title='bbox 3488 1588 3629 1644; x_wconf 77' lang='lat' dir='ltr'><strong>apex</strong></span> 
     </span>
    </p>
   </div>
   <div class='ocr_carea' id='block_1_31' title="bbox 2038 1664 3630 1739">
    <p class='ocr_par' dir='ltr' id='par_1_31' title="bbox 2038 1664 3630 1739">
     <span class='ocr_line' id='line_1_31' title="bbox 2038 1664 3630 1739; baseline 0.001 -20"><span class='ocrx_word' id='word_1_245' title='bbox 2038 1681 2144 1720; x_wconf 92' lang='lat' dir='ltr'><strong>non</strong></span> <span class='ocrx_word' id='word_1_246' title='bbox 2178 1664 2475 1735; x_wconf 63' lang='lat' dir='ltr'><strong>praeteribit</strong></span> <span class='ocrx_word' id='word_1_247' title='bbox 2500 1682 2529 1719; x_wconf 89' lang='lat' dir='ltr'><strong>a</strong></span> <span class='ocrx_word' id='word_1_248' title='bbox 2559 1666 2697 1736; x_wconf 85' lang='lat' dir='ltr'><strong>lege,</strong></span> <span class='ocrx_word' id='word_1_249' title='bbox 2731 1665 2903 1721; x_wconf 88' lang='lat' dir='ltr'><strong>donec</strong></span> <span class='ocrx_word' id='word_1_250' title='bbox 2925 1667 3103 1723; x_wconf 89' lang='lat' dir='ltr'><strong>omnia</strong></span> <span class='ocrx_word' id='word_1_251' title='bbox 3130 1668 3276 1722; x_wconf 85' lang='lat' dir='ltr'><strong>fiant.</strong></span> <span class='ocrx_word' id='word_1_252' title='bbox 3305 1666 3490 1739; x_wconf 64' lang='grc' dir='ltr'><strong>μην,</strong></span> <span class='ocrx_word' id='word_1_253' title='bbox 3517 1665 3630 1739; x_wconf 83' lang='grc'><strong>10.]</strong></span> 
     </span>
    </p>
   </div>
   <div class='ocr_carea' id='block_1_32' title="bbox 2037 1759 3634 1830">
    <p class='ocr_par' dir='ltr' id='par_1_32' title="bbox 2037 1759 3634 1830">
     <span class='ocr_line' id='line_1_32' title="bbox 2037 1759 3634 1830; baseline 0.003 -18"><span class='ocrx_word' id='word_1_254' title='bbox 2037 1759 2138 1827; x_wconf 87' lang='lat' dir='ltr'><strong>Qui</strong></span> <span class='ocrx_word' id='word_1_255' title='bbox 2164 1774 2293 1830; x_wconf 91' lang='lat' dir='ltr'><strong>ergo</strong></span> <span class='ocrx_word' id='word_1_256' title='bbox 2321 1760 2545 1815; x_wconf 86' lang='lat' dir='ltr'><strong>solverit</strong></span> <span class='ocrx_word' id='word_1_257' title='bbox 2575 1776 2738 1815; x_wconf 89' lang='lat' dir='ltr'><strong>unum</strong></span> <span class='ocrx_word' id='word_1_258' title='bbox 2763 1760 2831 1815; x_wconf 91' lang='lat' dir='ltr'><strong>de</strong></span> <span class='ocrx_word' id='word_1_259' title='bbox 2857 1761 3125 1816; x_wconf 89' lang='lat' dir='ltr'><strong>mandatis</strong></span> <span class='ocrx_word' id='word_1_260' title='bbox 3151 1762 3265 1817; x_wconf 91' lang='lat' dir='ltr'><strong>istis</strong></span> <span class='ocrx_word' id='word_1_261' title='bbox 3289 1762 3549 1830; x_wconf 80' lang='lat' dir='ltr'><strong>minimis,</strong></span> <span class='ocrx_word' id='word_1_262' title='bbox 3576 1769 3634 1818; x_wconf 80' lang='lat' dir='ltr'><strong>et</strong></span> 
     </span>
    </p>
   </div>
   <div class='ocr_carea' id='block_1_33' title="bbox 330 1832 1931 1927">
    <p class='ocr_par' dir='ltr' id='par_1_33' title="bbox 330 1842 1928 1916">
     <span class='ocr_line' id='line_1_33' title="bbox 330 1842 1928 1916; baseline -0.004 -14"><span class='ocrx_word' id='word_1_263' title='bbox 330 1845 633 1910; x_wconf 89' lang='lat' dir='ltr'><strong>Simonem,</strong></span> <span class='ocrx_word' id='word_1_264' title='bbox 669 1844 759 1916; x_wconf 91' lang='lat' dir='ltr'><strong>qui</strong></span> <span class='ocrx_word' id='word_1_265' title='bbox 798 1853 1025 1900; x_wconf 87' lang='lat' dir='ltr'><strong>vocatur</strong></span> <span class='ocrx_word' id='word_1_266' title='bbox 1054 1844 1281 1911; x_wconf 87' lang='lat' dir='ltr'><strong>Petrus,</strong></span> <span class='ocrx_word' id='word_1_267' title='bbox 1315 1852 1369 1898; x_wconf 90' lang='lat' dir='ltr'><strong>et</strong></span> <span class='ocrx_word' id='word_1_268' title='bbox 1397 1843 1671 1898; x_wconf 82' lang='lat' dir='ltr'><strong>Andream</strong></span> <span class='ocrx_word' id='word_1_269' title='bbox 1707 1842 1928 1897; x_wconf 81' lang='lat' dir='ltr'><strong>fratrem</strong></span> 
     </span>
    </p>
   </div>
   <div class='ocr_carea' id='block_1_34' title="bbox 2034 1832 3630 1927">
    <p class='ocr_par' dir='ltr' id='par_1_34' title="bbox 2035 1854 3630 1927">
     <span class='ocr_line' id='line_1_34' title="bbox 2035 1854 3630 1927; baseline 0.002 -18"><span class='ocrx_word' id='word_1_270' title='bbox 2035 1854 2283 1909; x_wconf 83' lang='lat' dir='ltr'><strong>docuerit</strong></span> <span class='ocrx_word' id='word_1_271' title='bbox 2323 1854 2401 1909; x_wconf 90' lang='lat' dir='ltr'><strong>sic</strong></span> <span class='ocrx_word' id='word_1_272' title='bbox 2448 1854 2719 1921; x_wconf 90' lang='lat' dir='ltr'><strong>homines,</strong></span> <span class='ocrx_word' id='word_1_273' title='bbox 2768 1855 3023 1910; x_wconf 91' lang='lat' dir='ltr'><strong>minimus</strong></span> <span class='ocrx_word' id='word_1_274' title='bbox 3065 1855 3349 1911; x_wconf 88' lang='lat' dir='ltr'><strong>vocabitur</strong></span> <span class='ocrx_word' id='word_1_275' title='bbox 3378 1856 3432 1911; x_wconf 93' lang='lat' dir='ltr'><strong>in</strong></span> <span class='ocrx_word' id='word_1_276' title='bbox 3459 1868 3630 1927; x_wconf 85' lang='lat' dir='ltr'><strong>regno</strong></span> 
     </span>
    </p>
   </div>
   <div class='ocr_carea' id='block_1_35' title="bbox 331 1937 1925 2008">
    <p class='ocr_par' dir='ltr' id='par_1_35' title="bbox 331 1937 1925 2008">
     <span class='ocr_line' id='line_1_35' title="bbox 331 1937 1925 2008; baseline -0.001 -15"><span class='ocrx_word' id='word_1_277' title='bbox 331 1938 470 2008; x_wconf 84' lang='lat' dir='ltr'><strong>ejus,</strong></span> <span class='ocrx_word' id='word_1_278' title='bbox 506 1939 785 1993; x_wconf 88' lang='lat' dir='ltr'><strong>mittentes</strong></span> <span class='ocrx_word' id='word_1_279' title='bbox 819 1948 934 1993; x_wconf 89' lang='lat' dir='ltr'><strong>rete</strong></span> <span class='ocrx_word' id='word_1_280' title='bbox 966 1937 1018 1991; x_wconf 92' lang='lat' dir='ltr'><strong>iu</strong></span> <span class='ocrx_word' id='word_1_281' title='bbox 1055 1953 1227 2005; x_wconf 88' lang='lat' dir='ltr'><strong>mare,</strong></span> <span class='ocrx_word' id='word_1_282' title='bbox 1260 1946 1413 1992; x_wconf 84' lang='lat' dir='ltr'><strong>crant</strong></span> <span class='ocrx_word' id='word_1_283' title='bbox 1441 1937 1581 1993; x_wconf 88' lang='lat' dir='ltr'><strong>enim</strong></span> <span class='ocrx_word' id='word_1_284' title='bbox 1609 1938 1925 2007; x_wconf 85' lang='lat' dir='ltr'><strong>piscatores,</strong></span> 
     </span>
    </p>
   </div>
   <div class='ocr_carea' id='block_1_36' title="bbox 332 2033 1928 2106">
    <p class='ocr_par' dir='ltr' id='par_1_36' title="bbox 332 2033 1928 2106">
     <span class='ocr_line' id='line_1_36' title="bbox 332 2033 1928 2106; baseline 0 -17"><span class='ocrx_word' id='word_1_285' title='bbox 332 2036 473 2106; x_wconf 76' lang='grc' dir='ltr'><strong>ιω,</strong></span> <span class='ocrx_word' id='word_1_286' title='bbox 502 2033 588 2106; x_wconf 71' lang='lat'><strong>2.]</strong></span> <span class='ocrx_word' id='word_1_287' title='bbox 618 2042 675 2091; x_wconf 90' lang='lat' dir='ltr'><strong>et</strong></span> <span class='ocrx_word' id='word_1_288' title='bbox 702 2034 778 2089; x_wconf 90' lang='lat' dir='ltr'><strong>ait</strong></span> <span class='ocrx_word' id='word_1_289' title='bbox 808 2034 915 2089; x_wconf 92' lang='lat' dir='ltr'><strong>illis</strong></span> <span class='ocrx_word' id='word_1_290' title='bbox 949 2051 962 2087; x_wconf 91' lang='lat'>:</span> <span class='ocrx_word' id='word_1_291' title='bbox 997 2033 1193 2090; x_wconf 88' lang='lat' dir='ltr'><strong>Venite</strong></span> <span class='ocrx_word' id='word_1_292' title='bbox 1225 2044 1344 2106; x_wconf 86' lang='lat' dir='ltr'><strong>post</strong></span> <span class='ocrx_word' id='word_1_293' title='bbox 1374 2052 1484 2099; x_wconf 90' lang='lat' dir='ltr'><strong>me,</strong></span> <span class='ocrx_word' id='word_1_294' title='bbox 1518 2044 1572 2089; x_wconf 92' lang='lat' dir='ltr'><strong>et</strong></span> <span class='ocrx_word' id='word_1_295' title='bbox 1610 2035 1799 2089; x_wconf 89' lang='lat' dir='ltr'><strong>faciam</strong></span> <span class='ocrx_word' id='word_1_296' title='bbox 1834 2050 1928 2089; x_wconf 86' lang='lat' dir='ltr'><strong>vos</strong></span> 
     </span>
    </p>
   </div>
   <div class='ocr_carea' id='block_1_37' title="bbox 332 2125 1929 2198">
    <p class='ocr_par' dir='ltr' id='par_1_37' title="bbox 332 2125 1929 2198">
     <span class='ocr_line' id='line_1_37' title="bbox 332 2125 1929 2198; baseline 0 -17"><span class='ocrx_word' id='word_1_297' title='bbox 332 2126 453 2182; x_wconf 86' lang='lat' dir='ltr'><strong>ﬁeri</strong></span> <span class='ocrx_word' id='word_1_298' title='bbox 513 2128 817 2198; x_wconf 89' lang='lat' dir='ltr'><strong>piscatores</strong></span> <span class='ocrx_word' id='word_1_299' title='bbox 863 2125 1163 2181; x_wconf 90' lang='lat' dir='ltr'><strong>hominum.</strong></span> <span class='ocrx_word' id='word_1_300' title='bbox 1204 2130 1275 2181; x_wconf 84' lang='lat' dir='ltr'><strong>At</strong></span> <span class='ocrx_word' id='word_1_301' title='bbox 1314 2126 1389 2181; x_wconf 89' lang='lat' dir='ltr'><strong>illi</strong></span> <span class='ocrx_word' id='word_1_302' title='bbox 1426 2127 1683 2182; x_wconf 87' lang='lat' dir='ltr'><strong>continuo</strong></span> <span class='ocrx_word' id='word_1_303' title='bbox 1723 2126 1929 2182; x_wconf 85' lang='lat' dir='ltr'><strong>relictis</strong></span> 
     </span>
    </p>
   </div>
   <div class='ocr_carea' id='block_1_38' title="bbox 326 2221 1927 2294">
    <p class='ocr_par' dir='ltr' id='par_1_38' title="bbox 326 2221 1927 2294">
     <span class='ocr_line' id='line_1_38' title="bbox 326 2221 1927 2294; baseline -0.001 -16"><span class='ocrx_word' id='word_1_304' title='bbox 326 2222 570 2293; x_wconf 89' lang='lat' dir='ltr'><strong>retibus,</strong></span> <span class='ocrx_word' id='word_1_305' title='bbox 615 2222 787 2279; x_wconf 91' lang='lat' dir='ltr'><strong>secuti</strong></span> <span class='ocrx_word' id='word_1_306' title='bbox 826 2231 951 2277; x_wconf 93' lang='lat' dir='ltr'><strong>sunt</strong></span> <span class='ocrx_word' id='word_1_307' title='bbox 992 2238 1137 2277; x_wconf 87' lang='lat' dir='ltr'><strong>eum.</strong></span> <span class='ocrx_word' id='word_1_308' title='bbox 1187 2221 1354 2293; x_wconf 51' lang='grc' dir='ltr'><strong>[ηιμ</strong></span> <span class='ocrx_word' id='word_1_309' title='bbox 1400 2222 1477 2294; x_wconf 72' lang='lat'><strong>0.]</strong></span> <span class='ocrx_word' id='word_1_310' title='bbox 1522 2222 1589 2277; x_wconf 86' lang='lat' dir='ltr'><strong>Et</strong></span> <span class='ocrx_word' id='word_1_311' title='bbox 1627 2221 1927 2291; x_wconf 89' lang='lat' dir='ltr'><strong>procedens</strong></span> 
     </span>
    </p>
   </div>
   <div class='ocr_carea' id='block_1_39' title="bbox 324 2314 1928 2383">
    <p class='ocr_par' dir='ltr' id='par_1_39' title="bbox 324 2314 1928 2383">
     <span class='ocr_line' id='line_1_39' title="bbox 324 2314 1928 2383; baseline -0.002 -10"><span class='ocrx_word' id='word_1_312' title='bbox 324 2316 472 2383; x_wconf 86' lang='lat' dir='ltr'><strong>inde,</strong></span> <span class='ocrx_word' id='word_1_313' title='bbox 503 2316 641 2372; x_wconf 87' lang='lat' dir='ltr'><strong>vidit</strong></span> <span class='ocrx_word' id='word_1_314' title='bbox 676 2316 811 2372; x_wconf 88' lang='lat' dir='ltr'><strong>alios</strong></span> <span class='ocrx_word' id='word_1_315' title='bbox 841 2315 978 2371; x_wconf 88' lang='lat' dir='ltr'><strong>duos</strong></span> <span class='ocrx_word' id='word_1_316' title='bbox 1009 2314 1229 2382; x_wconf 83' lang='lat' dir='ltr'><strong>fratres,</strong></span> <span class='ocrx_word' id='word_1_317' title='bbox 1270 2314 1531 2371; x_wconf 87' lang='lat' dir='ltr'><strong>Jacobum</strong></span> <span class='ocrx_word' id='word_1_318' title='bbox 1565 2314 1841 2381; x_wconf 76' lang='lat' dir='ltr'><strong>Zebcdmi,</strong></span> <span class='ocrx_word' id='word_1_319' title='bbox 1875 2324 1928 2370; x_wconf 88' lang='lat' dir='ltr'><strong>et</strong></span> 
     </span>
    </p>
   </div>
   <div class='ocr_carea' id='block_1_40' title="bbox 320 2408 1926 2480">
    <p class='ocr_par' dir='ltr' id='par_1_40' title="bbox 320 2408 1926 2480">
     <span class='ocr_line' id='line_1_40' title="bbox 320 2408 1926 2480; baseline -0.001 -15"><span class='ocrx_word' id='word_1_320' title='bbox 320 2408 587 2466; x_wconf 84' lang='lat' dir='ltr'><strong>Joannem</strong></span> <span class='ocrx_word' id='word_1_321' title='bbox 628 2408 850 2466; x_wconf 79' lang='lat' dir='ltr'><strong>fratrem</strong></span> <span class='ocrx_word' id='word_1_322' title='bbox 895 2410 1038 2477; x_wconf 85' lang='lat' dir='ltr'><strong>ejus,</strong></span> <span class='ocrx_word' id='word_1_323' title='bbox 1076 2408 1130 2464; x_wconf 89' lang='lat' dir='ltr'><strong>in</strong></span> <span class='ocrx_word' id='word_1_324' title='bbox 1180 2410 1301 2464; x_wconf 86' lang='lat' dir='ltr'><strong>navi</strong></span> <span class='ocrx_word' id='word_1_325' title='bbox 1329 2425 1451 2463; x_wconf 91' lang='lat' dir='ltr'><strong>cum</strong></span> <span class='ocrx_word' id='word_1_326' title='bbox 1480 2409 1741 2465; x_wconf 70' lang='lat' dir='ltr'><strong>Zebedmo</strong></span> <span class='ocrx_word' id='word_1_327' title='bbox 1775 2420 1926 2480; x_wconf 83' lang='lat' dir='ltr'><strong>putre</strong></span> 
     </span>
    </p>
   </div>
   <div class='ocr_carea' id='block_1_41' title="bbox 321 2503 1926 2571">
    <p class='ocr_par' dir='ltr' id='par_1_41' title="bbox 321 2503 1926 2571">
     <span class='ocr_line' id='line_1_41' title="bbox 321 2503 1926 2571; baseline 0 -12"><span class='ocrx_word' id='word_1_328' title='bbox 321 2520 541 2571; x_wconf 90' lang='lat' dir='ltr'><strong>eorum,</strong></span> <span class='ocrx_word' id='word_1_329' title='bbox 568 2503 879 2559; x_wconf 86' lang='lat' dir='ltr'><strong>reﬁcientes</strong></span> <span class='ocrx_word' id='word_1_330' title='bbox 903 2506 1039 2560; x_wconf 90' lang='lat' dir='ltr'><strong>retia</strong></span> <span class='ocrx_word' id='word_1_331' title='bbox 1099 2520 1194 2559; x_wconf 90' lang='lat' dir='ltr'><strong>sua</strong></span> <span class='ocrx_word' id='word_1_332' title='bbox 1224 2522 1236 2560; x_wconf 91' lang='lat'>:</span> <span class='ocrx_word' id='word_1_333' title='bbox 1268 2514 1323 2560; x_wconf 89' lang='lat' dir='ltr'><strong>et</strong></span> <span class='ocrx_word' id='word_1_334' title='bbox 1350 2504 1561 2560; x_wconf 87' lang='lat' dir='ltr'><strong>vocavit</strong></span> <span class='ocrx_word' id='word_1_335' title='bbox 1585 2519 1702 2560; x_wconf 89' lang='lat' dir='ltr'><strong>eos.</strong></span> <span class='ocrx_word' id='word_1_336' title='bbox 1725 2505 1803 2559; x_wconf 84' lang='lat' dir='ltr'><strong>illi</strong></span> <span class='ocrx_word' id='word_1_337' title='bbox 1830 2520 1926 2559; x_wconf 89' lang='lat' dir='ltr'><strong>au-</strong></span> 
     </span>
    </p>
   </div>
   <div class='ocr_carea' id='block_1_42' title="bbox 323 2599 1921 2670">
    <p class='ocr_par' dir='ltr' id='par_1_42' title="bbox 323 2599 1921 2670">
     <span class='ocr_line' id='line_1_42' title="bbox 323 2599 1921 2670; baseline 0.002 -16"><span class='ocrx_word' id='word_1_338' title='bbox 323 2609 429 2655; x_wconf 91' lang='lat' dir='ltr'><strong>tem</strong></span> <span class='ocrx_word' id='word_1_339' title='bbox 452 2600 636 2655; x_wconf 90' lang='lat' dir='ltr'><strong>statim</strong></span> <span class='ocrx_word' id='word_1_340' title='bbox 665 2600 872 2656; x_wconf 87' lang='lat' dir='ltr'><strong>relictis</strong></span> <span class='ocrx_word' id='word_1_341' title='bbox 897 2602 1105 2655; x_wconf 88' lang='lat' dir='ltr'><strong>retibus</strong></span> <span class='ocrx_word' id='word_1_342' title='bbox 1127 2609 1182 2657; x_wconf 92' lang='lat' dir='ltr'><strong>et</strong></span> <span class='ocrx_word' id='word_1_343' title='bbox 1204 2612 1375 2670; x_wconf 85' lang='lat' dir='ltr'><strong>patre,</strong></span> <span class='ocrx_word' id='word_1_344' title='bbox 1395 2599 1421 2639; x_wconf 73' lang='lat' dir='ltr'><strong>b</strong></span> <span class='ocrx_word' id='word_1_345' title='bbox 1438 2601 1609 2656; x_wconf 90' lang='lat' dir='ltr'><strong>secuti</strong></span> <span class='ocrx_word' id='word_1_346' title='bbox 1632 2610 1759 2656; x_wconf 90' lang='lat' dir='ltr'><strong>sunt</strong></span> <span class='ocrx_word' id='word_1_347' title='bbox 1778 2617 1921 2657; x_wconf 90' lang='lat' dir='ltr'><strong>cum.</strong></span> 
     </span>
    </p>
   </div>
   <div class='ocr_carea' id='block_1_43' title="bbox 322 2690 1923 2764">
    <p class='ocr_par' dir='ltr' id='par_1_43' title="bbox 322 2690 1923 2764">
     <span class='ocr_line' id='line_1_43' title="bbox 322 2690 1923 2764; baseline 0.001 -17"><span class='ocrx_word' id='word_1_348' title='bbox 322 2690 499 2764; x_wconf 79' lang='lat' dir='ltr'><strong>[xxttt,</strong></span> <span class='ocrx_word' id='word_1_349' title='bbox 530 2690 607 2763; x_wconf 89' lang='lat'><strong>1.]</strong></span> <span class='ocrx_word' id='word_1_350' title='bbox 638 2692 705 2747; x_wconf 86' lang='lat' dir='ltr'><strong>Et</strong></span> <span class='ocrx_word' id='word_1_351' title='bbox 726 2692 993 2748; x_wconf 89' lang='lat' dir='ltr'><strong>circuibat</strong></span> <span class='ocrx_word' id='word_1_352' title='bbox 1013 2694 1172 2749; x_wconf 87' lang='lat' dir='ltr'><strong>Jesus</strong></span> <span class='ocrx_word' id='word_1_353' title='bbox 1200 2702 1369 2747; x_wconf 87' lang='lat' dir='ltr'><strong>totam</strong></span> <span class='ocrx_word' id='word_1_354' title='bbox 1392 2694 1693 2755; x_wconf 62' lang='lat' dir='ltr'><strong>Galilaeam,</strong></span> <span class='ocrx_word' id='word_1_355' title='bbox 1722 2695 1923 2751; x_wconf 90' lang='lat' dir='ltr'><strong>docens</strong></span> 
     </span>
    </p>
   </div>
   <div class='ocr_carea' id='block_1_44' title="bbox 319 2787 1919 2859">
    <p class='ocr_par' dir='ltr' id='par_1_44' title="bbox 319 2787 1919 2859">
     <span class='ocr_line' id='line_1_44' title="bbox 319 2787 1919 2859; baseline 0.001 -17"><span class='ocrx_word' id='word_1_356' title='bbox 319 2789 371 2843; x_wconf 92' lang='lat' dir='ltr'><strong>in</strong></span> <span class='ocrx_word' id='word_1_357' title='bbox 394 2788 687 2859; x_wconf 86' lang='lat' dir='ltr'><strong>synagogis</strong></span> <span class='ocrx_word' id='word_1_358' title='bbox 709 2803 923 2852; x_wconf 84' lang='lat' dir='ltr'><strong>eorum,</strong></span> <span class='ocrx_word' id='word_1_359' title='bbox 950 2798 1005 2842; x_wconf 91' lang='lat' dir='ltr'><strong>et</strong></span> <span class='ocrx_word' id='word_1_360' title='bbox 1038 2787 1337 2857; x_wconf 75' lang='lat' dir='ltr'><strong>prmdicans</strong></span> <span class='ocrx_word' id='word_1_361' title='bbox 1358 2789 1701 2859; x_wconf 83' lang='lat' dir='ltr'><strong>evangelium</strong></span> <span class='ocrx_word' id='word_1_362' title='bbox 1724 2789 1879 2857; x_wconf 82' lang='lat' dir='ltr'><strong>regni</strong></span> <span class='ocrx_word' id='word_1_363' title='bbox 1906 2806 1919 2843; x_wconf 88' lang='lat'>:</span> 
     </span>
    </p>
   </div>
   <div class='ocr_carea' id='block_1_45' title="bbox 318 2881 1924 2951">
    <p class='ocr_par' dir='ltr' id='par_1_45' title="bbox 318 2881 1924 2951">
     <span class='ocr_line' id='line_1_45' title="bbox 318 2881 1924 2951; baseline -0.001 -15"><span class='ocrx_word' id='word_1_364' title='bbox 318 2890 372 2937; x_wconf 89' lang='lat' dir='ltr'><strong>et</strong></span> <span class='ocrx_word' id='word_1_365' title='bbox 398 2896 603 2935; x_wconf 86' lang='lat' dir='ltr'><strong>sanans</strong></span> <span class='ocrx_word' id='word_1_366' title='bbox 625 2895 839 2935; x_wconf 87' lang='lat' dir='ltr'><strong>onmem</strong></span> <span class='ocrx_word' id='word_1_367' title='bbox 864 2881 1204 2951; x_wconf 82' lang='lat' dir='ltr'><strong>languorem,</strong></span> <span class='ocrx_word' id='word_1_368' title='bbox 1230 2891 1282 2936; x_wconf 90' lang='lat' dir='ltr'><strong>et</strong></span> <span class='ocrx_word' id='word_1_369' title='bbox 1308 2896 1523 2936; x_wconf 82' lang='lat' dir='ltr'><strong>onmem</strong></span> <span class='ocrx_word' id='word_1_370' title='bbox 1549 2881 1924 2937; x_wconf 83' lang='lat' dir='ltr'><strong>infirmitatem</strong></span> 
     </span>
    </p>
   </div>
   <div class='ocr_carea' id='block_1_46' title="bbox 318 2972 1921 3046">
    <p class='ocr_par' dir='ltr' id='par_1_46' title="bbox 318 2972 1921 3046">
     <span class='ocr_line' id='line_1_46' title="bbox 318 2972 1921 3046; baseline 0.001 -19"><span class='ocrx_word' id='word_1_371' title='bbox 318 2972 370 3027; x_wconf 89' lang='lat' dir='ltr'><strong>in</strong></span> <span class='ocrx_word' id='word_1_372' title='bbox 418 2974 643 3044; x_wconf 90' lang='lat' dir='ltr'><strong>p0pulo.</strong></span> <span class='ocrx_word' id='word_1_373' title='bbox 691 2972 757 3027; x_wconf 86' lang='lat' dir='ltr'><strong>Et</strong></span> <span class='ocrx_word' id='word_1_374' title='bbox 787 2973 921 3028; x_wconf 87' lang='lat' dir='ltr'><strong>abiit</strong></span> <span class='ocrx_word' id='word_1_375' title='bbox 952 2974 1136 3043; x_wconf 85' lang='lat' dir='ltr'><strong>Opinio</strong></span> <span class='ocrx_word' id='word_1_376' title='bbox 1168 2975 1284 3044; x_wconf 86' lang='lat' dir='ltr'><strong>ejus</strong></span> <span class='ocrx_word' id='word_1_377' title='bbox 1317 2975 1370 3029; x_wconf 91' lang='lat' dir='ltr'><strong>in</strong></span> <span class='ocrx_word' id='word_1_378' title='bbox 1403 2984 1569 3030; x_wconf 85' lang='lat' dir='ltr'><strong>totam</strong></span> <span class='ocrx_word' id='word_1_379' title='bbox 1600 2974 1837 3046; x_wconf 88' lang='lat' dir='ltr'><strong>Syriam,</strong></span> <span class='ocrx_word' id='word_1_380' title='bbox 1872 2985 1921 3030; x_wconf 83' lang='lat' dir='ltr'><strong>et</strong></span> 
     </span>
    </p>
   </div>
   <div class='ocr_carea' id='block_1_47' title="bbox 318 3068 1921 3142">
    <p class='ocr_par' dir='ltr' id='par_1_47' title="bbox 318 3068 1921 3142">
     <span class='ocr_line' id='line_1_47' title="bbox 318 3068 1921 3142; baseline 0.001 -19"><span class='ocrx_word' id='word_1_381' title='bbox 318 3069 643 3125; x_wconf 90' lang='lat' dir='ltr'><strong>obtulerunt</strong></span> <span class='ocrx_word' id='word_1_382' title='bbox 670 3068 719 3124; x_wconf 90' lang='lat' dir='ltr'><strong>ei</strong></span> <span class='ocrx_word' id='word_1_383' title='bbox 751 3084 941 3124; x_wconf 89' lang='lat' dir='ltr'><strong>omnes</strong></span> <span class='ocrx_word' id='word_1_384' title='bbox 969 3070 1109 3124; x_wconf 87' lang='lat' dir='ltr'><strong>male</strong></span> <span class='ocrx_word' id='word_1_385' title='bbox 1139 3068 1417 3138; x_wconf 89' lang='lat' dir='ltr'><strong>habentes,</strong></span> <span class='ocrx_word' id='word_1_386' title='bbox 1450 3071 1613 3125; x_wconf 85' lang='lat' dir='ltr'><strong>variis</strong></span> <span class='ocrx_word' id='word_1_387' title='bbox 1644 3071 1921 3142; x_wconf 88' lang='lat' dir='ltr'><strong>languori-</strong></span> 
     </span>
    </p>
   </div>
   <div class='ocr_carea' id='block_1_48' title="bbox 318 3162 1925 3234">
    <p class='ocr_par' dir='ltr' id='par_1_48' title="bbox 318 3162 1925 3234">
     <span class='ocr_line' id='line_1_48' title="bbox 318 3162 1925 3234; baseline -0.001 -16"><span class='ocrx_word' id='word_1_388' title='bbox 318 3163 441 3231; x_wconf 89' lang='lat' dir='ltr'><strong>bus,</strong></span> <span class='ocrx_word' id='word_1_389' title='bbox 466 3172 521 3218; x_wconf 92' lang='lat' dir='ltr'><strong>et</strong></span> <span class='ocrx_word' id='word_1_390' title='bbox 550 3162 834 3218; x_wconf 81' lang='lat' dir='ltr'><strong>tormentis</strong></span> <span class='ocrx_word' id='word_1_391' title='bbox 860 3163 1309 3232; x_wconf 88' lang='lat' dir='ltr'><strong>comprehensos,</strong></span> <span class='ocrx_word' id='word_1_392' title='bbox 1339 3174 1394 3219; x_wconf 92' lang='lat' dir='ltr'><strong>et</strong></span> <span class='ocrx_word' id='word_1_393' title='bbox 1420 3165 1509 3234; x_wconf 90' lang='lat' dir='ltr'><strong>qui</strong></span> <span class='ocrx_word' id='word_1_394' title='bbox 1540 3164 1806 3219; x_wconf 78' lang='lat' dir='ltr'><strong>daemonia</strong></span> <span class='ocrx_word' id='word_1_395' title='bbox 1830 3164 1925 3217; x_wconf 89' lang='lat' dir='ltr'><strong>ha-</strong></span> 
     </span>
    </p>
   </div>
   <div class='ocr_carea' id='block_1_49' title="bbox 318 3232 1997 3328">
    <p class='ocr_par' dir='ltr' id='par_1_49' title="bbox 318 3232 1997 3328">
     <span class='ocr_line' id='line_1_49' title="bbox 318 3232 1997 3328; baseline 0.001 -19"><span class='ocrx_word' id='word_1_396' title='bbox 318 3256 546 3321; x_wconf 84' lang='lat' dir='ltr'><strong>bebant,</strong></span> <span class='ocrx_word' id='word_1_397' title='bbox 578 3264 635 3311; x_wconf 92' lang='lat' dir='ltr'><strong>et</strong></span> <span class='ocrx_word' id='word_1_398' title='bbox 664 3255 954 3323; x_wconf 89' lang='lat' dir='ltr'><strong>lunaticos,</strong></span> <span class='ocrx_word' id='word_1_399' title='bbox 984 3266 1040 3311; x_wconf 92' lang='lat' dir='ltr'><strong>et</strong></span> <span class='ocrx_word' id='word_1_400' title='bbox 1073 3232 1507 3328; x_wconf 27' lang='lat' dir='ltr'><strong>paralyticospet</strong></span> <span class='ocrx_word' id='word_1_401' title='bbox 1538 3258 1749 3313; x_wconf 85' lang='lat' dir='ltr'><strong>curavit</strong></span> <span class='ocrx_word' id='word_1_402' title='bbox 1780 3273 1875 3312; x_wconf 86' lang='lat' dir='ltr'><strong>eos</strong></span> <span class='ocrx_word' id='word_1_403' title='bbox 1908 3274 1921 3311; x_wconf 88' lang='lat'>:</span> <span class='ocrx_word' id='word_1_404' title='bbox 1951 3232 1997 3295; x_wconf 69' lang='grc' dir='ltr'>ο</span> 
     </span>
    </p>
   </div>
   <div class='ocr_carea' id='block_1_50' title="bbox 318 3350 1927 3417">
    <p class='ocr_par' dir='ltr' id='par_1_50' title="bbox 318 3350 1927 3417">
     <span class='ocr_line' id='line_1_50' title="bbox 318 3350 1927 3417; baseline 0 -11"><span class='ocrx_word' id='word_1_405' title='bbox 318 3362 376 3407; x_wconf 91' lang='lat' dir='ltr'><strong>ct</strong></span> <span class='ocrx_word' id='word_1_406' title='bbox 414 3361 617 3407; x_wconf 70' lang='lat' dir='ltr'><strong>secutae</strong></span> <span class='ocrx_word' id='word_1_407' title='bbox 662 3360 791 3405; x_wconf 90' lang='lat' dir='ltr'><strong>sunt</strong></span> <span class='ocrx_word' id='word_1_408' title='bbox 842 3366 967 3405; x_wconf 89' lang='lat' dir='ltr'><strong>eum</strong></span> <span class='ocrx_word' id='word_1_409' title='bbox 1016 3350 1186 3405; x_wconf 80' lang='lat' dir='ltr'><strong>turbae</strong></span> <span class='ocrx_word' id='word_1_410' title='bbox 1238 3351 1420 3405; x_wconf 72' lang='lat' dir='ltr'><strong>multa:</strong></span> <span class='ocrx_word' id='word_1_411' title='bbox 1464 3351 1532 3407; x_wconf 89' lang='lat' dir='ltr'><strong>de</strong></span> <span class='ocrx_word' id='word_1_412' title='bbox 1570 3352 1830 3417; x_wconf 73' lang='lat' dir='ltr'><strong>Galilma,</strong></span> <span class='ocrx_word' id='word_1_413' title='bbox 1872 3361 1927 3406; x_wconf 92' lang='lat' dir='ltr'><strong>et</strong></span> 
     </span>
    </p>
   </div>
   <div class='ocr_carea' id='block_1_51' title="bbox 322 3444 1927 3518">
    <p class='ocr_par' dir='ltr' id='par_1_51' title="bbox 322 3444 1927 3518">
     <span class='ocr_line' id='line_1_51' title="bbox 322 3444 1927 3518; baseline -0.001 -15"><span class='ocrx_word' id='word_1_414' title='bbox 322 3447 614 3518; x_wconf 88' lang='lat' dir='ltr'><strong>Decapoli,</strong></span> <span class='ocrx_word' id='word_1_415' title='bbox 658 3456 712 3501; x_wconf 91' lang='lat' dir='ltr'><strong>et</strong></span> <span class='ocrx_word' id='word_1_416' title='bbox 750 3445 818 3502; x_wconf 90' lang='lat' dir='ltr'><strong>de</strong></span> <span class='ocrx_word' id='word_1_417' title='bbox 854 3444 1211 3518; x_wconf 86' lang='lat' dir='ltr'><strong>Jerosolymis</strong></span> <span class='ocrx_word' id='word_1_418' title='bbox 1235 3486 1249 3512; x_wconf 93' lang='lat'><strong>,</strong></span> <span class='ocrx_word' id='word_1_419' title='bbox 1290 3454 1343 3501; x_wconf 91' lang='lat' dir='ltr'><strong>et</strong></span> <span class='ocrx_word' id='word_1_420' title='bbox 1380 3444 1450 3502; x_wconf 91' lang='lat' dir='ltr'><strong>de</strong></span> <span class='ocrx_word' id='word_1_421' title='bbox 1497 3445 1682 3502; x_wconf 86' lang='lat' dir='ltr'><strong>Judaea</strong></span> <span class='ocrx_word' id='word_1_422' title='bbox 1707 3487 1721 3513; x_wconf 97' lang='lat'><strong>,</strong></span> <span class='ocrx_word' id='word_1_423' title='bbox 1763 3454 1818 3502; x_wconf 91' lang='lat' dir='ltr'><strong>et</strong></span> <span class='ocrx_word' id='word_1_424' title='bbox 1858 3445 1927 3501; x_wconf 85' lang='lat' dir='ltr'><strong>de</strong></span> 
     </span>
    </p>
   </div>
   <div class='ocr_carea' id='block_1_52' title="bbox 322 3539 820 3596">
    <p class='ocr_par' dir='ltr' id='par_1_52' title="bbox 322 3539 820 3596">
     <span class='ocr_line' id='line_1_52' title="bbox 322 3539 820 3596; baseline -0.006 -2"><span class='ocrx_word' id='word_1_425' title='bbox 322 3550 472 3595; x_wconf 90' lang='lat' dir='ltr'><strong>trans</strong></span> <span class='ocrx_word' id='word_1_426' title='bbox 502 3539 820 3596; x_wconf 82' lang='lat' dir='ltr'><strong>Jordanem.</strong></span> 
     </span>
    </p>
   </div>
   <div class='ocr_carea' id='block_1_53' title="bbox 391 3633 1924 3707">
    <p class='ocr_par' dir='ltr' id='par_1_53' title="bbox 391 3633 1924 3707">
     <span class='ocr_line' id='line_1_53' title="bbox 391 3633 1924 3707; baseline 0.001 -18"><span class='ocrx_word' id='word_1_427' title='bbox 391 3633 548 3707; x_wconf 84' lang='lat' dir='ltr'><strong>[Cap.</strong></span> <span class='ocrx_word' id='word_1_428' title='bbox 589 3634 648 3688; x_wconf 88' lang='lat' dir='ltr'><strong>V.</strong></span> <span class='ocrx_word' id='word_1_429' title='bbox 693 3650 841 3701; x_wconf 78' lang='lat' dir='ltr'><strong>xxiv,</strong></span> <span class='ocrx_word' id='word_1_430' title='bbox 884 3634 994 3706; x_wconf 86' lang='lat'><strong>10.]</strong></span> <span class='ocrx_word' id='word_1_431' title='bbox 1027 3633 1229 3690; x_wconf 83' lang='lat' dir='ltr'><strong>Videns</strong></span> <span class='ocrx_word' id='word_1_432' title='bbox 1258 3643 1440 3691; x_wconf 90' lang='lat' dir='ltr'><strong>autem</strong></span> <span class='ocrx_word' id='word_1_433' title='bbox 1475 3645 1498 3673; x_wconf 75' lang='grc' dir='ltr'><strong><em>ε</em></strong></span> <span class='ocrx_word' id='word_1_434' title='bbox 1526 3633 1684 3691; x_wconf 82' lang='lat' dir='ltr'><strong>Jesus</strong></span> <span class='ocrx_word' id='word_1_435' title='bbox 1716 3636 1924 3704; x_wconf 88' lang='lat' dir='ltr'><strong>turbas,</strong></span> 
     </span>
    </p>
   </div>
   <div class='ocr_carea' id='block_1_54' title="bbox 319 3727 1929 3796">
    <p class='ocr_par' dir='ltr' id='par_1_54' title="bbox 319 3727 1929 3796">
     <span class='ocr_line' id='line_1_54' title="bbox 319 3727 1929 3796; baseline 0.001 -12"><span class='ocrx_word' id='word_1_436' title='bbox 319 3727 570 3784; x_wconf 87' lang='lat' dir='ltr'><strong>ascendit</strong></span> <span class='ocrx_word' id='word_1_437' title='bbox 613 3728 665 3782; x_wconf 91' lang='lat' dir='ltr'><strong>in</strong></span> <span class='ocrx_word' id='word_1_438' title='bbox 711 3738 978 3796; x_wconf 89' lang='lat' dir='ltr'><strong>montem,</strong></span> <span class='ocrx_word' id='word_1_439' title='bbox 1019 3737 1075 3783; x_wconf 90' lang='lat' dir='ltr'><strong>et</strong></span> <span class='ocrx_word' id='word_1_440' title='bbox 1114 3744 1237 3783; x_wconf 92' lang='lat' dir='ltr'><strong>cum</strong></span> <span class='ocrx_word' id='word_1_441' title='bbox 1280 3727 1535 3793; x_wconf 89' lang='lat' dir='ltr'><strong>sedisset,</strong></span> <span class='ocrx_word' id='word_1_442' title='bbox 1578 3738 1929 3785; x_wconf 82' lang='lat' dir='ltr'><strong>accesserunt</strong></span> 
     </span>
    </p>
   </div>
   <div class='ocr_carea' id='block_1_55' title="bbox 322 3821 1926 3895">
    <p class='ocr_par' dir='ltr' id='par_1_55' title="bbox 322 3821 1926 3895">
     <span class='ocr_line' id='line_1_55' title="bbox 322 3821 1926 3895; baseline -0.001 -16"><span class='ocrx_word' id='word_1_443' title='bbox 322 3824 390 3879; x_wconf 89' lang='lat' dir='ltr'><strong>ad</strong></span> <span class='ocrx_word' id='word_1_444' title='bbox 417 3840 540 3880; x_wconf 91' lang='lat' dir='ltr'><strong>eum</strong></span> <span class='ocrx_word' id='word_1_445' title='bbox 570 3823 821 3894; x_wconf 89' lang='lat' dir='ltr'><strong>discipuli</strong></span> <span class='ocrx_word' id='word_1_446' title='bbox 853 3825 993 3893; x_wconf 88' lang='lat' dir='ltr'><strong>ejus,</strong></span> <span class='ocrx_word' id='word_1_447' title='bbox 1027 3823 1175 3895; x_wconf 64' lang='grc' dir='ltr'><strong>μιν,</strong></span> <span class='ocrx_word' id='word_1_448' title='bbox 1210 3821 1288 3895; x_wconf 78' lang='grc'><strong>5.]</strong></span> <span class='ocrx_word' id='word_1_449' title='bbox 1321 3831 1373 3877; x_wconf 91' lang='lat' dir='ltr'><strong>et</strong></span> <span class='ocrx_word' id='word_1_450' title='bbox 1398 3822 1651 3893; x_wconf 90' lang='lat' dir='ltr'><strong>aperiens</strong></span> <span class='ocrx_word' id='word_1_451' title='bbox 1681 3838 1743 3878; x_wconf 93' lang='lat' dir='ltr'><strong>os</strong></span> <span class='ocrx_word' id='word_1_452' title='bbox 1772 3839 1926 3879; x_wconf 92' lang='lat' dir='ltr'><strong>suum</strong></span> 
     </span>
    </p>
   </div>
   <div class='ocr_carea' id='block_1_56' title="bbox 324 3915 1929 3987">
    <p class='ocr_par' dir='ltr' id='par_1_56' title="bbox 324 3915 1929 3987">
     <span class='ocr_line' id='line_1_56' title="bbox 324 3915 1929 3987; baseline 0 -15"><span class='ocrx_word' id='word_1_453' title='bbox 324 3915 557 3972; x_wconf 90' lang='lat' dir='ltr'><strong>docebat</strong></span> <span class='ocrx_word' id='word_1_454' title='bbox 597 3931 714 3983; x_wconf 83' lang='lat' dir='ltr'><strong>eos,</strong></span> <span class='ocrx_word' id='word_1_455' title='bbox 755 3915 943 3971; x_wconf 88' lang='lat' dir='ltr'><strong>dicens</strong></span> <span class='ocrx_word' id='word_1_456' title='bbox 988 3932 1003 3971; x_wconf 88' lang='lat'>:</span> <span class='ocrx_word' id='word_1_457' title='bbox 1046 3915 1196 3971; x_wconf 88' lang='lat' dir='ltr'><strong>Beati</strong></span> <span class='ocrx_word' id='word_1_458' title='bbox 1225 3929 1493 3986; x_wconf 86' lang='lat' dir='ltr'><strong>pauperes</strong></span> <span class='ocrx_word' id='word_1_459' title='bbox 1522 3915 1715 3985; x_wconf 75' lang='lat' dir='ltr'><strong>Spiritu</strong></span> <span class='ocrx_word' id='word_1_460' title='bbox 1748 3936 1761 3971; x_wconf 89' lang='lat'>:</span> <span class='ocrx_word' id='word_1_461' title='bbox 1794 3931 1929 3987; x_wconf 89' lang='lat' dir='ltr'><strong>quo-</strong></span> 
     </span>
    </p>
   </div>
   <div class='ocr_carea' id='block_1_57' title="bbox 325 4008 1928 4083">
    <p class='ocr_par' dir='ltr' id='par_1_57' title="bbox 325 4008 1928 4083">
     <span class='ocr_line' id='line_1_57' title="bbox 325 4008 1928 4083; baseline 0.002 -21"><span class='ocrx_word' id='word_1_462' title='bbox 325 4008 468 4063; x_wconf 88' lang='lat' dir='ltr'><strong>niam</strong></span> <span class='ocrx_word' id='word_1_463' title='bbox 502 4009 743 4079; x_wconf 91' lang='lat' dir='ltr'><strong>ipsorum</strong></span> <span class='ocrx_word' id='word_1_464' title='bbox 770 4019 853 4064; x_wconf 89' lang='lat' dir='ltr'><strong>est</strong></span> <span class='ocrx_word' id='word_1_465' title='bbox 876 4024 1104 4079; x_wconf 90' lang='lat' dir='ltr'><strong>regnum</strong></span> <span class='ocrx_word' id='word_1_466' title='bbox 1128 4009 1418 4065; x_wconf 66' lang='lat' dir='ltr'><strong>caelorum.</strong></span> <span class='ocrx_word' id='word_1_467' title='bbox 1446 4010 1611 4083; x_wconf 84' lang='lat' dir='ltr'><strong>]xxvr,</strong></span> <span class='ocrx_word' id='word_1_468' title='bbox 1645 4010 1753 4083; x_wconf 85' lang='lat'><strong>10.]</strong></span> <span class='ocrx_word' id='word_1_469' title='bbox 1777 4011 1928 4067; x_wconf 85' lang='lat' dir='ltr'><strong>Beati</strong></span> 
     </span>
    </p>
   </div>
   <div class='ocr_carea' id='block_1_58' title="bbox 325 4101 1927 4178">
    <p class='ocr_par' dir='ltr' id='par_1_58' title="bbox 325 4101 1927 4178">
     <span class='ocr_line' id='line_1_58' title="bbox 325 4101 1927 4178; baseline 0.001 -18"><span class='ocrx_word' id='word_1_470' title='bbox 325 4101 353 4141; x_wconf 71' lang='grc' dir='ltr'>ἀ</span> <span class='ocrx_word' id='word_1_471' title='bbox 369 4107 531 4161; x_wconf 90' lang='lat' dir='ltr'><strong>mites</strong></span> <span class='ocrx_word' id='word_1_472' title='bbox 558 4124 570 4159; x_wconf 92' lang='lat'>:</span> <span class='ocrx_word' id='word_1_473' title='bbox 596 4105 849 4176; x_wconf 91' lang='lat' dir='ltr'><strong>quoniam</strong></span> <span class='ocrx_word' id='word_1_474' title='bbox 877 4106 975 4173; x_wconf 83' lang='lat' dir='ltr'><strong>ipsi</strong></span> <span class='ocrx_word' id='word_1_475' title='bbox 1002 4105 1362 4175; x_wconf 86' lang='lat' dir='ltr'><strong>possidebunt</strong></span> <span class='ocrx_word' id='word_1_476' title='bbox 1385 4115 1610 4161; x_wconf 90' lang='lat' dir='ltr'><strong>terram.</strong></span> <span class='ocrx_word' id='word_1_477' title='bbox 1631 4106 1685 4177; x_wconf 73' lang='grc' dir='ltr'>[χ</span> <span class='ocrx_word' id='word_1_478' title='bbox 1698 4122 1828 4173; x_wconf 84' lang='lat' dir='ltr'><strong>xvrt,</strong></span> <span class='ocrx_word' id='word_1_479' title='bbox 1850 4105 1927 4178; x_wconf 80' lang='grc'><strong>5.]</strong></span> 
     </span>
    </p>
   </div>
   <div class='ocr_carea' id='block_1_59' title="bbox 324 4197 1925 4270">
    <p class='ocr_par' dir='ltr' id='par_1_59' title="bbox 324 4197 1925 4270">
     <span class='ocr_line' id='line_1_59' title="bbox 324 4197 1925 4270; baseline 0 -15"><span class='ocrx_word' id='word_1_480' title='bbox 324 4199 519 4263; x_wconf 86' lang='lat' dir='ltr'><strong>Beati,</strong></span> <span class='ocrx_word' id='word_1_481' title='bbox 576 4199 667 4268; x_wconf 90' lang='lat' dir='ltr'><strong>qui</strong></span> <span class='ocrx_word' id='word_1_482' title='bbox 718 4199 904 4269; x_wconf 82' lang='lat' dir='ltr'><strong>lugent</strong></span> <span class='ocrx_word' id='word_1_483' title='bbox 952 4215 967 4253; x_wconf 87' lang='lat'><strong>:</strong></span> <span class='ocrx_word' id='word_1_484' title='bbox 1019 4200 1274 4270; x_wconf 90' lang='lat' dir='ltr'><strong>quoniam</strong></span> <span class='ocrx_word' id='word_1_485' title='bbox 1330 4197 1432 4269; x_wconf 89' lang='lat' dir='ltr'><strong>ipsi</strong></span> <span class='ocrx_word' id='word_1_486' title='bbox 1479 4199 1925 4257; x_wconf 90' lang='lat' dir='ltr'><strong>consolabuntur.</strong></span> 
     </span>
    </p>
   </div>
   <div class='ocr_carea' id='block_1_60' title="bbox 328 4291 1926 4364">
    <p class='ocr_par' dir='ltr' id='par_1_60' title="bbox 328 4291 1926 4364">
     <span class='ocr_line' id='line_1_60' title="bbox 328 4291 1926 4364; baseline 0 -18"><span class='ocrx_word' id='word_1_487' title='bbox 328 4292 543 4364; x_wconf 75' lang='lat' dir='ltr'><strong>[xxvrtt,</strong></span> <span class='ocrx_word' id='word_1_488' title='bbox 575 4291 654 4363; x_wconf 84' lang='lat'><strong>5.]</strong></span> <span class='ocrx_word' id='word_1_489' title='bbox 687 4292 862 4360; x_wconf 86' lang='lat' dir='ltr'><strong>Beati,</strong></span> <span class='ocrx_word' id='word_1_490' title='bbox 896 4293 985 4364; x_wconf 92' lang='lat' dir='ltr'><strong>qui</strong></span> <span class='ocrx_word' id='word_1_491' title='bbox 1017 4293 1285 4359; x_wconf 88' lang='lat' dir='ltr'><strong>esuriunt,</strong></span> <span class='ocrx_word' id='word_1_492' title='bbox 1315 4300 1370 4346; x_wconf 89' lang='lat' dir='ltr'><strong>et</strong></span> <span class='ocrx_word' id='word_1_493' title='bbox 1400 4292 1588 4347; x_wconf 86' lang='lat' dir='ltr'><strong>sitiunt</strong></span> <span class='ocrx_word' id='word_1_494' title='bbox 1615 4292 1880 4362; x_wconf 88' lang='lat' dir='ltr'><strong>justitiam</strong></span> <span class='ocrx_word' id='word_1_495' title='bbox 1914 4311 1926 4346; x_wconf 86' lang='lat'><strong>:</strong></span> 
     </span>
    </p>
   </div>
   <div class='ocr_carea' id='block_1_61' title="bbox 326 4383 1931 4456">
    <p class='ocr_par' dir='ltr' id='par_1_61' title="bbox 326 4383 1931 4456">
     <span class='ocr_line' id='line_1_61' title="bbox 326 4383 1931 4456; baseline 0.003 -19"><span class='ocrx_word' id='word_1_496' title='bbox 326 4384 587 4455; x_wconf 91' lang='lat' dir='ltr'><strong>quoniam</strong></span> <span class='ocrx_word' id='word_1_497' title='bbox 630 4383 733 4455; x_wconf 91' lang='lat' dir='ltr'><strong>ipsi</strong></span> <span class='ocrx_word' id='word_1_498' title='bbox 778 4384 1184 4440; x_wconf 89' lang='lat' dir='ltr'><strong>saturabuntur.</strong></span> <span class='ocrx_word' id='word_1_499' title='bbox 1221 4383 1370 4456; x_wconf 63' lang='grc' dir='ltr'>[χχιχ</span> <span class='ocrx_word' id='word_1_500' title='bbox 1394 4426 1409 4453; x_wconf 93' lang='grc'><strong>,</strong></span> <span class='ocrx_word' id='word_1_501' title='bbox 1443 4383 1555 4455; x_wconf 88' lang='lat'><strong>10.]</strong></span> <span class='ocrx_word' id='word_1_502' title='bbox 1588 4385 1735 4441; x_wconf 82' lang='lat' dir='ltr'><strong>Beati</strong></span> <span class='ocrx_word' id='word_1_503' title='bbox 1770 4386 1931 4442; x_wconf 88' lang='lat' dir='ltr'><strong>mise-</strong></span> 
     </span>
    </p>
   </div>
   <div class='ocr_carea' id='block_1_62' title="bbox 328 4478 1926 4550">
    <p class='ocr_par' dir='ltr' id='par_1_62' title="bbox 328 4478 1926 4550">
     <span class='ocr_line' id='line_1_62' title="bbox 328 4478 1926 4550; baseline 0 -17"><span class='ocrx_word' id='word_1_504' title='bbox 328 4478 577 4535; x_wconf 88' lang='lat' dir='ltr'><strong>ricordes</strong></span> <span class='ocrx_word' id='word_1_505' title='bbox 604 4497 618 4534; x_wconf 88' lang='lat'><strong>:</strong></span> <span class='ocrx_word' id='word_1_506' title='bbox 640 4478 895 4549; x_wconf 91' lang='lat' dir='ltr'><strong>quoniam</strong></span> <span class='ocrx_word' id='word_1_507' title='bbox 925 4479 1025 4549; x_wconf 92' lang='lat' dir='ltr'><strong>ipsi</strong></span> <span class='ocrx_word' id='word_1_508' title='bbox 1051 4478 1480 4533; x_wconf 90' lang='lat' dir='ltr'><strong>misericordiam</strong></span> <span class='ocrx_word' id='word_1_509' title='bbox 1505 4488 1926 4550; x_wconf 86' lang='lat' dir='ltr'><strong>consequentur.</strong></span> 
     </span>
    </p>
   </div>
   <div class='ocr_carea' id='block_1_63' title="bbox 328 4573 1929 4645">
    <p class='ocr_par' dir='ltr' id='par_1_63' title="bbox 328 4573 1929 4645">
     <span class='ocr_line' id='line_1_63' title="bbox 328 4573 1929 4645; baseline 0.001 -16"><span class='ocrx_word' id='word_1_510' title='bbox 328 4573 481 4629; x_wconf 86' lang='lat' dir='ltr'><strong>Beati</strong></span> <span class='ocrx_word' id='word_1_511' title='bbox 526 4573 727 4629; x_wconf 91' lang='lat' dir='ltr'><strong>mundo</strong></span> <span class='ocrx_word' id='word_1_512' title='bbox 772 4573 935 4630; x_wconf 88' lang='lat' dir='ltr'><strong>corde</strong></span> <span class='ocrx_word' id='word_1_513' title='bbox 969 4590 982 4628; x_wconf 89' lang='lat'><strong>:</strong></span> <span class='ocrx_word' id='word_1_514' title='bbox 1014 4574 1264 4645; x_wconf 91' lang='lat' dir='ltr'><strong>quoniam</strong></span> <span class='ocrx_word' id='word_1_515' title='bbox 1307 4575 1409 4644; x_wconf 91' lang='lat' dir='ltr'><strong>ipsi</strong></span> <span class='ocrx_word' id='word_1_516' title='bbox 1448 4576 1616 4630; x_wconf 90' lang='lat' dir='ltr'><strong>Deum</strong></span> <span class='ocrx_word' id='word_1_517' title='bbox 1648 4576 1929 4633; x_wconf 88' lang='lat' dir='ltr'><strong>videbunt.</strong></span> 
     </span>
    </p>
   </div>
   <div class='ocr_carea' id='block_1_64' title="bbox 330 4665 1927 4740">
    <p class='ocr_par' dir='ltr' id='par_1_64' title="bbox 330 4665 1927 4740">
     <span class='ocr_line' id='line_1_64' title="bbox 330 4665 1927 4740; baseline 0.003 -20"><span class='ocrx_word' id='word_1_518' title='bbox 330 4665 483 4722; x_wconf 87' lang='lat' dir='ltr'><strong>Beati</strong></span> <span class='ocrx_word' id='word_1_519' title='bbox 531 4665 739 4738; x_wconf 89' lang='lat' dir='ltr'><strong>paciﬁci</strong></span> <span class='ocrx_word' id='word_1_520' title='bbox 776 4685 787 4720; x_wconf 92' lang='lat'><strong>:</strong></span> <span class='ocrx_word' id='word_1_521' title='bbox 820 4667 1075 4739; x_wconf 90' lang='lat' dir='ltr'><strong>quoniam</strong></span> <span class='ocrx_word' id='word_1_522' title='bbox 1120 4668 1212 4723; x_wconf 83' lang='lat' dir='ltr'><strong>lilii</strong></span> <span class='ocrx_word' id='word_1_523' title='bbox 1243 4667 1338 4723; x_wconf 93' lang='lat' dir='ltr'><strong>Dei</strong></span> <span class='ocrx_word' id='word_1_524' title='bbox 1368 4668 1723 4725; x_wconf 89' lang='lat' dir='ltr'><strong>vocabuntur.</strong></span> <span class='ocrx_word' id='word_1_525' title='bbox 1755 4669 1927 4740; x_wconf 90' lang='lat' dir='ltr'><strong>Beati,</strong></span> 
     </span>
    </p>
   </div>
   <div class='ocr_carea' id='block_1_65' title="bbox 328 4760 1932 4834">
    <p class='ocr_par' dir='ltr' id='par_1_65' title="bbox 328 4760 1932 4834">
     <span class='ocr_line' id='line_1_65' title="bbox 328 4760 1932 4834; baseline 0.003 -21"><span class='ocrx_word' id='word_1_526' title='bbox 328 4760 424 4831; x_wconf 89' lang='lat' dir='ltr'><strong>qui</strong></span> <span class='ocrx_word' id='word_1_527' title='bbox 449 4762 884 4830; x_wconf 89' lang='lat' dir='ltr'><strong>persecutionem</strong></span> <span class='ocrx_word' id='word_1_528' title='bbox 916 4760 1193 4831; x_wconf 88' lang='lat' dir='ltr'><strong>patiuntur</strong></span> <span class='ocrx_word' id='word_1_529' title='bbox 1222 4768 1448 4833; x_wconf 89' lang='lat' dir='ltr'><strong>propter</strong></span> <span class='ocrx_word' id='word_1_530' title='bbox 1460 4760 1727 4830; x_wconf 91' lang='lat' dir='ltr'><strong>justitiam</strong></span> <span class='ocrx_word' id='word_1_531' title='bbox 1754 4780 1767 4815; x_wconf 87' lang='lat'><strong>:</strong></span> <span class='ocrx_word' id='word_1_532' title='bbox 1792 4778 1932 4834; x_wconf 89' lang='lat' dir='ltr'><strong>quo-</strong></span> 
     </span>
    </p>
   </div>
   <div class='ocr_carea' id='block_1_66' title="bbox 328 4854 1931 4930">
    <p class='ocr_par' dir='ltr' id='par_1_66' title="bbox 328 4854 1931 4930">
     <span class='ocr_line' id='line_1_66' title="bbox 328 4854 1931 4930; baseline 0.001 -20"><span class='ocrx_word' id='word_1_533' title='bbox 328 4854 476 4910; x_wconf 88' lang='lat' dir='ltr'><strong>niam</strong></span> <span class='ocrx_word' id='word_1_534' title='bbox 524 4855 759 4925; x_wconf 86' lang='lat' dir='ltr'><strong>ipsorum</strong></span> <span class='ocrx_word' id='word_1_535' title='bbox 799 4865 883 4911; x_wconf 90' lang='lat' dir='ltr'><strong>est</strong></span> <span class='ocrx_word' id='word_1_536' title='bbox 913 4871 1140 4925; x_wconf 89' lang='lat' dir='ltr'><strong>regnum</strong></span> <span class='ocrx_word' id='word_1_537' title='bbox 1174 4856 1455 4912; x_wconf 77' lang='lat' dir='ltr'><strong>caelorum.</strong></span> <span class='ocrx_word' id='word_1_538' title='bbox 1492 4857 1642 4930; x_wconf 63' lang='grc' dir='ltr'><strong>μη,</strong></span> <span class='ocrx_word' id='word_1_539' title='bbox 1675 4854 1752 4925; x_wconf 79' lang='grc'><strong>5.]</strong></span> <span class='ocrx_word' id='word_1_540' title='bbox 1781 4856 1931 4911; x_wconf 90' lang='lat' dir='ltr'><strong>Beati</strong></span> 
     </span>
    </p>
   </div>
   <div class='ocr_carea' id='block_1_67' title="bbox 327 4947 1930 5021">
    <p class='ocr_par' dir='ltr' id='par_1_67' title="bbox 327 4947 1930 5021">
     <span class='ocr_line' id='line_1_67' title="bbox 327 4947 1930 5021; baseline 0.001 -17"><span class='ocrx_word' id='word_1_541' title='bbox 327 4947 466 5004; x_wconf 87' lang='lat' dir='ltr'><strong>estis</strong></span> <span class='ocrx_word' id='word_1_542' title='bbox 502 4962 624 5003; x_wconf 90' lang='lat' dir='ltr'><strong>cum</strong></span> <span class='ocrx_word' id='word_1_543' title='bbox 664 4948 1042 5005; x_wconf 75' lang='lat' dir='ltr'><strong>maledixerint</strong></span> <span class='ocrx_word' id='word_1_544' title='bbox 1082 4950 1260 5015; x_wconf 91' lang='lat' dir='ltr'><strong>vobis,</strong></span> <span class='ocrx_word' id='word_1_545' title='bbox 1292 4960 1347 5005; x_wconf 88' lang='lat' dir='ltr'><strong>et</strong></span> <span class='ocrx_word' id='word_1_546' title='bbox 1379 4950 1649 5021; x_wconf 89' lang='lat' dir='ltr'><strong>persecuti</strong></span> <span class='ocrx_word' id='word_1_547' title='bbox 1682 4965 1780 5005; x_wconf 91' lang='lat' dir='ltr'><strong>vos</strong></span> <span class='ocrx_word' id='word_1_548' title='bbox 1808 4949 1930 5006; x_wconf 88' lang='lat' dir='ltr'><strong>fue-</strong></span> 
     </span>
    </p>
   </div>
   <div class='ocr_carea' id='block_1_68' title="bbox 327 5042 1933 5108">
    <p class='ocr_par' dir='ltr' id='par_1_68' title="bbox 327 5042 1933 5108">
     <span class='ocr_line' id='line_1_68' title="bbox 327 5042 1933 5108; baseline 0.001 -10"><span class='ocrx_word' id='word_1_549' title='bbox 327 5043 466 5108; x_wconf 86' lang='lat' dir='ltr'><strong>rint,</strong></span> <span class='ocrx_word' id='word_1_550' title='bbox 504 5050 559 5099; x_wconf 92' lang='lat' dir='ltr'><strong>et</strong></span> <span class='ocrx_word' id='word_1_551' title='bbox 598 5042 836 5099; x_wconf 76' lang='lat' dir='ltr'><strong>dixerint</strong></span> <span class='ocrx_word' id='word_1_552' title='bbox 875 5058 1036 5099; x_wconf 92' lang='lat' dir='ltr'><strong>omne</strong></span> <span class='ocrx_word' id='word_1_553' title='bbox 1072 5044 1275 5099; x_wconf 89' lang='lat' dir='ltr'><strong>malum</strong></span> <span class='ocrx_word' id='word_1_554' title='bbox 1312 5043 1602 5101; x_wconf 90' lang='lat' dir='ltr'><strong>adversum</strong></span> <span class='ocrx_word' id='word_1_555' title='bbox 1641 5059 1738 5099; x_wconf 93' lang='lat' dir='ltr'><strong>vos</strong></span> <span class='ocrx_word' id='word_1_556' title='bbox 1781 5059 1933 5100; x_wconf 87' lang='lat' dir='ltr'><strong>men-</strong></span> 
     </span>
    </p>
   </div>
   <div class='ocr_carea' id='block_1_69' title="bbox 331 5136 1931 5208">
    <p class='ocr_par' dir='ltr' id='par_1_69' title="bbox 331 5136 1931 5208">
     <span class='ocr_line' id='line_1_69' title="bbox 331 5136 1931 5208; baseline 0.001 -18"><span class='ocrx_word' id='word_1_557' title='bbox 331 5136 552 5207; x_wconf 86' lang='lat' dir='ltr'><strong>tientes,</strong></span> <span class='ocrx_word' id='word_1_558' title='bbox 586 5144 811 5206; x_wconf 90' lang='lat' dir='ltr'><strong>propter</strong></span> <span class='ocrx_word' id='word_1_559' title='bbox 836 5151 963 5192; x_wconf 92' lang='lat' dir='ltr'><strong>me:</strong></span> <span class='ocrx_word' id='word_1_560' title='bbox 994 5136 1244 5207; x_wconf 87' lang='lat' dir='ltr'><strong>gaudete,</strong></span> <span class='ocrx_word' id='word_1_561' title='bbox 1278 5145 1331 5191; x_wconf 93' lang='lat' dir='ltr'><strong>et</strong></span> <span class='ocrx_word' id='word_1_562' title='bbox 1357 5138 1642 5205; x_wconf 87' lang='lat' dir='ltr'><strong>exsultate,</strong></span> <span class='ocrx_word' id='word_1_563' title='bbox 1674 5137 1931 5208; x_wconf 88' lang='lat' dir='ltr'><strong>quoniam</strong></span> 
     </span>
    </p>
   </div>
   <div class='ocr_carea' id='block_1_70' title="bbox 329 5227 1937 5301">
    <p class='ocr_par' dir='ltr' id='par_1_70' title="bbox 329 5227 1937 5301">
     <span class='ocr_line' id='line_1_70' title="bbox 329 5227 1937 5301; baseline 0.002 -19"><span class='ocrx_word' id='word_1_564' title='bbox 329 5241 547 5283; x_wconf 88' lang='lat' dir='ltr'><strong>merces</strong></span> <span class='ocrx_word' id='word_1_565' title='bbox 586 5236 765 5284; x_wconf 91' lang='lat' dir='ltr'><strong>vestra</strong></span> <span class='ocrx_word' id='word_1_566' title='bbox 794 5227 1017 5299; x_wconf 90' lang='lat' dir='ltr'><strong>copiosa</strong></span> <span class='ocrx_word' id='word_1_567' title='bbox 1061 5238 1144 5284; x_wconf 89' lang='lat' dir='ltr'><strong>est</strong></span> <span class='ocrx_word' id='word_1_568' title='bbox 1174 5229 1225 5283; x_wconf 92' lang='lat' dir='ltr'><strong>in</strong></span> <span class='ocrx_word' id='word_1_569' title='bbox 1259 5229 1433 5285; x_wconf 77' lang='lat' dir='ltr'><strong>etelis.</strong></span> <span class='ocrx_word' id='word_1_570' title='bbox 1462 5228 1552 5286; x_wconf 88' lang='lat' dir='ltr'><strong>Sic</strong></span> <span class='ocrx_word' id='word_1_571' title='bbox 1580 5230 1722 5285; x_wconf 91' lang='lat' dir='ltr'><strong>enim</strong></span> <span class='ocrx_word' id='word_1_572' title='bbox 1751 5245 1937 5301; x_wconf 89' lang='lat' dir='ltr'><strong>perse-</strong></span> 
     </span>
    </p>
   </div>
   <div class='ocr_carea' id='block_1_71' title="bbox 330 5321 1934 5398">
    <p class='ocr_par' dir='ltr' id='par_1_71' title="bbox 330 5321 1934 5398">
     <span class='ocr_line' id='line_1_71' title="bbox 330 5321 1934 5398; baseline 0.001 -19"><span class='ocrx_word' id='word_1_573' title='bbox 330 5322 444 5379; x_wconf 89' lang='lat' dir='ltr'><strong>cuti</strong></span> <span class='ocrx_word' id='word_1_574' title='bbox 473 5329 603 5378; x_wconf 87' lang='lat' dir='ltr'><strong>sunt</strong></span> <span class='ocrx_word' id='word_1_575' title='bbox 629 5321 947 5393; x_wconf 87' lang='lat' dir='ltr'><strong>prophetas,</strong></span> <span class='ocrx_word' id='word_1_576' title='bbox 978 5323 1067 5394; x_wconf 91' lang='lat' dir='ltr'><strong>qui</strong></span> <span class='ocrx_word' id='word_1_577' title='bbox 1099 5321 1320 5379; x_wconf 88' lang='lat' dir='ltr'><strong>fuerunt</strong></span> <span class='ocrx_word' id='word_1_578' title='bbox 1345 5332 1471 5381; x_wconf 87' lang='lat' dir='ltr'><strong>ante</strong></span> <span class='ocrx_word' id='word_1_579' title='bbox 1500 5340 1617 5382; x_wconf 86' lang='lat' dir='ltr'><strong>vos.</strong></span> <span class='ocrx_word' id='word_1_580' title='bbox 1653 5324 1825 5397; x_wconf 57' lang='grc' dir='ltr'><strong>[ξιιμ</strong></span> <span class='ocrx_word' id='word_1_581' title='bbox 1854 5324 1934 5398; x_wconf 75' lang='grc'><strong>2.]</strong></span> 
     </span>
    </p>
   </div>
   <div class='ocr_carea' id='block_1_72' title="bbox 408 5501 1948 5573">
    <p class='ocr_par' dir='ltr' id='par_1_72' title="bbox 408 5501 1948 5573">
     <span class='ocr_line' id='line_1_72' title="bbox 408 5501 1948 5573; baseline 0.001 -12"><span class='ocrx_word' id='word_1_582' title='bbox 408 5515 433 5543; x_wconf 75' lang='grc' dir='ltr'>α</span> <span class='ocrx_word' id='word_1_583' title='bbox 483 5505 659 5571; x_wconf 84' lang='lat' dir='ltr'><strong>Alias,</strong></span> <span class='ocrx_word' id='word_1_584' title='bbox 687 5501 891 5559; x_wconf 75' lang='lat' dir='ltr'><strong>veniens</strong></span> <span class='ocrx_word' id='word_1_585' title='bbox 931 5502 1213 5571; x_wconf 82' lang='lat' dir='ltr'><strong>habitavit,</strong></span> <span class='ocrx_word' id='word_1_586' title='bbox 1260 5505 1507 5572; x_wconf 90' lang='lat' dir='ltr'><strong>pressius</strong></span> <span class='ocrx_word' id='word_1_587' title='bbox 1549 5506 1765 5573; x_wconf 77' lang='lat' dir='ltr'><strong>Grzeco,</strong></span> <span class='ocrx_word' id='word_1_588' title='bbox 1798 5507 1948 5563; x_wconf 72' lang='grc' dir='ltr'><strong>ἐλθὼν</strong></span> 
     </span>
    </p>
   </div>
   <div class='ocr_carea' id='block_1_73' title="bbox 332 5576 1945 5653">
    <p class='ocr_par' dir='ltr' id='par_1_73' title="bbox 332 5576 1945 5653">
     <span class='ocr_line' id='line_1_73' title="bbox 332 5576 1945 5653; baseline 0 -20"><span class='ocrx_word' id='word_1_589' title='bbox 332 5582 658 5653; x_wconf 77' lang='grc' dir='ltr'><strong>κατῴκησεν,</strong></span> <span class='ocrx_word' id='word_1_590' title='bbox 674 5586 781 5633; x_wconf 88' lang='lat' dir='ltr'><strong>etc.</strong></span> <span class='ocrx_word' id='word_1_591' title='bbox 799 5576 962 5653; x_wconf 73' lang='lat' dir='ltr'><strong>Paulo</strong></span> <span class='ocrx_word' id='word_1_592' title='bbox 986 5590 1199 5653; x_wconf 80' lang='lat' dir='ltr'><strong>quoque</strong></span> <span class='ocrx_word' id='word_1_593' title='bbox 1228 5584 1368 5644; x_wconf 83' lang='lat' dir='ltr'><strong>post,</strong></span> <span class='ocrx_word' id='word_1_594' title='bbox 1388 5594 1478 5649; x_wconf 85' lang='lat' dir='ltr'><strong>per</strong></span> <span class='ocrx_word' id='word_1_595' title='bbox 1496 5576 1695 5633; x_wconf 82' lang='lat' dir='ltr'><strong>Isaiam</strong></span> <span class='ocrx_word' id='word_1_596' title='bbox 1719 5581 1945 5652; x_wconf 83' lang='lat' dir='ltr'><strong>prophe-</strong></span> 
     </span>
    </p>
   </div>
   <div class='ocr_carea' id='block_1_74' title="bbox 335 5646 1943 5727">
    <p class='ocr_par' dir='ltr' id='par_1_74' title="bbox 335 5646 1943 5727">
     <span class='ocr_line' id='line_1_74' title="bbox 335 5646 1943 5727; baseline 0.002 -24"><span class='ocrx_word' id='word_1_597' title='bbox 335 5646 457 5727; x_wconf 57' lang='lat' dir='ltr'><strong>taut&#39;</strong></span> <span class='ocrx_word' id='word_1_598' title='bbox 487 5653 766 5727; x_wconf 60' lang='lat' dir='ltr'><strong>tltceulept,</strong></span> <span class='ocrx_word' id='word_1_599' title='bbox 798 5658 901 5703; x_wconf 83' lang='lat' dir='ltr'><strong>etc.</strong></span> <span class='ocrx_word' id='word_1_600' title='bbox 934 5646 1017 5727; x_wconf 53' lang='lat'><strong>83.6:</strong></span> <span class='ocrx_word' id='word_1_601' title='bbox 1038 5647 1246 5727; x_wconf 12' lang='grc' dir='ltr'><strong>νἨσαίου</strong></span> <span class='ocrx_word' id='word_1_602' title='bbox 1278 5646 1665 5727; x_wconf 57' lang='grc' dir='ltr'><strong>τοῦπροφήτου</strong></span> <span class='ocrx_word' id='word_1_603' title='bbox 1693 5646 1943 5727; x_wconf 24' lang='grc' dir='ltr'><strong>λνέγοῦτος.</strong></span> 
     </span>
    </p>
   </div>
   <div class='ocr_carea' id='block_1_75' title="bbox 412 5720 1501 5789">
    <p class='ocr_par' dir='ltr' id='par_1_75' title="bbox 412 5720 1501 5789">
     <span class='ocr_line' id='line_1_75' title="bbox 412 5720 1501 5789; baseline -0.002 -12"><span class='ocrx_word' id='word_1_604' title='bbox 412 5722 438 5760; x_wconf 69' lang='grc' dir='ltr'><strong>ι)</strong></span> <span class='ocrx_word' id='word_1_605' title='bbox 470 5721 639 5777; x_wconf 85' lang='lat' dir='ltr'><strong>Addit</strong></span> <span class='ocrx_word' id='word_1_606' title='bbox 668 5720 889 5775; x_wconf 64' lang='lat' dir='ltr'><strong>Graecus</strong></span> <span class='ocrx_word' id='word_1_607' title='bbox 915 5721 1099 5783; x_wconf 76' lang='grc' dir='ltr'><strong>αὐτῶν,</strong></span> <span class='ocrx_word' id='word_1_608' title='bbox 1131 5727 1276 5789; x_wconf 85' lang='lat' dir='ltr'><strong>patre</strong></span> <span class='ocrx_word' id='word_1_609' title='bbox 1300 5720 1501 5775; x_wconf 74' lang='lat' dir='ltr'><strong>eorum.</strong></span> 
     </span>
    </p>
   </div>
   <div class='ocr_carea' id='block_1_76' title="bbox 414 5790 1942 5867">
    <p class='ocr_par' dir='ltr' id='par_1_76' title="bbox 414 5790 1942 5867">
     <span class='ocr_line' id='line_1_76' title="bbox 414 5790 1942 5867; baseline 0.003 -20"><span class='ocrx_word' id='word_1_610' title='bbox 414 5806 436 5833; x_wconf 77' lang='grc' dir='ltr'><strong>ε</strong></span> <span class='ocrx_word' id='word_1_611' title='bbox 470 5793 680 5867; x_wconf 76' lang='lat' dir='ltr'><strong>Nomen</strong></span> <span class='ocrx_word' id='word_1_612' title='bbox 705 5790 859 5867; x_wconf 72' lang='lat' dir='ltr'><strong>Iesus</strong></span> <span class='ocrx_word' id='word_1_613' title='bbox 889 5791 973 5845; x_wconf 84' lang='lat' dir='ltr'><strong>hic</strong></span> <span class='ocrx_word' id='word_1_614' title='bbox 1002 5791 1105 5844; x_wconf 91' lang='lat' dir='ltr'><strong>loci</strong></span> <span class='ocrx_word' id='word_1_615' title='bbox 1137 5806 1313 5861; x_wconf 88' lang='lat' dir='ltr'><strong>neque</strong></span> <span class='ocrx_word' id='word_1_616' title='bbox 1343 5794 1515 5850; x_wconf 89' lang='lat' dir='ltr'><strong>nostri</strong></span> <span class='ocrx_word' id='word_1_617' title='bbox 1550 5811 1681 5855; x_wconf 87' lang='lat' dir='ltr'><strong>mss.</strong></span> <span class='ocrx_word' id='word_1_618' title='bbox 1718 5796 1942 5867; x_wconf 88' lang='lat' dir='ltr'><strong>habent,</strong></span> 
     </span>
    </p>
   </div>
   <div class='ocr_carea' id='block_1_77' title="bbox 333 5864 1153 5937">
    <p class='ocr_par' dir='ltr' id='par_1_77' title="bbox 333 5864 1153 5937">
     <span class='ocr_line' id='line_1_77' title="bbox 333 5864 1153 5937; baseline -0.011 -12"><span class='ocrx_word' id='word_1_619' title='bbox 333 5880 520 5937; x_wconf 84' lang='lat' dir='ltr'><strong>neque</strong></span> <span class='ocrx_word' id='word_1_620' title='bbox 551 5864 773 5923; x_wconf 62' lang='lat' dir='ltr'><strong>Graecus</strong></span> <span class='ocrx_word' id='word_1_621' title='bbox 804 5864 924 5935; x_wconf 87' lang='lat' dir='ltr'><strong>ipse</strong></span> <span class='ocrx_word' id='word_1_622' title='bbox 957 5868 1153 5919; x_wconf 77' lang='lat' dir='ltr'><strong>textus.</strong></span> 
     </span>
    </p>
   </div>
   <div class='ocr_carea' id='block_1_78' title="bbox 1960 4628 2012 4691">
    <p class='ocr_par' dir='ltr' id='par_1_78' title="bbox 1960 4628 2012 4691">
     <span class='ocr_line' id='line_1_78' title="bbox 1960 4628 2012 4691; baseline 0 0"><span class='ocrx_word' id='word_1_623' title='bbox 1960 4628 2012 4691; x_wconf 94' lang='lat' dir='ltr'><strong>D</strong></span> 
     </span>
    </p>
   </div>
   <div class='ocr_carea' id='block_1_79' title="bbox 2032 1946 3627 2019">
    <p class='ocr_par' dir='ltr' id='par_1_79' title="bbox 2032 1946 3627 2019">
     <span class='ocr_line' id='line_1_79' title="bbox 2032 1946 3627 2019; baseline 0.002 -17"><span class='ocrx_word' id='word_1_624' title='bbox 2032 1946 2294 2003; x_wconf 67' lang='lat' dir='ltr'><strong>caelorum</strong></span> <span class='ocrx_word' id='word_1_625' title='bbox 2326 1965 2338 2000; x_wconf 91' lang='lat'><strong>:</strong></span> <span class='ocrx_word' id='word_1_626' title='bbox 2367 1947 2458 2018; x_wconf 91' lang='lat' dir='ltr'><strong>qui</strong></span> <span class='ocrx_word' id='word_1_627' title='bbox 2490 1956 2670 2002; x_wconf 89' lang='lat' dir='ltr'><strong>autem</strong></span> <span class='ocrx_word' id='word_1_628' title='bbox 2703 1947 2895 2003; x_wconf 82' lang='lat' dir='ltr'><strong>fecerit</strong></span> <span class='ocrx_word' id='word_1_629' title='bbox 2920 1956 2975 2003; x_wconf 91' lang='lat' dir='ltr'><strong>et</strong></span> <span class='ocrx_word' id='word_1_630' title='bbox 3004 1947 3267 2013; x_wconf 90' lang='lat' dir='ltr'><strong>docuerit,</strong></span> <span class='ocrx_word' id='word_1_631' title='bbox 3292 1947 3380 2003; x_wconf 92' lang='lat' dir='ltr'><strong>hic</strong></span> <span class='ocrx_word' id='word_1_632' title='bbox 3400 1963 3627 2019; x_wconf 89' lang='lat' dir='ltr'><strong>magnus</strong></span> 
     </span>
    </p>
   </div>
   <div class='ocr_carea' id='block_1_80' title="bbox 2032 2039 3628 2111">
    <p class='ocr_par' dir='ltr' id='par_1_80' title="bbox 2032 2039 3628 2111">
     <span class='ocr_line' id='line_1_80' title="bbox 2032 2039 3628 2111; baseline 0.002 -18"><span class='ocrx_word' id='word_1_633' title='bbox 2032 2039 2316 2095; x_wconf 87' lang='lat' dir='ltr'><strong>vocabitur</strong></span> <span class='ocrx_word' id='word_1_634' title='bbox 2359 2040 2411 2095; x_wconf 93' lang='lat' dir='ltr'><strong>in</strong></span> <span class='ocrx_word' id='word_1_635' title='bbox 2440 2055 2608 2110; x_wconf 90' lang='lat' dir='ltr'><strong>regno</strong></span> <span class='ocrx_word' id='word_1_636' title='bbox 2639 2040 2923 2096; x_wconf 73' lang='lat' dir='ltr'><strong>cmlorum.</strong></span> <span class='ocrx_word' id='word_1_637' title='bbox 2956 2040 3091 2097; x_wconf 90' lang='lat' dir='ltr'><strong>Dico</strong></span> <span class='ocrx_word' id='word_1_638' title='bbox 3121 2040 3266 2096; x_wconf 92' lang='lat' dir='ltr'><strong>enim</strong></span> <span class='ocrx_word' id='word_1_639' title='bbox 3294 2039 3471 2104; x_wconf 91' lang='lat' dir='ltr'><strong>vobis,</strong></span> <span class='ocrx_word' id='word_1_640' title='bbox 3502 2043 3628 2111; x_wconf 89' lang='lat' dir='ltr'><strong>quia</strong></span> 
     </span>
    </p>
   </div>
   <div class='ocr_carea' id='block_1_81' title="bbox 2033 2134 3629 2208">
    <p class='ocr_par' dir='ltr' id='par_1_81' title="bbox 2033 2134 3629 2208">
     <span class='ocr_line' id='line_1_81' title="bbox 2033 2134 3629 2208; baseline 0 -17"><span class='ocrx_word' id='word_1_641' title='bbox 2033 2135 2137 2191; x_wconf 93' lang='lat' dir='ltr'><strong>nisi</strong></span> <span class='ocrx_word' id='word_1_642' title='bbox 2160 2136 2522 2191; x_wconf 88' lang='lat' dir='ltr'><strong>abundaverit</strong></span> <span class='ocrx_word' id='word_1_643' title='bbox 2538 2135 2746 2206; x_wconf 88' lang='lat' dir='ltr'><strong>justitia</strong></span> <span class='ocrx_word' id='word_1_644' title='bbox 2772 2147 2948 2191; x_wconf 85' lang='lat' dir='ltr'><strong>vestra</strong></span> <span class='ocrx_word' id='word_1_645' title='bbox 2972 2136 3094 2208; x_wconf 92' lang='lat' dir='ltr'><strong>plus</strong></span> <span class='ocrx_word' id='word_1_646' title='bbox 3116 2151 3276 2207; x_wconf 90' lang='lat' dir='ltr'><strong>quam</strong></span> <span class='ocrx_word' id='word_1_647' title='bbox 3303 2134 3629 2203; x_wconf 89' lang='lat' dir='ltr'><strong>scribarum,</strong></span> 
     </span>
    </p>
   </div>
   <div class='ocr_carea' id='block_1_82' title="bbox 2031 2229 3627 2301">
    <p class='ocr_par' dir='ltr' id='par_1_82' title="bbox 2031 2229 3627 2301">
     <span class='ocr_line' id='line_1_82' title="bbox 2031 2229 3627 2301; baseline -0.001 -15"><span class='ocrx_word' id='word_1_648' title='bbox 2031 2240 2087 2286; x_wconf 91' lang='lat' dir='ltr'><strong>et</strong></span> <span class='ocrx_word' id='word_1_649' title='bbox 2115 2230 2530 2298; x_wconf 75' lang='lat' dir='ltr'><strong>pharismorum,</strong></span> <span class='ocrx_word' id='word_1_650' title='bbox 2565 2246 2672 2285; x_wconf 92' lang='lat' dir='ltr'><strong>non</strong></span> <span class='ocrx_word' id='word_1_651' title='bbox 2702 2229 2977 2286; x_wconf 90' lang='lat' dir='ltr'><strong>iutrabitis</strong></span> <span class='ocrx_word' id='word_1_652' title='bbox 3005 2230 3057 2284; x_wconf 90' lang='lat' dir='ltr'><strong>in</strong></span> <span class='ocrx_word' id='word_1_653' title='bbox 3089 2244 3312 2301; x_wconf 86' lang='lat' dir='ltr'><strong>regnum</strong></span> <span class='ocrx_word' id='word_1_654' title='bbox 3339 2229 3627 2286; x_wconf 64' lang='lat' dir='ltr'><strong>caelorum.</strong></span> 
     </span>
    </p>
   </div>
   <div class='ocr_carea' id='block_1_83' title="bbox 2032 2322 3630 2395">
    <p class='ocr_par' dir='ltr' id='par_1_83' title="bbox 2032 2322 3630 2395">
     <span class='ocr_line' id='line_1_83' title="bbox 2032 2322 3630 2395; baseline 0 -16"><span class='ocrx_word' id='word_1_655' title='bbox 2032 2322 2270 2379; x_wconf 85' lang='lat' dir='ltr'><strong>Audistis</strong></span> <span class='ocrx_word' id='word_1_656' title='bbox 2295 2324 2419 2395; x_wconf 89' lang='lat' dir='ltr'><strong>quia</strong></span> <span class='ocrx_word' id='word_1_657' title='bbox 2451 2324 2653 2379; x_wconf 92' lang='lat' dir='ltr'><strong>dictum</strong></span> <span class='ocrx_word' id='word_1_658' title='bbox 2684 2332 2768 2379; x_wconf 90' lang='lat' dir='ltr'><strong>est</strong></span> <span class='ocrx_word' id='word_1_659' title='bbox 2794 2324 3031 2393; x_wconf 89' lang='lat' dir='ltr'><strong>antiquis</strong></span> <span class='ocrx_word' id='word_1_660' title='bbox 3062 2342 3074 2375; x_wconf 86' lang='lat'>:</span> <span class='ocrx_word' id='word_1_661' title='bbox 3107 2322 3222 2378; x_wconf 85' lang='lat' dir='ltr'><strong>Non</strong></span> <span class='ocrx_word' id='word_1_662' title='bbox 3246 2324 3459 2379; x_wconf 92' lang='lat' dir='ltr'><strong>occides</strong></span> <span class='ocrx_word' id='word_1_663' title='bbox 3492 2343 3505 2379; x_wconf 91' lang='lat'><strong>:</strong></span> <span class='ocrx_word' id='word_1_664' title='bbox 3538 2326 3630 2393; x_wconf 85' lang='lat' dir='ltr'><strong>qui</strong></span> 
     </span>
    </p>
   </div>
   <div class='ocr_carea' id='block_1_84' title="bbox 2030 2418 3629 2491">
    <p class='ocr_par' dir='ltr' id='par_1_84' title="bbox 2030 2418 3629 2491">
     <span class='ocr_line' id='line_1_84' title="bbox 2030 2418 3629 2491; baseline 0.001 -17"><span class='ocrx_word' id='word_1_665' title='bbox 2030 2428 2209 2475; x_wconf 91' lang='lat' dir='ltr'><strong>autem</strong></span> <span class='ocrx_word' id='word_1_666' title='bbox 2238 2418 2525 2486; x_wconf 75' lang='lat' dir='ltr'><strong>oeciderit,</strong></span> <span class='ocrx_word' id='word_1_667' title='bbox 2558 2435 2686 2475; x_wconf 92' lang='lat' dir='ltr'><strong>reus</strong></span> <span class='ocrx_word' id='word_1_668' title='bbox 2721 2430 2743 2456; x_wconf 75' lang='grc' dir='ltr'><strong>ε’</strong></span> <span class='ocrx_word' id='word_1_669' title='bbox 2770 2420 2875 2475; x_wconf 92' lang='lat' dir='ltr'><strong>erit</strong></span> <span class='ocrx_word' id='word_1_670' title='bbox 2898 2418 3126 2489; x_wconf 88' lang='lat' dir='ltr'><strong>judicio.</strong></span> <span class='ocrx_word' id='word_1_671' title='bbox 3159 2420 3271 2491; x_wconf 86' lang='lat' dir='ltr'><strong>Ego</strong></span> <span class='ocrx_word' id='word_1_672' title='bbox 3299 2430 3477 2475; x_wconf 90' lang='lat' dir='ltr'><strong>autem</strong></span> <span class='ocrx_word' id='word_1_673' title='bbox 3506 2420 3629 2476; x_wconf 90' lang='lat' dir='ltr'><strong>dico</strong></span> 
     </span>
    </p>
   </div>
   <div class='ocr_carea' id='block_1_85' title="bbox 2029 2509 3629 2581">
    <p class='ocr_par' dir='ltr' id='par_1_85' title="bbox 2029 2509 3629 2581">
     <span class='ocr_line' id='line_1_85' title="bbox 2029 2509 3629 2581; baseline 0 -16"><span class='ocrx_word' id='word_1_674' title='bbox 2029 2510 2207 2575; x_wconf 88' lang='lat' dir='ltr'><strong>vobis,</strong></span> <span class='ocrx_word' id='word_1_675' title='bbox 2235 2509 2358 2581; x_wconf 92' lang='lat' dir='ltr'><strong>quia</strong></span> <span class='ocrx_word' id='word_1_676' title='bbox 2391 2510 2593 2577; x_wconf 91' lang='lat' dir='ltr'><strong>omnis,</strong></span> <span class='ocrx_word' id='word_1_677' title='bbox 2626 2509 2719 2580; x_wconf 91' lang='lat' dir='ltr'><strong>qui</strong></span> <span class='ocrx_word' id='word_1_678' title='bbox 2750 2510 3005 2566; x_wconf 84' lang='lat' dir='ltr'><strong>irascitur</strong></span> <span class='ocrx_word' id='word_1_679' title='bbox 3035 2509 3190 2565; x_wconf 87' lang='lat' dir='ltr'><strong>fratri</strong></span> <span class='ocrx_word' id='word_1_680' title='bbox 3219 2524 3339 2577; x_wconf 89' lang='lat' dir='ltr'><strong>suo,</strong></span> <span class='ocrx_word' id='word_1_681' title='bbox 3374 2526 3500 2567; x_wconf 87' lang='lat' dir='ltr'><strong>reus</strong></span> <span class='ocrx_word' id='word_1_682' title='bbox 3522 2510 3629 2567; x_wconf 86' lang='lat' dir='ltr'><strong>erit</strong></span> 
     </span>
    </p>
   </div>
   <div class='ocr_carea' id='block_1_86' title="bbox 2024 2601 3631 2673">
    <p class='ocr_par' dir='ltr' id='par_1_86' title="bbox 2024 2601 3631 2673">
     <span class='ocr_line' id='line_1_86' title="bbox 2024 2601 3631 2673; baseline -0.001 -14"><span class='ocrx_word' id='word_1_683' title='bbox 2024 2604 2251 2673; x_wconf 89' lang='lat' dir='ltr'><strong>judicio.</strong></span> <span class='ocrx_word' id='word_1_684' title='bbox 2280 2603 2385 2669; x_wconf 86' lang='lat' dir='ltr'><strong>Qui</strong></span> <span class='ocrx_word' id='word_1_685' title='bbox 2411 2612 2590 2659; x_wconf 91' lang='lat' dir='ltr'><strong>autem</strong></span> <span class='ocrx_word' id='word_1_686' title='bbox 2616 2603 2819 2659; x_wconf 78' lang='lat' dir='ltr'><strong>dixerit</strong></span> <span class='ocrx_word' id='word_1_687' title='bbox 2847 2602 3002 2659; x_wconf 90' lang='lat' dir='ltr'><strong>fratri</strong></span> <span class='ocrx_word' id='word_1_688' title='bbox 3031 2617 3154 2670; x_wconf 90' lang='lat' dir='ltr'><strong>suo,</strong></span> <span class='ocrx_word' id='word_1_689' title='bbox 3185 2618 3310 2658; x_wconf 90' lang='lat' dir='ltr'><strong>raca</strong></span> <span class='ocrx_word' id='word_1_690' title='bbox 3338 2620 3348 2655; x_wconf 94' lang='lat'>:</span> <span class='ocrx_word' id='word_1_691' title='bbox 3377 2617 3503 2658; x_wconf 90' lang='lat' dir='ltr'><strong>rcus</strong></span> <span class='ocrx_word' id='word_1_692' title='bbox 3525 2601 3631 2657; x_wconf 88' lang='lat' dir='ltr'><strong>erit</strong></span> 
     </span>
    </p>
   </div>
   <div class='ocr_carea' id='block_1_87' title="bbox 2028 2695 3629 2766">
    <p class='ocr_par' dir='ltr' id='par_1_87' title="bbox 2028 2695 3629 2766">
     <span class='ocr_line' id='line_1_87' title="bbox 2028 2695 3629 2766; baseline 0.001 -15"><span class='ocrx_word' id='word_1_693' title='bbox 2028 2696 2282 2752; x_wconf 89' lang='lat' dir='ltr'><strong>concilio.</strong></span> <span class='ocrx_word' id='word_1_694' title='bbox 2308 2695 2409 2763; x_wconf 86' lang='lat' dir='ltr'><strong>Qui</strong></span> <span class='ocrx_word' id='word_1_695' title='bbox 2431 2706 2612 2750; x_wconf 90' lang='lat' dir='ltr'><strong>autem</strong></span> <span class='ocrx_word' id='word_1_696' title='bbox 2633 2695 2855 2766; x_wconf 83' lang='lat' dir='ltr'><strong>dixerit,</strong></span> <span class='ocrx_word' id='word_1_697' title='bbox 2882 2697 3028 2752; x_wconf 92' lang='lat' dir='ltr'><strong>fatue</strong></span> <span class='ocrx_word' id='word_1_698' title='bbox 3055 2716 3066 2749; x_wconf 92' lang='lat'><strong>:</strong></span> <span class='ocrx_word' id='word_1_699' title='bbox 3093 2711 3219 2752; x_wconf 89' lang='lat' dir='ltr'><strong>reus</strong></span> <span class='ocrx_word' id='word_1_700' title='bbox 3237 2696 3346 2752; x_wconf 90' lang='lat' dir='ltr'><strong>erit</strong></span> <span class='ocrx_word' id='word_1_701' title='bbox 3364 2696 3629 2766; x_wconf 64' lang='lat' dir='ltr'><strong>gehennae</strong></span> 
     </span>
    </p>
   </div>
   <div class='ocr_carea' id='block_1_88' title="bbox 2030 2787 3631 2863">
    <p class='ocr_par' dir='ltr' id='par_1_88' title="bbox 2030 2787 3631 2863">
     <span class='ocr_line' id='line_1_88' title="bbox 2030 2787 3631 2863; baseline 0 -18"><span class='ocrx_word' id='word_1_702' title='bbox 2030 2791 2189 2863; x_wconf 89' lang='lat' dir='ltr'><strong>ignis.</strong></span> <span class='ocrx_word' id='word_1_703' title='bbox 2233 2791 2287 2847; x_wconf 91' lang='lat' dir='ltr'><strong>Si</strong></span> <span class='ocrx_word' id='word_1_704' title='bbox 2328 2805 2458 2862; x_wconf 92' lang='lat' dir='ltr'><strong>ergo</strong></span> <span class='ocrx_word' id='word_1_705' title='bbox 2496 2789 2661 2847; x_wconf 71' lang='lat' dir='ltr'><strong>offers</strong></span> <span class='ocrx_word' id='word_1_706' title='bbox 2704 2806 2901 2846; x_wconf 90' lang='lat' dir='ltr'><strong>munus</strong></span> <span class='ocrx_word' id='word_1_707' title='bbox 2949 2798 3096 2845; x_wconf 91' lang='lat' dir='ltr'><strong>tuum</strong></span> <span class='ocrx_word' id='word_1_708' title='bbox 3132 2790 3199 2845; x_wconf 88' lang='lat' dir='ltr'><strong>ad</strong></span> <span class='ocrx_word' id='word_1_709' title='bbox 3242 2791 3434 2859; x_wconf 89' lang='lat' dir='ltr'><strong>altare,</strong></span> <span class='ocrx_word' id='word_1_710' title='bbox 3468 2800 3520 2846; x_wconf 92' lang='lat' dir='ltr'><strong>et</strong></span> <span class='ocrx_word' id='word_1_711' title='bbox 3552 2787 3631 2845; x_wconf 89' lang='lat' dir='ltr'><strong>ibi</strong></span> 
     </span>
    </p>
   </div>
   <div class='ocr_carea' id='block_1_89' title="bbox 2030 2883 3629 2956">
    <p class='ocr_par' dir='ltr' id='par_1_89' title="bbox 2030 2883 3629 2956">
     <span class='ocr_line' id='line_1_89' title="bbox 2030 2883 3629 2956; baseline -0.001 -15"><span class='ocrx_word' id='word_1_712' title='bbox 2030 2886 2348 2941; x_wconf 86' lang='lat' dir='ltr'><strong>recordatus</strong></span> <span class='ocrx_word' id='word_1_713' title='bbox 2389 2884 2579 2951; x_wconf 90' lang='lat' dir='ltr'><strong>fueris,</strong></span> <span class='ocrx_word' id='word_1_714' title='bbox 2610 2886 2735 2956; x_wconf 90' lang='lat' dir='ltr'><strong>quia</strong></span> <span class='ocrx_word' id='word_1_715' title='bbox 2770 2886 2938 2942; x_wconf 83' lang='lat' dir='ltr'><strong>frater</strong></span> <span class='ocrx_word' id='word_1_716' title='bbox 2968 2895 3087 2940; x_wconf 92' lang='lat' dir='ltr'><strong>tuus</strong></span> <span class='ocrx_word' id='word_1_717' title='bbox 3115 2884 3280 2941; x_wconf 90' lang='lat' dir='ltr'><strong>habet</strong></span> <span class='ocrx_word' id='word_1_718' title='bbox 3305 2883 3505 2955; x_wconf 85' lang='lat' dir='ltr'><strong>aliquid</strong></span> <span class='ocrx_word' id='word_1_719' title='bbox 3533 2883 3629 2939; x_wconf 88' lang='lat' dir='ltr'><strong>ad-</strong></span> 
     </span>
    </p>
   </div>
   <div class='ocr_carea' id='block_1_90' title="bbox 2028 2978 3635 3050">
    <p class='ocr_par' dir='ltr' id='par_1_90' title="bbox 2028 2978 3635 3050">
     <span class='ocr_line' id='line_1_90' title="bbox 2028 2978 3635 3050; baseline 0 -17"><span class='ocrx_word' id='word_1_720' title='bbox 2028 2996 2244 3036; x_wconf 89' lang='lat' dir='ltr'><strong>versum</strong></span> <span class='ocrx_word' id='word_1_721' title='bbox 2275 2992 2327 3035; x_wconf 92' lang='lat' dir='ltr'><strong>te</strong></span> <span class='ocrx_word' id='word_1_722' title='bbox 2363 2998 2374 3032; x_wconf 90' lang='lat'><strong>:</strong></span> <span class='ocrx_word' id='word_1_723' title='bbox 2408 2979 2658 3050; x_wconf 90' lang='lat' dir='ltr'><strong>relinque</strong></span> <span class='ocrx_word' id='word_1_724' title='bbox 2686 2979 2757 3034; x_wconf 90' lang='lat' dir='ltr'><strong>ibi</strong></span> <span class='ocrx_word' id='word_1_725' title='bbox 2790 2994 2986 3034; x_wconf 86' lang='lat' dir='ltr'><strong>munus</strong></span> <span class='ocrx_word' id='word_1_726' title='bbox 3016 2988 3166 3034; x_wconf 87' lang='lat' dir='ltr'><strong>tuutu</strong></span> <span class='ocrx_word' id='word_1_727' title='bbox 3196 2987 3322 3033; x_wconf 91' lang='lat' dir='ltr'><strong>ante</strong></span> <span class='ocrx_word' id='word_1_728' title='bbox 3352 2978 3548 3043; x_wconf 89' lang='lat' dir='ltr'><strong>altare,</strong></span> <span class='ocrx_word' id='word_1_729' title='bbox 3577 2985 3635 3033; x_wconf 88' lang='lat' dir='ltr'><strong>et</strong></span> 
     </span>
    </p>
   </div>
   <div class='ocr_carea' id='block_1_91' title="bbox 2028 3068 3629 3143">
    <p class='ocr_par' dir='ltr' id='par_1_91' title="bbox 2028 3068 3629 3143">
     <span class='ocr_line' id='line_1_91' title="bbox 2028 3068 3629 3143; baseline -0.002 -14"><span class='ocrx_word' id='word_1_730' title='bbox 2028 3073 2165 3129; x_wconf 93' lang='lat' dir='ltr'><strong>vade</strong></span> <span class='ocrx_word' id='word_1_731' title='bbox 2202 3072 2353 3143; x_wconf 91' lang='lat' dir='ltr'><strong>prius</strong></span> <span class='ocrx_word' id='word_1_732' title='bbox 2391 3068 2735 3129; x_wconf 85' lang='lat' dir='ltr'><strong>reconciliari</strong></span> <span class='ocrx_word' id='word_1_733' title='bbox 2772 3071 2924 3126; x_wconf 87' lang='lat' dir='ltr'><strong>fratri</strong></span> <span class='ocrx_word' id='word_1_734' title='bbox 2963 3081 3053 3126; x_wconf 94' lang='lat' dir='ltr'><strong>tuo</strong></span> <span class='ocrx_word' id='word_1_735' title='bbox 3098 3088 3112 3126; x_wconf 87' lang='lat'><strong>:</strong></span> <span class='ocrx_word' id='word_1_736' title='bbox 3156 3080 3212 3127; x_wconf 90' lang='lat' dir='ltr'><strong>et</strong></span> <span class='ocrx_word' id='word_1_737' title='bbox 3241 3079 3369 3127; x_wconf 92' lang='lat' dir='ltr'><strong>tunc</strong></span> <span class='ocrx_word' id='word_1_738' title='bbox 3400 3070 3629 3127; x_wconf 85' lang='lat' dir='ltr'><strong>veniens</strong></span> 
     </span>
    </p>
   </div>
   <div class='ocr_carea' id='block_1_92' title="bbox 2029 3161 3626 3238">
    <p class='ocr_par' dir='ltr' id='par_1_92' title="bbox 2029 3161 3626 3238">
     <span class='ocr_line' id='line_1_92' title="bbox 2029 3161 3626 3238; baseline -0.003 -16"><span class='ocrx_word' id='word_1_739' title='bbox 2029 3166 2225 3222; x_wconf 72' lang='lat' dir='ltr'><strong>offeres</strong></span> <span class='ocrx_word' id='word_1_740' title='bbox 2258 3163 2279 3203; x_wconf 69' lang='grc' dir='ltr'>ί</span> <span class='ocrx_word' id='word_1_741' title='bbox 2309 3180 2503 3221; x_wconf 92' lang='lat' dir='ltr'><strong>munus</strong></span> <span class='ocrx_word' id='word_1_742' title='bbox 2548 3172 2719 3219; x_wconf 90' lang='lat' dir='ltr'><strong>tuum.</strong></span> <span class='ocrx_word' id='word_1_743' title='bbox 2751 3166 2958 3238; x_wconf 64' lang='grc' dir='ltr'><strong>[κυνί.</strong></span> <span class='ocrx_word' id='word_1_744' title='bbox 2989 3161 3068 3234; x_wconf 85' lang='grc'><strong>5.]</strong></span> <span class='ocrx_word' id='word_1_745' title='bbox 3100 3163 3233 3219; x_wconf 86' lang='lat' dir='ltr'><strong>Esto</strong></span> <span class='ocrx_word' id='word_1_746' title='bbox 3277 3161 3626 3219; x_wconf 89' lang='lat' dir='ltr'><strong>consentiens</strong></span> 
     </span>
    </p>
   </div>
   <div class='ocr_carea' id='block_1_93' title="bbox 2030 3256 3631 3325">
    <p class='ocr_par' dir='ltr' id='par_1_93' title="bbox 2030 3256 3631 3325">
     <span class='ocr_line' id='line_1_93' title="bbox 2030 3256 3631 3325; baseline -0.002 -10"><span class='ocrx_word' id='word_1_747' title='bbox 2030 3260 2345 3315; x_wconf 89' lang='lat' dir='ltr'><strong>adversario</strong></span> <span class='ocrx_word' id='word_1_748' title='bbox 2376 3267 2471 3315; x_wconf 92' lang='lat' dir='ltr'><strong>tuo</strong></span> <span class='ocrx_word' id='word_1_749' title='bbox 2497 3260 2627 3325; x_wconf 91' lang='lat' dir='ltr'><strong>cito,</strong></span> <span class='ocrx_word' id='word_1_750' title='bbox 2657 3259 2790 3313; x_wconf 91' lang='lat' dir='ltr'><strong>dum</strong></span> <span class='ocrx_word' id='word_1_751' title='bbox 2819 3274 2877 3314; x_wconf 92' lang='lat' dir='ltr'><strong>es</strong></span> <span class='ocrx_word' id='word_1_752' title='bbox 2904 3258 2957 3313; x_wconf 92' lang='lat' dir='ltr'><strong>in</strong></span> <span class='ocrx_word' id='word_1_753' title='bbox 2987 3258 3075 3313; x_wconf 89' lang='lat' dir='ltr'><strong>via</strong></span> <span class='ocrx_word' id='word_1_754' title='bbox 3103 3274 3226 3313; x_wconf 90' lang='lat' dir='ltr'><strong>cum</strong></span> <span class='ocrx_word' id='word_1_755' title='bbox 3260 3273 3325 3314; x_wconf 91' lang='lat' dir='ltr'><strong>eo</strong></span> <span class='ocrx_word' id='word_1_756' title='bbox 3354 3275 3366 3312; x_wconf 91' lang='lat'>:</span> <span class='ocrx_word' id='word_1_757' title='bbox 3398 3272 3466 3313; x_wconf 91' lang='lat' dir='ltr'><strong>ne</strong></span> <span class='ocrx_word' id='word_1_758' title='bbox 3488 3256 3631 3313; x_wconf 88' lang='lat' dir='ltr'><strong>forte</strong></span> 
     </span>
    </p>
   </div>
   <div class='ocr_carea' id='block_1_94' title="bbox 2030 3350 3630 3423">
    <p class='ocr_par' dir='ltr' id='par_1_94' title="bbox 2030 3350 3630 3423">
     <span class='ocr_line' id='line_1_94' title="bbox 2030 3350 3630 3423; baseline -0.001 -17"><span class='ocrx_word' id='word_1_759' title='bbox 2030 3353 2208 3407; x_wconf 84' lang='lat' dir='ltr'><strong>tradat</strong></span> <span class='ocrx_word' id='word_1_760' title='bbox 2236 3361 2287 3407; x_wconf 92' lang='lat' dir='ltr'><strong>te</strong></span> <span class='ocrx_word' id='word_1_761' title='bbox 2311 3351 2661 3407; x_wconf 85' lang='lat' dir='ltr'><strong>adversarius</strong></span> <span class='ocrx_word' id='word_1_762' title='bbox 2688 3350 2879 3422; x_wconf 86' lang='lat' dir='ltr'><strong>judici,</strong></span> <span class='ocrx_word' id='word_1_763' title='bbox 2914 3360 2971 3407; x_wconf 88' lang='lat' dir='ltr'><strong>et</strong></span> <span class='ocrx_word' id='word_1_764' title='bbox 2995 3351 3161 3423; x_wconf 77' lang='lat' dir='ltr'><strong>judex</strong></span> <span class='ocrx_word' id='word_1_765' title='bbox 3187 3351 3363 3407; x_wconf 87' lang='lat' dir='ltr'><strong>tradat</strong></span> <span class='ocrx_word' id='word_1_766' title='bbox 3392 3359 3446 3407; x_wconf 91' lang='lat' dir='ltr'><strong>te</strong></span> <span class='ocrx_word' id='word_1_767' title='bbox 3471 3350 3630 3406; x_wconf 90' lang='lat' dir='ltr'><strong>mini-</strong></span> 
     </span>
    </p>
   </div>
   <div class='ocr_carea' id='block_1_95' title="bbox 2028 3446 3628 3516">
    <p class='ocr_par' dir='ltr' id='par_1_95' title="bbox 2028 3446 3628 3516">
     <span class='ocr_line' id='line_1_95' title="bbox 2028 3446 3628 3516; baseline 0.001 -15"><span class='ocrx_word' id='word_1_768' title='bbox 2028 3456 2165 3515; x_wconf 89' lang='lat' dir='ltr'><strong>stro,</strong></span> <span class='ocrx_word' id='word_1_769' title='bbox 2205 3455 2260 3503; x_wconf 92' lang='lat' dir='ltr'><strong>et</strong></span> <span class='ocrx_word' id='word_1_770' title='bbox 2303 3446 2357 3502; x_wconf 92' lang='lat' dir='ltr'><strong>in</strong></span> <span class='ocrx_word' id='word_1_771' title='bbox 2394 3461 2677 3502; x_wconf 89' lang='lat' dir='ltr'><strong>carcerem</strong></span> <span class='ocrx_word' id='word_1_772' title='bbox 2715 3446 2975 3502; x_wconf 86' lang='lat' dir='ltr'><strong>mittaris.</strong></span> <span class='ocrx_word' id='word_1_773' title='bbox 3010 3448 3180 3503; x_wconf 83' lang='lat' dir='ltr'><strong>Amen</strong></span> <span class='ocrx_word' id='word_1_774' title='bbox 3212 3447 3335 3504; x_wconf 91' lang='lat' dir='ltr'><strong>dico</strong></span> <span class='ocrx_word' id='word_1_775' title='bbox 3365 3447 3485 3516; x_wconf 93' lang='lat' dir='ltr'><strong>tibi,</strong></span> <span class='ocrx_word' id='word_1_776' title='bbox 3519 3461 3628 3503; x_wconf 91' lang='lat' dir='ltr'><strong>non</strong></span> 
     </span>
    </p>
   </div>
   <div class='ocr_carea' id='block_1_96' title="bbox 2026 3539 3625 3612">
    <p class='ocr_par' dir='ltr' id='par_1_96' title="bbox 2026 3539 3625 3612">
     <span class='ocr_line' id='line_1_96' title="bbox 2026 3539 3625 3612; baseline -0.001 -15"><span class='ocrx_word' id='word_1_777' title='bbox 2026 3541 2180 3597; x_wconf 78' lang='lat' dir='ltr'><strong>exies</strong></span> <span class='ocrx_word' id='word_1_778' title='bbox 2221 3540 2365 3606; x_wconf 88' lang='lat' dir='ltr'><strong>inde,</strong></span> <span class='ocrx_word' id='word_1_779' title='bbox 2414 3539 2591 3596; x_wconf 88' lang='lat' dir='ltr'><strong>donec</strong></span> <span class='ocrx_word' id='word_1_780' title='bbox 2632 3539 2831 3596; x_wconf 90' lang='lat' dir='ltr'><strong>reddas</strong></span> <span class='ocrx_word' id='word_1_781' title='bbox 2862 3539 3216 3595; x_wconf 91' lang='lat' dir='ltr'><strong>novissimum</strong></span> <span class='ocrx_word' id='word_1_782' title='bbox 3248 3539 3625 3612; x_wconf 87' lang='lat' dir='ltr'><strong>quadrantem.</strong></span> 
     </span>
    </p>
   </div>
   <div class='ocr_carea' id='block_1_97' title="bbox 2017 3630 3631 3707">
    <p class='ocr_par' dir='ltr' id='par_1_97' title="bbox 2017 3630 3631 3707">
     <span class='ocr_line' id='line_1_97' title="bbox 2017 3630 3631 3707; baseline 0.001 -20"><span class='ocrx_word' id='word_1_783' title='bbox 2017 3634 2262 3707; x_wconf 52' lang='lat' dir='ltr'><strong>.[xxxvtn</strong></span> <span class='ocrx_word' id='word_1_784' title='bbox 2296 3630 2411 3703; x_wconf 88' lang='lat'><strong>10,]</strong></span> <span class='ocrx_word' id='word_1_785' title='bbox 2439 3631 2683 3688; x_wconf 81' lang='lat' dir='ltr'><strong>Audistis</strong></span> <span class='ocrx_word' id='word_1_786' title='bbox 2712 3632 2837 3704; x_wconf 89' lang='lat' dir='ltr'><strong>quia</strong></span> <span class='ocrx_word' id='word_1_787' title='bbox 2860 3631 3065 3687; x_wconf 88' lang='lat' dir='ltr'><strong>dictum</strong></span> <span class='ocrx_word' id='word_1_788' title='bbox 3094 3640 3178 3688; x_wconf 89' lang='lat' dir='ltr'><strong>est</strong></span> <span class='ocrx_word' id='word_1_789' title='bbox 3204 3633 3443 3703; x_wconf 80' lang='lat' dir='ltr'><strong>antiquis</strong></span> <span class='ocrx_word' id='word_1_790' title='bbox 3471 3650 3485 3689; x_wconf 92' lang='lat'>:</span> <span class='ocrx_word' id='word_1_791' title='bbox 3510 3632 3631 3689; x_wconf 88' lang='lat' dir='ltr'><strong>Non</strong></span> 
     </span>
    </p>
   </div>
   <div class='ocr_carea' id='block_1_98' title="bbox 2030 3726 3632 3799">
    <p class='ocr_par' dir='ltr' id='par_1_98' title="bbox 2030 3726 3632 3799">
     <span class='ocr_line' id='line_1_98' title="bbox 2030 3726 3632 3799; baseline -0.001 -15"><span class='ocrx_word' id='word_1_792' title='bbox 2030 3728 2416 3785; x_wconf 75' lang='lat' dir='ltr'><strong>mmehaberis.</strong></span> <span class='ocrx_word' id='word_1_793' title='bbox 2454 3728 2566 3799; x_wconf 91' lang='lat' dir='ltr'><strong>Ego</strong></span> <span class='ocrx_word' id='word_1_794' title='bbox 2592 3736 2771 3783; x_wconf 91' lang='lat' dir='ltr'><strong>autem</strong></span> <span class='ocrx_word' id='word_1_795' title='bbox 2804 3726 2927 3785; x_wconf 90' lang='lat' dir='ltr'><strong>dico</strong></span> <span class='ocrx_word' id='word_1_796' title='bbox 2950 3727 3106 3783; x_wconf 91' lang='lat' dir='ltr'><strong>vobis</strong></span> <span class='ocrx_word' id='word_1_797' title='bbox 3130 3745 3143 3783; x_wconf 92' lang='lat'><strong>:</strong></span> <span class='ocrx_word' id='word_1_798' title='bbox 3168 3726 3289 3796; x_wconf 90' lang='lat' dir='ltr'><strong>quia</strong></span> <span class='ocrx_word' id='word_1_799' title='bbox 3314 3726 3515 3794; x_wconf 90' lang='lat' dir='ltr'><strong>omnis,</strong></span> <span class='ocrx_word' id='word_1_800' title='bbox 3540 3727 3632 3796; x_wconf 92' lang='lat' dir='ltr'><strong>qui</strong></span> 
     </span>
    </p>
   </div>
   <div class='ocr_carea' id='block_1_99' title="bbox 2029 3820 3632 3892">
    <p class='ocr_par' dir='ltr' id='par_1_99' title="bbox 2029 3820 3632 3892">
     <span class='ocr_line' id='line_1_99' title="bbox 2029 3820 3632 3892; baseline -0.002 -14"><span class='ocrx_word' id='word_1_801' title='bbox 2029 3821 2231 3878; x_wconf 90' lang='lat' dir='ltr'><strong>viderit</strong></span> <span class='ocrx_word' id='word_1_802' title='bbox 2258 3822 2541 3877; x_wconf 90' lang='lat' dir='ltr'><strong>mulierem</strong></span> <span class='ocrx_word' id='word_1_803' title='bbox 2569 3822 2636 3877; x_wconf 90' lang='lat' dir='ltr'><strong>ad</strong></span> <span class='ocrx_word' id='word_1_804' title='bbox 2662 3820 3151 3892; x_wconf 89' lang='lat' dir='ltr'><strong>concupiscendum</strong></span> <span class='ocrx_word' id='word_1_805' title='bbox 3180 3836 3322 3889; x_wconf 83' lang='lat' dir='ltr'><strong>eam,</strong></span> <span class='ocrx_word' id='word_1_806' title='bbox 3352 3820 3466 3890; x_wconf 91' lang='lat' dir='ltr'><strong>jam</strong></span> <span class='ocrx_word' id='word_1_807' title='bbox 3493 3835 3632 3875; x_wconf 63' lang='lat' dir='ltr'><strong>mut-</strong></span> 
     </span>
    </p>
   </div>
   <div class='ocr_carea' id='block_1_100' title="bbox 2030 3913 3631 3983">
    <p class='ocr_par' dir='ltr' id='par_1_100' title="bbox 2030 3913 3631 3983">
     <span class='ocr_line' id='line_1_100' title="bbox 2030 3913 3631 3983; baseline -0.001 -11"><span class='ocrx_word' id='word_1_808' title='bbox 2030 3919 2224 3973; x_wconf 92' lang='lat' dir='ltr'><strong>chatus</strong></span> <span class='ocrx_word' id='word_1_809' title='bbox 2266 3924 2351 3971; x_wconf 89' lang='lat' dir='ltr'><strong>est</strong></span> <span class='ocrx_word' id='word_1_810' title='bbox 2392 3930 2513 3971; x_wconf 90' lang='lat' dir='ltr'><strong>eam</strong></span> <span class='ocrx_word' id='word_1_811' title='bbox 2550 3918 2602 3970; x_wconf 92' lang='lat' dir='ltr'><strong>in</strong></span> <span class='ocrx_word' id='word_1_812' title='bbox 2642 3915 2809 3971; x_wconf 89' lang='lat' dir='ltr'><strong>corde</strong></span> <span class='ocrx_word' id='word_1_813' title='bbox 2843 3930 2965 3970; x_wconf 93' lang='lat' dir='ltr'><strong>suo.</strong></span> <span class='ocrx_word' id='word_1_814' title='bbox 3005 3914 3161 3983; x_wconf 86' lang='lat' dir='ltr'><strong>Quod</strong></span> <span class='ocrx_word' id='word_1_815' title='bbox 3198 3913 3244 3969; x_wconf 91' lang='lat' dir='ltr'><strong>si</strong></span> <span class='ocrx_word' id='word_1_816' title='bbox 3286 3915 3475 3969; x_wconf 92' lang='lat' dir='ltr'><strong>oculus</strong></span> <span class='ocrx_word' id='word_1_817' title='bbox 3508 3923 3631 3970; x_wconf 81' lang='lat' dir='ltr'><strong>tuus</strong></span> 
     </span>
    </p>
   </div>
   <div class='ocr_carea' id='block_1_101' title="bbox 2030 4008 3627 4081">
    <p class='ocr_par' dir='ltr' id='par_1_101' title="bbox 2030 4008 3627 4081">
     <span class='ocr_line' id='line_1_101' title="bbox 2030 4008 3627 4081; baseline -0.002 -13"><span class='ocrx_word' id='word_1_818' title='bbox 2030 4012 2222 4068; x_wconf 83' lang='lat' dir='ltr'><strong>dexter</strong></span> <span class='ocrx_word' id='word_1_819' title='bbox 2260 4010 2595 4066; x_wconf 86' lang='lat' dir='ltr'><strong>scandalizat</strong></span> <span class='ocrx_word' id='word_1_820' title='bbox 2636 4018 2709 4073; x_wconf 88' lang='lat' dir='ltr'><strong>te,</strong></span> <span class='ocrx_word' id='word_1_821' title='bbox 2740 4025 2873 4066; x_wconf 89' lang='lat' dir='ltr'><strong>erue</strong></span> <span class='ocrx_word' id='word_1_822' title='bbox 2904 4026 3051 4075; x_wconf 92' lang='lat' dir='ltr'><strong>eum,</strong></span> <span class='ocrx_word' id='word_1_823' title='bbox 3080 4018 3135 4065; x_wconf 91' lang='lat' dir='ltr'><strong>et</strong></span> <span class='ocrx_word' id='word_1_824' title='bbox 3166 4009 3369 4081; x_wconf 88' lang='lat' dir='ltr'><strong>projice</strong></span> <span class='ocrx_word' id='word_1_825' title='bbox 3400 4008 3498 4066; x_wconf 87' lang='lat' dir='ltr'><strong>abs</strong></span> <span class='ocrx_word' id='word_1_826' title='bbox 3527 4018 3578 4065; x_wconf 89' lang='lat' dir='ltr'><strong>te</strong></span> <span class='ocrx_word' id='word_1_827' title='bbox 3612 4027 3627 4065; x_wconf 93' lang='lat'><strong>:</strong></span> 
     </span>
    </p>
   </div>
   <div class='ocr_carea' id='block_1_102' title="bbox 2033 4102 3632 4205">
    <p class='ocr_par' dir='ltr' id='par_1_102' title="bbox 2033 4102 3632 4205">
     <span class='ocr_line' id='line_1_102' title="bbox 2033 4102 3632 4205; baseline -0.003 -43"><span class='ocrx_word' id='word_1_828' title='bbox 2033 4104 2253 4205; x_wconf 69' lang='lat' dir='ltr'><strong>expeqit</strong></span> <span class='ocrx_word' id='word_1_829' title='bbox 2279 4104 2423 4159; x_wconf 86' lang='lat' dir='ltr'><strong>enim</strong></span> <span class='ocrx_word' id='word_1_830' title='bbox 2456 4104 2573 4171; x_wconf 92' lang='lat' dir='ltr'><strong>tibi,</strong></span> <span class='ocrx_word' id='word_1_831' title='bbox 2608 4113 2665 4159; x_wconf 89' lang='lat' dir='ltr'><strong>ut</strong></span> <span class='ocrx_word' id='word_1_832' title='bbox 2695 4113 2885 4174; x_wconf 91' lang='lat' dir='ltr'><strong>pereat</strong></span> <span class='ocrx_word' id='word_1_833' title='bbox 2912 4119 3076 4158; x_wconf 92' lang='lat' dir='ltr'><strong>unum</strong></span> <span class='ocrx_word' id='word_1_834' title='bbox 3111 4102 3478 4159; x_wconf 89' lang='lat' dir='ltr'><strong>membrorum</strong></span> <span class='ocrx_word' id='word_1_835' title='bbox 3512 4110 3632 4158; x_wconf 85' lang='lat' dir='ltr'><strong>tuo-</strong></span> 
     </span>
    </p>
   </div>
   <div class='ocr_carea' id='block_1_103' title="bbox 2032 4194 3629 4270">
    <p class='ocr_par' dir='ltr' id='par_1_103' title="bbox 2032 4194 3629 4270">
     <span class='ocr_line' id='line_1_103' title="bbox 2032 4194 3629 4270; baseline -0.003 -15"><span class='ocrx_word' id='word_1_836' title='bbox 2032 4216 2175 4266; x_wconf 90' lang='lat' dir='ltr'><strong>rum,</strong></span> <span class='ocrx_word' id='word_1_837' title='bbox 2200 4194 2376 4270; x_wconf 76' lang='lat' dir='ltr'><strong>&#39;quam</strong></span> <span class='ocrx_word' id='word_1_838' title='bbox 2424 4206 2593 4253; x_wconf 85' lang='lat' dir='ltr'><strong>totum</strong></span> <span class='ocrx_word' id='word_1_839' title='bbox 2632 4212 2831 4267; x_wconf 91' lang='lat' dir='ltr'><strong>corpus</strong></span> <span class='ocrx_word' id='word_1_840' title='bbox 2873 4206 3022 4252; x_wconf 91' lang='lat' dir='ltr'><strong>tuum</strong></span> <span class='ocrx_word' id='word_1_841' title='bbox 3062 4196 3308 4252; x_wconf 89' lang='lat' dir='ltr'><strong>mittatur</strong></span> <span class='ocrx_word' id='word_1_842' title='bbox 3345 4196 3400 4251; x_wconf 91' lang='lat' dir='ltr'><strong>in</strong></span> <span class='ocrx_word' id='word_1_843' title='bbox 3427 4194 3629 4267; x_wconf 89' lang='lat' dir='ltr'><strong>gehen-</strong></span> 
     </span>
    </p>
   </div>
   <div class='ocr_carea' id='block_1_104' title="bbox 2035 4286 3636 4356">
    <p class='ocr_par' dir='ltr' id='par_1_104' title="bbox 2035 4286 3636 4356">
     <span class='ocr_line' id='line_1_104' title="bbox 2035 4286 3636 4356; baseline -0.002 -7"><span class='ocrx_word' id='word_1_844' title='bbox 2035 4309 2179 4349; x_wconf 89' lang='lat' dir='ltr'><strong>uarn.</strong></span> <span class='ocrx_word' id='word_1_845' title='bbox 2201 4294 2265 4349; x_wconf 88' lang='lat' dir='ltr'><strong>Et</strong></span> <span class='ocrx_word' id='word_1_846' title='bbox 2286 4295 2329 4350; x_wconf 92' lang='lat' dir='ltr'><strong>si</strong></span> <span class='ocrx_word' id='word_1_847' title='bbox 2352 4293 2575 4350; x_wconf 82' lang='lat' dir='ltr'><strong>dextera</strong></span> <span class='ocrx_word' id='word_1_848' title='bbox 2598 4306 2790 4347; x_wconf 90' lang='lat' dir='ltr'><strong>manus</strong></span> <span class='ocrx_word' id='word_1_849' title='bbox 2812 4301 2904 4348; x_wconf 90' lang='lat' dir='ltr'><strong>tua</strong></span> <span class='ocrx_word' id='word_1_850' title='bbox 2925 4290 3256 4348; x_wconf 82' lang='lat' dir='ltr'><strong>scandalizat</strong></span> <span class='ocrx_word' id='word_1_851' title='bbox 3278 4300 3351 4356; x_wconf 91' lang='lat' dir='ltr'><strong>te,</strong></span> <span class='ocrx_word' id='word_1_852' title='bbox 3375 4286 3636 4346; x_wconf 88' lang='lat' dir='ltr'><strong>abscinde</strong></span> 
     </span>
    </p>
   </div>
   <div class='ocr_carea' id='block_1_105' title="bbox 2033 4382 3631 4460">
    <p class='ocr_par' dir='ltr' id='par_1_105' title="bbox 2033 4382 3631 4460">
     <span class='ocr_line' id='line_1_105' title="bbox 2033 4382 3631 4460; baseline -0.004 -14"><span class='ocrx_word' id='word_1_853' title='bbox 2033 4403 2173 4455; x_wconf 87' lang='lat' dir='ltr'><strong>eam,</strong></span> <span class='ocrx_word' id='word_1_854' title='bbox 2217 4397 2271 4444; x_wconf 91' lang='lat' dir='ltr'><strong>et</strong></span> <span class='ocrx_word' id='word_1_855' title='bbox 2298 4386 2506 4460; x_wconf 89' lang='lat' dir='ltr'><strong>projice</strong></span> <span class='ocrx_word' id='word_1_856' title='bbox 2536 4386 2632 4441; x_wconf 88' lang='lat' dir='ltr'><strong>abs</strong></span> <span class='ocrx_word' id='word_1_857' title='bbox 2661 4394 2713 4442; x_wconf 90' lang='lat' dir='ltr'><strong>te</strong></span> <span class='ocrx_word' id='word_1_858' title='bbox 2743 4404 2754 4439; x_wconf 92' lang='lat'>:</span> <span class='ocrx_word' id='word_1_859' title='bbox 2789 4383 3007 4455; x_wconf 84' lang='lat' dir='ltr'><strong>expedit</strong></span> <span class='ocrx_word' id='word_1_860' title='bbox 3031 4383 3175 4440; x_wconf 91' lang='lat' dir='ltr'><strong>enim</strong></span> <span class='ocrx_word' id='word_1_861' title='bbox 3206 4382 3323 4452; x_wconf 92' lang='lat' dir='ltr'><strong>tibi,</strong></span> <span class='ocrx_word' id='word_1_862' title='bbox 3356 4389 3414 4437; x_wconf 91' lang='lat' dir='ltr'><strong>ut</strong></span> <span class='ocrx_word' id='word_1_863' title='bbox 3445 4388 3631 4451; x_wconf 80' lang='lat' dir='ltr'><strong>pereat</strong></span> 
     </span>
    </p>
   </div>
   <div class='ocr_carea' id='block_1_106' title="bbox 2036 4482 3635 4551">
    <p class='ocr_par' dir='ltr' id='par_1_106' title="bbox 2036 4482 3635 4551">
     <span class='ocr_line' id='line_1_106' title="bbox 2036 4482 3635 4551; baseline -0.004 -13"><span class='ocrx_word' id='word_1_864' title='bbox 2036 4499 2201 4538; x_wconf 91' lang='lat' dir='ltr'><strong>unum</strong></span> <span class='ocrx_word' id='word_1_865' title='bbox 2226 4482 2595 4537; x_wconf 90' lang='lat' dir='ltr'><strong>membrorum</strong></span> <span class='ocrx_word' id='word_1_866' title='bbox 2623 4490 2858 4545; x_wconf 86' lang='lat' dir='ltr'><strong>tuorum,</strong></span> <span class='ocrx_word' id='word_1_867' title='bbox 2883 4494 3045 4551; x_wconf 89' lang='lat' dir='ltr'><strong>quam</strong></span> <span class='ocrx_word' id='word_1_868' title='bbox 3071 4487 3241 4535; x_wconf 92' lang='lat' dir='ltr'><strong>totum</strong></span> <span class='ocrx_word' id='word_1_869' title='bbox 3264 4492 3458 4545; x_wconf 89' lang='lat' dir='ltr'><strong>corpus</strong></span> <span class='ocrx_word' id='word_1_870' title='bbox 3481 4484 3635 4533; x_wconf 91' lang='lat' dir='ltr'><strong>tuum</strong></span> 
     </span>
    </p>
   </div>
   <div class='ocr_carea' id='block_1_107' title="bbox 2035 4567 3636 4646">
    <p class='ocr_par' dir='ltr' id='par_1_107' title="bbox 2035 4567 3636 4646">
     <span class='ocr_line' id='line_1_107' title="bbox 2035 4567 3636 4646; baseline -0.005 -15"><span class='ocrx_word' id='word_1_871' title='bbox 2035 4583 2121 4631; x_wconf 90' lang='lat' dir='ltr'><strong>eat</strong></span> <span class='ocrx_word' id='word_1_872' title='bbox 2152 4577 2202 4631; x_wconf 91' lang='lat' dir='ltr'><strong>in</strong></span> <span class='ocrx_word' id='word_1_873' title='bbox 2235 4575 2561 4646; x_wconf 87' lang='lat' dir='ltr'><strong>gehennam.</strong></span> <span class='ocrx_word' id='word_1_874' title='bbox 2592 4572 2803 4629; x_wconf 91' lang='lat' dir='ltr'><strong>Dictum</strong></span> <span class='ocrx_word' id='word_1_875' title='bbox 2830 4581 2916 4627; x_wconf 91' lang='lat' dir='ltr'><strong>est</strong></span> <span class='ocrx_word' id='word_1_876' title='bbox 2946 4580 3126 4629; x_wconf 85' lang='lat' dir='ltr'><strong>autem</strong></span> <span class='ocrx_word' id='word_1_877' title='bbox 3158 4570 3534 4639; x_wconf 85' lang='lat' dir='ltr'><strong>:Quicumque</strong></span> <span class='ocrx_word' id='word_1_878' title='bbox 3552 4567 3636 4624; x_wconf 89' lang='lat' dir='ltr'><strong>di-</strong></span> 
     </span>
    </p>
   </div>
   <div class='ocr_carea' id='block_1_108' title="bbox 2040 4662 3638 4736">
    <p class='ocr_par' dir='ltr' id='par_1_108' title="bbox 2040 4662 3638 4736">
     <span class='ocr_line' id='line_1_108' title="bbox 2040 4662 3638 4736; baseline -0.006 -9"><span class='ocrx_word' id='word_1_879' title='bbox 2040 4671 2254 4727; x_wconf 90' lang='lat' dir='ltr'><strong>miserit</strong></span> <span class='ocrx_word' id='word_1_880' title='bbox 2294 4684 2521 4725; x_wconf 81' lang='lat' dir='ltr'><strong>uxorem</strong></span> <span class='ocrx_word' id='word_1_881' title='bbox 2559 4682 2734 4736; x_wconf 88' lang='lat' dir='ltr'><strong>suam,</strong></span> <span class='ocrx_word' id='word_1_882' title='bbox 2769 4668 2861 4722; x_wconf 93' lang='lat' dir='ltr'><strong>det</strong></span> <span class='ocrx_word' id='word_1_883' title='bbox 2903 4667 2949 4722; x_wconf 90' lang='lat' dir='ltr'><strong>ei</strong></span> <span class='ocrx_word' id='word_1_884' title='bbox 2983 4666 3226 4722; x_wconf 89' lang='lat' dir='ltr'><strong>libellum</strong></span> <span class='ocrx_word' id='word_1_885' title='bbox 3257 4662 3489 4735; x_wconf 87' lang='lat' dir='ltr'><strong>repudii.</strong></span> <span class='ocrx_word' id='word_1_886' title='bbox 3523 4662 3638 4733; x_wconf 86' lang='lat' dir='ltr'><strong>Ego</strong></span> 
     </span>
    </p>
   </div>
   <div class='ocr_carea' id='block_1_109' title="bbox 2038 4755 3638 4829">
    <p class='ocr_par' dir='ltr' id='par_1_109' title="bbox 2038 4755 3638 4829">
     <span class='ocr_line' id='line_1_109' title="bbox 2038 4755 3638 4829; baseline -0.006 -10"><span class='ocrx_word' id='word_1_887' title='bbox 2038 4773 2216 4819; x_wconf 87' lang='lat' dir='ltr'><strong>autem</strong></span> <span class='ocrx_word' id='word_1_888' title='bbox 2247 4762 2369 4817; x_wconf 90' lang='lat' dir='ltr'><strong>dico</strong></span> <span class='ocrx_word' id='word_1_889' title='bbox 2399 4760 2551 4815; x_wconf 82' lang='lat' dir='ltr'><strong>vobis</strong></span> <span class='ocrx_word' id='word_1_890' title='bbox 2584 4778 2597 4813; x_wconf 87' lang='lat'><strong>:</strong></span> <span class='ocrx_word' id='word_1_891' title='bbox 2627 4759 2764 4828; x_wconf 84' lang='lat' dir='ltr'><strong>Quia</strong></span> <span class='ocrx_word' id='word_1_892' title='bbox 2786 4759 2988 4826; x_wconf 90' lang='lat' dir='ltr'><strong>omnis,</strong></span> <span class='ocrx_word' id='word_1_893' title='bbox 3014 4759 3102 4829; x_wconf 93' lang='lat' dir='ltr'><strong>qui</strong></span> <span class='ocrx_word' id='word_1_894' title='bbox 3124 4755 3391 4813; x_wconf 86' lang='lat' dir='ltr'><strong>dimiserit</strong></span> <span class='ocrx_word' id='word_1_895' title='bbox 3411 4769 3638 4811; x_wconf 82' lang='lat' dir='ltr'><strong>uxorem</strong></span> 
     </span>
    </p>
   </div>
   <div class='ocr_carea' id='block_1_110' title="bbox 2040 4850 3641 4927">
    <p class='ocr_par' dir='ltr' id='par_1_110' title="bbox 2040 4850 3641 4927">
     <span class='ocr_line' id='line_1_110' title="bbox 2040 4850 3641 4927; baseline -0.007 -12"><span class='ocrx_word' id='word_1_896' title='bbox 2040 4874 2217 4925; x_wconf 90' lang='lat' dir='ltr'><strong>suam,</strong></span> <span class='ocrx_word' id='word_1_897' title='bbox 2259 4864 2485 4927; x_wconf 77' lang='lat' dir='ltr'><strong>excepta</strong></span> <span class='ocrx_word' id='word_1_898' title='bbox 2532 4853 2907 4910; x_wconf 87' lang='lat' dir='ltr'><strong>fornicationis</strong></span> <span class='ocrx_word' id='word_1_899' title='bbox 2948 4868 3138 4923; x_wconf 89' lang='lat' dir='ltr'><strong>cattsa,</strong></span> <span class='ocrx_word' id='word_1_900' title='bbox 3185 4850 3311 4906; x_wconf 89' lang='lat' dir='ltr'><strong>facit</strong></span> <span class='ocrx_word' id='word_1_901' title='bbox 3350 4863 3469 4905; x_wconf 91' lang='lat' dir='ltr'><strong>eam</strong></span> <span class='ocrx_word' id='word_1_902' title='bbox 3504 4861 3641 4904; x_wconf 72' lang='lat' dir='ltr'><strong>mm-</strong></span> 
     </span>
    </p>
   </div>
   <div class='ocr_carea' id='block_1_111' title="bbox 2041 4941 3639 5020">
    <p class='ocr_par' dir='ltr' id='par_1_111' title="bbox 2041 4941 3639 5020">
     <span class='ocr_line' id='line_1_111' title="bbox 2041 4941 3639 5020; baseline -0.007 -12"><span class='ocrx_word' id='word_1_903' title='bbox 2041 4951 2193 5008; x_wconf 88' lang='lat' dir='ltr'><strong>chari</strong></span> <span class='ocrx_word' id='word_1_904' title='bbox 2234 4967 2247 5005; x_wconf 88' lang='lat'><strong>:</strong></span> <span class='ocrx_word' id='word_1_905' title='bbox 2291 4960 2343 5005; x_wconf 91' lang='lat' dir='ltr'><strong>et</strong></span> <span class='ocrx_word' id='word_1_906' title='bbox 2380 4949 2473 5020; x_wconf 92' lang='lat' dir='ltr'><strong>qui</strong></span> <span class='ocrx_word' id='word_1_907' title='bbox 2514 4948 2793 5004; x_wconf 90' lang='lat' dir='ltr'><strong>dimissam</strong></span> <span class='ocrx_word' id='word_1_908' title='bbox 2833 4946 3069 5011; x_wconf 79' lang='lat' dir='ltr'><strong>duxerit,</strong></span> <span class='ocrx_word' id='word_1_909' title='bbox 3112 4943 3403 5001; x_wconf 85' lang='lat' dir='ltr'><strong>adulterat.</strong></span> <span class='ocrx_word' id='word_1_910' title='bbox 3432 4941 3639 4998; x_wconf 86' lang='lat' dir='ltr'><strong>lterum</strong></span> 
     </span>
    </p>
   </div>
   <div class='ocr_carea' id='block_1_112' title="bbox 2042 5035 3639 5114">
    <p class='ocr_par' dir='ltr' id='par_1_112' title="bbox 2042 5035 3639 5114">
     <span class='ocr_line' id='line_1_112' title="bbox 2042 5035 3639 5114; baseline -0.006 -15"><span class='ocrx_word' id='word_1_911' title='bbox 2042 5043 2269 5099; x_wconf 89' lang='lat' dir='ltr'><strong>audistis</strong></span> <span class='ocrx_word' id='word_1_912' title='bbox 2306 5043 2430 5114; x_wconf 89' lang='lat' dir='ltr'><strong>quia</strong></span> <span class='ocrx_word' id='word_1_913' title='bbox 2467 5041 2671 5097; x_wconf 92' lang='lat' dir='ltr'><strong>dictum</strong></span> <span class='ocrx_word' id='word_1_914' title='bbox 2709 5049 2789 5097; x_wconf 90' lang='lat' dir='ltr'><strong>est</strong></span> <span class='ocrx_word' id='word_1_915' title='bbox 2818 5040 3057 5111; x_wconf 87' lang='lat' dir='ltr'><strong>antiquis</strong></span> <span class='ocrx_word' id='word_1_916' title='bbox 3089 5058 3099 5093; x_wconf 89' lang='lat'>:</span> <span class='ocrx_word' id='word_1_917' title='bbox 3134 5038 3252 5094; x_wconf 87' lang='lat' dir='ltr'><strong>Non</strong></span> <span class='ocrx_word' id='word_1_918' title='bbox 3285 5035 3591 5107; x_wconf 84' lang='lat' dir='ltr'><strong>perjurabis</strong></span> <span class='ocrx_word' id='word_1_919' title='bbox 3624 5051 3639 5089; x_wconf 88' lang='lat'><strong>:</strong></span> 
     </span>
    </p>
   </div>
   <div class='ocr_carea' id='block_1_113' title="bbox 2042 5126 3644 5205">
    <p class='ocr_par' dir='ltr' id='par_1_113' title="bbox 2042 5126 3644 5205">
     <span class='ocr_line' id='line_1_113' title="bbox 2042 5126 3644 5205; baseline -0.007 -10"><span class='ocrx_word' id='word_1_920' title='bbox 2042 5138 2239 5195; x_wconf 86' lang='lat' dir='ltr'><strong>reddes</strong></span> <span class='ocrx_word' id='word_1_921' title='bbox 2259 5146 2441 5192; x_wconf 90' lang='lat' dir='ltr'><strong>autem</strong></span> <span class='ocrx_word' id='word_1_922' title='bbox 2465 5136 2695 5191; x_wconf 91' lang='lat' dir='ltr'><strong>Domino</strong></span> <span class='ocrx_word' id='word_1_923' title='bbox 2714 5134 3019 5205; x_wconf 88' lang='lat' dir='ltr'><strong>juramenta</strong></span> <span class='ocrx_word' id='word_1_924' title='bbox 3048 5142 3157 5187; x_wconf 90' lang='lat' dir='ltr'><strong>tua.</strong></span> <span class='ocrx_word' id='word_1_925' title='bbox 3184 5130 3298 5202; x_wconf 86' lang='lat' dir='ltr'><strong>Ego</strong></span> <span class='ocrx_word' id='word_1_926' title='bbox 3318 5138 3496 5185; x_wconf 91' lang='lat' dir='ltr'><strong>autem</strong></span> <span class='ocrx_word' id='word_1_927' title='bbox 3519 5126 3644 5184; x_wconf 89' lang='lat' dir='ltr'><strong>dico</strong></span> 
     </span>
    </p>
   </div>
   <div class='ocr_carea' id='block_1_114' title="bbox 2045 5219 3645 5300">
    <p class='ocr_par' dir='ltr' id='par_1_114' title="bbox 2045 5219 3645 5300">
     <span class='ocr_line' id='line_1_114' title="bbox 2045 5219 3645 5300; baseline -0.006 -14"><span class='ocrx_word' id='word_1_928' title='bbox 2045 5231 2223 5299; x_wconf 87' lang='lat' dir='ltr'><strong>vobis,</strong></span> <span class='ocrx_word' id='word_1_929' title='bbox 2255 5245 2361 5286; x_wconf 90' lang='lat' dir='ltr'><strong>non</strong></span> <span class='ocrx_word' id='word_1_930' title='bbox 2397 5229 2587 5300; x_wconf 90' lang='lat' dir='ltr'><strong>jurare</strong></span> <span class='ocrx_word' id='word_1_931' title='bbox 2609 5228 2856 5294; x_wconf 89' lang='lat' dir='ltr'><strong>omnino,</strong></span> <span class='ocrx_word' id='word_1_932' title='bbox 2896 5241 3071 5297; x_wconf 88' lang='lat' dir='ltr'><strong>neque</strong></span> <span class='ocrx_word' id='word_1_933' title='bbox 3115 5237 3214 5296; x_wconf 90' lang='lat' dir='ltr'><strong>per</strong></span> <span class='ocrx_word' id='word_1_934' title='bbox 3252 5222 3474 5287; x_wconf 70' lang='lat' dir='ltr'><strong>caelum,</strong></span> <span class='ocrx_word' id='word_1_935' title='bbox 3517 5219 3645 5291; x_wconf 85' lang='lat' dir='ltr'><strong>quia</strong></span> 
     </span>
    </p>
   </div>
   <div class='ocr_carea' id='block_1_115' title="bbox 2044 5314 3644 5395">
    <p class='ocr_par' dir='ltr' id='par_1_115' title="bbox 2044 5314 3644 5395">
     <span class='ocr_line' id='line_1_115' title="bbox 2044 5314 3644 5395; baseline -0.005 -14"><span class='ocrx_word' id='word_1_936' title='bbox 2044 5325 2273 5382; x_wconf 86' lang='lat' dir='ltr'><strong>thronus</strong></span> <span class='ocrx_word' id='word_1_937' title='bbox 2303 5325 2399 5381; x_wconf 89' lang='lat' dir='ltr'><strong>Dei</strong></span> <span class='ocrx_word' id='word_1_938' title='bbox 2431 5333 2515 5382; x_wconf 89' lang='lat' dir='ltr'><strong>est</strong></span> <span class='ocrx_word' id='word_1_939' title='bbox 2541 5341 2555 5378; x_wconf 92' lang='lat'><strong>:</strong></span> <span class='ocrx_word' id='word_1_940' title='bbox 2588 5338 2766 5395; x_wconf 90' lang='lat' dir='ltr'><strong>neque</strong></span> <span class='ocrx_word' id='word_1_941' title='bbox 2797 5337 2893 5394; x_wconf 88' lang='lat' dir='ltr'><strong>per</strong></span> <span class='ocrx_word' id='word_1_942' title='bbox 2922 5331 3146 5387; x_wconf 91' lang='lat' dir='ltr'><strong>terram,</strong></span> <span class='ocrx_word' id='word_1_943' title='bbox 3178 5319 3301 5391; x_wconf 89' lang='lat' dir='ltr'><strong>quia</strong></span> <span class='ocrx_word' id='word_1_944' title='bbox 3346 5314 3644 5374; x_wconf 89' lang='lat' dir='ltr'><strong>scabellum</strong></span> 
     </span>
    </p>
   </div>
   <div class='ocr_carea' id='block_1_116' title="bbox 2126 5497 3651 5572">
    <p class='ocr_par' dir='ltr' id='par_1_116' title="bbox 2126 5497 3651 5572">
     <span class='ocr_line' id='line_1_116' title="bbox 2126 5497 3651 5572; baseline -0.005 -10"><span class='ocrx_word' id='word_1_945' title='bbox 2126 5504 2150 5543; x_wconf 73' lang='grc' dir='ltr'><strong>ιι</strong></span> <span class='ocrx_word' id='word_1_946' title='bbox 2185 5506 2312 5562; x_wconf 65' lang='lat' dir='ltr'><strong>Haec</strong></span> <span class='ocrx_word' id='word_1_947' title='bbox 2339 5505 2406 5561; x_wconf 90' lang='lat' dir='ltr'><strong>de</strong></span> <span class='ocrx_word' id='word_1_948' title='bbox 2432 5504 2646 5560; x_wconf 88' lang='lat' dir='ltr'><strong>mitium</strong></span> <span class='ocrx_word' id='word_1_949' title='bbox 2672 5500 3008 5558; x_wconf 83' lang='lat' dir='ltr'><strong>beatitudine</strong></span> <span class='ocrx_word' id='word_1_950' title='bbox 3038 5500 3294 5572; x_wconf 87' lang='lat' dir='ltr'><strong>peric0pe</strong></span> <span class='ocrx_word' id='word_1_951' title='bbox 3319 5497 3500 5572; x_wconf 86' lang='lat' dir='ltr'><strong>alteri,</strong></span> <span class='ocrx_word' id='word_1_952' title='bbox 3527 5512 3651 5570; x_wconf 78' lang='lat' dir='ltr'><strong>qua:</strong></span> 
     </span>
    </p>
   </div>
   <div class='ocr_carea' id='block_1_117' title="bbox 2055 5571 3611 5645">
    <p class='ocr_par' dir='ltr' id='par_1_117' title="bbox 2055 5571 3611 5645">
     <span class='ocr_line' id='line_1_117' title="bbox 2055 5571 3611 5645; baseline -0.006 -11"><span class='ocrx_word' id='word_1_953' title='bbox 2055 5578 2123 5635; x_wconf 86' lang='lat' dir='ltr'><strong>de</strong></span> <span class='ocrx_word' id='word_1_954' title='bbox 2148 5576 2445 5645; x_wconf 79' lang='lat' dir='ltr'><strong>lugentium</strong></span> <span class='ocrx_word' id='word_1_955' title='bbox 2475 5588 2579 5640; x_wconf 92' lang='lat' dir='ltr'><strong>est,</strong></span> <span class='ocrx_word' id='word_1_956' title='bbox 2610 5576 2662 5629; x_wconf 91' lang='lat' dir='ltr'><strong>in</strong></span> <span class='ocrx_word' id='word_1_957' title='bbox 2694 5572 2885 5630; x_wconf 86' lang='lat' dir='ltr'><strong>Graeco</strong></span> <span class='ocrx_word' id='word_1_958' title='bbox 2911 5571 3206 5643; x_wconf 79' lang='lat' dir='ltr'><strong>exemplari</strong></span> <span class='ocrx_word' id='word_1_959' title='bbox 3237 5571 3611 5645; x_wconf 81' lang='lat' dir='ltr'><strong>posthabetur.</strong></span> 
     </span>
    </p>
   </div>
   <div class='ocr_carea' id='block_1_118' title="bbox 2129 5642 3657 5729">
    <p class='ocr_par' dir='ltr' id='par_1_118' title="bbox 2129 5642 3657 5729">
     <span class='ocr_line' id='line_1_118' title="bbox 2129 5642 3657 5729; baseline -0.005 -24"><span class='ocrx_word' id='word_1_960' title='bbox 2129 5660 2151 5687; x_wconf 78' lang='lat'>°</span> <span class='ocrx_word' id='word_1_961' title='bbox 2179 5642 2579 5729; x_wconf 45' lang='lat' dir='ltr'><strong>UuusBeginas</strong></span> <span class='ocrx_word' id='word_1_962' title='bbox 2602 5656 2967 5729; x_wconf 77' lang='lat' dir='ltr'><strong>ms._,reus_est</strong></span> <span class='ocrx_word' id='word_1_963' title='bbox 2986 5642 3217 5729; x_wconf 72' lang='lat' dir='ltr'><strong>judicio,</strong></span> <span class='ocrx_word' id='word_1_964' title='bbox 3240 5645 3370 5729; x_wconf 53' lang='lat' dir='ltr'><strong>Mox</strong></span> <span class='ocrx_word' id='word_1_965' title='bbox 3399 5642 3490 5699; x_wconf 89' lang='lat' dir='ltr'><strong>ubi</strong></span> <span class='ocrx_word' id='word_1_966' title='bbox 3519 5642 3657 5729; x_wconf 77' lang='lat' dir='ltr'><strong>dici-</strong></span> 
     </span>
    </p>
   </div>
   <div class='ocr_carea' id='block_1_119' title="bbox 2054 5713 3649 5792">
    <p class='ocr_par' dir='ltr' id='par_1_119' title="bbox 2054 5713 3649 5792">
     <span class='ocr_line' id='line_1_119' title="bbox 2054 5713 3649 5792; baseline -0.001 -16"><span class='ocrx_word' id='word_1_967' title='bbox 2054 5732 2159 5789; x_wconf 90' lang='lat' dir='ltr'><strong>tur,</strong></span> <span class='ocrx_word' id='word_1_968' title='bbox 2210 5723 2397 5789; x_wconf 75' lang='lat' dir='ltr'><strong>omnis,</strong></span> <span class='ocrx_word' id='word_1_969' title='bbox 2433 5713 2527 5792; x_wconf 64' lang='lat' dir='ltr'><strong>qui</strong></span> <span class='ocrx_word' id='word_1_970' title='bbox 2564 5720 2806 5774; x_wconf 70' lang='lat' dir='ltr'><strong>irascitur</strong></span> <span class='ocrx_word' id='word_1_971' title='bbox 2849 5713 3000 5790; x_wconf 74' lang='lat' dir='ltr'><strong>fratri</strong></span> <span class='ocrx_word' id='word_1_972' title='bbox 3036 5734 3153 5785; x_wconf 73' lang='lat' dir='ltr'><strong>suo,</strong></span> <span class='ocrx_word' id='word_1_973' title='bbox 3189 5716 3430 5773; x_wconf 85' lang='lat' dir='ltr'><strong>additum</strong></span> <span class='ocrx_word' id='word_1_974' title='bbox 3465 5722 3551 5773; x_wconf 82' lang='lat' dir='ltr'><strong>est</strong></span> <span class='ocrx_word' id='word_1_975' title='bbox 3592 5713 3649 5774; x_wconf 87' lang='lat' dir='ltr'><strong>in</strong></span> 
     </span>
    </p>
   </div>
   <div class='ocr_carea' id='block_1_120' title="bbox 2050 5793 2753 5859">
    <p class='ocr_par' dir='ltr' id='par_1_120' title="bbox 2050 5793 2753 5859">
     <span class='ocr_line' id='line_1_120' title="bbox 2050 5793 2753 5859; baseline -0.007 -9"><span class='ocrx_word' id='word_1_976' title='bbox 2050 5793 2241 5851; x_wconf 70' lang='lat' dir='ltr'><strong>Graeco</strong></span> <span class='ocrx_word' id='word_1_977' title='bbox 2276 5796 2403 5859; x_wconf 82' lang='grc' dir='ltr'><strong>εἰκῆ,</strong></span> <span class='ocrx_word' id='word_1_978' title='bbox 2434 5794 2545 5847; x_wconf 81' lang='lat' dir='ltr'><strong>sine</strong></span> <span class='ocrx_word' id='word_1_979' title='bbox 2572 5808 2753 5846; x_wconf 84' lang='lat' dir='ltr'><strong>causa.</strong></span> 
     </span>
    </p>
   </div>
   <div class='ocr_carea' id='block_1_121' title="bbox 2125 5862 3209 5941">
    <p class='ocr_par' dir='ltr' id='par_1_121' title="bbox 2125 5862 3209 5941">
     <span class='ocr_line' id='line_1_121' title="bbox 2125 5862 3209 5941; baseline -0.006 -19"><span class='ocrx_word' id='word_1_980' title='bbox 2125 5864 2145 5905; x_wconf 73' lang='grc' dir='ltr'>ί</span> <span class='ocrx_word' id='word_1_981' title='bbox 2177 5865 2327 5924; x_wconf 86' lang='lat' dir='ltr'><strong>Alias</strong></span> <span class='ocrx_word' id='word_1_982' title='bbox 2356 5863 2486 5934; x_wconf 82' lang='lat' dir='ltr'><strong>o/fer</strong></span> <span class='ocrx_word' id='word_1_983' title='bbox 2513 5880 2531 5921; x_wconf 89' lang='lat'><strong><em>:</em></strong></span> <span class='ocrx_word' id='word_1_984' title='bbox 2561 5878 2689 5923; x_wconf 91' lang='lat' dir='ltr'><strong>cum</strong></span> <span class='ocrx_word' id='word_1_985' title='bbox 2715 5864 2907 5923; x_wconf 80' lang='lat' dir='ltr'><strong>Graeco</strong></span> <span class='ocrx_word' id='word_1_986' title='bbox 2932 5862 3209 5941; x_wconf 73' lang='grc' dir='ltr'><strong>πρόσφερε.</strong></span> 
     </span>
    </p>
   </div>
  </div>
