4036 6326
603 312 710 370 5η

1605 313 1666 374 8.
1709 308 2090 375 HIERONYMI
2131 307 2362 371 DlVlNA
2405 310 2880 370 BIBLIOTIIECA.

3747 324 3832 386 648

604 441 690 487 est
722 428 918 500 pedum
945 427 1065 500 ejus
1099 443 1114 484 :
1145 443 1319 500 neque
1349 443 1446 502 per
1471 427 1892 503 Jerosolymam,
1923 429 2046 502 quia
2074 426 2208 483 civi-
2235 428 2284 489 Α
2313 427 2403 485 Sic
2431 445 2559 499 ergo
2585 445 2683 483 vos
2713 429 2972 485 orabitis:
3007 429 3164 486 Pater
3190 438 3396 498 noster,
3429 433 3583 504 quies
3609 438 3655 491 in
3682 443 3802 496 cmli~
3826 466 3834 496 ;

603 533 684 579 tas
714 533 797 578 est
823 522 1002 595 magni
1029 523 1172 594 regis
1197 542 1210 576 :
1240 539 1417 595 neque
1441 538 1535 594 per
1558 534 1719 593 caput
1741 532 1888 579 tuum
1908 521 2200 593 iuraveris,

601 621 729 689 quia
759 632 865 672 non
897 627 1052 690 potes
1085 634 1250 673 unum
1280 618 1534 686 capillum
1564 617 1748 674 album
1776 617 1979 680 facere,
2002 624 2094 670 aut
2123 615 2206 670 ni-

599 729 774 786 grum.
809 713 891 770 Sit
919 720 1100 769 autem
1127 727 1311 768 sermo
1344 723 1546 781 vester,
1581 721 1685 780 est,
1718 723 1802 768 est
1834 729 1847 766 :
1883 726 2017 777 non,
2052 724 2200 766 non:

594 805 736 879 quod
767 813 944 860 autem
974 804 1058 859 his
1082 803 1450 861 abundantius
1476 814 1582 870 est,
1606 821 1634 858 τι
1661 805 1803 859 malo
1825 810 1929 861 est.
1958 803 2202 858 Audistis

596 901 722 970 quia
763 898 969 955 dictum
1005 911 1083 956 est
1123 899 1390 956 :Oculum
1426 915 1523 969 pro
1553 899 1732 966 oculo,
1763 907 1819 954 et
1848 897 2070 953 dentem
2105 912 2201 968 pro

593 993 780 1050 dente.
827 994 938 1065 Ego
975 1007 1158 1050 autem
1199 991 1323 1049 dico
1361 994 1535 1060 vobis,
1579 1010 1686 1048 non
1732 994 1993 1049 resistere
2036 993 2198 1061 malo,

594 1085 844 1160 [xxxvun
879 1085 959 1157 5.]
989 1087 1085 1144 sed
1125 1087 1170 1142 si
1216 1087 1338 1158 quis
1379 1096 1432 1142 te
1477 1085 1804 1154 percusserit
1833 1085 1886 1140 in
1917 1085 2198 1141 dexteram

591 1182 866 1237 maxillam
899 1190 1070 1248 tuam,
1097 1180 1276 1251 praebe
1311 1180 1387 1234 illi
1418 1191 1471 1235 et
1495 1180 1721 1234 alteram
1755 1197 1768 1233 :
1801 1180 1948 1242 etei,
1973 1177 2202 1250 quivult

591 1283 768 1331 tecum
805 1274 1010 1346 judicio
1046 1275 1402 1341 contendere,
1438 1283 1495 1330 et
1535 1273 1774 1330 tunicam
1803 1285 1946 1329 tuam
1979 1273 2194 1342 tollere,

590 1371 806 1426 dimitte
834 1372 882 1426 ci
928 1378 982 1426 et
1019 1371 1260 1442 pallium,
1295 1371 1513 1443 [κιιιικ.
1545 1369 1661 1442 10.]
1701 1381 1755 1427 et
1781 1371 2106 1441 quicumque
2145 1377 2200 1423 te

589 1462 955 1535 angariaverit
987 1464 1134 1520 mille
1163 1479 1378 1536 passus,
1410 1463 1548 1522 vade
1571 1479 1693 1520 cum
1724 1463 1818 1520 illo
1846 1471 1900 1518 et
1927 1461 2031 1518 alia
2064 1461 2194 1518 duo.

585 1555 688 1625 Qui
736 1556 869 1627 petit
907 1574 937 1612 a
982 1565 1054 1626 te,
1097 1559 1165 1614 da
1210 1557 1260 1613 ei
1305 1575 1318 1612 :
1358 1567 1413 1613 et
1458 1556 1661 1613 volenti
1698 1556 1932 1612 mutuari
1959 1571 1988 1609 a
2021 1563 2094 1618 te,
2128 1570 2196 1612 ne

585 1653 874 1709 avertaris.
920 1651 1166 1710 Audistis
1206 1654 1330 1725 quia
1370 1652 1573 1709 dictum
1604 1661 1690 1710 est
1721 1671 1734 1710 :
1768 1653 1974 1724 Diliges
2005 1653 2182 1723 proxi-

585 1763 732 1803 mum
766 1756 940 1816 tuum,
965 1746 1198 1804 et‘odio
1221 1747 1448 1803 habebis
1469 1747 1747 1803 inimicum
1771 1752 1943 1801 tuum.
1972 1746 2085 1820 [n.,
2111 1742 2191 1815 5.]

2307 523 2676 580 sanctificetur
2707 541 2904 578 nomen
2938 533 3108 579 ttttttn.
3140 535 3162 561 ο
3190 525 3451 580 Adveniat
3481 543 3676 598 regnum
3702 546 3838 591 lutttn.

2307 615 2427 672 Fiat
2457 617 2706 673 voluntas
2749 626 2859 682 tua,
2893 617 3032 674 sicut
3075 617 3129 673 in
3155 619 3316 689 cceio,
3349 631 3396 674 et
3430 619 3479 675 in
3510 633 3654 682 terra.
3683 627 3840 684 Panem

2306 721 2557 765 nostrum
2602 711 3184 780 supersubstantialetn
3216 712 3281 766 da
3315 712 3466 768 nobis
3495 714 3658 773 hodie.
3698 721 3753 775 lit
3775 723 3840 777 di-

2306 803 2461 858 mitte
2488 803 2645 858 nobis
2670 802 2849 858 debita
2877 811 3084 870 nostra,
3110 805 3251 860 sicut
3276 814 3328 859 et
3352 820 3448 861 nos
3464 806 3749 866 dimittimus
3765 813 3836 868 dc-

2305 894 2571 952 bitoribus
2602 897 2823 952 nostris.
2856 897 2922 952 Et
2953 913 3020 954 ne
3051 913 3150 954 nos
3180 898 3406 954 inducas
3448 899 3495 955 in
3525 905 3841 964 teutationem.

2304 992 2411 1047 Sed
2439 992 2604 1048 libera
2647 1008 2745 1047 nos
2773 1009 2800 1046 a
2830 995 2994 1048 malo.
3031 995 3221 1050 Amen.
3256 994 3429 1066 μων,
3454 995 3530 1067 6.]
3564 996 3614 1052 Si
3635 999 3759 1054 enim
3781 1000 3844 1056 di-

2306 1085 2566 1141 miseritis
2600 1086 2911 1142 hominibus
2942 1097 3168 1157 peccata
3207 1103 3396 1144 eorum
3428 1106 3441 1142 :
3473 1089 3690 1148 dimittet
3708 1103 3754 1149 et
3771 1111 3843 1149 vo-

2307 1180 2390 1236 bis
2431 1190 2586 1252 pater
2615 1193 2798 1238 vester
2827 1183 3066 1240 εωιεειὶε
3101 1185 3115 1222 ί
3157 1183 3352 1241 delicta
3382 1198 3574 1242 vestra.
3613 1188 3664 1244 Si
3704 1201 3846 1247 autem

2302 1289 2410 1331 non
2457 1276 2774 1332 dimiseritis
2804 1277 3133 1347 hominibus,
3177 1294 3277 1336 nec
3320 1289 3476 1352 pater
3505 1292 3669 1338 vester
3693 1284 3843 1339 dimit-

2305 1376 2381 1425 tet
2405 1369 2559 1426 vobis
2597 1381 2814 1442 peccata
2846 1380 3051 1429 vestra.

2375 1462 2524 1536 μιν,
2557 1462 2668 1535 10.]
2698 1463 2831 1520 Cum
2863 1475 3044 1521 autem
3074 1466 3333 1537 jejunatis
3358 1507 3374 1535 ,
3401 1467 3568 1524 nolite
3609 1468 3710 1524 ﬁeri
3734 1468 3844 1525 sicut

2301 1554 2598 1627 hypocrita
2631 1559 2812 1614 tristes
2831 1599 2846 1613 .
2881 1560 3258 1616 Exterminant
3288 1562 3435 1618 enim
3465 1563 3622 1617 facies
3651 1577 3774 1629 suas,
3803 1571 3849 1617 ιιι

2297 1657 2602 1717 appareant
2637 1649 2946 1706 hominibus
2987 1651 3320 1722 jejunantes.
3355 1653 3525 1711 Amen
3555 1653 3668 1710 dico
3706 1655 3848 1718 vobis.

2295 1741 2420 1812 quia
2472 1753 2796 1813 receperunt
2853 1745 3159 1802 mercedem
3206 1760 3382 1802 suam.
3417 1747 3497 1802 'l‘u
3527 1759 3730 1816 autem,
3752 1764 3848 1803 cum

589 1838 703 1908 Ego
727 1847 906 1894 autem
929 1838 1052 1895 dico
1073 1837 1227 1894 vobis
1255 1854 1270 1892 :
1294 1838 1502 1910 diligite
1525 1839 1776 1895 inimicos
1796 1847 2028 1902 vestros,
2048 1835 2073 1875 ¹³
2091 1835 2190 1892 be-
2223 1830 2268 1892 Β
2291 1833 2528 1906 jejunas,
2557 1852 2696 1908 unge
2722 1847 2884 1909 caput
2931 1849 3081 1894 tuum
3108 1884 3121 1907 ,
3152 1850 3205 1895 et
3246 1840 3444 1896 faciem
3487 1851 3626 1897 tuam
3651 1842 3772 1909 lava,
3797 1858 3852 1898 ne

586 1931 818 1989 nefacite
856 1933 961 2002 his,
1004 1932 1097 2004 qui
1133 1933 1366 1989 oderunt
1400 1948 1497 1988 vos
1539 1950 1554 1988 :
1598 1941 1654 1988 et
1682 1940 1834 1987 orate
1869 1946 1968 2000 pro
1998 1943 2185 2001 perse-

583 2026 900 2100 quentibus,
932 2036 986 2083 ct
1015 2025 1472 2084 calumniantibus
1499 2039 1595 2080 vos
1629 2042 1641 2080 :
1679 2031 1738 2080 ut
1759 2022 1878 2080 sitis
1902 2023 1994 2079 lilii
2021 2022 2192 2092 patris

583 2122 774 2192 vestri,
807 2122 898 2194 qui
939 2120 993 2177 in
1035 2121 1193 2186 caelis
1224 2127 1308 2178 est
1341 2139 1352 2175 ε
1387 2121 1481 2192 qui
1512 2120 1685 2175 solem
1711 2133 1870 2174 suum
1898 2116 2033 2173 oriri
2065 2115 2191 2171 facit

581 2231 746 2289 super
776 2216 953 2273 bonos
993 2226 1044 2272 et
1073 2215 1250 2273 malos
1281 2233 1293 2270 :
1328 2223 1383 2271 et
1407 2213 1546 2287 pluit
1573 2229 1736 2284 super
1757 2213 1936 2284 justos
1962 2220 2019 2268 et
2044 2211 2186 2281 inju-

583 2319 718 2366 stos.
747 2311 883 2382 [,th,
915 2310 996 2380 5.]
1025 2309 1083 2367 Si
1123 2309 1270 2366 enim
1302 2307 1528 2380 diligitis
1557 2322 1654 2365 eos
1682 2308 1775 2380 qtti
1805 2320 1902 2363 vos
1931 2305 2184 2378 diligunt,

580 2419 739 2475 quam
790 2403 1095 2460 mercedem
1138 2403 1443 2459 habebitis?
1480 2415 1663 2458 nonne
1693 2409 1750 2458 et
1780 2400 2053 2472 publicani
2084 2400 2187 2454 l'toc

580 2496 824 2552 faciunt?
872 2498 936 2552 Et
977 2498 1021 2552 si
1069 2495 1442 2554 salutaveritis
1483 2494 1679 2550 fratres
1710 2501 1922 2549 vestros
1951 2501 2183 2557 tantum,

578 2591 706 2663 quid
750 2590 981 2661 amplius
1023 2590 1243 2647 facitis?
1281 2604 1462 2645 nonne
1491 2597 1547 2645 et
1571 2587 1777 2644 ethnici
1809 2585 1912 2642 hoc
1948 2583 2186 2641 faciunt?

576 2683 767 2740 Estote
793 2699 923 2755 ergo
947 2698 1047 2739 vos
1075 2681 1342 2755 perfecti,
1371 2681 1513 2738 sicut
1543 2690 1597 2738 et
1626 2689 1786 2752 pater
1813 2689 1996 2737 vester
2019 2678 2184 2736 ctele-

575 2777 676 2832 stis
708 2774 981 2847 perl‘ectus
1009 2786 1113 2832 est.

643 2869 798 2943 [Cap.
830 2867 914 2924 Vl.
949 2884 1082 2933 χιιι,
1108 2866 1221 2940 l0.]
1249 2867 1524 2924 Attendite
1547 2881 1614 2923 ne
1637 2865 1907 2938 justitiam
1939 2874 2178 2921 veSIram

573 2961 789 3019 faciatis
811 2978 996 3018 coram
1025 2961 1358 3030 hominibus,
1393 2971 1450 3015 ut
1477 2959 1768 3015 videamini
1798 2958 1867 3014 ab
1890 2958 1972 3014 eis
2002 2973 2016 3012 :
2041 2958 2179 3012 alio-

572 3057 702 3129 quin
738 3055 1181 3124 mercedetngnon
1207 3052 1470 3110 habebitis
1501 3051 1645 3123 apud
1669 3060 1879 3123 patrem
1907 3058 2175 3116 vestrum,

569 3149 661 3221 qui
697 3149 752 3203 in
790 3147 946 3205 caelis
973 3156 1076 3202 est.
1111 3145 1245 3201 Cum
1271 3159 1403 3214 ergo
1426 3143 1560 3201 lacis
1589 3145 2025 3214 eleemosyuam,
2061 3139 2176 3197 noli

2297 1929 2535 1986 videaris
2581 1929 2892 1988 hominibus
2934 1932 3218 2004 jejunans,
3245 1934 3341 1988 sed
3370 1935 3508 2004 patri
3551 1946 3656 1999 tuo,
3689 1937 3767 2005 qui
3789 1943 3856 1990 est

2292 2023 2347 2078 iu
2369 2023 2690 2080 abscondito
2715 2041 2730 2082 :
2751 2034 2808 2080 et
2831 2035 2984 2095 pater
3013 2035 3156 2094 tuus,
3180 2028 3271 2099 qui
3303 2028 3451 2085 videt
3476 2030 3528 2086 in
3556 2029 3853 2092 abscondito,

2293 2115 2484 2172 reddet
2531 2117 2650 2172 tibi.
2699 2117 2876 2175 Nolite
2909 2119 3279 2179 thesaurizare
3317 2123 3478 2178 vobis
3523 2124 3785 2180 thesauros
3811 2123 3852 2176 in

2293 2216 2440 2264 terra
2475 2226 2489 2262 :
2523 2210 2610 2265 ubi
2655 2226 2859 2281 rerugo,
2894 2220 2950 2267 et
2976 2211 3122 2268 tinea
3150 2214 3482 2271 demolitur:
3531 2226 3586 2272 et
3617 2215 3698 2272 ubi
3734 2215 3857 2270 fures

2290 2300 2578 2369 ell‘udiunt,
2609 2311 2664 2358 et
2701 2303 2964 2358 furantur.
3004 2304 3168 2377 [n.vt,
3193 2305 3274 2377 5.]
3303 2306 3687 2364 Thesaurizate
3708 2315 3856 2363 autem

2290 2394 2444 2450 vobis
2475 2395 2760 2452 thesauros
2792 2397 2844 2452 in
2885 2397 3027 2455 cmlo
3063 2418 3076 2454 :
3109 2399 3198 2456 ubi
3221 2410 3224 2412 ‘
3247 2416 3428 2473 neque
3467 2417 3668 2474 aerugo,
3713 2417 3857 2470 neque

2291 2487 2438 2542 tinea
2466 2486 2790 2556 demolitur,
2821 2504 2877 2545 et
2901 2490 2993 2547 ubi
3025 2493 3171 2547 fures
3207 2508 3314 2548 non
3362 2493 3649 2565 eﬁ‘odiunt,
3681 2509 3769 2550 nec
3795 2494 3858 2548 iu-

2287 2591 2501 2637 rantur.
2537 2582 2638 2638 Ubi
2677 2585 2822 2639 enim
2854 2594 2941 2640 est
2982 2583 3273 2642 thesaurus
3312 2595 3463 2658 tuus,
3496 2588 3568 2645 ibi
3596 2601 3677 2644 est
3712 2597 3762 2645 et
3780 2602 3859 2642 eor

2288 2682 2462 2729 tuum.
2502 2673 2701 2747 [xum
2733 2675 2814 2748 5.]
2842 2675 3088 2734 Lucerna
3123 2679 3374 2750 corporis
3404 2691 3431 2730 ε
3472 2682 3551 2738 ιιιὶ
3599 2689 3679 2737 est
3702 2680 3862 2738 oculus

2285 2775 2428 2823 tuus.
2466 2766 2524 2824 Si
2555 2768 2747 2824 oculus
2775 2777 2899 2825 tuus
2944 2771 3105 2828 luerit
3145 2773 3378 2842 simplex
3413 2789 3431 2830 :
3483 2781 3656 2830 totum
3692 2786 3862 2842 corpus

2284 2871 2435 2917 tuum
2469 2862 2705 2919 lucidum
2735 2865 2856 2920 erit.
2894 2865 2952 2922 Si
2991 2876 3172 2922 autem
3215 2869 3414 2923 oculus
3447 2876 3572 2925 tuus
3599 2869 3755 2926 fuerit
3785 2882 3864 2924 ne-

2282 2969 2444 3026 quam
2498 2971 2512 3010 :
2563 2964 2734 3012 totum
2779 2972 2982 3030 corpus
3038 2969 3188 3016 tuum
3243 2963 3602 3019 tenebrosum
3649 2963 3777 3019 erit.
3813 2962 3862 3016 Si

2279 3063 2416 3119 ergo
2439 3050 2645 3118 lumen,
2677 3051 2824 3122 quod
2855 3052 2909 3107 in
2952 3061 3004 3109 te
3029 3063 3134 3118 εει,
3168 3055 3416 3112 tenebm
3444 3067 3580 3112 sunt
3611 3059 3770 3128 :ipsaa
3793 3064 3863 3112 te-

2281 3143 2466 3199 nebrae
2492 3156 2708 3214 quantre
2733 3147 2926 3202 erunt?
2953 3149 3167 3221 [mnt,
3195 3147 3277 3220 5.]
3322 3150 3502 3208 Nemo
3532 3160 3710 3221 potest
3751 3149 3865 3206 duo-

570 3241 700 3296 tuba
731 3255 928 3296 canere
951 3247 1078 3294 ante
1110 3249 1185 3307 te,
1220 3237 1364 3293 sicut
1389 3237 1688 3308 hypocrita:
1706 3235 1914 3292 faciunt
1937 3236 1989 3289 in
2011 3248 2173 3306 syna-
2197 3228 2244 3294 C
2277 3235 2381 3292 bus
2411 3237 2648 3294 dominis
2677 3241 2888 3297 servire
2921 3261 2933 3294 :
2980 3252 3073 3299 aut
3100 3245 3243 3299 enim
3285 3261 3457 3301 unum
3486 3247 3619 3303 odio
3646 3244 3863 3310 habebit,

568 3333 758 3404 gogis,
807 3338 863 3388 et
905 3329 957 3386 in
989 3329 1145 3399 vicis,
1178 3339 1236 3385 ut
1272 3329 1706 3386 honoriﬁcentur
1731 3327 1800 3384 ab
1835 3327 2166 3384 hominibus.

567 3427 742 3482 Amen
793 3424 918 3482 dico
947 3425 1123 3494 vobis,
1179 3433 1503 3494 receperunt
1551 3421 1863 3480 mercedem
1887 3436 2062 3477 suam.
2094 3421 2171 3479 Te

565 3526 748 3576 autem
796 3518 1030 3576 faciente
1067 3519 1475 3587 eleemosynam
1502 3560 1516 3584 ,
1558 3519 1770 3574 nesciat
1817 3517 2036 3574 sinistra
2078 3525 2166 3572 tua

562 3610 694 3684 quid
747 3611 907 3670 iaciat
941 3611 1167 3669 dextera
1206 3621 1294 3667 tua
1328 3627 1342 3665 :
1376 3618 1435 3666 ut
1454 3611 1526 3667 sit
1564 3611 1913 3684 eleemosyua
1943 3622 2030 3666 tua
2061 3611 2114 3666 in
2142 3621 2167 3652 ε

561 3707 884 3764 abscondito
907 3750 924 3776 ,
951 3713 1007 3764 et
1034 3715 1190 3778 pater
1220 3713 1347 3762 tuus
1372 3747 1388 3774 ,
1416 3707 1508 3777 qui
1540 3705 1689 3763 videt
1717 3706 1772 3761 in
1810 3706 2162 3772 abscondito,

561 3800 752 3858 reddet
794 3801 912 3856 tibi.
971 3801 1036 3858 Et
1078 3816 1202 3857 cum
1240 3801 1433 3867 oratis,
1466 3813 1572 3855 non
1619 3800 1773 3856 eritis
1817 3800 1959 3855 sicut
1986 3798 2163 3870 hypo-

559 3896 743 3964 critze,
775 3895 865 3964 qui
895 3903 1079 3949 amant
1105 3894 1158 3950 in
1190 3893 1481 3966 synagogis
1511 3902 1566 3948 et
1593 3893 1647 3947 in
1697 3893 1910 3963 angulis
1956 3893 2165 3962 platea-

557 4003 677 4044 rum
729 3995 939 4044 stantes
993 4001 1185 4056 orare,
1231 3995 1290 4040 ut
1344 3985 1633 4042 videantur
1682 3985 1753 4040 ab
1801 3984 2159 4040 hominibus:

556 4099 715 4138 amen
754 4081 877 4138 dico
919 4082 1106 4151 vobis,
1148 4089 1480 4153 receperunt
1522 4081 1829 4137 mercedem
1867 4095 2044 4138 suam.
2080 4080 2160 4137 Tu

556 4183 742 4230 autem
779 4189 902 4230 cum
948 4175 1226 4238 oraveris,
1260 4174 1402 4230 intra
1443 4175 1498 4230 in
1530 4175 1838 4231 cubiculum
1885 4183 2070 4243 tuum,
2105 4181 2164 4230 et

554 4267 744 4322 clauso
786 4267 930 4323 ustio
964 4265 1015 4337 α,
1047 4283 1143 4323 ora
1192 4277 1403 4339 patrem
1435 4277 1589 4324 tuum
1629 4268 1681 4323 in
1713 4267 2034 4322 abscondito
2063 4285 2077 4321 :
2105 4277 2163 4325 et

556 4369 713 4432 pater
752 4370 904 4428 tuus,
945 4361 1036 4432 qui
1083 4361 1234 4417 videt
1287 4362 1340 4416 in
1391 4360 1742 4428 abscondito,
1791 4359 1986 4416 reddet
2037 4360 2158 4416 tibi.

555 4457 732 4530 [xt.lll,
769 4456 848 4531 5.]
876 4459 1110 4516 Orantes
1136 4466 1340 4530 autem,
1366 4459 1534 4514 nolite
1561 4458 1790 4513 multum
1820 4457 1990 4528 loqui,
2017 4457 2160 4513 sicut

553 4550 778 4607 ethnici.
815 4550 1011 4607 Putant
1037 4551 1182 4607 enim
1205 4550 1350 4622 quod
1391 4551 1445 4606 in
1487 4549 1828 4620 multiloquio
1853 4564 1954 4605 suo
1983 4561 2155 4605 exau-

2275 3338 2332 3385 et
2359 3331 2587 3387 alterum
2612 3332 2804 3404 diliget
2835 3350 2850 3392 :
2881 3342 2973 3390 aut
3009 3351 3173 3391 unum
3206 3337 3532 3408 sustinebit,
3567 3349 3623 3396 et
3658 3338 3863 3394 alterum

2273 3431 2605 3480 contemnet.
2636 3424 2756 3481 Non
2787 3427 3015 3497 potestis
3056 3428 3172 3485 Deo
3207 3432 3427 3489 servire
3459 3444 3518 3490 et
3546 3432 3849 3490 Hammona:

2274 3516 2442 3590 [xum
2491 3516 2570 3588 5.]
2619 3518 2746 3576 ldeo
2772 3519 2895 3576 dico
2922 3521 3098 3588 vobis,
3141 3538 3209 3580 ne
3248 3525 3486 3584 solliciti
3527 3527 3649 3583 sitis
3689 3526 3866 3583 anima:

2269 3622 2471 3667 vestrae
2515 3611 2647 3683 quid
2701 3612 3042 3670 manducetis
3085 3613 3138 3683 ιι,
3198 3631 3379 3690 neque
3426 3621 3656 3692 corpori
3700 3627 3869 3676 vestro

2267 3705 2397 3778 quid
2440 3705 2764 3763 induamini.
2813 3708 3009 3766 Nonne
3049 3710 3229 3767 anima
3259 3712 3384 3781 plus
3406 3723 3500 3770 est
3526 3729 3690 3786 quam
3717 3726 3866 3770 esca:

2267 3809 2324 3855 et
2369 3815 2568 3871 corpus
2606 3802 2728 3872 plus
2755 3818 2916 3872 quam
2945 3804 3328 3861 vestimentum
3355 3809 3380 3860 ἲ
3423 3805 3710 3879 Respicite
3734 3803 3866 3862 vola-

2269 3892 2384 3946 tilia
2433 3893 2580 3960 coeii,
2621 3895 2879 3965 quoniam
2908 3912 3016 3952 non
3043 3906 3265 3960 serunt,
3297 3914 3488 3972 neque
3532 3908 3764 3969 metunt,
3788 3911 3870 3953 ne-

2263 4001 2373 4056 que
2409 3996 2744 4059 congregarat
2793 3989 2848 4044 in
2881 3989 3074 4046 horrea
3109 4008 3121 4044 :
3152 3999 3209 4046 et
3236 4000 3394 4062 pater
3430 4002 3624 4050 vester
3647 3989 3871 4048 catastis

2266 4079 2446 4150 pascit
2489 4081 2600 4136 illa.
2634 4081 2829 4138 Nonne
2859 4098 2955 4138 vos
2995 4083 3169 4154 magis
3202 4084 3372 4154 pluris
3409 4086 3553 4143 estis
3581 4084 3871 4152 illisiQuis

2262 4184 2443 4232 autem
2475 4186 2715 4231 vestrum
2747 4176 2992 4248 cogitans
3023 4187 3202 4248 potest
3232 4179 3486 4250 adjicere
3516 4181 3587 4238 ad
3621 4189 3869 4237 staturam

2261 4283 2420 4324 suam
2447 4269 2693 4326 cubitum
2719 4286 2886 4326 unum
2910 4272 2933 4326 ἲ
2957 4271 3028 4328 Ει
3050 4271 3119 4328 de
3142 4277 3484 4332 vestimento
3507 4277 3641 4349 quid
3663 4273 3872 4333 solliciti

2257 4361 2392 4418 estis
2416 4361 2439 4414 ?
2463 4361 2820 4419 Considerate
2850 4363 2961 4420 lilia
2993 4366 3108 4436 agri
3133 4367 3416 4437 quomodo
3441 4378 3747 4428 crescunt:
3773 4380 3869 4422 non

2259 4454 2507 4512 laborant
2541 4499 2556 4524 ,
2589 4473 2764 4527 neque
2827 4469 2978 4514 nent.
3017 4459 3150 4516 Dico
3181 4470 3366 4517 autem
3401 4463 3596 4530 vobis,
3626 4462 3870 4535 quoniam

2259 4565 2362 4607 nec
2398 4551 2653 4608 Salomon
2685 4552 2737 4607 in
2767 4553 2910 4606 omni
2941 4553 3116 4623 gloria
3140 4569 3238 4612 sua
3275 4570 3596 4629 coopertus
3627 4570 3712 4615 est
3743 4558 3874 4614 sicut

550 4643 787 4700 diantur.
819 4645 997 4701 Nolite
1032 4660 1163 4717 ergo
1191 4645 1481 4701 assimilari
1515 4644 1616 4701 eis.
1649 4645 1760 4701 Scit
1803 4645 1950 4701 enim
2001 4654 2153 4715 pater
2178 4625 2232 4689 Ῑ)
2260 4661 2422 4700 ιιηιιιιι
2455 4645 2680 4702 existis.
2713 4646 2768 4701 Si
2799 4659 2980 4703 autem
3010 4649 3192 4705 fenum
3219 4651 3356 4721 agri,
3387 4625 3550 4724 quod
3582 4652 3748 4709 hodie
3776 4659 3870 4714 est,

551 4749 756 4810 vester,
805 4739 934 4812 quid
965 4753 1103 4811 Opus
1146 4741 1218 4796 sit
1243 4739 1421 4806 vobis,
1454 4746 1740 4810 antequam
1765 4739 1960 4810 petatis
2001 4754 2149 4793 eum.

621 4897 645 4924 α
678 4885 797 4942 Pari
820 4897 1088 4940 consensu
1117 4890 1225 4937 tres
1248 4892 1384 4951 quos
1404 4876 1744 4933 laudavimus
1767 4883 1983 4942 mss.,et
2001 4875 2145 4930 adies

495 4988 497 4990 -
548 4958 816 5013 inimicum
843 4967 1009 5012 tuum.

618 5028 646 5069 δ
678 5029 808 5086 Plus
836 5029 1002 5084 habet
1035 5026 1260 5083 Graecus
1282 5031 1462 5094 textus
1488 5021 1736 5094 εὐλογεῖτε
1761 5021 1885 5083 τοὺς
1910 5040 2147 5094 καταρω-

549 5103 727 5174 μένους
752 5101 920 5173 ὐμᾶς,
951 5099 1231 5154 benedicite
1273 5093 1630 5174 maledicentes
1645 5107 1795 5174 .ros';
1827 5103 1937 5146 tum
1977 5093 2145 5174 uulgi;

544 5162 735 5231 ima.
762 5162 886 5236 sos;
907 5162 1227 5247 μισοῦντας,
1258 5176 1392 5232 etc.,
1429 5164 1706 5236 benrfacite
1737 5162 1852 5230 Itis,
1899 5163 1988 5234 qui
2024 5164 2145 5218 ode-

467 5261 474 5266 “
544 5256 665 5300 runt
687 5262 790 5301 vos.

622 5327 644 5355 ε
675 5317 773 5372 ilic
796 5326 956 5386 atque
998 5313 1226 5370 inferius
1250 5311 1592 5386 continenter
1633 5306 1806 5362 nostri
1855 5319 1983 5361 mss.
2019 5305 2136 5360 abs-

545 5404 722 5456 conso,
755 5403 853 5456 pro
873 5384 1181 5442 abscondito
1207 5384 1519 5455 praeferunt.

614 5455 642 5497 ἀ
666 5449 886 5514 Addunt
909 5458 1072 5516 iidem
1105 5449 1237 5514 mss.
1278 5467 1391 5520 tuo,
1421 5453 1564 5524 quod
1607 5461 1662 5508 et
1700 5452 1752 5524 in
1793 5449 1983 5524 Grzeco
2014 5465 2140 5524 pro-

543 5546 742 5586 nomen
769 5540 871 5586 cst.
909 5531 1077 5586 Paulo
1109 5544 1326 5599 quoque
1362 5521 1630 5599 superius,
1666 5523 1758 5599 ubi
1788 5521 1988 5599 dicitur
2017 5522 2136 5599 red-

540 5603 630 5656 det
653 5602 763 5666 tibi,
797 5614 852 5656 ut
890 5611 949 5656 et
986 5593 1142 5665 mox,
1181 5593 1342 5670 ιιιξμιε
1377 5593 1572 5670 iterum
1617 5595 1755 5650 infra
1779 5595 1915 5670 ,_ubi
1942 5593 2133 5648 eadem

539 5664 830 5730 recurrunt
850 5672 1036 5739 verba,
1068 5664 1414 5728 cuntineuter
1449 5668 1503 5724 in
1535 5668 1727 5724 Grmco
1757 5664 2000 5739 additum
2025 5675 2129 5739 est,

540 5747 590 5821 ἐγ
623 5755 694 5820 τῷ
723 5754 916 5821 φᾳνερῷ
944 5787 954 5805 ,
989 5737 1038 5821 in
1074 5743 1244 5821 palum
1267 5783 1280 5808 ,
1323 5740 1466 5821 quod
1495 5739 1631 5821 etuin
1653 5747 1838 5795 vetct'c
1868 5737 2134 5821 antiquis-

539 5811 678 5873 simo
731 5811 1026 5873 Veroneusi
1074 5811 1270 5872 codice
1327 5811 1746 5884 livangeliorum
1795 5811 2127 5877 continetur,

537 5887 802 5949 Versione
839 5889 1054 5962 legitur.

2258 4749 2311 4796 et
2333 4754 2454 4795 cras
2485 4739 2537 4794 in
2567 4740 2841 4796 clibanum
2872 4744 3125 4813 mittitur,
3149 4744 3292 4802 Deus
3319 4747 3406 4804 sic
3435 4748 3615 4806 vestit
3641 4767 3654 4802 :
3679 4754 3870 4821 quanto

2327 4888 2349 4915 ο
2379 4878 2493 4932 Duo
2521 4878 2902 4958 R_egi_nae_mss.
2947 4884 3116 4938 veniat
3149 4899 3169 4938 :
3193 4883 3284 4955 qui
3315 4894 3369 4942 et
3404 4888 3462 4943 in
3497 4887 3672 4958 hujus
3700 4885 3868 4942 Domi-

2252 4951 2388 5024 nica;
2437 4951 2702 5024 orationis
2750 4953 2892 5018 line,
2935 4958 3098 5009 Amen
3140 4951 3609 5024 prietermittunt'.
3652 4959 3869 5018 Grzecus

2249 5021 2402 5096 addit
2457 5022 2510 5076 in
2555 5022 2825 5096 plerisque
2879 5021 3335 5096 exemplaribus:
3371 5029 3465 5089 ὅτι
3511 5041 3617 5090 σοῦ
3667 5035 3807 5089 ἐστιν
3843 5032 3870 5088 ἡ

2249 5093 2484 5176 Qad-11517.9:
2524 5098 2608 5176 καᾷ
2646 5097 2675 5153 ἡ
2715 5095 2965 5168 δύναμις,
3004 5093 3090 5155 xei
3131 5101 3161 5159 ἠ
3208 5098 3328 5168 δόξα
3364 5108 3459 5176 κείς
3504 5109 3636 5167 τοὺς
3665 5108 3865 5167 αἰῶνας,

2249 5165 2402 5250 ἀμῂν.
2422 5165 2680 5230 Quoniam
2701 5165 3097 5242 tunntregnum,
3115 5180 3158 5224 et
3174 5165 3415 5244 potentia
3435 5165 3496 5232 iet
3513 5165 3693 5250 gloria
3717 5179 3766 5230 in
3790 5165 3872 5230 sa."~

2251 5236 2391 5304 cuia,
2426 5254 2598 5291 amen.

2323 5307 2342 5347 τ
2367 5309 2482 5386 Non
2505 5309 2721 5364 additur
2739 5311 2829 5366 hic
2857 5312 2910 5365 in
2935 5311 3128 5368 Graeco
3157 5314 3348 5370 delicta
3387 5329 3598 5386 vestra,
3624 5321 3726 5377 sed
3752 5332 3866 5374 mox

2242 5383 2737 5464 repetiturpecruta
2763 5400 2957 5464 norunt,
2978 5386 3050 5464 ’τὰ
3077 5393 3499 5464 πᾳρᾳπτῴματα
3531 5383 3730 5459 αὑτῶν,
3759 5400 3872 5464 post

2242 5454 2431 5520 verba,
2471 5454 2515 5506 si
2541 5463 2708 5507 autem
2737 5471 2840 5509 non
2862 5454 3162 5513 dimiseritis
3187 5454 3676 5522 Ito-tuiiti'bus.'l‘um
3701 5454 3866 5520 nostri

2239 5538 2458 5612 quqque
2491 5525 2808 5612 tn.ss._juxt.a
2841 5525 3114 5612 Graecum,
3149 5547 3471 5602 pronomen
3516 5537 3670 5593 vobis
3694 5579 3712 5609 ,
3755 5542 3872 5612 p05!

2238 5596 2466 5670 verbum
2494 5595 2734 5670 dimittet,
2767 5599 3035 5670 ignorant.

2315 5667 2523 5752 sQuod
2556 5669 2765 5750 ter-hut:
2788 5667 2946 5752 versu
2978 5674 3244 5744 repetitur
3269 5677 3344 5730 tui
3379 5695 3732 5752 pronomen,
3767 5689 3868 5736 ter-

2242 5737 2325 5808 tio
2341 5747 2549 5792 tantum
2583 5741 2757 5808 primo
2788 5743 3035 5799 habetur.

2315 5806 2340 5845 δ
2367 5806 2596 5866 Additur
2625 5813 2678 5867 in
2708 5814 2901 5872 Graeco
2923 5858 2936 5883 ,
2965 5827 3011 5872 ct
3041 5817 3165 5890 quid
3197 5819 3416 5891 bibatis,
3472 5831 3570 5884 καὶ
3615 5832 3668 5885 τὶ
3698 5829 3862 5885 πίητε.
