  <div class='ocr_page' id='page_1' title='image "/cluster/home/n/w/nwhite01/storage/ocr_20150623/29/hvd.32044015471428/280.png"; bbox 0 0 4182 6338; ppageno 0'>
   <div class='ocr_carea' id='block_1_1' title="bbox 323 350 435 409">
    <p class='ocr_par' dir='ltr' id='par_1_1' title="bbox 323 350 435 409">
     <span class='ocr_line' id='line_1_1' title="bbox 323 350 435 409; baseline -0.027 -1"><span class='ocrx_word' id='word_1_1' title='bbox 323 350 435 409; x_wconf 65' lang='grc' dir='ltr'><strong>δίε)</strong></span> 
     </span>
    </p>
   </div>
   <div class='ocr_carea' id='block_1_2' title="bbox 1302 329 2651 404">
    <p class='ocr_par' dir='ltr' id='par_1_2' title="bbox 1302 329 2651 404">
     <span class='ocr_line' id='line_1_2' title="bbox 1302 329 2651 404; baseline -0.003 -2"><span class='ocrx_word' id='word_1_2' title='bbox 1302 330 1759 404; x_wconf 75' lang='lat' dir='ltr'><strong>EVANGELIUM</strong></span> <span class='ocrx_word' id='word_1_3' title='bbox 1796 329 2173 402; x_wconf 72' lang='grc' dir='ltr'><strong>εεουιιῡυιι</strong></span> <span class='ocrx_word' id='word_1_4' title='bbox 2211 334 2651 402; x_wconf 67' lang='grc' dir='ltr'><strong>ΜΑΊῚῚΙᾹΞΠΜ.</strong></span> 
     </span>
    </p>
   </div>
   <div class='ocr_carea' id='block_1_3' title="bbox 3439 325 3633 407">
    <p class='ocr_par' dir='ltr' id='par_1_3' title="bbox 3439 325 3633 407">
     <span class='ocr_line' id='line_1_3' title="bbox 3439 325 3633 407; baseline 0.005 -1"><span class='ocrx_word' id='word_1_5' title='bbox 3439 325 3451 338; x_wconf 85' lang='grc'><strong>’</strong></span> <span class='ocrx_word' id='word_1_6' title='bbox 3526 340 3633 407; x_wconf 74' lang='lat' dir='ltr'><strong>sse</strong></span> 
     </span>
    </p>
   </div>
   <div class='ocr_carea' id='block_1_4' title="bbox 326 456 3642 535">
    <p class='ocr_par' dir='ltr' id='par_1_4' title="bbox 326 456 3642 535">
     <span class='ocr_line' id='line_1_4' title="bbox 326 456 3642 535; baseline 0 -18"><span class='ocrx_word' id='word_1_7' title='bbox 326 463 499 533; x_wconf 73' lang='lat' dir='ltr'><strong>mag&#39;s</strong></span> <span class='ocrx_word' id='word_1_8' title='bbox 528 476 646 526; x_wconf 84' lang='lat' dir='ltr'><strong>vos,</strong></span> <span class='ocrx_word' id='word_1_9' title='bbox 670 472 693 499; x_wconf 76' lang='grc' dir='ltr'><strong><em>ο</em></strong></span> <span class='ocrx_word' id='word_1_10' title='bbox 715 460 944 515; x_wconf 62' lang='lat' dir='ltr'><strong>modica“:</strong></span> <span class='ocrx_word' id='word_1_11' title='bbox 974 456 1143 513; x_wconf 84' lang='lat' dir='ltr'><strong>ﬁdei?</strong></span> <span class='ocrx_word' id='word_1_12' title='bbox 1173 456 1353 514; x_wconf 80' lang='lat' dir='ltr'><strong>Nolite</strong></span> <span class='ocrx_word' id='word_1_13' title='bbox 1378 473 1509 531; x_wconf 88' lang='lat' dir='ltr'><strong>ergo</strong></span> <span class='ocrx_word' id='word_1_14' title='bbox 1538 458 1757 514; x_wconf 86' lang='lat' dir='ltr'><strong>solliciti</strong></span> <span class='ocrx_word' id='word_1_15' title='bbox 1788 472 1933 523; x_wconf 58' lang='lat' dir='ltr'><strong>esse,</strong></span> <span class='ocrx_word' id='word_1_16' title='bbox 1968 460 2006 516; x_wconf 83' lang='grc' dir='ltr'><strong>Λ</strong></span> <span class='ocrx_word' id='word_1_17' title='bbox 2041 471 2201 526; x_wconf 88' lang='lat' dir='ltr'><strong>quam</strong></span> <span class='ocrx_word' id='word_1_18' title='bbox 2234 457 2356 511; x_wconf 86' lang='lat' dir='ltr'><strong>novi</strong></span> <span class='ocrx_word' id='word_1_19' title='bbox 2390 472 2483 512; x_wconf 85' lang='lat' dir='ltr'><strong>vos</strong></span> <span class='ocrx_word' id='word_1_20' title='bbox 2510 475 2523 512; x_wconf 95' lang='lat'><strong>:</strong></span> <span class='ocrx_word' id='word_1_21' title='bbox 2557 458 2866 513; x_wconf 83' lang='lat' dir='ltr'><strong>disceditea</strong></span> <span class='ocrx_word' id='word_1_22' title='bbox 2892 474 2977 513; x_wconf 89' lang='lat' dir='ltr'><strong>me</strong></span> <span class='ocrx_word' id='word_1_23' title='bbox 3004 460 3093 530; x_wconf 92' lang='lat' dir='ltr'><strong>qui</strong></span> <span class='ocrx_word' id='word_1_24' title='bbox 3120 463 3420 529; x_wconf 73' lang='lat' dir='ltr'><strong>cperantini</strong></span> <span class='ocrx_word' id='word_1_25' title='bbox 3444 464 3642 535; x_wconf 78' lang='lat' dir='ltr'><strong>iniqui-</strong></span> 
     </span>
    </p>
   </div>
   <div class='ocr_carea' id='block_1_5' title="bbox 325 551 1933 623">
    <p class='ocr_par' dir='ltr' id='par_1_5' title="bbox 325 551 1933 623">
     <span class='ocr_line' id='line_1_5' title="bbox 325 551 1933 623; baseline -0.005 -10"><span class='ocrx_word' id='word_1_26' title='bbox 325 559 577 613; x_wconf 82' lang='lat' dir='ltr'><strong>dicentes</strong></span> <span class='ocrx_word' id='word_1_27' title='bbox 614 574 625 608; x_wconf 94' lang='lat'><strong>:</strong></span> <span class='ocrx_word' id='word_1_28' title='bbox 661 553 798 622; x_wconf 86' lang='lat' dir='ltr'><strong>Quid</strong></span> <span class='ocrx_word' id='word_1_29' title='bbox 830 551 1278 608; x_wconf 89' lang='lat' dir='ltr'><strong>manducabimus</strong></span> <span class='ocrx_word' id='word_1_30' title='bbox 1304 593 1319 619; x_wconf 95' lang='lat'><strong>,</strong></span> <span class='ocrx_word' id='word_1_31' title='bbox 1350 562 1443 607; x_wconf 90' lang='lat' dir='ltr'><strong>aut</strong></span> <span class='ocrx_word' id='word_1_32' title='bbox 1472 552 1600 623; x_wconf 90' lang='lat' dir='ltr'><strong>quid</strong></span> <span class='ocrx_word' id='word_1_33' title='bbox 1646 552 1894 606; x_wconf 80' lang='lat' dir='ltr'><strong>bibemus</strong></span> <span class='ocrx_word' id='word_1_34' title='bbox 1917 588 1933 614; x_wconf 89' lang='lat'><strong>,</strong></span> 
     </span>
    </p>
   </div>
   <div class='ocr_carea' id='block_1_6' title="bbox 325 644 1938 724">
    <p class='ocr_par' dir='ltr' id='par_1_6' title="bbox 325 644 1938 724">
     <span class='ocr_line' id='line_1_6' title="bbox 325 644 1938 724; baseline -0.006 -16"><span class='ocrx_word' id='word_1_35' title='bbox 325 666 423 709; x_wconf 88' lang='lat' dir='ltr'><strong>aut</strong></span> <span class='ocrx_word' id='word_1_36' title='bbox 456 668 561 724; x_wconf 88' lang='lat' dir='ltr'><strong>quo</strong></span> <span class='ocrx_word' id='word_1_37' title='bbox 607 650 957 723; x_wconf 88' lang='lat' dir='ltr'><strong>operiemur?</strong></span> <span class='ocrx_word' id='word_1_38' title='bbox 993 648 1112 703; x_wconf 69' lang='lat' dir='ltr'><strong>haec</strong></span> <span class='ocrx_word' id='word_1_39' title='bbox 1152 648 1297 702; x_wconf 90' lang='lat' dir='ltr'><strong>enim</strong></span> <span class='ocrx_word' id='word_1_40' title='bbox 1327 650 1511 702; x_wconf 82' lang='lat' dir='ltr'><strong>omnia</strong></span> <span class='ocrx_word' id='word_1_41' title='bbox 1537 655 1731 718; x_wconf 79' lang='lat' dir='ltr'><strong>gentes</strong></span> <span class='ocrx_word' id='word_1_42' title='bbox 1758 644 1938 715; x_wconf 85' lang='lat' dir='ltr'><strong>inqui-</strong></span> 
     </span>
    </p>
   </div>
   <div class='ocr_carea' id='block_1_7' title="bbox 326 737 1938 819">
    <p class='ocr_par' dir='ltr' id='par_1_7' title="bbox 326 737 1938 819">
     <span class='ocr_line' id='line_1_7' title="bbox 326 737 1938 819; baseline -0.011 -10"><span class='ocrx_word' id='word_1_43' title='bbox 326 761 479 809; x_wconf 91' lang='lat' dir='ltr'><strong>runt.</strong></span> <span class='ocrx_word' id='word_1_44' title='bbox 506 752 621 808; x_wconf 75' lang='lat' dir='ltr'><strong>Scit</strong></span> <span class='ocrx_word' id='word_1_45' title='bbox 651 751 793 804; x_wconf 89' lang='lat' dir='ltr'><strong>enim</strong></span> <span class='ocrx_word' id='word_1_46' title='bbox 825 759 982 819; x_wconf 89' lang='lat' dir='ltr'><strong>pater</strong></span> <span class='ocrx_word' id='word_1_47' title='bbox 1011 756 1211 811; x_wconf 88' lang='lat' dir='ltr'><strong>vester,</strong></span> <span class='ocrx_word' id='word_1_48' title='bbox 1244 745 1370 816; x_wconf 85' lang='lat' dir='ltr'><strong>quia</strong></span> <span class='ocrx_word' id='word_1_49' title='bbox 1402 742 1486 797; x_wconf 90' lang='lat' dir='ltr'><strong>his</strong></span> <span class='ocrx_word' id='word_1_50' title='bbox 1519 741 1772 795; x_wconf 91' lang='lat' dir='ltr'><strong>omnibus</strong></span> <span class='ocrx_word' id='word_1_51' title='bbox 1799 737 1938 793; x_wconf 87' lang='lat' dir='ltr'><strong>indi-</strong></span> 
     </span>
    </p>
   </div>
   <div class='ocr_carea' id='block_1_8' title="bbox 327 830 1939 918">
    <p class='ocr_par' dir='ltr' id='par_1_8' title="bbox 327 830 1939 918">
     <span class='ocr_line' id='line_1_8' title="bbox 327 830 1939 918; baseline -0.013 -14"><span class='ocrx_word' id='word_1_52' title='bbox 327 848 489 918; x_wconf 86' lang='lat' dir='ltr'><strong>getis.</strong></span> <span class='ocrx_word' id='word_1_53' title='bbox 524 845 763 913; x_wconf 68' lang='lat' dir='ltr'><strong>Qumrite</strong></span> <span class='ocrx_word' id='word_1_54' title='bbox 795 858 931 913; x_wconf 78' lang='lat' dir='ltr'><strong>ergo</strong></span> <span class='ocrx_word' id='word_1_55' title='bbox 974 842 1207 912; x_wconf 89' lang='lat' dir='ltr'><strong>primum</strong></span> <span class='ocrx_word' id='word_1_56' title='bbox 1238 852 1463 910; x_wconf 90' lang='lat' dir='ltr'><strong>regnum</strong></span> <span class='ocrx_word' id='word_1_57' title='bbox 1511 834 1644 901; x_wconf 93' lang='lat' dir='ltr'><strong>Dei,</strong></span> <span class='ocrx_word' id='word_1_58' title='bbox 1684 840 1739 887; x_wconf 90' lang='lat' dir='ltr'><strong>et</strong></span> <span class='ocrx_word' id='word_1_59' title='bbox 1778 830 1939 901; x_wconf 85' lang='lat' dir='ltr'><strong>justi-</strong></span> 
     </span>
    </p>
   </div>
   <div class='ocr_carea' id='block_1_9' title="bbox 329 926 1937 1011">
    <p class='ocr_par' dir='ltr' id='par_1_9' title="bbox 329 926 1937 1011">
     <span class='ocr_line' id='line_1_9' title="bbox 329 926 1937 1011; baseline -0.011 -15"><span class='ocrx_word' id='word_1_60' title='bbox 329 942 464 996; x_wconf 91' lang='lat' dir='ltr'><strong>tiam</strong></span> <span class='ocrx_word' id='word_1_61' title='bbox 510 943 664 1011; x_wconf 87' lang='lat' dir='ltr'><strong>ejus:</strong></span> <span class='ocrx_word' id='word_1_62' title='bbox 700 947 755 993; x_wconf 91' lang='lat' dir='ltr'><strong>et</strong></span> <span class='ocrx_word' id='word_1_63' title='bbox 795 938 909 993; x_wconf 72' lang='lat' dir='ltr'><strong>Inec</strong></span> <span class='ocrx_word' id='word_1_64' title='bbox 942 939 1123 991; x_wconf 82' lang='lat' dir='ltr'><strong>omnia</strong></span> <span class='ocrx_word' id='word_1_65' title='bbox 1172 932 1497 1004; x_wconf 78' lang='lat' dir='ltr'><strong>adjicientur</strong></span> <span class='ocrx_word' id='word_1_66' title='bbox 1529 929 1705 984; x_wconf 77' lang='lat' dir='ltr'><strong>Vobis.</strong></span> <span class='ocrx_word' id='word_1_67' title='bbox 1760 926 1937 981; x_wconf 81' lang='lat' dir='ltr'><strong>Nolite</strong></span> 
     </span>
    </p>
   </div>
   <div class='ocr_carea' id='block_1_10' title="bbox 329 1018 1937 1105">
    <p class='ocr_par' dir='ltr' id='par_1_10' title="bbox 329 1018 1937 1105">
     <span class='ocr_line' id='line_1_10' title="bbox 329 1018 1937 1105; baseline -0.01 -16"><span class='ocrx_word' id='word_1_68' title='bbox 329 1050 463 1105; x_wconf 86' lang='lat' dir='ltr'><strong>ergo</strong></span> <span class='ocrx_word' id='word_1_69' title='bbox 492 1031 715 1089; x_wconf 83' lang='lat' dir='ltr'><strong>solliciti</strong></span> <span class='ocrx_word' id='word_1_70' title='bbox 747 1046 869 1086; x_wconf 90' lang='lat' dir='ltr'><strong>esse</strong></span> <span class='ocrx_word' id='word_1_71' title='bbox 901 1030 953 1084; x_wconf 91' lang='lat' dir='ltr'><strong>in</strong></span> <span class='ocrx_word' id='word_1_72' title='bbox 978 1031 1300 1084; x_wconf 88' lang='lat' dir='ltr'><strong>crastinum.</strong></span> <span class='ocrx_word' id='word_1_73' title='bbox 1334 1024 1614 1080; x_wconf 76' lang='lat' dir='ltr'><strong>Crastinus</strong></span> <span class='ocrx_word' id='word_1_74' title='bbox 1644 1022 1788 1077; x_wconf 91' lang='lat' dir='ltr'><strong>enim</strong></span> <span class='ocrx_word' id='word_1_75' title='bbox 1816 1018 1937 1074; x_wconf 91' lang='lat' dir='ltr'><strong>dies</strong></span> 
     </span>
    </p>
   </div>
   <div class='ocr_carea' id='block_1_11' title="bbox 333 1116 1769 1193">
    <p class='ocr_par' dir='ltr' id='par_1_11' title="bbox 333 1116 1769 1193">
     <span class='ocr_line' id='line_1_11' title="bbox 333 1116 1769 1193; baseline -0.011 -12"><span class='ocrx_word' id='word_1_76' title='bbox 333 1127 607 1183; x_wconf 87' lang='lat' dir='ltr'><strong>sollicitus</strong></span> <span class='ocrx_word' id='word_1_77' title='bbox 638 1126 744 1181; x_wconf 88' lang='lat' dir='ltr'><strong>erit</strong></span> <span class='ocrx_word' id='word_1_78' title='bbox 772 1124 873 1179; x_wconf 87' lang='lat' dir='ltr'><strong>sibi</strong></span> <span class='ocrx_word' id='word_1_79' title='bbox 907 1122 1027 1193; x_wconf 88' lang='lat' dir='ltr'><strong>ipsi.</strong></span> <span class='ocrx_word' id='word_1_80' title='bbox 1059 1120 1267 1177; x_wconf 78' lang='lat' dir='ltr'><strong>Sufficit</strong></span> <span class='ocrx_word' id='word_1_81' title='bbox 1290 1119 1394 1174; x_wconf 91' lang='lat' dir='ltr'><strong>diei</strong></span> <span class='ocrx_word' id='word_1_82' title='bbox 1421 1116 1621 1173; x_wconf 81' lang='lat' dir='ltr'><strong>malitia</strong></span> <span class='ocrx_word' id='word_1_83' title='bbox 1650 1129 1769 1168; x_wconf 87' lang='lat' dir='ltr'><strong>sua.</strong></span> 
     </span>
    </p>
   </div>
   <div class='ocr_carea' id='block_1_12' title="bbox 406 1204 1935 1291">
    <p class='ocr_par' dir='ltr' id='par_1_12' title="bbox 406 1204 1935 1291">
     <span class='ocr_line' id='line_1_12' title="bbox 406 1204 1935 1291; baseline -0.01 -17"><span class='ocrx_word' id='word_1_84' title='bbox 406 1219 561 1291; x_wconf 77' lang='lat' dir='ltr'><strong>[Cap.</strong></span> <span class='ocrx_word' id='word_1_85' title='bbox 613 1216 726 1273; x_wconf 89' lang='lat' dir='ltr'><strong>VII.</strong></span> <span class='ocrx_word' id='word_1_86' title='bbox 756 1234 809 1283; x_wconf 73' lang='grc' dir='ltr'><strong>ι,</strong></span> <span class='ocrx_word' id='word_1_87' title='bbox 838 1213 920 1286; x_wconf 67' lang='grc'><strong>2.]</strong></span> <span class='ocrx_word' id='word_1_88' title='bbox 969 1213 1147 1269; x_wconf 81' lang='lat' dir='ltr'><strong>Nolite</strong></span> <span class='ocrx_word' id='word_1_89' title='bbox 1172 1211 1420 1283; x_wconf 84' lang='lat' dir='ltr'><strong>judicare</strong></span> <span class='ocrx_word' id='word_1_90' title='bbox 1442 1252 1456 1276; x_wconf 95' lang='lat'><strong>,</strong></span> <span class='ocrx_word' id='word_1_91' title='bbox 1499 1218 1557 1263; x_wconf 91' lang='lat' dir='ltr'><strong>ut</strong></span> <span class='ocrx_word' id='word_1_92' title='bbox 1586 1222 1694 1262; x_wconf 90' lang='lat' dir='ltr'><strong>non</strong></span> <span class='ocrx_word' id='word_1_93' title='bbox 1722 1204 1935 1277; x_wconf 83' lang='lat' dir='ltr'><strong>judice-</strong></span> 
     </span>
    </p>
   </div>
   <div class='ocr_carea' id='block_1_13' title="bbox 333 1298 1939 1382">
    <p class='ocr_par' dir='ltr' id='par_1_13' title="bbox 333 1298 1939 1382">
     <span class='ocr_line' id='line_1_13' title="bbox 333 1298 1939 1382; baseline -0.01 -13"><span class='ocrx_word' id='word_1_94' title='bbox 333 1314 489 1370; x_wconf 90' lang='lat' dir='ltr'><strong>mini.</strong></span> <span class='ocrx_word' id='word_1_95' title='bbox 538 1313 593 1368; x_wconf 87' lang='lat' dir='ltr'><strong>In</strong></span> <span class='ocrx_word' id='word_1_96' title='bbox 639 1327 748 1382; x_wconf 91' lang='lat' dir='ltr'><strong>quo</strong></span> <span class='ocrx_word' id='word_1_97' title='bbox 786 1310 928 1366; x_wconf 89' lang='lat' dir='ltr'><strong>enim</strong></span> <span class='ocrx_word' id='word_1_98' title='bbox 982 1308 1187 1380; x_wconf 86' lang='lat' dir='ltr'><strong>judicio</strong></span> <span class='ocrx_word' id='word_1_99' title='bbox 1232 1304 1637 1376; x_wconf 87' lang='lat' dir='ltr'><strong>judicaveritis,</strong></span> <span class='ocrx_word' id='word_1_100' title='bbox 1668 1298 1939 1371; x_wconf 84' lang='lat' dir='ltr'><strong>judicabi-</strong></span> 
     </span>
    </p>
   </div>
   <div class='ocr_carea' id='block_1_14' title="bbox 336 1393 1938 1476">
    <p class='ocr_par' dir='ltr' id='par_1_14' title="bbox 336 1393 1938 1476">
     <span class='ocr_line' id='line_1_14' title="bbox 336 1393 1938 1476; baseline -0.009 -14"><span class='ocrx_word' id='word_1_101' title='bbox 336 1408 468 1462; x_wconf 89' lang='lat' dir='ltr'><strong>mini</strong></span> <span class='ocrx_word' id='word_1_102' title='bbox 504 1425 516 1460; x_wconf 91' lang='lat'><strong>:</strong></span> <span class='ocrx_word' id='word_1_103' title='bbox 543 1416 599 1461; x_wconf 89' lang='lat' dir='ltr'><strong>et</strong></span> <span class='ocrx_word' id='word_1_104' title='bbox 628 1406 679 1460; x_wconf 89' lang='lat' dir='ltr'><strong>in</strong></span> <span class='ocrx_word' id='word_1_105' title='bbox 707 1421 809 1476; x_wconf 88' lang='lat' dir='ltr'><strong>qua</strong></span> <span class='ocrx_word' id='word_1_106' title='bbox 848 1418 1102 1458; x_wconf 91' lang='lat' dir='ltr'><strong>mensura</strong></span> <span class='ocrx_word' id='word_1_107' title='bbox 1133 1399 1309 1455; x_wconf 86' lang='lat' dir='ltr'><strong>mensi</strong></span> <span class='ocrx_word' id='word_1_108' title='bbox 1342 1397 1553 1454; x_wconf 90' lang='lat' dir='ltr'><strong>fueritis</strong></span> <span class='ocrx_word' id='word_1_109' title='bbox 1578 1439 1591 1463; x_wconf 98' lang='lat'><strong>,</strong></span> <span class='ocrx_word' id='word_1_110' title='bbox 1622 1393 1938 1451; x_wconf 90' lang='lat' dir='ltr'><strong>remetietur</strong></span> 
     </span>
    </p>
   </div>
   <div class='ocr_carea' id='block_1_15' title="bbox 337 1484 1940 1571">
    <p class='ocr_par' dir='ltr' id='par_1_15' title="bbox 337 1484 1940 1571">
     <span class='ocr_line' id='line_1_15' title="bbox 337 1484 1940 1571; baseline -0.011 -16"><span class='ocrx_word' id='word_1_111' title='bbox 337 1499 513 1555; x_wconf 88' lang='lat' dir='ltr'><strong>vobis.</strong></span> <span class='ocrx_word' id='word_1_112' title='bbox 550 1498 644 1571; x_wconf 54' lang='grc' dir='ltr'><strong>[ιη</strong></span> <span class='ocrx_word' id='word_1_113' title='bbox 687 1496 764 1568; x_wconf 82' lang='lat'><strong>5.]</strong></span> <span class='ocrx_word' id='word_1_114' title='bbox 796 1494 936 1563; x_wconf 90' lang='lat' dir='ltr'><strong>Quid</strong></span> <span class='ocrx_word' id='word_1_115' title='bbox 983 1505 1165 1550; x_wconf 90' lang='lat' dir='ltr'><strong>autem</strong></span> <span class='ocrx_word' id='word_1_116' title='bbox 1194 1492 1345 1548; x_wconf 85' lang='lat' dir='ltr'><strong>vides</strong></span> <span class='ocrx_word' id='word_1_117' title='bbox 1388 1493 1645 1546; x_wconf 89' lang='lat' dir='ltr'><strong>festucam</strong></span> <span class='ocrx_word' id='word_1_118' title='bbox 1678 1488 1729 1541; x_wconf 92' lang='lat' dir='ltr'><strong>in</strong></span> <span class='ocrx_word' id='word_1_119' title='bbox 1778 1484 1940 1542; x_wconf 90' lang='lat' dir='ltr'><strong>oculo</strong></span> 
     </span>
    </p>
   </div>
   <div class='ocr_carea' id='block_1_16' title="bbox 338 1579 1941 1648">
    <p class='ocr_par' dir='ltr' id='par_1_16' title="bbox 338 1579 1941 1648">
     <span class='ocr_line' id='line_1_16' title="bbox 338 1579 1941 1648; baseline -0.01 0"><span class='ocrx_word' id='word_1_120' title='bbox 338 1594 527 1648; x_wconf 80' lang='lat' dir='ltr'><strong>fratris</strong></span> <span class='ocrx_word' id='word_1_121' title='bbox 574 1592 649 1647; x_wconf 90' lang='lat' dir='ltr'><strong>tui</strong></span> <span class='ocrx_word' id='word_1_122' title='bbox 684 1609 697 1645; x_wconf 92' lang='lat'><strong>:</strong></span> <span class='ocrx_word' id='word_1_123' title='bbox 731 1600 788 1647; x_wconf 89' lang='lat' dir='ltr'><strong>et</strong></span> <span class='ocrx_word' id='word_1_124' title='bbox 824 1592 1029 1646; x_wconf 85' lang='lat' dir='ltr'><strong>trabem</strong></span> <span class='ocrx_word' id='word_1_125' title='bbox 1064 1590 1114 1643; x_wconf 94' lang='lat' dir='ltr'><strong>in</strong></span> <span class='ocrx_word' id='word_1_126' title='bbox 1150 1588 1310 1642; x_wconf 74' lang='lat' dir='ltr'><strong>ocufo</strong></span> <span class='ocrx_word' id='word_1_127' title='bbox 1344 1597 1435 1639; x_wconf 92' lang='lat' dir='ltr'><strong>tuo</strong></span> <span class='ocrx_word' id='word_1_128' title='bbox 1476 1599 1582 1638; x_wconf 90' lang='lat' dir='ltr'><strong>non</strong></span> <span class='ocrx_word' id='word_1_129' title='bbox 1613 1581 1804 1637; x_wconf 85' lang='lat' dir='ltr'><strong>vides?</strong></span> <span class='ocrx_word' id='word_1_130' title='bbox 1832 1579 1941 1637; x_wconf 81' lang='lat' dir='ltr'><strong>Aut</strong></span> 
     </span>
    </p>
   </div>
   <div class='ocr_carea' id='block_1_17' title="bbox 336 1674 1939 1759">
    <p class='ocr_par' dir='ltr' id='par_1_17' title="bbox 336 1674 1939 1759">
     <span class='ocr_line' id='line_1_17' title="bbox 336 1674 1939 1759; baseline -0.009 -16"><span class='ocrx_word' id='word_1_131' title='bbox 336 1688 611 1759; x_wconf 82' lang='lat' dir='ltr'><strong>quomodo</strong></span> <span class='ocrx_word' id='word_1_132' title='bbox 640 1686 775 1741; x_wconf 90' lang='lat' dir='ltr'><strong>dicis</strong></span> <span class='ocrx_word' id='word_1_133' title='bbox 806 1684 962 1739; x_wconf 85' lang='lat' dir='ltr'><strong>fratri</strong></span> <span class='ocrx_word' id='word_1_134' title='bbox 995 1694 1087 1739; x_wconf 92' lang='lat' dir='ltr'><strong>tuo</strong></span> <span class='ocrx_word' id='word_1_135' title='bbox 1116 1700 1128 1736; x_wconf 93' lang='lat'><strong>:</strong></span> <span class='ocrx_word' id='word_1_136' title='bbox 1160 1682 1292 1737; x_wconf 86' lang='lat' dir='ltr'><strong>Sine</strong></span> <span class='ocrx_word' id='word_1_137' title='bbox 1334 1679 1546 1749; x_wconf 85' lang='lat' dir='ltr'><strong>ejiciam</strong></span> <span class='ocrx_word' id='word_1_138' title='bbox 1583 1680 1839 1731; x_wconf 87' lang='lat' dir='ltr'><strong>festucam</strong></span> <span class='ocrx_word' id='word_1_139' title='bbox 1870 1674 1939 1729; x_wconf 84' lang='lat' dir='ltr'><strong>de</strong></span> 
     </span>
    </p>
   </div>
   <div class='ocr_carea' id='block_1_18' title="bbox 336 1770 1937 1841">
    <p class='ocr_par' dir='ltr' id='par_1_18' title="bbox 336 1770 1937 1841">
     <span class='ocr_line' id='line_1_18' title="bbox 336 1770 1937 1841; baseline -0.009 -3"><span class='ocrx_word' id='word_1_140' title='bbox 336 1783 500 1838; x_wconf 91' lang='lat' dir='ltr'><strong>oculo</strong></span> <span class='ocrx_word' id='word_1_141' title='bbox 549 1794 683 1837; x_wconf 92' lang='lat' dir='ltr'><strong>tuo:</strong></span> <span class='ocrx_word' id='word_1_142' title='bbox 732 1790 785 1836; x_wconf 90' lang='lat' dir='ltr'><strong>ct</strong></span> <span class='ocrx_word' id='word_1_143' title='bbox 825 1795 952 1835; x_wconf 90' lang='lat' dir='ltr'><strong>ecce</strong></span> <span class='ocrx_word' id='word_1_144' title='bbox 1000 1778 1147 1833; x_wconf 81' lang='lat' dir='ltr'><strong>trabs</strong></span> <span class='ocrx_word' id='word_1_145' title='bbox 1187 1775 1353 1832; x_wconf 87' lang='lat' dir='ltr'><strong>estin</strong></span> <span class='ocrx_word' id='word_1_146' title='bbox 1400 1774 1562 1829; x_wconf 92' lang='lat' dir='ltr'><strong>oculo</strong></span> <span class='ocrx_word' id='word_1_147' title='bbox 1596 1771 1727 1826; x_wconf 86' lang='lat' dir='ltr'><strong>tuo?</strong></span> <span class='ocrx_word' id='word_1_148' title='bbox 1759 1770 1937 1841; x_wconf 80' lang='lat' dir='ltr'><strong>Ilypo~</strong></span> 
     </span>
    </p>
   </div>
   <div class='ocr_carea' id='block_1_19' title="bbox 2041 548 3635 622">
    <p class='ocr_par' dir='ltr' id='par_1_19' title="bbox 2041 548 3635 622">
     <span class='ocr_line' id='line_1_19' title="bbox 2041 548 3635 622; baseline 0.005 -20"><span class='ocrx_word' id='word_1_149' title='bbox 2041 557 2228 603; x_wconf 89' lang='lat' dir='ltr'><strong>tatem.</strong></span> <span class='ocrx_word' id='word_1_150' title='bbox 2279 548 2423 620; x_wconf 74' lang='lat' dir='ltr'><strong>Iul,</strong></span> <span class='ocrx_word' id='word_1_151' title='bbox 2455 548 2535 620; x_wconf 83' lang='lat'><strong>5.]</strong></span> <span class='ocrx_word' id='word_1_152' title='bbox 2568 550 2760 605; x_wconf 84' lang='lat' dir='ltr'><strong>Omnis</strong></span> <span class='ocrx_word' id='word_1_153' title='bbox 2791 566 2941 619; x_wconf 82' lang='lat' dir='ltr'><strong>ergo,</strong></span> <span class='ocrx_word' id='word_1_154' title='bbox 2976 552 3065 622; x_wconf 89' lang='lat' dir='ltr'><strong>qtti</strong></span> <span class='ocrx_word' id='word_1_155' title='bbox 3118 554 3265 609; x_wconf 85' lang='lat' dir='ltr'><strong>audit</strong></span> <span class='ocrx_word' id='word_1_156' title='bbox 3308 556 3474 609; x_wconf 87' lang='lat' dir='ltr'><strong>verba</strong></span> <span class='ocrx_word' id='word_1_157' title='bbox 3521 575 3635 612; x_wconf 77' lang='lat' dir='ltr'><strong>mea</strong></span> 
     </span>
    </p>
   </div>
   <div class='ocr_carea' id='block_1_20' title="bbox 2040 642 3692 721">
    <p class='ocr_par' dir='ltr' id='par_1_20' title="bbox 2040 642 3692 721">
     <span class='ocr_line' id='line_1_20' title="bbox 2040 642 3692 721; baseline 0.005 -25"><span class='ocrx_word' id='word_1_158' title='bbox 2040 642 2195 709; x_wconf 55' lang='lat' dir='ltr'><strong>haec,</strong></span> <span class='ocrx_word' id='word_1_159' title='bbox 2249 650 2305 699; x_wconf 89' lang='lat' dir='ltr'><strong>et</strong></span> <span class='ocrx_word' id='word_1_160' title='bbox 2346 642 2476 699; x_wconf 83' lang='lat' dir='ltr'><strong>facit</strong></span> <span class='ocrx_word' id='word_1_161' title='bbox 2514 659 2615 710; x_wconf 90' lang='lat' dir='ltr'><strong>ea,</strong></span> <span class='ocrx_word' id='word_1_162' title='bbox 2666 644 3055 701; x_wconf 89' lang='lat' dir='ltr'><strong>assimilabitur</strong></span> <span class='ocrx_word' id='word_1_163' title='bbox 3083 648 3201 701; x_wconf 88' lang='lat' dir='ltr'><strong>viro</strong></span> <span class='ocrx_word' id='word_1_164' title='bbox 3248 649 3498 718; x_wconf 81' lang='lat' dir='ltr'><strong>Sapienti,</strong></span> <span class='ocrx_word' id='word_1_165' title='bbox 3552 652 3642 717; x_wconf 87' lang='lat' dir='ltr'><strong>qui</strong></span> <span class='ocrx_word' id='word_1_166' title='bbox 3685 710 3692 721; x_wconf 46' lang='grc'><em>,</em></span> 
     </span>
    </p>
   </div>
   <div class='ocr_carea' id='block_1_21' title="bbox 2037 735 3643 808">
    <p class='ocr_par' dir='ltr' id='par_1_21' title="bbox 2037 735 3643 808">
     <span class='ocr_line' id='line_1_21' title="bbox 2037 735 3643 808; baseline 0.002 -17"><span class='ocrx_word' id='word_1_167' title='bbox 2037 735 2328 791; x_wconf 69' lang='lat' dir='ltr'><strong>mdificavit</strong></span> <span class='ocrx_word' id='word_1_168' title='bbox 2363 737 2583 791; x_wconf 89' lang='lat' dir='ltr'><strong>domum</strong></span> <span class='ocrx_word' id='word_1_169' title='bbox 2610 753 2764 793; x_wconf 85' lang='lat' dir='ltr'><strong>suam</strong></span> <span class='ocrx_word' id='word_1_170' title='bbox 2794 751 2954 808; x_wconf 83' lang='lat' dir='ltr'><strong>supra</strong></span> <span class='ocrx_word' id='word_1_171' title='bbox 2997 749 3226 807; x_wconf 83' lang='lat' dir='ltr'><strong>petram,</strong></span> <span class='ocrx_word' id='word_1_172' title='bbox 3267 751 3322 795; x_wconf 89' lang='lat' dir='ltr'><strong>et</strong></span> <span class='ocrx_word' id='word_1_173' title='bbox 3358 741 3643 795; x_wconf 81' lang='lat' dir='ltr'><strong>dest-endit</strong></span> 
     </span>
    </p>
   </div>
   <div class='ocr_carea' id='block_1_22' title="bbox 2039 829 3643 900">
    <p class='ocr_par' dir='ltr' id='par_1_22' title="bbox 2039 829 3643 900">
     <span class='ocr_line' id='line_1_22' title="bbox 2039 829 3643 900; baseline 0.003 -17"><span class='ocrx_word' id='word_1_174' title='bbox 2039 829 2239 899; x_wconf 85' lang='lat' dir='ltr'><strong>pluvia,</strong></span> <span class='ocrx_word' id='word_1_175' title='bbox 2270 840 2325 886; x_wconf 86' lang='lat' dir='ltr'><strong>et</strong></span> <span class='ocrx_word' id='word_1_176' title='bbox 2352 841 2617 886; x_wconf 80' lang='lat' dir='ltr'><strong>venerunt</strong></span> <span class='ocrx_word' id='word_1_177' title='bbox 2638 832 2881 900; x_wconf 90' lang='lat' dir='ltr'><strong>flumina,</strong></span> <span class='ocrx_word' id='word_1_178' title='bbox 2908 842 2962 888; x_wconf 89' lang='lat' dir='ltr'><strong>et</strong></span> <span class='ocrx_word' id='word_1_179' title='bbox 2991 832 3257 887; x_wconf 82' lang='lat' dir='ltr'><strong>flaverant</strong></span> <span class='ocrx_word' id='word_1_180' title='bbox 3289 836 3455 898; x_wconf 86' lang='lat' dir='ltr'><strong>venti,</strong></span> <span class='ocrx_word' id='word_1_181' title='bbox 3489 842 3545 888; x_wconf 90' lang='lat' dir='ltr'><strong>et</strong></span> <span class='ocrx_word' id='word_1_182' title='bbox 3573 836 3643 888; x_wconf 86' lang='lat' dir='ltr'><strong>ir-</strong></span> 
     </span>
    </p>
   </div>
   <div class='ocr_carea' id='block_1_23' title="bbox 2039 925 3641 991">
    <p class='ocr_par' dir='ltr' id='par_1_23' title="bbox 2039 925 3641 991">
     <span class='ocr_line' id='line_1_23' title="bbox 2039 925 3641 991; baseline 0.003 -15"><span class='ocrx_word' id='word_1_183' title='bbox 2039 934 2261 978; x_wconf 90' lang='lat' dir='ltr'><strong>ruerunt</strong></span> <span class='ocrx_word' id='word_1_184' title='bbox 2311 926 2361 981; x_wconf 92' lang='lat' dir='ltr'><strong>in</strong></span> <span class='ocrx_word' id='word_1_185' title='bbox 2398 925 2620 980; x_wconf 88' lang='lat' dir='ltr'><strong>domum</strong></span> <span class='ocrx_word' id='word_1_186' title='bbox 2670 926 2841 991; x_wconf 89' lang='lat' dir='ltr'><strong>illam,</strong></span> <span class='ocrx_word' id='word_1_187' title='bbox 2886 935 2942 980; x_wconf 80' lang='lat' dir='ltr'><strong>rt</strong></span> <span class='ocrx_word' id='word_1_188' title='bbox 2990 944 3095 981; x_wconf 92' lang='lat' dir='ltr'><strong>non</strong></span> <span class='ocrx_word' id='word_1_189' title='bbox 3130 927 3323 982; x_wconf 89' lang='lat' dir='ltr'><strong>cecidit</strong></span> <span class='ocrx_word' id='word_1_190' title='bbox 3361 946 3374 980; x_wconf 93' lang='lat'><strong>:</strong></span> <span class='ocrx_word' id='word_1_191' title='bbox 3420 926 3641 982; x_wconf 88' lang='lat' dir='ltr'><strong>fundata</strong></span> 
     </span>
    </p>
   </div>
   <div class='ocr_carea' id='block_1_24' title="bbox 2040 1017 3640 1090">
    <p class='ocr_par' dir='ltr' id='par_1_24' title="bbox 2040 1017 3640 1090">
     <span class='ocr_line' id='line_1_24' title="bbox 2040 1017 3640 1090; baseline 0.003 -18"><span class='ocrx_word' id='word_1_192' title='bbox 2040 1017 2183 1072; x_wconf 89' lang='lat' dir='ltr'><strong>enim</strong></span> <span class='ocrx_word' id='word_1_193' title='bbox 2234 1028 2349 1073; x_wconf 90' lang='lat' dir='ltr'><strong>erat</strong></span> <span class='ocrx_word' id='word_1_194' title='bbox 2386 1035 2550 1088; x_wconf 88' lang='lat' dir='ltr'><strong>super</strong></span> <span class='ocrx_word' id='word_1_195' title='bbox 2588 1030 2819 1089; x_wconf 88' lang='lat' dir='ltr'><strong>petram.</strong></span> <span class='ocrx_word' id='word_1_196' title='bbox 2857 1021 2920 1074; x_wconf 77' lang='lat' dir='ltr'><strong>Et</strong></span> <span class='ocrx_word' id='word_1_197' title='bbox 2951 1023 3151 1087; x_wconf 90' lang='lat' dir='ltr'><strong>omnis,</strong></span> <span class='ocrx_word' id='word_1_198' title='bbox 3184 1022 3272 1090; x_wconf 92' lang='lat' dir='ltr'><strong>qui</strong></span> <span class='ocrx_word' id='word_1_199' title='bbox 3297 1022 3441 1075; x_wconf 82' lang='lat' dir='ltr'><strong>audit</strong></span> <span class='ocrx_word' id='word_1_200' title='bbox 3475 1024 3640 1077; x_wconf 75' lang='lat' dir='ltr'><strong>Verba</strong></span> 
     </span>
    </p>
   </div>
   <div class='ocr_carea' id='block_1_25' title="bbox 2040 1111 3639 1181">
    <p class='ocr_par' dir='ltr' id='par_1_25' title="bbox 2040 1111 3639 1181">
     <span class='ocr_line' id='line_1_25' title="bbox 2040 1111 3639 1181; baseline 0.003 -18"><span class='ocrx_word' id='word_1_201' title='bbox 2040 1125 2159 1163; x_wconf 87' lang='lat' dir='ltr'><strong>mea</strong></span> <span class='ocrx_word' id='word_1_202' title='bbox 2191 1111 2327 1175; x_wconf 74' lang='lat' dir='ltr'><strong>haec,</strong></span> <span class='ocrx_word' id='word_1_203' title='bbox 2371 1121 2429 1166; x_wconf 90' lang='lat' dir='ltr'><strong>et</strong></span> <span class='ocrx_word' id='word_1_204' title='bbox 2459 1127 2565 1167; x_wconf 88' lang='lat' dir='ltr'><strong>non</strong></span> <span class='ocrx_word' id='word_1_205' title='bbox 2608 1113 2732 1167; x_wconf 89' lang='lat' dir='ltr'><strong>facit</strong></span> <span class='ocrx_word' id='word_1_206' title='bbox 2762 1131 2847 1181; x_wconf 88' lang='lat' dir='ltr'><strong>ea,</strong></span> <span class='ocrx_word' id='word_1_207' title='bbox 2897 1114 3091 1168; x_wconf 77' lang='lat' dir='ltr'><strong>similis</strong></span> <span class='ocrx_word' id='word_1_208' title='bbox 3135 1115 3238 1168; x_wconf 89' lang='lat' dir='ltr'><strong>erit</strong></span> <span class='ocrx_word' id='word_1_209' title='bbox 3283 1116 3402 1171; x_wconf 85' lang='lat' dir='ltr'><strong>viro</strong></span> <span class='ocrx_word' id='word_1_210' title='bbox 3447 1117 3639 1181; x_wconf 86' lang='lat' dir='ltr'><strong>stulto,</strong></span> 
     </span>
    </p>
   </div>
   <div class='ocr_carea' id='block_1_26' title="bbox 2039 1202 3641 1276">
    <p class='ocr_par' dir='ltr' id='par_1_26' title="bbox 2039 1202 3641 1276">
     <span class='ocr_line' id='line_1_26' title="bbox 2039 1202 3641 1276; baseline 0.006 -20"><span class='ocrx_word' id='word_1_211' title='bbox 2039 1203 2131 1272; x_wconf 89' lang='lat' dir='ltr'><strong>qui</strong></span> <span class='ocrx_word' id='word_1_212' title='bbox 2164 1202 2454 1259; x_wconf 62' lang='lat' dir='ltr'><strong>aedificavit</strong></span> <span class='ocrx_word' id='word_1_213' title='bbox 2489 1204 2708 1260; x_wconf 90' lang='lat' dir='ltr'><strong>domum</strong></span> <span class='ocrx_word' id='word_1_214' title='bbox 2746 1220 2902 1261; x_wconf 82' lang='lat' dir='ltr'><strong>suam</strong></span> <span class='ocrx_word' id='word_1_215' title='bbox 2938 1224 3102 1276; x_wconf 82' lang='lat' dir='ltr'><strong>super</strong></span> <span class='ocrx_word' id='word_1_216' title='bbox 3153 1223 3377 1263; x_wconf 88' lang='lat' dir='ltr'><strong>arenam</strong></span> <span class='ocrx_word' id='word_1_217' title='bbox 3415 1226 3426 1261; x_wconf 92' lang='lat'><strong>:</strong></span> <span class='ocrx_word' id='word_1_218' title='bbox 3459 1219 3513 1263; x_wconf 88' lang='lat' dir='ltr'><strong>et</strong></span> <span class='ocrx_word' id='word_1_219' title='bbox 3543 1209 3641 1265; x_wconf 85' lang='lat' dir='ltr'><strong>dc-</strong></span> 
     </span>
    </p>
   </div>
   <div class='ocr_carea' id='block_1_27' title="bbox 2046 1296 3648 1368">
    <p class='ocr_par' dir='ltr' id='par_1_27' title="bbox 2046 1296 3648 1368">
     <span class='ocr_line' id='line_1_27' title="bbox 2046 1296 3648 1368; baseline 0.002 -16"><span class='ocrx_word' id='word_1_220' title='bbox 2046 1296 2266 1352; x_wconf 86' lang='lat' dir='ltr'><strong>scendit</strong></span> <span class='ocrx_word' id='word_1_221' title='bbox 2316 1297 2521 1368; x_wconf 86' lang='lat' dir='ltr'><strong>pluvia,</strong></span> <span class='ocrx_word' id='word_1_222' title='bbox 2570 1308 2627 1354; x_wconf 90' lang='lat' dir='ltr'><strong>et</strong></span> <span class='ocrx_word' id='word_1_223' title='bbox 2680 1310 2944 1355; x_wconf 86' lang='lat' dir='ltr'><strong>venerunt</strong></span> <span class='ocrx_word' id='word_1_224' title='bbox 2984 1300 3243 1367; x_wconf 89' lang='lat' dir='ltr'><strong>flumina,</strong></span> <span class='ocrx_word' id='word_1_225' title='bbox 3276 1311 3330 1356; x_wconf 87' lang='lat' dir='ltr'><strong>et</strong></span> <span class='ocrx_word' id='word_1_226' title='bbox 3377 1301 3648 1357; x_wconf 83' lang='lat' dir='ltr'><strong>ﬂavet&#39;unt</strong></span> 
     </span>
    </p>
   </div>
   <div class='ocr_carea' id='block_1_28' title="bbox 2042 1391 3646 1461">
    <p class='ocr_par' dir='ltr' id='par_1_28' title="bbox 2042 1391 3646 1461">
     <span class='ocr_line' id='line_1_28' title="bbox 2042 1391 3646 1461; baseline 0.005 -20"><span class='ocrx_word' id='word_1_227' title='bbox 2042 1391 2208 1457; x_wconf 88' lang='lat' dir='ltr'><strong>vcttti,</strong></span> <span class='ocrx_word' id='word_1_228' title='bbox 2241 1401 2297 1447; x_wconf 91' lang='lat' dir='ltr'><strong>et</strong></span> <span class='ocrx_word' id='word_1_229' title='bbox 2347 1392 2630 1447; x_wconf 82' lang='lat' dir='ltr'><strong>irruerunt</strong></span> <span class='ocrx_word' id='word_1_230' title='bbox 2678 1393 2729 1446; x_wconf 94' lang='lat' dir='ltr'><strong>in</strong></span> <span class='ocrx_word' id='word_1_231' title='bbox 2757 1392 2976 1447; x_wconf 89' lang='lat' dir='ltr'><strong>domum</strong></span> <span class='ocrx_word' id='word_1_232' title='bbox 3014 1394 3185 1461; x_wconf 85' lang='lat' dir='ltr'><strong>illam,</strong></span> <span class='ocrx_word' id='word_1_233' title='bbox 3240 1404 3294 1450; x_wconf 86' lang='lat' dir='ltr'><strong>et</strong></span> <span class='ocrx_word' id='word_1_234' title='bbox 3332 1394 3553 1459; x_wconf 84' lang='lat' dir='ltr'><strong>cecidit,</strong></span> <span class='ocrx_word' id='word_1_235' title='bbox 3590 1404 3646 1449; x_wconf 88' lang='lat' dir='ltr'><strong>et</strong></span> 
     </span>
    </p>
   </div>
   <div class='ocr_carea' id='block_1_29' title="bbox 2043 1483 3639 1556">
    <p class='ocr_par' dir='ltr' id='par_1_29' title="bbox 2043 1483 3639 1556">
     <span class='ocr_line' id='line_1_29' title="bbox 2043 1483 3639 1556; baseline 0.003 -21"><span class='ocrx_word' id='word_1_236' title='bbox 2043 1483 2142 1538; x_wconf 89' lang='lat' dir='ltr'><strong>fuit</strong></span> <span class='ocrx_word' id='word_1_237' title='bbox 2196 1484 2348 1539; x_wconf 89' lang='lat' dir='ltr'><strong>ruina</strong></span> <span class='ocrx_word' id='word_1_238' title='bbox 2388 1485 2531 1539; x_wconf 89' lang='lat' dir='ltr'><strong>illius</strong></span> <span class='ocrx_word' id='word_1_239' title='bbox 2573 1502 2787 1555; x_wconf 81' lang='lat' dir='ltr'><strong>magna.</strong></span> <span class='ocrx_word' id='word_1_240' title='bbox 2832 1486 2989 1556; x_wconf 76' lang='lat' dir='ltr'><strong>[LXI],</strong></span> <span class='ocrx_word' id='word_1_241' title='bbox 3045 1485 3125 1555; x_wconf 75' lang='lat'><strong>2.]</strong></span> <span class='ocrx_word' id='word_1_242' title='bbox 3166 1488 3228 1541; x_wconf 81' lang='lat' dir='ltr'><strong>Et</strong></span> <span class='ocrx_word' id='word_1_243' title='bbox 3287 1487 3487 1542; x_wconf 91' lang='lat' dir='ltr'><strong>factum</strong></span> <span class='ocrx_word' id='word_1_244' title='bbox 3535 1498 3639 1552; x_wconf 91' lang='lat' dir='ltr'><strong>est,</strong></span> 
     </span>
    </p>
   </div>
   <div class='ocr_carea' id='block_1_30' title="bbox 2041 1580 3644 1643">
    <p class='ocr_par' dir='ltr' id='par_1_30' title="bbox 2041 1580 3644 1643">
     <span class='ocr_line' id='line_1_30' title="bbox 2041 1580 3644 1643; baseline 0.002 -12"><span class='ocrx_word' id='word_1_245' title='bbox 2041 1592 2164 1634; x_wconf 92' lang='lat' dir='ltr'><strong>cum</strong></span> <span class='ocrx_word' id='word_1_246' title='bbox 2196 1590 2632 1634; x_wconf 78' lang='lat' dir='ltr'><strong>consuntmaSset</strong></span> <span class='ocrx_word' id='word_1_247' title='bbox 2670 1582 2828 1635; x_wconf 82' lang='lat' dir='ltr'><strong>.lesus</strong></span> <span class='ocrx_word' id='word_1_248' title='bbox 2859 1580 3022 1634; x_wconf 87' lang='lat' dir='ltr'><strong>verba</strong></span> <span class='ocrx_word' id='word_1_249' title='bbox 3059 1580 3197 1643; x_wconf 76' lang='lat' dir='ltr'><strong>lucc,</strong></span> <span class='ocrx_word' id='word_1_250' title='bbox 3236 1580 3644 1635; x_wconf 64' lang='lat' dir='ltr'><strong>admirabantur</strong></span> 
     </span>
    </p>
   </div>
   <div class='ocr_carea' id='block_1_31' title="bbox 2044 1672 3641 1743">
    <p class='ocr_par' dir='ltr' id='par_1_31' title="bbox 2044 1672 3641 1743">
     <span class='ocr_line' id='line_1_31' title="bbox 2044 1672 3641 1743; baseline 0.002 -18"><span class='ocrx_word' id='word_1_251' title='bbox 2044 1672 2218 1727; x_wconf 78' lang='lat' dir='ltr'><strong>turba:</strong></span> <span class='ocrx_word' id='word_1_252' title='bbox 2266 1688 2428 1743; x_wconf 90' lang='lat' dir='ltr'><strong>super</strong></span> <span class='ocrx_word' id='word_1_253' title='bbox 2462 1672 2707 1729; x_wconf 90' lang='lat' dir='ltr'><strong>doctrina</strong></span> <span class='ocrx_word' id='word_1_254' title='bbox 2752 1674 2890 1742; x_wconf 89' lang='lat' dir='ltr'><strong>ejus.</strong></span> <span class='ocrx_word' id='word_1_255' title='bbox 2934 1674 3064 1727; x_wconf 86' lang='lat' dir='ltr'><strong>Erat</strong></span> <span class='ocrx_word' id='word_1_256' title='bbox 3108 1674 3253 1728; x_wconf 91' lang='lat' dir='ltr'><strong>enim</strong></span> <span class='ocrx_word' id='word_1_257' title='bbox 3291 1674 3497 1729; x_wconf 87' lang='lat' dir='ltr'><strong>docens</strong></span> <span class='ocrx_word' id='word_1_258' title='bbox 3543 1688 3641 1729; x_wconf 90' lang='lat' dir='ltr'><strong>eos</strong></span> 
     </span>
    </p>
   </div>
   <div class='ocr_carea' id='block_1_32' title="bbox 2043 1767 3641 1837">
    <p class='ocr_par' dir='ltr' id='par_1_32' title="bbox 2043 1767 3641 1837">
     <span class='ocr_line' id='line_1_32' title="bbox 2043 1767 3641 1837; baseline 0.003 -17"><span class='ocrx_word' id='word_1_259' title='bbox 2043 1767 2178 1821; x_wconf 87' lang='lat' dir='ltr'><strong>sicut</strong></span> <span class='ocrx_word' id='word_1_260' title='bbox 2208 1776 2528 1837; x_wconf 83' lang='lat' dir='ltr'><strong>potestatem</strong></span> <span class='ocrx_word' id='word_1_261' title='bbox 2559 1767 2785 1836; x_wconf 85' lang='lat' dir='ltr'><strong>habens,</strong></span> <span class='ocrx_word' id='word_1_262' title='bbox 2810 1776 2867 1823; x_wconf 91' lang='lat' dir='ltr'><strong>et</strong></span> <span class='ocrx_word' id='word_1_263' title='bbox 2896 1782 3000 1823; x_wconf 89' lang='lat' dir='ltr'><strong>non</strong></span> <span class='ocrx_word' id='word_1_264' title='bbox 3032 1770 3173 1824; x_wconf 85' lang='lat' dir='ltr'><strong>sicut</strong></span> <span class='ocrx_word' id='word_1_265' title='bbox 3197 1768 3403 1825; x_wconf 76' lang='lat' dir='ltr'><strong>Scribze</strong></span> <span class='ocrx_word' id='word_1_266' title='bbox 3427 1784 3641 1837; x_wconf 87' lang='lat' dir='ltr'><strong>eorum,</strong></span> 
     </span>
    </p>
   </div>
   <div class='ocr_carea' id='block_1_33' title="bbox 337 1856 2407 1945">
    <p class='ocr_par' dir='ltr' id='par_1_33' title="bbox 337 1856 2407 1945">
     <span class='ocr_line' id='line_1_33' title="bbox 337 1856 2407 1945; baseline -0.008 -15"><span class='ocrx_word' id='word_1_267' title='bbox 337 1876 497 1939; x_wconf 83' lang='lat' dir='ltr'><strong>erita,</strong></span> <span class='ocrx_word' id='word_1_268' title='bbox 541 1877 677 1943; x_wconf 87' lang='lat' dir='ltr'><strong>ejice</strong></span> <span class='ocrx_word' id='word_1_269' title='bbox 718 1873 951 1945; x_wconf 90' lang='lat' dir='ltr'><strong>primum</strong></span> <span class='ocrx_word' id='word_1_270' title='bbox 1006 1870 1218 1927; x_wconf 89' lang='lat' dir='ltr'><strong>trabem</strong></span> <span class='ocrx_word' id='word_1_271' title='bbox 1264 1868 1333 1924; x_wconf 89' lang='lat' dir='ltr'><strong>de</strong></span> <span class='ocrx_word' id='word_1_272' title='bbox 1376 1866 1533 1922; x_wconf 91' lang='lat' dir='ltr'><strong>oculo</strong></span> <span class='ocrx_word' id='word_1_273' title='bbox 1582 1874 1691 1932; x_wconf 90' lang='lat' dir='ltr'><strong>tuo,</strong></span> <span class='ocrx_word' id='word_1_274' title='bbox 1726 1874 1782 1918; x_wconf 89' lang='lat' dir='ltr'><strong>et</strong></span> <span class='ocrx_word' id='word_1_275' title='bbox 1813 1875 1940 1917; x_wconf 88' lang='lat' dir='ltr'><strong>tunc</strong></span> <span class='ocrx_word' id='word_1_276' title='bbox 1970 1856 2018 1916; x_wconf 89' lang='lat' dir='ltr'><strong>B</strong></span> <span class='ocrx_word' id='word_1_277' title='bbox 2044 1869 2099 1915; x_wconf 92' lang='lat' dir='ltr'><strong>ct</strong></span> <span class='ocrx_word' id='word_1_278' title='bbox 2131 1860 2407 1915; x_wconf 67' lang='lat' dir='ltr'><strong>Pharisaei.</strong></span> 
     </span>
    </p>
   </div>
   <div class='ocr_carea' id='block_1_34' title="bbox 338 1955 1941 2040">
    <p class='ocr_par' dir='ltr' id='par_1_34' title="bbox 338 1955 1941 2040">
     <span class='ocr_line' id='line_1_34' title="bbox 338 1955 1941 2040; baseline -0.009 -14"><span class='ocrx_word' id='word_1_279' title='bbox 338 1970 552 2026; x_wconf 82' lang='lat' dir='ltr'><strong>videbis</strong></span> <span class='ocrx_word' id='word_1_280' title='bbox 574 1970 771 2040; x_wconf 87' lang='lat' dir='ltr'><strong>ejicere</strong></span> <span class='ocrx_word' id='word_1_281' title='bbox 806 1969 1062 2023; x_wconf 68' lang='lat' dir='ltr'><strong>festucam</strong></span> <span class='ocrx_word' id='word_1_282' title='bbox 1087 1966 1154 2021; x_wconf 92' lang='lat' dir='ltr'><strong>de</strong></span> <span class='ocrx_word' id='word_1_283' title='bbox 1180 1963 1340 2021; x_wconf 92' lang='lat' dir='ltr'><strong>oculo</strong></span> <span class='ocrx_word' id='word_1_284' title='bbox 1371 1961 1554 2018; x_wconf 88' lang='lat' dir='ltr'><strong>fratris</strong></span> <span class='ocrx_word' id='word_1_285' title='bbox 1580 1961 1675 2015; x_wconf 91' lang='lat' dir='ltr'><strong>tui.</strong></span> <span class='ocrx_word' id='word_1_286' title='bbox 1713 1961 1830 2032; x_wconf 84' lang='lat' dir='ltr'><strong>]LlI,</strong></span> <span class='ocrx_word' id='word_1_287' title='bbox 1863 1955 1941 2028; x_wconf 86' lang='grc'><strong>5.]</strong></span> 
     </span>
    </p>
   </div>
   <div class='ocr_carea' id='block_1_35' title="bbox 340 2054 1944 2126">
    <p class='ocr_par' dir='ltr' id='par_1_35' title="bbox 340 2054 1944 2126">
     <span class='ocr_line' id='line_1_35' title="bbox 340 2054 1944 2126; baseline -0.011 -7"><span class='ocrx_word' id='word_1_288' title='bbox 340 2064 522 2119; x_wconf 80' lang='lat' dir='ltr'><strong>Nolite</strong></span> <span class='ocrx_word' id='word_1_289' title='bbox 577 2061 708 2117; x_wconf 87' lang='lat' dir='ltr'><strong>dare</strong></span> <span class='ocrx_word' id='word_1_290' title='bbox 752 2069 998 2116; x_wconf 89' lang='lat' dir='ltr'><strong>sanctum</strong></span> <span class='ocrx_word' id='word_1_291' title='bbox 1042 2057 1294 2123; x_wconf 90' lang='lat' dir='ltr'><strong>canibus,</strong></span> <span class='ocrx_word' id='word_1_292' title='bbox 1339 2070 1516 2126; x_wconf 90' lang='lat' dir='ltr'><strong>neque</strong></span> <span class='ocrx_word' id='word_1_293' title='bbox 1547 2054 1773 2108; x_wconf 87' lang='lat' dir='ltr'><strong>mittatis</strong></span> <span class='ocrx_word' id='word_1_294' title='bbox 1802 2064 1944 2105; x_wconf 89' lang='lat' dir='ltr'><strong>mar-</strong></span> 
     </span>
    </p>
   </div>
   <div class='ocr_carea' id='block_1_36' title="bbox 340 2143 1946 2228">
    <p class='ocr_par' dir='ltr' id='par_1_36' title="bbox 340 2143 1946 2228">
     <span class='ocr_line' id='line_1_36' title="bbox 340 2143 1946 2228; baseline -0.007 -21"><span class='ocrx_word' id='word_1_295' title='bbox 340 2159 545 2228; x_wconf 76' lang='lat' dir='ltr'><strong>garilas</strong></span> <span class='ocrx_word' id='word_1_296' title='bbox 593 2165 804 2213; x_wconf 80' lang='lat' dir='ltr'><strong>vestras</strong></span> <span class='ocrx_word' id='word_1_297' title='bbox 844 2163 970 2209; x_wconf 88' lang='lat' dir='ltr'><strong>ante</strong></span> <span class='ocrx_word' id='word_1_298' title='bbox 1011 2166 1257 2223; x_wconf 89' lang='lat' dir='ltr'><strong>porcos:</strong></span> <span class='ocrx_word' id='word_1_299' title='bbox 1312 2164 1380 2205; x_wconf 88' lang='lat' dir='ltr'><strong>ne</strong></span> <span class='ocrx_word' id='word_1_300' title='bbox 1428 2148 1571 2203; x_wconf 90' lang='lat' dir='ltr'><strong>forte</strong></span> <span class='ocrx_word' id='word_1_301' title='bbox 1621 2143 1946 2201; x_wconf 90' lang='lat' dir='ltr'><strong>conculeent</strong></span> 
     </span>
    </p>
   </div>
   <div class='ocr_carea' id='block_1_37' title="bbox 344 2235 1944 2321">
    <p class='ocr_par' dir='ltr' id='par_1_37' title="bbox 344 2235 1944 2321">
     <span class='ocr_line' id='line_1_37' title="bbox 344 2235 1944 2321; baseline -0.01 -16"><span class='ocrx_word' id='word_1_302' title='bbox 344 2266 440 2306; x_wconf 85' lang='lat' dir='ltr'><strong>eas</strong></span> <span class='ocrx_word' id='word_1_303' title='bbox 474 2250 700 2321; x_wconf 88' lang='lat' dir='ltr'><strong>pedibus</strong></span> <span class='ocrx_word' id='word_1_304' title='bbox 727 2250 861 2313; x_wconf 88' lang='lat' dir='ltr'><strong>suis,</strong></span> <span class='ocrx_word' id='word_1_305' title='bbox 895 2256 949 2304; x_wconf 85' lang='lat' dir='ltr'><strong>et</strong></span> <span class='ocrx_word' id='word_1_306' title='bbox 970 2243 1219 2303; x_wconf 86' lang='lat' dir='ltr'><strong>conversi</strong></span> <span class='ocrx_word' id='word_1_307' title='bbox 1238 2243 1551 2312; x_wconf 90' lang='lat' dir='ltr'><strong>dirumpant</strong></span> <span class='ocrx_word' id='word_1_308' title='bbox 1573 2238 1841 2311; x_wconf 83' lang='lat' dir='ltr'><strong>vos.[t.ttt,</strong></span> <span class='ocrx_word' id='word_1_309' title='bbox 1866 2235 1944 2307; x_wconf 97' lang='grc'><strong>5.]</strong></span> 
     </span>
    </p>
   </div>
   <div class='ocr_carea' id='block_1_38' title="bbox 346 2335 1943 2412">
    <p class='ocr_par' dir='ltr' id='par_1_38' title="bbox 346 2335 1943 2412">
     <span class='ocr_line' id='line_1_38' title="bbox 346 2335 1943 2412; baseline -0.006 -13"><span class='ocrx_word' id='word_1_310' title='bbox 346 2346 545 2412; x_wconf 78' lang='lat' dir='ltr'><strong>l‘etite,</strong></span> <span class='ocrx_word' id='word_1_311' title='bbox 605 2353 661 2401; x_wconf 90' lang='lat' dir='ltr'><strong>et</strong></span> <span class='ocrx_word' id='word_1_312' title='bbox 707 2344 924 2399; x_wconf 86' lang='lat' dir='ltr'><strong>dabitur</strong></span> <span class='ocrx_word' id='word_1_313' title='bbox 972 2342 1165 2398; x_wconf 90' lang='lat' dir='ltr'><strong>vobis:</strong></span> <span class='ocrx_word' id='word_1_314' title='bbox 1210 2340 1455 2412; x_wconf 64' lang='lat' dir='ltr'><strong>quaerite,</strong></span> <span class='ocrx_word' id='word_1_315' title='bbox 1503 2346 1557 2394; x_wconf 79' lang='lat' dir='ltr'><strong>et</strong></span> <span class='ocrx_word' id='word_1_316' title='bbox 1609 2335 1943 2392; x_wconf 86' lang='lat' dir='ltr'><strong>invenietis:</strong></span> 
     </span>
    </p>
   </div>
   <div class='ocr_carea' id='block_1_39' title="bbox 346 2430 1942 2508">
    <p class='ocr_par' dir='ltr' id='par_1_39' title="bbox 346 2430 1942 2508">
     <span class='ocr_line' id='line_1_39' title="bbox 346 2430 1942 2508; baseline -0.008 -16"><span class='ocrx_word' id='word_1_317' title='bbox 346 2438 556 2508; x_wconf 81' lang='lat' dir='ltr'><strong>pulsate</strong></span> <span class='ocrx_word' id='word_1_318' title='bbox 587 2478 601 2502; x_wconf 94' lang='lat'><strong>,</strong></span> <span class='ocrx_word' id='word_1_319' title='bbox 633 2446 688 2492; x_wconf 92' lang='lat' dir='ltr'><strong>et</strong></span> <span class='ocrx_word' id='word_1_320' title='bbox 736 2438 1014 2507; x_wconf 88' lang='lat' dir='ltr'><strong>aperietur</strong></span> <span class='ocrx_word' id='word_1_321' title='bbox 1041 2433 1219 2490; x_wconf 88' lang='lat' dir='ltr'><strong>vobis.</strong></span> <span class='ocrx_word' id='word_1_322' title='bbox 1258 2432 1452 2489; x_wconf 89' lang='lat' dir='ltr'><strong>Omnis</strong></span> <span class='ocrx_word' id='word_1_323' title='bbox 1480 2432 1629 2487; x_wconf 91' lang='lat' dir='ltr'><strong>enim</strong></span> <span class='ocrx_word' id='word_1_324' title='bbox 1656 2430 1747 2499; x_wconf 90' lang='lat' dir='ltr'><strong>qui</strong></span> <span class='ocrx_word' id='word_1_325' title='bbox 1790 2430 1942 2498; x_wconf 88' lang='lat' dir='ltr'><strong>petit,</strong></span> 
     </span>
    </p>
   </div>
   <div class='ocr_carea' id='block_1_40' title="bbox 344 2522 1947 2602">
    <p class='ocr_par' dir='ltr' id='par_1_40' title="bbox 344 2522 1947 2602">
     <span class='ocr_line' id='line_1_40' title="bbox 344 2522 1947 2602; baseline -0.005 -17"><span class='ocrx_word' id='word_1_326' title='bbox 344 2533 545 2602; x_wconf 84' lang='lat' dir='ltr'><strong>accipit</strong></span> <span class='ocrx_word' id='word_1_327' title='bbox 576 2550 586 2585; x_wconf 94' lang='lat'><strong>:</strong></span> <span class='ocrx_word' id='word_1_328' title='bbox 620 2542 674 2586; x_wconf 91' lang='lat' dir='ltr'><strong>et</strong></span> <span class='ocrx_word' id='word_1_329' title='bbox 718 2534 806 2601; x_wconf 91' lang='lat' dir='ltr'><strong>qui</strong></span> <span class='ocrx_word' id='word_1_330' title='bbox 846 2530 1065 2602; x_wconf 66' lang='lat' dir='ltr'><strong>qumrit,</strong></span> <span class='ocrx_word' id='word_1_331' title='bbox 1099 2527 1302 2584; x_wconf 91' lang='lat' dir='ltr'><strong>invenit</strong></span> <span class='ocrx_word' id='word_1_332' title='bbox 1331 2548 1341 2581; x_wconf 95' lang='lat'><strong>:</strong></span> <span class='ocrx_word' id='word_1_333' title='bbox 1376 2538 1430 2583; x_wconf 89' lang='lat' dir='ltr'><strong>et</strong></span> <span class='ocrx_word' id='word_1_334' title='bbox 1460 2526 1696 2597; x_wconf 88' lang='lat' dir='ltr'><strong>pulsanti</strong></span> <span class='ocrx_word' id='word_1_335' title='bbox 1730 2522 1947 2594; x_wconf 87' lang='lat' dir='ltr'><strong>aperie-</strong></span> 
     </span>
    </p>
   </div>
   <div class='ocr_carea' id='block_1_41' title="bbox 346 2614 1947 2697">
    <p class='ocr_par' dir='ltr' id='par_1_41' title="bbox 346 2614 1947 2697">
     <span class='ocr_line' id='line_1_41' title="bbox 346 2614 1947 2697; baseline -0.006 -18"><span class='ocrx_word' id='word_1_336' title='bbox 346 2636 454 2680; x_wconf 88' lang='lat' dir='ltr'><strong>tur.</strong></span> <span class='ocrx_word' id='word_1_337' title='bbox 484 2628 589 2681; x_wconf 82' lang='lat' dir='ltr'><strong>Aut</strong></span> <span class='ocrx_word' id='word_1_338' title='bbox 609 2626 729 2697; x_wconf 89' lang='lat' dir='ltr'><strong>quis</strong></span> <span class='ocrx_word' id='word_1_339' title='bbox 759 2634 842 2680; x_wconf 88' lang='lat' dir='ltr'><strong>est</strong></span> <span class='ocrx_word' id='word_1_340' title='bbox 871 2640 937 2679; x_wconf 81' lang='lat' dir='ltr'><strong>ex</strong></span> <span class='ocrx_word' id='word_1_341' title='bbox 972 2623 1125 2678; x_wconf 86' lang='lat' dir='ltr'><strong>vobis</strong></span> <span class='ocrx_word' id='word_1_342' title='bbox 1159 2623 1343 2688; x_wconf 91' lang='lat' dir='ltr'><strong>homo,</strong></span> <span class='ocrx_word' id='word_1_343' title='bbox 1374 2636 1533 2691; x_wconf 88' lang='lat' dir='ltr'><strong>quem</strong></span> <span class='ocrx_word' id='word_1_344' title='bbox 1567 2618 1609 2672; x_wconf 91' lang='lat' dir='ltr'><strong>si</strong></span> <span class='ocrx_word' id='word_1_345' title='bbox 1643 2616 1849 2688; x_wconf 89' lang='lat' dir='ltr'><strong>petierit</strong></span> <span class='ocrx_word' id='word_1_346' title='bbox 1885 2614 1947 2669; x_wconf 85' lang='lat' dir='ltr'><strong>fi-</strong></span> 
     </span>
    </p>
   </div>
   <div class='ocr_carea' id='block_1_42' title="bbox 344 2709 1949 2789">
    <p class='ocr_par' dir='ltr' id='par_1_42' title="bbox 344 2709 1949 2789">
     <span class='ocr_line' id='line_1_42' title="bbox 344 2709 1949 2789; baseline -0.007 -16"><span class='ocrx_word' id='word_1_347' title='bbox 344 2721 450 2774; x_wconf 88' lang='lat' dir='ltr'><strong>lius</strong></span> <span class='ocrx_word' id='word_1_348' title='bbox 473 2733 605 2774; x_wconf 91' lang='lat' dir='ltr'><strong>suus</strong></span> <span class='ocrx_word' id='word_1_349' title='bbox 638 2733 855 2789; x_wconf 89' lang='lat' dir='ltr'><strong>panem,</strong></span> <span class='ocrx_word' id='word_1_350' title='bbox 886 2714 1147 2786; x_wconf 91' lang='lat' dir='ltr'><strong>numquid</strong></span> <span class='ocrx_word' id='word_1_351' title='bbox 1179 2713 1414 2785; x_wconf 89' lang='lat' dir='ltr'><strong>lapidem</strong></span> <span class='ocrx_word' id='word_1_352' title='bbox 1446 2711 1685 2782; x_wconf 80' lang='lat' dir='ltr'><strong>porriget</strong></span> <span class='ocrx_word' id='word_1_353' title='bbox 1713 2710 1761 2765; x_wconf 90' lang='lat' dir='ltr'><strong>ei</strong></span> <span class='ocrx_word' id='word_1_354' title='bbox 1787 2709 1811 2763; x_wconf 67' lang='grc' dir='ltr'><strong><em>Ἰ</em></strong></span> <span class='ocrx_word' id='word_1_355' title='bbox 1843 2710 1949 2762; x_wconf 83' lang='lat' dir='ltr'><strong>Aut</strong></span> 
     </span>
    </p>
   </div>
   <div class='ocr_carea' id='block_1_43' title="bbox 346 2799 1949 2881">
    <p class='ocr_par' dir='ltr' id='par_1_43' title="bbox 346 2799 1949 2881">
     <span class='ocr_line' id='line_1_43' title="bbox 346 2799 1949 2881; baseline -0.007 -16"><span class='ocrx_word' id='word_1_356' title='bbox 346 2812 389 2865; x_wconf 93' lang='lat' dir='ltr'><strong>si</strong></span> <span class='ocrx_word' id='word_1_357' title='bbox 416 2812 621 2880; x_wconf 78' lang='lat' dir='ltr'><strong>piscem</strong></span> <span class='ocrx_word' id='word_1_358' title='bbox 654 2810 903 2881; x_wconf 89' lang='lat' dir='ltr'><strong>petierit,</strong></span> <span class='ocrx_word' id='word_1_359' title='bbox 938 2808 1197 2879; x_wconf 88' lang='lat' dir='ltr'><strong>nutnqttid</strong></span> <span class='ocrx_word' id='word_1_360' title='bbox 1242 2815 1552 2875; x_wconf 88' lang='lat' dir='ltr'><strong>serpentem</strong></span> <span class='ocrx_word' id='word_1_361' title='bbox 1582 2802 1823 2874; x_wconf 79' lang='lat' dir='ltr'><strong>porriget</strong></span> <span class='ocrx_word' id='word_1_362' title='bbox 1853 2799 1949 2855; x_wconf 77' lang='lat' dir='ltr'><strong>ei?</strong></span> 
     </span>
    </p>
   </div>
   <div class='ocr_carea' id='block_1_44' title="bbox 343 2894 1950 2974">
    <p class='ocr_par' dir='ltr' id='par_1_44' title="bbox 343 2894 1950 2974">
     <span class='ocr_line' id='line_1_44' title="bbox 343 2894 1950 2974; baseline -0.008 -14"><span class='ocrx_word' id='word_1_363' title='bbox 343 2904 400 2960; x_wconf 89' lang='lat' dir='ltr'><strong>Si</strong></span> <span class='ocrx_word' id='word_1_364' title='bbox 427 2918 563 2974; x_wconf 83' lang='lat' dir='ltr'><strong>ergo</strong></span> <span class='ocrx_word' id='word_1_365' title='bbox 584 2919 705 2973; x_wconf 89' lang='lat' dir='ltr'><strong>vos,</strong></span> <span class='ocrx_word' id='word_1_366' title='bbox 735 2918 857 2959; x_wconf 92' lang='lat' dir='ltr'><strong>cum</strong></span> <span class='ocrx_word' id='word_1_367' title='bbox 881 2900 1000 2957; x_wconf 89' lang='lat' dir='ltr'><strong>sitis</strong></span> <span class='ocrx_word' id='word_1_368' title='bbox 1028 2900 1175 2966; x_wconf 90' lang='lat' dir='ltr'><strong>mali,</strong></span> <span class='ocrx_word' id='word_1_369' title='bbox 1208 2899 1382 2955; x_wconf 90' lang='lat' dir='ltr'><strong>nostis</strong></span> <span class='ocrx_word' id='word_1_370' title='bbox 1409 2899 1549 2953; x_wconf 89' lang='lat' dir='ltr'><strong>bona</strong></span> <span class='ocrx_word' id='word_1_371' title='bbox 1577 2896 1701 2951; x_wconf 89' lang='lat' dir='ltr'><strong>data</strong></span> <span class='ocrx_word' id='word_1_372' title='bbox 1725 2894 1857 2949; x_wconf 85' lang='lat' dir='ltr'><strong>dare</strong></span> <span class='ocrx_word' id='word_1_373' title='bbox 1889 2894 1950 2947; x_wconf 87' lang='lat' dir='ltr'><strong>fi-</strong></span> 
     </span>
    </p>
   </div>
   <div class='ocr_carea' id='block_1_45' title="bbox 345 2986 1949 3067">
    <p class='ocr_par' dir='ltr' id='par_1_45' title="bbox 345 2986 1949 3067">
     <span class='ocr_line' id='line_1_45' title="bbox 345 2986 1949 3067; baseline -0.006 -16"><span class='ocrx_word' id='word_1_374' title='bbox 345 2998 428 3052; x_wconf 76' lang='lat' dir='ltr'><strong>liis</strong></span> <span class='ocrx_word' id='word_1_375' title='bbox 459 2998 661 3054; x_wconf 87' lang='lat' dir='ltr'><strong>vestris</strong></span> <span class='ocrx_word' id='word_1_376' title='bbox 693 3013 708 3051; x_wconf 91' lang='lat'><strong>:</strong></span> <span class='ocrx_word' id='word_1_377' title='bbox 740 3004 942 3067; x_wconf 87' lang='lat' dir='ltr'><strong>quanto</strong></span> <span class='ocrx_word' id='word_1_378' title='bbox 974 2994 1144 3065; x_wconf 89' lang='lat' dir='ltr'><strong>magis</strong></span> <span class='ocrx_word' id='word_1_379' title='bbox 1180 3002 1333 3063; x_wconf 91' lang='lat' dir='ltr'><strong>pater</strong></span> <span class='ocrx_word' id='word_1_380' title='bbox 1353 3002 1552 3056; x_wconf 89' lang='lat' dir='ltr'><strong>vester,</strong></span> <span class='ocrx_word' id='word_1_381' title='bbox 1586 2988 1677 3059; x_wconf 88' lang='lat' dir='ltr'><strong>qui</strong></span> <span class='ocrx_word' id='word_1_382' title='bbox 1710 2988 1764 3043; x_wconf 89' lang='lat' dir='ltr'><strong>in</strong></span> <span class='ocrx_word' id='word_1_383' title='bbox 1796 2986 1949 3043; x_wconf 66' lang='lat' dir='ltr'><strong>caelis</strong></span> 
     </span>
    </p>
   </div>
   <div class='ocr_carea' id='block_1_46' title="bbox 344 3079 1949 3158">
    <p class='ocr_par' dir='ltr' id='par_1_46' title="bbox 344 3079 1949 3158">
     <span class='ocr_line' id='line_1_46' title="bbox 344 3079 1949 3158; baseline -0.007 -13"><span class='ocrx_word' id='word_1_384' title='bbox 344 3100 451 3157; x_wconf 89' lang='lat' dir='ltr'><strong>est,</strong></span> <span class='ocrx_word' id='word_1_385' title='bbox 476 3089 625 3144; x_wconf 89' lang='lat' dir='ltr'><strong>dabit</strong></span> <span class='ocrx_word' id='word_1_386' title='bbox 654 3090 794 3143; x_wconf 84' lang='lat' dir='ltr'><strong>bona</strong></span> <span class='ocrx_word' id='word_1_387' title='bbox 827 3086 1135 3158; x_wconf 90' lang='lat' dir='ltr'><strong>petentibus</strong></span> <span class='ocrx_word' id='word_1_388' title='bbox 1172 3084 1271 3141; x_wconf 83' lang='lat' dir='ltr'><strong>sel</strong></span> <span class='ocrx_word' id='word_1_389' title='bbox 1310 3084 1445 3158; x_wconf 55' lang='lat' dir='ltr'><strong>]‘_Ltv,</strong></span> <span class='ocrx_word' id='word_1_390' title='bbox 1483 3079 1563 3152; x_wconf 84' lang='lat'><strong>5.]</strong></span> <span class='ocrx_word' id='word_1_391' title='bbox 1591 3080 1785 3136; x_wconf 85' lang='lat' dir='ltr'><strong>Omnia</strong></span> <span class='ocrx_word' id='word_1_392' title='bbox 1818 3093 1949 3149; x_wconf 84' lang='lat' dir='ltr'><strong>ergo</strong></span> 
     </span>
    </p>
   </div>
   <div class='ocr_carea' id='block_1_47' title="bbox 343 3176 1950 3253">
    <p class='ocr_par' dir='ltr' id='par_1_47' title="bbox 343 3176 1950 3253">
     <span class='ocr_line' id='line_1_47' title="bbox 343 3176 1950 3253; baseline -0.004 -18"><span class='ocrx_word' id='word_1_393' title='bbox 343 3197 703 3253; x_wconf 73' lang='lat' dir='ltr'><strong>quzecnmque</strong></span> <span class='ocrx_word' id='word_1_394' title='bbox 730 3182 923 3247; x_wconf 90' lang='lat' dir='ltr'><strong>vultis,</strong></span> <span class='ocrx_word' id='word_1_395' title='bbox 959 3189 1016 3235; x_wconf 90' lang='lat' dir='ltr'><strong>ut</strong></span> <span class='ocrx_word' id='word_1_396' title='bbox 1057 3179 1257 3234; x_wconf 84' lang='lat' dir='ltr'><strong>faciant</strong></span> <span class='ocrx_word' id='word_1_397' title='bbox 1287 3177 1441 3233; x_wconf 85' lang='lat' dir='ltr'><strong>vobis</strong></span> <span class='ocrx_word' id='word_1_398' title='bbox 1474 3176 1741 3243; x_wconf 86' lang='lat' dir='ltr'><strong>homines,</strong></span> <span class='ocrx_word' id='word_1_399' title='bbox 1770 3184 1823 3230; x_wconf 93' lang='lat' dir='ltr'><strong>et</strong></span> <span class='ocrx_word' id='word_1_400' title='bbox 1852 3188 1950 3229; x_wconf 90' lang='lat' dir='ltr'><strong>vos</strong></span> 
     </span>
    </p>
   </div>
   <div class='ocr_carea' id='block_1_48' title="bbox 2119 1952 3634 2027">
    <p class='ocr_par' dir='ltr' id='par_1_48' title="bbox 2119 1952 3634 2027">
     <span class='ocr_line' id='line_1_48' title="bbox 2119 1952 3634 2027; baseline 0.003 -19"><span class='ocrx_word' id='word_1_401' title='bbox 2119 1952 2279 2025; x_wconf 71' lang='grc' dir='ltr'><strong>[ϐαρ.</strong></span> <span class='ocrx_word' id='word_1_402' title='bbox 2316 1954 2447 2009; x_wconf 84' lang='lat' dir='ltr'><strong>Vlll.</strong></span> <span class='ocrx_word' id='word_1_403' title='bbox 2484 1970 2633 2018; x_wconf 77' lang='lat' dir='ltr'><strong>Lvut,</strong></span> <span class='ocrx_word' id='word_1_404' title='bbox 2663 1956 2715 2009; x_wconf 69' lang='grc' dir='ltr'><strong>ἓ.</strong></span> <span class='ocrx_word' id='word_1_405' title='bbox 2736 1955 2753 2027; x_wconf 85' lang='grc'><strong>]</strong></span> <span class='ocrx_word' id='word_1_406' title='bbox 2777 1955 2913 2013; x_wconf 85' lang='lat' dir='ltr'><strong>Cum</strong></span> <span class='ocrx_word' id='word_1_407' title='bbox 2944 1965 3121 2011; x_wconf 88' lang='lat' dir='ltr'><strong>autem</strong></span> <span class='ocrx_word' id='word_1_408' title='bbox 3152 1956 3535 2012; x_wconf 84' lang='lat' dir='ltr'><strong>descendisset</strong></span> <span class='ocrx_word' id='word_1_409' title='bbox 3563 1957 3634 2013; x_wconf 86' lang='lat' dir='ltr'><strong>de</strong></span> 
     </span>
    </p>
   </div>
   <div class='ocr_carea' id='block_1_49' title="bbox 2048 2050 3642 2113">
    <p class='ocr_par' dir='ltr' id='par_1_49' title="bbox 2048 2050 3642 2113">
     <span class='ocr_line' id='line_1_49' title="bbox 2048 2050 3642 2113; baseline 0.001 -12"><span class='ocrx_word' id='word_1_410' title='bbox 2048 2055 2255 2113; x_wconf 90' lang='lat' dir='ltr'><strong>monte,</strong></span> <span class='ocrx_word' id='word_1_411' title='bbox 2288 2056 2489 2102; x_wconf 86' lang='lat' dir='ltr'><strong>secutae</strong></span> <span class='ocrx_word' id='word_1_412' title='bbox 2530 2058 2657 2102; x_wconf 89' lang='lat' dir='ltr'><strong>sunt</strong></span> <span class='ocrx_word' id='word_1_413' title='bbox 2697 2065 2819 2102; x_wconf 90' lang='lat' dir='ltr'><strong>eum</strong></span> <span class='ocrx_word' id='word_1_414' title='bbox 2850 2050 3021 2103; x_wconf 79' lang='lat' dir='ltr'><strong>turba:</strong></span> <span class='ocrx_word' id='word_1_415' title='bbox 3057 2050 3243 2103; x_wconf 72' lang='lat' dir='ltr'><strong>multa:</strong></span> <span class='ocrx_word' id='word_1_416' title='bbox 3272 2067 3283 2102; x_wconf 91' lang='lat'><strong>:</strong></span> <span class='ocrx_word' id='word_1_417' title='bbox 3315 2058 3370 2103; x_wconf 90' lang='lat' dir='ltr'><strong>et</strong></span> <span class='ocrx_word' id='word_1_418' title='bbox 3392 2064 3521 2104; x_wconf 89' lang='lat' dir='ltr'><strong>ecce</strong></span> <span class='ocrx_word' id='word_1_419' title='bbox 3562 2050 3642 2103; x_wconf 88' lang='lat' dir='ltr'><strong>le-</strong></span> 
     </span>
    </p>
   </div>
   <div class='ocr_carea' id='block_1_50' title="bbox 2049 2140 3642 2210">
    <p class='ocr_par' dir='ltr' id='par_1_50' title="bbox 2049 2140 3642 2210">
     <span class='ocr_line' id='line_1_50' title="bbox 2049 2140 3642 2210; baseline 0.001 -17"><span class='ocrx_word' id='word_1_420' title='bbox 2049 2156 2241 2210; x_wconf 80' lang='lat' dir='ltr'><strong>prosus</strong></span> <span class='ocrx_word' id='word_1_421' title='bbox 2273 2140 2518 2209; x_wconf 88' lang='lat' dir='ltr'><strong>veniens,</strong></span> <span class='ocrx_word' id='word_1_422' title='bbox 2550 2140 2819 2194; x_wconf 83' lang='lat' dir='ltr'><strong>adorabat</strong></span> <span class='ocrx_word' id='word_1_423' title='bbox 2868 2156 2991 2195; x_wconf 89' lang='lat' dir='ltr'><strong>eum</strong></span> <span class='ocrx_word' id='word_1_424' title='bbox 3043 2140 3233 2196; x_wconf 90' lang='lat' dir='ltr'><strong>dicens</strong></span> <span class='ocrx_word' id='word_1_425' title='bbox 3268 2160 3279 2195; x_wconf 93' lang='lat'><strong>:</strong></span> <span class='ocrx_word' id='word_1_426' title='bbox 3313 2140 3565 2204; x_wconf 87' lang='lat' dir='ltr'><strong>Domine,</strong></span> <span class='ocrx_word' id='word_1_427' title='bbox 3597 2142 3642 2195; x_wconf 88' lang='lat' dir='ltr'><strong>si</strong></span> 
     </span>
    </p>
   </div>
   <div class='ocr_carea' id='block_1_51' title="bbox 2048 2234 3646 2305">
    <p class='ocr_par' dir='ltr' id='par_1_51' title="bbox 2048 2234 3646 2305">
     <span class='ocr_line' id='line_1_51' title="bbox 2048 2234 3646 2305; baseline -0.002 -17"><span class='ocrx_word' id='word_1_428' title='bbox 2048 2235 2148 2299; x_wconf 88' lang='lat' dir='ltr'><strong>vis,</strong></span> <span class='ocrx_word' id='word_1_429' title='bbox 2178 2243 2330 2305; x_wconf 88' lang='lat' dir='ltr'><strong>potes</strong></span> <span class='ocrx_word' id='word_1_430' title='bbox 2360 2249 2447 2290; x_wconf 89' lang='lat' dir='ltr'><strong>me</strong></span> <span class='ocrx_word' id='word_1_431' title='bbox 2476 2234 2761 2289; x_wconf 84' lang='lat' dir='ltr'><strong>mundare.</strong></span> <span class='ocrx_word' id='word_1_432' title='bbox 2782 2237 2847 2289; x_wconf 81' lang='lat' dir='ltr'><strong>Et</strong></span> <span class='ocrx_word' id='word_1_433' title='bbox 2882 2237 3186 2290; x_wconf 77' lang='lat' dir='ltr'><strong>extendens</strong></span> <span class='ocrx_word' id='word_1_434' title='bbox 3212 2235 3373 2291; x_wconf 57' lang='lat' dir='ltr'><strong>Jesus</strong></span> <span class='ocrx_word' id='word_1_435' title='bbox 3404 2251 3646 2301; x_wconf 84' lang='lat' dir='ltr'><strong>mantttn,</strong></span> 
     </span>
    </p>
   </div>
   <div class='ocr_carea' id='block_1_52' title="bbox 2050 2328 3643 2399">
    <p class='ocr_par' dir='ltr' id='par_1_52' title="bbox 2050 2328 3643 2399">
     <span class='ocr_line' id='line_1_52' title="bbox 2050 2328 3643 2399; baseline 0.001 -18"><span class='ocrx_word' id='word_1_436' title='bbox 2050 2329 2228 2399; x_wconf 81' lang='lat' dir='ltr'><strong>tetigit</strong></span> <span class='ocrx_word' id='word_1_437' title='bbox 2281 2342 2431 2393; x_wconf 90' lang='lat' dir='ltr'><strong>eum,</strong></span> <span class='ocrx_word' id='word_1_438' title='bbox 2461 2328 2651 2383; x_wconf 88' lang='lat' dir='ltr'><strong>dicens</strong></span> <span class='ocrx_word' id='word_1_439' title='bbox 2686 2346 2699 2383; x_wconf 95' lang='lat'><strong>:</strong></span> <span class='ocrx_word' id='word_1_440' title='bbox 2738 2328 2894 2384; x_wconf 83' lang='lat' dir='ltr'><strong>Volo.</strong></span> <span class='ocrx_word' id='word_1_441' title='bbox 2930 2329 3212 2384; x_wconf 82' lang='lat' dir='ltr'><strong>Muntlare.</strong></span> <span class='ocrx_word' id='word_1_442' title='bbox 3249 2330 3317 2384; x_wconf 86' lang='lat' dir='ltr'><strong>Et</strong></span> <span class='ocrx_word' id='word_1_443' title='bbox 3353 2330 3643 2383; x_wconf 82' lang='lat' dir='ltr'><strong>confestim</strong></span> 
     </span>
    </p>
   </div>
   <div class='ocr_carea' id='block_1_53' title="bbox 2047 2421 3645 2492">
    <p class='ocr_par' dir='ltr' id='par_1_53' title="bbox 2047 2421 3645 2492">
     <span class='ocr_line' id='line_1_53' title="bbox 2047 2421 3645 2492; baseline -0.001 -15"><span class='ocrx_word' id='word_1_444' title='bbox 2047 2422 2306 2477; x_wconf 89' lang='lat' dir='ltr'><strong>mundata</strong></span> <span class='ocrx_word' id='word_1_445' title='bbox 2348 2430 2436 2477; x_wconf 90' lang='lat' dir='ltr'><strong>est</strong></span> <span class='ocrx_word' id='word_1_446' title='bbox 2466 2422 2613 2491; x_wconf 90' lang='lat' dir='ltr'><strong>lepra</strong></span> <span class='ocrx_word' id='word_1_447' title='bbox 2656 2421 2793 2492; x_wconf 87' lang='lat' dir='ltr'><strong>ejus.</strong></span> <span class='ocrx_word' id='word_1_448' title='bbox 2822 2423 2889 2476; x_wconf 86' lang='lat' dir='ltr'><strong>Et</strong></span> <span class='ocrx_word' id='word_1_449' title='bbox 2917 2423 2993 2477; x_wconf 86' lang='lat' dir='ltr'><strong>ait</strong></span> <span class='ocrx_word' id='word_1_450' title='bbox 3026 2422 3101 2476; x_wconf 91' lang='lat' dir='ltr'><strong>illt</strong></span> <span class='ocrx_word' id='word_1_451' title='bbox 3130 2422 3289 2478; x_wconf 82' lang='lat' dir='ltr'><strong>.lesus</strong></span> <span class='ocrx_word' id='word_1_452' title='bbox 3323 2423 3518 2491; x_wconf 87' lang='lat' dir='ltr'><strong>:Vide,</strong></span> <span class='ocrx_word' id='word_1_453' title='bbox 3552 2439 3645 2476; x_wconf 85' lang='lat' dir='ltr'><strong>ne-</strong></span> 
     </span>
    </p>
   </div>
   <div class='ocr_carea' id='block_1_54' title="bbox 2048 2514 3638 2582">
    <p class='ocr_par' dir='ltr' id='par_1_54' title="bbox 2048 2514 3638 2582">
     <span class='ocr_line' id='line_1_54' title="bbox 2048 2514 3638 2582; baseline -0.001 -12"><span class='ocrx_word' id='word_1_454' title='bbox 2048 2517 2182 2571; x_wconf 90' lang='lat' dir='ltr'><strong>mini</strong></span> <span class='ocrx_word' id='word_1_455' title='bbox 2224 2514 2475 2572; x_wconf 78' lang='lat' dir='ltr'><strong>dixeris:</strong></span> <span class='ocrx_word' id='word_1_456' title='bbox 2510 2516 2603 2571; x_wconf 88' lang='lat' dir='ltr'><strong>sed</strong></span> <span class='ocrx_word' id='word_1_457' title='bbox 2650 2516 2817 2582; x_wconf 86' lang='lat' dir='ltr'><strong>vade,</strong></span> <span class='ocrx_word' id='word_1_458' title='bbox 2851 2516 3082 2571; x_wconf 90' lang='lat' dir='ltr'><strong>ostende</strong></span> <span class='ocrx_word' id='word_1_459' title='bbox 3126 2525 3178 2571; x_wconf 84' lang='lat' dir='ltr'><strong>te</strong></span> <span class='ocrx_word' id='word_1_460' title='bbox 3226 2515 3528 2579; x_wconf 88' lang='lat' dir='ltr'><strong>sacerdoti,</strong></span> <span class='ocrx_word' id='word_1_461' title='bbox 3583 2526 3638 2569; x_wconf 89' lang='lat' dir='ltr'><strong>et</strong></span> 
     </span>
    </p>
   </div>
   <div class='ocr_carea' id='block_1_55' title="bbox 2048 2610 3645 2683">
    <p class='ocr_par' dir='ltr' id='par_1_55' title="bbox 2048 2610 3645 2683">
     <span class='ocr_line' id='line_1_55' title="bbox 2048 2610 3645 2683; baseline -0.001 -17"><span class='ocrx_word' id='word_1_462' title='bbox 2048 2612 2185 2668; x_wconf 81' lang='lat' dir='ltr'><strong>offer</strong></span> <span class='ocrx_word' id='word_1_463' title='bbox 2218 2629 2438 2673; x_wconf 69' lang='lat' dir='ltr'><strong>munus,</strong></span> <span class='ocrx_word' id='word_1_464' title='bbox 2458 2614 2601 2681; x_wconf 75' lang='lat' dir='ltr'><strong>qtttrd</strong></span> <span class='ocrx_word' id='word_1_465' title='bbox 2630 2616 2888 2683; x_wconf 66' lang='lat' dir='ltr'><strong>prmcepit</strong></span> <span class='ocrx_word' id='word_1_466' title='bbox 2911 2613 3147 2682; x_wconf 76' lang='lat' dir='ltr'><strong>Moyses,</strong></span> <span class='ocrx_word' id='word_1_467' title='bbox 3181 2612 3234 2666; x_wconf 92' lang='lat' dir='ltr'><strong>in</strong></span> <span class='ocrx_word' id='word_1_468' title='bbox 3263 2610 3645 2667; x_wconf 90' lang='lat' dir='ltr'><strong>testimonium</strong></span> 
     </span>
    </p>
   </div>
   <div class='ocr_carea' id='block_1_56' title="bbox 2049 2703 3647 2778">
    <p class='ocr_par' dir='ltr' id='par_1_56' title="bbox 2049 2703 3647 2778">
     <span class='ocr_line' id='line_1_56' title="bbox 2049 2703 3647 2778; baseline -0.001 -19"><span class='ocrx_word' id='word_1_469' title='bbox 2049 2704 2175 2759; x_wconf 75' lang='lat' dir='ltr'><strong>illis.</strong></span> <span class='ocrx_word' id='word_1_470' title='bbox 2210 2704 2380 2778; x_wconf 71' lang='grc' dir='ltr'><strong>μην,</strong></span> <span class='ocrx_word' id='word_1_471' title='bbox 2407 2704 2485 2776; x_wconf 76' lang='grc'><strong>5.]</strong></span> <span class='ocrx_word' id='word_1_472' title='bbox 2512 2703 2645 2759; x_wconf 85' lang='lat' dir='ltr'><strong>Cum</strong></span> <span class='ocrx_word' id='word_1_473' title='bbox 2677 2716 2855 2759; x_wconf 88' lang='lat' dir='ltr'><strong>autem</strong></span> <span class='ocrx_word' id='word_1_474' title='bbox 2883 2704 3164 2758; x_wconf 86' lang='lat' dir='ltr'><strong>introisset</strong></span> <span class='ocrx_word' id='word_1_475' title='bbox 3197 2703 3647 2773; x_wconf 83' lang='lat' dir='ltr'><strong>cCapharnaum,</strong></span> 
     </span>
    </p>
   </div>
   <div class='ocr_carea' id='block_1_57' title="bbox 2049 2798 3645 2869">
    <p class='ocr_par' dir='ltr' id='par_1_57' title="bbox 2049 2798 3645 2869">
     <span class='ocr_line' id='line_1_57' title="bbox 2049 2798 3645 2869; baseline 0.001 -17"><span class='ocrx_word' id='word_1_476' title='bbox 2049 2800 2286 2853; x_wconf 83' lang='lat' dir='ltr'><strong>accessit</strong></span> <span class='ocrx_word' id='word_1_477' title='bbox 2325 2799 2392 2853; x_wconf 82' lang='lat' dir='ltr'><strong>ad</strong></span> <span class='ocrx_word' id='word_1_478' title='bbox 2433 2815 2558 2854; x_wconf 91' lang='lat' dir='ltr'><strong>eum</strong></span> <span class='ocrx_word' id='word_1_479' title='bbox 2591 2798 2874 2866; x_wconf 84' lang='lat' dir='ltr'><strong>Centurio,</strong></span> <span class='ocrx_word' id='word_1_480' title='bbox 2906 2813 3105 2869; x_wconf 88' lang='lat' dir='ltr'><strong>rogans</strong></span> <span class='ocrx_word' id='word_1_481' title='bbox 3136 2814 3286 2863; x_wconf 87' lang='lat' dir='ltr'><strong>eum,</strong></span> <span class='ocrx_word' id='word_1_482' title='bbox 3320 2806 3376 2853; x_wconf 90' lang='lat' dir='ltr'><strong>et</strong></span> <span class='ocrx_word' id='word_1_483' title='bbox 3402 2798 3596 2854; x_wconf 88' lang='lat' dir='ltr'><strong>dicens</strong></span> <span class='ocrx_word' id='word_1_484' title='bbox 3630 2817 3645 2853; x_wconf 88' lang='lat'><strong>:</strong></span> 
     </span>
    </p>
   </div>
   <div class='ocr_carea' id='block_1_58' title="bbox 2050 2889 3655 2961">
    <p class='ocr_par' dir='ltr' id='par_1_58' title="bbox 2050 2889 3655 2961">
     <span class='ocr_line' id='line_1_58' title="bbox 2050 2889 3655 2961; baseline -0.001 -16"><span class='ocrx_word' id='word_1_485' title='bbox 2050 2890 2299 2956; x_wconf 89' lang='lat' dir='ltr'><strong>Domine,</strong></span> <span class='ocrx_word' id='word_1_486' title='bbox 2341 2906 2474 2960; x_wconf 89' lang='lat' dir='ltr'><strong>puer</strong></span> <span class='ocrx_word' id='word_1_487' title='bbox 2509 2905 2668 2946; x_wconf 92' lang='lat' dir='ltr'><strong>meus</strong></span> <span class='ocrx_word' id='word_1_488' title='bbox 2708 2891 2850 2959; x_wconf 88' lang='lat' dir='ltr'><strong>jacet</strong></span> <span class='ocrx_word' id='word_1_489' title='bbox 2898 2891 2949 2944; x_wconf 92' lang='lat' dir='ltr'><strong>in</strong></span> <span class='ocrx_word' id='word_1_490' title='bbox 2996 2889 3160 2945; x_wconf 93' lang='lat' dir='ltr'><strong>domo</strong></span> <span class='ocrx_word' id='word_1_491' title='bbox 3203 2890 3567 2961; x_wconf 86' lang='lat' dir='ltr'><strong>paralyticus,</strong></span> <span class='ocrx_word' id='word_1_492' title='bbox 3598 2901 3655 2945; x_wconf 92' lang='lat' dir='ltr'><strong>et</strong></span> 
     </span>
    </p>
   </div>
   <div class='ocr_carea' id='block_1_59' title="bbox 2052 2981 3655 3054">
    <p class='ocr_par' dir='ltr' id='par_1_59' title="bbox 2052 2981 3655 3054">
     <span class='ocr_line' id='line_1_59' title="bbox 2052 2981 3655 3054; baseline -0.001 -16"><span class='ocrx_word' id='word_1_493' title='bbox 2052 2984 2195 3039; x_wconf 89' lang='lat' dir='ltr'><strong>male</strong></span> <span class='ocrx_word' id='word_1_494' title='bbox 2232 2990 2535 3054; x_wconf 82' lang='lat' dir='ltr'><strong>torquetur.</strong></span> <span class='ocrx_word' id='word_1_495' title='bbox 2576 2984 2639 3037; x_wconf 84' lang='lat' dir='ltr'><strong>Et</strong></span> <span class='ocrx_word' id='word_1_496' title='bbox 2679 2983 2754 3037; x_wconf 87' lang='lat' dir='ltr'><strong>ait</strong></span> <span class='ocrx_word' id='word_1_497' title='bbox 2784 2982 2863 3037; x_wconf 90' lang='lat' dir='ltr'><strong>illi</strong></span> <span class='ocrx_word' id='word_1_498' title='bbox 2914 2982 3074 3037; x_wconf 84' lang='lat' dir='ltr'><strong>Jesus</strong></span> <span class='ocrx_word' id='word_1_499' title='bbox 3118 3000 3129 3034; x_wconf 88' lang='lat'><strong>:</strong></span> <span class='ocrx_word' id='word_1_500' title='bbox 3166 2981 3281 3051; x_wconf 84' lang='lat' dir='ltr'><strong>Ego</strong></span> <span class='ocrx_word' id='word_1_501' title='bbox 3314 2982 3554 3049; x_wconf 88' lang='lat' dir='ltr'><strong>veniam,</strong></span> <span class='ocrx_word' id='word_1_502' title='bbox 3597 2991 3655 3037; x_wconf 90' lang='lat' dir='ltr'><strong>et</strong></span> 
     </span>
    </p>
   </div>
   <div class='ocr_carea' id='block_1_60' title="bbox 2050 3075 3645 3149">
    <p class='ocr_par' dir='ltr' id='par_1_60' title="bbox 2050 3075 3645 3149">
     <span class='ocr_line' id='line_1_60' title="bbox 2050 3075 3645 3149; baseline -0.001 -18"><span class='ocrx_word' id='word_1_503' title='bbox 2050 3075 2259 3132; x_wconf 88' lang='lat' dir='ltr'><strong>curabo</strong></span> <span class='ocrx_word' id='word_1_504' title='bbox 2308 3091 2433 3132; x_wconf 87' lang='lat' dir='ltr'><strong>eum</strong></span> <span class='ocrx_word' id='word_1_505' title='bbox 2470 3076 2579 3149; x_wconf 75' lang='lat' dir='ltr'><strong>[AL</strong></span> <span class='ocrx_word' id='word_1_506' title='bbox 2631 3076 2860 3133; x_wconf 86' lang='lat' dir='ltr'><strong>veniens</strong></span> <span class='ocrx_word' id='word_1_507' title='bbox 2902 3076 3150 3147; x_wconf 91' lang='lat' dir='ltr'><strong>curabo].</strong></span> <span class='ocrx_word' id='word_1_508' title='bbox 3188 3076 3254 3131; x_wconf 84' lang='lat' dir='ltr'><strong>Et</strong></span> <span class='ocrx_word' id='word_1_509' title='bbox 3304 3075 3645 3146; x_wconf 88' lang='lat' dir='ltr'><strong>respondens</strong></span> 
     </span>
    </p>
   </div>
   <div class='ocr_carea' id='block_1_61' title="bbox 2051 3158 3666 3241">
    <p class='ocr_par' dir='ltr' id='par_1_61' title="bbox 2051 3158 3666 3241">
     <span class='ocr_line' id='line_1_61' title="bbox 2051 3158 3666 3241; baseline -0.002 -13"><span class='ocrx_word' id='word_1_510' title='bbox 2051 3171 2334 3240; x_wconf 88' lang='lat' dir='ltr'><strong>Centurio,</strong></span> <span class='ocrx_word' id='word_1_511' title='bbox 2366 3172 2446 3227; x_wconf 88' lang='lat' dir='ltr'><strong>ait</strong></span> <span class='ocrx_word' id='word_1_512' title='bbox 2477 3190 2489 3225; x_wconf 93' lang='lat'><strong>:</strong></span> <span class='ocrx_word' id='word_1_513' title='bbox 2522 3172 2771 3239; x_wconf 91' lang='lat' dir='ltr'><strong>Domine,</strong></span> <span class='ocrx_word' id='word_1_514' title='bbox 2804 3187 2915 3227; x_wconf 90' lang='lat' dir='ltr'><strong>non</strong></span> <span class='ocrx_word' id='word_1_515' title='bbox 2947 3185 3066 3227; x_wconf 89' lang='lat' dir='ltr'><strong>sum</strong></span> <span class='ocrx_word' id='word_1_516' title='bbox 3116 3171 3335 3241; x_wconf 85' lang='lat' dir='ltr'><strong>dignus,</strong></span> <span class='ocrx_word' id='word_1_517' title='bbox 3371 3179 3428 3225; x_wconf 93' lang='lat' dir='ltr'><strong>ut</strong></span> <span class='ocrx_word' id='word_1_518' title='bbox 3480 3158 3666 3225; x_wconf 21' lang='lat' dir='ltr'><strong>intres.</strong></span> 
     </span>
    </p>
   </div>
   <div class='ocr_carea' id='block_1_62' title="bbox 344 3246 3645 3340">
    <p class='ocr_par' dir='ltr' id='par_1_62' title="bbox 344 3246 3645 3340">
     <span class='ocr_line' id='line_1_62' title="bbox 344 3246 3645 3340; baseline -0.003 -13"><span class='ocrx_word' id='word_1_519' title='bbox 344 3246 509 3330; x_wconf 77' lang='lat' dir='ltr'><strong>facite</strong></span> <span class='ocrx_word' id='word_1_520' title='bbox 550 3246 677 3328; x_wconf 80' lang='lat' dir='ltr'><strong>illis.</strong></span> <span class='ocrx_word' id='word_1_521' title='bbox 720 3273 847 3329; x_wconf 60' lang='lat' dir='ltr'><strong>Ilaec</strong></span> <span class='ocrx_word' id='word_1_522' title='bbox 878 3246 961 3328; x_wconf 77' lang='lat' dir='ltr'><strong>eSt</strong></span> <span class='ocrx_word' id='word_1_523' title='bbox 990 3273 1135 3328; x_wconf 91' lang='lat' dir='ltr'><strong>enim</strong></span> <span class='ocrx_word' id='word_1_524' title='bbox 1167 3272 1276 3339; x_wconf 84' lang='lat' dir='ltr'><strong>lex,</strong></span> <span class='ocrx_word' id='word_1_525' title='bbox 1302 3282 1355 3325; x_wconf 91' lang='lat' dir='ltr'><strong>et</strong></span> <span class='ocrx_word' id='word_1_526' title='bbox 1399 3269 1700 3340; x_wconf 73' lang='lat' dir='ltr'><strong>prophetae.</strong></span> <span class='ocrx_word' id='word_1_527' title='bbox 1729 3267 1837 3339; x_wconf 80' lang='lat' dir='ltr'><strong>[Lv,</strong></span> <span class='ocrx_word' id='word_1_528' title='bbox 1868 3266 1947 3338; x_wconf 85' lang='lat'><strong>5.]</strong></span> <span class='ocrx_word' id='word_1_529' title='bbox 1975 3246 2020 3310; x_wconf 70' lang='grc' dir='ltr'>Ο</span> <span class='ocrx_word' id='word_1_530' title='bbox 2054 3268 2155 3322; x_wconf 88' lang='lat' dir='ltr'><strong>sub</strong></span> <span class='ocrx_word' id='word_1_531' title='bbox 2186 3275 2387 3323; x_wconf 89' lang='lat' dir='ltr'><strong>tectum</strong></span> <span class='ocrx_word' id='word_1_532' title='bbox 2430 3282 2612 3323; x_wconf 91' lang='lat' dir='ltr'><strong>meum</strong></span> <span class='ocrx_word' id='word_1_533' title='bbox 2643 3287 2657 3323; x_wconf 92' lang='lat'><strong>:</strong></span> <span class='ocrx_word' id='word_1_534' title='bbox 2688 3268 2785 3323; x_wconf 89' lang='lat' dir='ltr'><strong>sed</strong></span> <span class='ocrx_word' id='word_1_535' title='bbox 2812 3276 3019 3322; x_wconf 89' lang='lat' dir='ltr'><strong>tantum</strong></span> <span class='ocrx_word' id='word_1_536' title='bbox 3052 3267 3140 3321; x_wconf 93' lang='lat' dir='ltr'><strong>dic</strong></span> <span class='ocrx_word' id='word_1_537' title='bbox 3173 3266 3363 3334; x_wconf 91' lang='lat' dir='ltr'><strong>verbo,</strong></span> <span class='ocrx_word' id='word_1_538' title='bbox 3393 3276 3451 3322; x_wconf 91' lang='lat' dir='ltr'><strong>et</strong></span> <span class='ocrx_word' id='word_1_539' title='bbox 3485 3280 3645 3320; x_wconf 90' lang='lat' dir='ltr'><strong>sana-</strong></span> 
     </span>
    </p>
   </div>
   <div class='ocr_carea' id='block_1_63' title="bbox 344 3362 1951 3438">
    <p class='ocr_par' dir='ltr' id='par_1_63' title="bbox 344 3362 1951 3438">
     <span class='ocr_line' id='line_1_63' title="bbox 344 3362 1951 3438; baseline -0.005 -16"><span class='ocrx_word' id='word_1_540' title='bbox 344 3370 549 3423; x_wconf 87' lang='lat' dir='ltr'><strong>lntrate</strong></span> <span class='ocrx_word' id='word_1_541' title='bbox 596 3383 693 3438; x_wconf 91' lang='lat' dir='ltr'><strong>per</strong></span> <span class='ocrx_word' id='word_1_542' title='bbox 732 3378 1015 3437; x_wconf 89' lang='lat' dir='ltr'><strong>angustam</strong></span> <span class='ocrx_word' id='word_1_543' title='bbox 1059 3374 1312 3436; x_wconf 87' lang='lat' dir='ltr'><strong>portatn:</strong></span> <span class='ocrx_word' id='word_1_544' title='bbox 1364 3364 1489 3435; x_wconf 85' lang='lat' dir='ltr'><strong>quia</strong></span> <span class='ocrx_word' id='word_1_545' title='bbox 1523 3362 1631 3417; x_wconf 87' lang='lat' dir='ltr'><strong>lata</strong></span> <span class='ocrx_word' id='word_1_546' title='bbox 1671 3368 1823 3432; x_wconf 90' lang='lat' dir='ltr'><strong>porta</strong></span> <span class='ocrx_word' id='word_1_547' title='bbox 1850 3401 1865 3425; x_wconf 92' lang='lat'><strong>,</strong></span> <span class='ocrx_word' id='word_1_548' title='bbox 1897 3368 1951 3415; x_wconf 91' lang='lat' dir='ltr'><strong>et</strong></span> 
     </span>
    </p>
   </div>
   <div class='ocr_carea' id='block_1_64' title="bbox 345 3453 1949 3533">
    <p class='ocr_par' dir='ltr' id='par_1_64' title="bbox 345 3453 1949 3533">
     <span class='ocr_line' id='line_1_64' title="bbox 345 3453 1949 3533; baseline -0.004 -17"><span class='ocrx_word' id='word_1_549' title='bbox 345 3463 593 3533; x_wconf 88' lang='lat' dir='ltr'><strong>spatiosa</strong></span> <span class='ocrx_word' id='word_1_550' title='bbox 621 3463 702 3515; x_wconf 88' lang='lat' dir='ltr'><strong>via</strong></span> <span class='ocrx_word' id='word_1_551' title='bbox 731 3470 836 3526; x_wconf 89' lang='lat' dir='ltr'><strong>est,</strong></span> <span class='ocrx_word' id='word_1_552' title='bbox 866 3476 985 3531; x_wconf 78' lang='lat' dir='ltr'><strong>quae</strong></span> <span class='ocrx_word' id='word_1_553' title='bbox 1024 3461 1174 3515; x_wconf 92' lang='lat' dir='ltr'><strong>ducit</strong></span> <span class='ocrx_word' id='word_1_554' title='bbox 1198 3460 1264 3513; x_wconf 90' lang='lat' dir='ltr'><strong>ad</strong></span> <span class='ocrx_word' id='word_1_555' title='bbox 1297 3458 1682 3529; x_wconf 88' lang='lat' dir='ltr'><strong>perditionem,</strong></span> <span class='ocrx_word' id='word_1_556' title='bbox 1715 3464 1773 3512; x_wconf 88' lang='lat' dir='ltr'><strong>et</strong></span> <span class='ocrx_word' id='word_1_557' title='bbox 1795 3453 1949 3511; x_wconf 90' lang='lat' dir='ltr'><strong>multi</strong></span> 
     </span>
    </p>
   </div>
   <div class='ocr_carea' id='block_1_65' title="bbox 346 3552 1951 3624">
    <p class='ocr_par' dir='ltr' id='par_1_65' title="bbox 346 3552 1951 3624">
     <span class='ocr_line' id='line_1_65' title="bbox 346 3552 1951 3624; baseline -0.004 -15"><span class='ocrx_word' id='word_1_558' title='bbox 346 3563 479 3609; x_wconf 88' lang='lat' dir='ltr'><strong>sunt</strong></span> <span class='ocrx_word' id='word_1_559' title='bbox 511 3555 601 3624; x_wconf 91' lang='lat' dir='ltr'><strong>qui</strong></span> <span class='ocrx_word' id='word_1_560' title='bbox 634 3553 838 3609; x_wconf 89' lang='lat' dir='ltr'><strong>intrant</strong></span> <span class='ocrx_word' id='word_1_561' title='bbox 874 3570 970 3623; x_wconf 90' lang='lat' dir='ltr'><strong>per</strong></span> <span class='ocrx_word' id='word_1_562' title='bbox 998 3568 1140 3608; x_wconf 90' lang='lat' dir='ltr'><strong>eam.</strong></span> <span class='ocrx_word' id='word_1_563' title='bbox 1180 3552 1351 3619; x_wconf 92' lang='lat' dir='ltr'><strong>Quam</strong></span> <span class='ocrx_word' id='word_1_564' title='bbox 1395 3561 1620 3622; x_wconf 84' lang='lat' dir='ltr'><strong>angusta</strong></span> <span class='ocrx_word' id='word_1_565' title='bbox 1646 3558 1803 3621; x_wconf 88' lang='lat' dir='ltr'><strong>porta</strong></span> <span class='ocrx_word' id='word_1_566' title='bbox 1835 3590 1849 3615; x_wconf 92' lang='lat'><strong>,</strong></span> <span class='ocrx_word' id='word_1_567' title='bbox 1895 3558 1951 3605; x_wconf 89' lang='lat' dir='ltr'><strong>et</strong></span> 
     </span>
    </p>
   </div>
   <div class='ocr_carea' id='block_1_66' title="bbox 342 3644 1946 3719">
    <p class='ocr_par' dir='ltr' id='par_1_66' title="bbox 342 3644 1946 3719">
     <span class='ocr_line' id='line_1_66' title="bbox 342 3644 1946 3719; baseline -0.003 -17"><span class='ocrx_word' id='word_1_568' title='bbox 342 3658 492 3704; x_wconf 88' lang='lat' dir='ltr'><strong>arcta</strong></span> <span class='ocrx_word' id='word_1_569' title='bbox 524 3649 608 3702; x_wconf 82' lang='lat' dir='ltr'><strong>via</strong></span> <span class='ocrx_word' id='word_1_570' title='bbox 654 3659 741 3704; x_wconf 89' lang='lat' dir='ltr'><strong>est</strong></span> <span class='ocrx_word' id='word_1_571' title='bbox 766 3691 778 3712; x_wconf 87' lang='lat'><strong>,</strong></span> <span class='ocrx_word' id='word_1_572' title='bbox 823 3664 944 3719; x_wconf 59' lang='lat' dir='ltr'><strong>quae</strong></span> <span class='ocrx_word' id='word_1_573' title='bbox 981 3647 1135 3703; x_wconf 88' lang='lat' dir='ltr'><strong>ducit</strong></span> <span class='ocrx_word' id='word_1_574' title='bbox 1178 3645 1245 3702; x_wconf 90' lang='lat' dir='ltr'><strong>ad</strong></span> <span class='ocrx_word' id='word_1_575' title='bbox 1293 3646 1500 3701; x_wconf 85' lang='lat' dir='ltr'><strong>vitam:</strong></span> <span class='ocrx_word' id='word_1_576' title='bbox 1532 3655 1585 3701; x_wconf 90' lang='lat' dir='ltr'><strong>et</strong></span> <span class='ocrx_word' id='word_1_577' title='bbox 1611 3644 1768 3715; x_wconf 88' lang='lat' dir='ltr'><strong>pauci</strong></span> <span class='ocrx_word' id='word_1_578' title='bbox 1800 3652 1946 3707; x_wconf 90' lang='lat' dir='ltr'><strong>sunt,</strong></span> 
     </span>
    </p>
   </div>
   <div class='ocr_carea' id='block_1_67' title="bbox 341 3736 1947 3814">
    <p class='ocr_par' dir='ltr' id='par_1_67' title="bbox 341 3736 1947 3814">
     <span class='ocr_line' id='line_1_67' title="bbox 341 3736 1947 3814; baseline -0.003 -19"><span class='ocrx_word' id='word_1_579' title='bbox 341 3743 432 3812; x_wconf 93' lang='lat' dir='ltr'><strong>qui</strong></span> <span class='ocrx_word' id='word_1_580' title='bbox 460 3742 741 3796; x_wconf 91' lang='lat' dir='ltr'><strong>inveniunt</strong></span> <span class='ocrx_word' id='word_1_581' title='bbox 766 3756 886 3797; x_wconf 89' lang='lat' dir='ltr'><strong>eam</strong></span> <span class='ocrx_word' id='word_1_582' title='bbox 911 3744 923 3795; x_wconf 87' lang='lat'><strong>!</strong></span> <span class='ocrx_word' id='word_1_583' title='bbox 958 3742 1096 3814; x_wconf 69' lang='lat' dir='ltr'><strong>[LV],</strong></span> <span class='ocrx_word' id='word_1_584' title='bbox 1132 3737 1249 3811; x_wconf 70' lang='lat'><strong>10.]</strong></span> <span class='ocrx_word' id='word_1_585' title='bbox 1281 3738 1559 3796; x_wconf 85' lang='lat' dir='ltr'><strong>Attendite</strong></span> <span class='ocrx_word' id='word_1_586' title='bbox 1587 3752 1618 3792; x_wconf 92' lang='lat' dir='ltr'><strong>a</strong></span> <span class='ocrx_word' id='word_1_587' title='bbox 1641 3736 1795 3792; x_wconf 87' lang='lat' dir='ltr'><strong>falsis</strong></span> <span class='ocrx_word' id='word_1_588' title='bbox 1818 3750 1947 3806; x_wconf 86' lang='lat' dir='ltr'><strong>pro-</strong></span> 
     </span>
    </p>
   </div>
   <div class='ocr_carea' id='block_1_68' title="bbox 344 3830 1951 3904">
    <p class='ocr_par' dir='ltr' id='par_1_68' title="bbox 344 3830 1951 3904">
     <span class='ocr_line' id='line_1_68' title="bbox 344 3830 1951 3904; baseline -0.003 -17"><span class='ocrx_word' id='word_1_589' title='bbox 344 3834 545 3904; x_wconf 89' lang='lat' dir='ltr'><strong>phetis,</strong></span> <span class='ocrx_word' id='word_1_590' title='bbox 572 3834 662 3904; x_wconf 91' lang='lat' dir='ltr'><strong>qui</strong></span> <span class='ocrx_word' id='word_1_591' title='bbox 695 3834 919 3889; x_wconf 85' lang='lat' dir='ltr'><strong>veniunt</strong></span> <span class='ocrx_word' id='word_1_592' title='bbox 949 3833 1014 3888; x_wconf 91' lang='lat' dir='ltr'><strong>ad</strong></span> <span class='ocrx_word' id='word_1_593' title='bbox 1042 3848 1137 3888; x_wconf 83' lang='lat' dir='ltr'><strong>vos</strong></span> <span class='ocrx_word' id='word_1_594' title='bbox 1164 3833 1218 3887; x_wconf 91' lang='lat' dir='ltr'><strong>in</strong></span> <span class='ocrx_word' id='word_1_595' title='bbox 1256 3832 1602 3888; x_wconf 88' lang='lat' dir='ltr'><strong>vestimentis</strong></span> <span class='ocrx_word' id='word_1_596' title='bbox 1633 3830 1841 3897; x_wconf 89' lang='lat' dir='ltr'><strong>ovium,</strong></span> <span class='ocrx_word' id='word_1_597' title='bbox 1867 3830 1951 3883; x_wconf 89' lang='lat' dir='ltr'><strong>in-</strong></span> 
     </span>
    </p>
   </div>
   <div class='ocr_carea' id='block_1_69' title="bbox 344 3924 1949 3996">
    <p class='ocr_par' dir='ltr' id='par_1_69' title="bbox 344 3924 1949 3996">
     <span class='ocr_line' id='line_1_69' title="bbox 344 3924 1949 3996; baseline -0.002 -16"><span class='ocrx_word' id='word_1_598' title='bbox 344 3928 616 3982; x_wconf 85' lang='lat' dir='ltr'><strong>trinsecus</strong></span> <span class='ocrx_word' id='word_1_599' title='bbox 646 3936 825 3982; x_wconf 87' lang='lat' dir='ltr'><strong>autem</strong></span> <span class='ocrx_word' id='word_1_600' title='bbox 868 3934 994 3981; x_wconf 90' lang='lat' dir='ltr'><strong>sunt</strong></span> <span class='ocrx_word' id='word_1_601' title='bbox 1031 3926 1140 3996; x_wconf 86' lang='lat' dir='ltr'><strong>lupi</strong></span> <span class='ocrx_word' id='word_1_602' title='bbox 1184 3939 1451 3996; x_wconf 84' lang='lat' dir='ltr'><strong>rapaces:</strong></span> <span class='ocrx_word' id='word_1_603' title='bbox 1488 3939 1521 3978; x_wconf 67' lang='grc' dir='ltr'><strong>θ</strong></span> <span class='ocrx_word' id='word_1_604' title='bbox 1568 3924 1834 3979; x_wconf 87' lang='lat' dir='ltr'><strong>fructibus</strong></span> <span class='ocrx_word' id='word_1_605' title='bbox 1855 3938 1949 3978; x_wconf 89' lang='lat' dir='ltr'><strong>eo-</strong></span> 
     </span>
    </p>
   </div>
   <div class='ocr_carea' id='block_1_70' title="bbox 342 4014 1949 4092">
    <p class='ocr_par' dir='ltr' id='par_1_70' title="bbox 342 4014 1949 4092">
     <span class='ocr_line' id='line_1_70' title="bbox 342 4014 1949 4092; baseline -0.002 -18"><span class='ocrx_word' id='word_1_606' title='bbox 342 4036 463 4074; x_wconf 88' lang='lat' dir='ltr'><strong>rum</strong></span> <span class='ocrx_word' id='word_1_607' title='bbox 496 4021 837 4091; x_wconf 78' lang='lat' dir='ltr'><strong>cognoscetis</strong></span> <span class='ocrx_word' id='word_1_608' title='bbox 866 4034 979 4075; x_wconf 82' lang='lat' dir='ltr'><strong>eos.</strong></span> <span class='ocrx_word' id='word_1_609' title='bbox 1007 4020 1158 4092; x_wconf 66' lang='grc' dir='ltr'><strong>μνη,</strong></span> <span class='ocrx_word' id='word_1_610' title='bbox 1188 4018 1266 4090; x_wconf 88' lang='grc'><strong>5.]</strong></span> <span class='ocrx_word' id='word_1_611' title='bbox 1293 4017 1562 4089; x_wconf 88' lang='lat' dir='ltr'><strong>Numquid</strong></span> <span class='ocrx_word' id='word_1_612' title='bbox 1590 4016 1853 4087; x_wconf 83' lang='lat' dir='ltr'><strong>colligunt</strong></span> <span class='ocrx_word' id='word_1_613' title='bbox 1879 4014 1949 4070; x_wconf 93' lang='lat' dir='ltr'><strong>de</strong></span> 
     </span>
    </p>
   </div>
   <div class='ocr_carea' id='block_1_71' title="bbox 342 4108 1949 4185">
    <p class='ocr_par' dir='ltr' id='par_1_71' title="bbox 342 4108 1949 4185">
     <span class='ocr_line' id='line_1_71' title="bbox 342 4108 1949 4185; baseline -0.002 -18"><span class='ocrx_word' id='word_1_614' title='bbox 342 4114 519 4182; x_wconf 77' lang='lat' dir='ltr'><strong>Spinis</strong></span> <span class='ocrx_word' id='word_1_615' title='bbox 547 4128 701 4180; x_wconf 90' lang='lat' dir='ltr'><strong>uvas,</strong></span> <span class='ocrx_word' id='word_1_616' title='bbox 735 4122 830 4168; x_wconf 92' lang='lat' dir='ltr'><strong>aut</strong></span> <span class='ocrx_word' id='word_1_617' title='bbox 857 4113 926 4168; x_wconf 88' lang='lat' dir='ltr'><strong>de</strong></span> <span class='ocrx_word' id='word_1_618' title='bbox 959 4113 1169 4167; x_wconf 87' lang='lat' dir='ltr'><strong>tribulis</strong></span> <span class='ocrx_word' id='word_1_619' title='bbox 1204 4111 1376 4167; x_wconf 81' lang='lat' dir='ltr'><strong>ficus?</strong></span> <span class='ocrx_word' id='word_1_620' title='bbox 1403 4111 1574 4185; x_wconf 89' lang='lat' dir='ltr'><strong>[t.vm,</strong></span> <span class='ocrx_word' id='word_1_621' title='bbox 1606 4108 1686 4180; x_wconf 83' lang='lat'><strong>5.]</strong></span> <span class='ocrx_word' id='word_1_622' title='bbox 1717 4109 1811 4166; x_wconf 92' lang='lat' dir='ltr'><strong>Sic</strong></span> <span class='ocrx_word' id='word_1_623' title='bbox 1832 4123 1949 4163; x_wconf 84' lang='lat' dir='ltr'><strong>om-</strong></span> 
     </span>
    </p>
   </div>
   <div class='ocr_carea' id='block_1_72' title="bbox 342 4203 1949 4263">
    <p class='ocr_par' dir='ltr' id='par_1_72' title="bbox 342 4203 1949 4263">
     <span class='ocr_line' id='line_1_72' title="bbox 342 4203 1949 4263; baseline -0.003 -3"><span class='ocrx_word' id='word_1_624' title='bbox 342 4208 427 4261; x_wconf 85' lang='lat' dir='ltr'><strong>nis</strong></span> <span class='ocrx_word' id='word_1_625' title='bbox 465 4207 631 4263; x_wconf 90' lang='lat' dir='ltr'><strong>arbor</strong></span> <span class='ocrx_word' id='word_1_626' title='bbox 661 4208 801 4262; x_wconf 92' lang='lat' dir='ltr'><strong>bona</strong></span> <span class='ocrx_word' id='word_1_627' title='bbox 830 4207 1035 4262; x_wconf 89' lang='lat' dir='ltr'><strong>fructus</strong></span> <span class='ocrx_word' id='word_1_628' title='bbox 1061 4206 1234 4261; x_wconf 89' lang='lat' dir='ltr'><strong>bonos</strong></span> <span class='ocrx_word' id='word_1_629' title='bbox 1274 4205 1408 4260; x_wconf 89' lang='lat' dir='ltr'><strong>facit</strong></span> <span class='ocrx_word' id='word_1_630' title='bbox 1436 4221 1451 4260; x_wconf 89' lang='lat'><strong>:</strong></span> <span class='ocrx_word' id='word_1_631' title='bbox 1487 4203 1627 4259; x_wconf 88' lang='lat' dir='ltr'><strong>mala</strong></span> <span class='ocrx_word' id='word_1_632' title='bbox 1658 4213 1838 4257; x_wconf 88' lang='lat' dir='ltr'><strong>autem</strong></span> <span class='ocrx_word' id='word_1_633' title='bbox 1864 4216 1949 4256; x_wconf 89' lang='lat' dir='ltr'><strong>ar-</strong></span> 
     </span>
    </p>
   </div>
   <div class='ocr_carea' id='block_1_73' title="bbox 340 4296 1948 4371">
    <p class='ocr_par' dir='ltr' id='par_1_73' title="bbox 340 4296 1948 4371">
     <span class='ocr_line' id='line_1_73' title="bbox 340 4296 1948 4371; baseline -0.001 -18"><span class='ocrx_word' id='word_1_634' title='bbox 340 4300 444 4354; x_wconf 87' lang='lat' dir='ltr'><strong>bor</strong></span> <span class='ocrx_word' id='word_1_635' title='bbox 466 4301 640 4357; x_wconf 91' lang='lat' dir='ltr'><strong>malos</strong></span> <span class='ocrx_word' id='word_1_636' title='bbox 671 4298 880 4356; x_wconf 91' lang='lat' dir='ltr'><strong>fructus</strong></span> <span class='ocrx_word' id='word_1_637' title='bbox 906 4300 1055 4355; x_wconf 90' lang='lat' dir='ltr'><strong>facit.</strong></span> <span class='ocrx_word' id='word_1_638' title='bbox 1081 4299 1197 4355; x_wconf 88' lang='lat' dir='ltr'><strong>Non</strong></span> <span class='ocrx_word' id='word_1_639' title='bbox 1217 4306 1395 4371; x_wconf 88' lang='lat' dir='ltr'><strong>potest</strong></span> <span class='ocrx_word' id='word_1_640' title='bbox 1418 4298 1580 4354; x_wconf 86' lang='lat' dir='ltr'><strong>arbor</strong></span> <span class='ocrx_word' id='word_1_641' title='bbox 1606 4297 1745 4354; x_wconf 88' lang='lat' dir='ltr'><strong>bona</strong></span> <span class='ocrx_word' id='word_1_642' title='bbox 1775 4296 1948 4351; x_wconf 88' lang='lat' dir='ltr'><strong>malos</strong></span> 
     </span>
    </p>
   </div>
   <div class='ocr_carea' id='block_1_74' title="bbox 340 4390 1945 4464">
    <p class='ocr_par' dir='ltr' id='par_1_74' title="bbox 340 4390 1945 4464">
     <span class='ocr_line' id='line_1_74' title="bbox 340 4390 1945 4464; baseline 0 -20"><span class='ocrx_word' id='word_1_643' title='bbox 340 4394 551 4447; x_wconf 84' lang='lat' dir='ltr'><strong>fructus</strong></span> <span class='ocrx_word' id='word_1_644' title='bbox 580 4392 797 4449; x_wconf 87' lang='lat' dir='ltr'><strong>facere:</strong></span> <span class='ocrx_word' id='word_1_645' title='bbox 833 4408 1009 4464; x_wconf 89' lang='lat' dir='ltr'><strong>neque</strong></span> <span class='ocrx_word' id='word_1_646' title='bbox 1040 4394 1203 4449; x_wconf 88' lang='lat' dir='ltr'><strong>arbor</strong></span> <span class='ocrx_word' id='word_1_647' title='bbox 1229 4391 1370 4447; x_wconf 86' lang='lat' dir='ltr'><strong>mala</strong></span> <span class='ocrx_word' id='word_1_648' title='bbox 1397 4392 1573 4448; x_wconf 88' lang='lat' dir='ltr'><strong>bonos</strong></span> <span class='ocrx_word' id='word_1_649' title='bbox 1618 4390 1827 4446; x_wconf 88' lang='lat' dir='ltr'><strong>fructus</strong></span> <span class='ocrx_word' id='word_1_650' title='bbox 1870 4390 1945 4445; x_wconf 87' lang='lat' dir='ltr'><strong>fa-</strong></span> 
     </span>
    </p>
   </div>
   <div class='ocr_carea' id='block_1_75' title="bbox 338 4486 1943 4558">
    <p class='ocr_par' dir='ltr' id='par_1_75' title="bbox 338 4486 1943 4558">
     <span class='ocr_line' id='line_1_75' title="bbox 338 4486 1943 4558; baseline -0.001 -17"><span class='ocrx_word' id='word_1_651' title='bbox 338 4501 490 4541; x_wconf 90' lang='lat' dir='ltr'><strong>cere.</strong></span> <span class='ocrx_word' id='word_1_652' title='bbox 523 4486 717 4542; x_wconf 90' lang='lat' dir='ltr'><strong>Omnis</strong></span> <span class='ocrx_word' id='word_1_653' title='bbox 757 4488 920 4543; x_wconf 87' lang='lat' dir='ltr'><strong>arbor</strong></span> <span class='ocrx_word' id='word_1_654' title='bbox 945 4529 959 4555; x_wconf 95' lang='lat'><strong>,</strong></span> <span class='ocrx_word' id='word_1_655' title='bbox 989 4503 1111 4558; x_wconf 78' lang='lat' dir='ltr'><strong>quae</strong></span> <span class='ocrx_word' id='word_1_656' title='bbox 1142 4501 1248 4542; x_wconf 89' lang='lat' dir='ltr'><strong>non</strong></span> <span class='ocrx_word' id='word_1_657' title='bbox 1279 4486 1409 4543; x_wconf 90' lang='lat' dir='ltr'><strong>facit</strong></span> <span class='ocrx_word' id='word_1_658' title='bbox 1445 4486 1679 4541; x_wconf 88' lang='lat' dir='ltr'><strong>fructum</strong></span> <span class='ocrx_word' id='word_1_659' title='bbox 1710 4486 1910 4541; x_wconf 90' lang='lat' dir='ltr'><strong>bonum</strong></span> <span class='ocrx_word' id='word_1_660' title='bbox 1930 4530 1943 4554; x_wconf 94' lang='lat'><strong>,</strong></span> 
     </span>
    </p>
   </div>
   <div class='ocr_carea' id='block_1_76' title="bbox 338 4577 1943 4651">
    <p class='ocr_par' dir='ltr' id='par_1_76' title="bbox 338 4577 1943 4651">
     <span class='ocr_line' id='line_1_76' title="bbox 338 4577 1943 4651; baseline 0 -18"><span class='ocrx_word' id='word_1_661' title='bbox 338 4577 645 4647; x_wconf 81' lang='lat' dir='ltr'><strong>excidetur,</strong></span> <span class='ocrx_word' id='word_1_662' title='bbox 677 4588 731 4635; x_wconf 91' lang='lat' dir='ltr'><strong>et</strong></span> <span class='ocrx_word' id='word_1_663' title='bbox 761 4580 814 4635; x_wconf 93' lang='lat' dir='ltr'><strong>in</strong></span> <span class='ocrx_word' id='word_1_664' title='bbox 852 4581 1029 4651; x_wconf 83' lang='lat' dir='ltr'><strong>ignem</strong></span> <span class='ocrx_word' id='word_1_665' title='bbox 1074 4580 1341 4636; x_wconf 92' lang='lat' dir='ltr'><strong>mittetur.</strong></span> <span class='ocrx_word' id='word_1_666' title='bbox 1379 4579 1542 4650; x_wconf 86' lang='lat' dir='ltr'><strong>Igitur</strong></span> <span class='ocrx_word' id='word_1_667' title='bbox 1562 4594 1627 4635; x_wconf 80' lang='lat' dir='ltr'><strong>ex</strong></span> <span class='ocrx_word' id='word_1_668' title='bbox 1672 4578 1943 4634; x_wconf 89' lang='lat' dir='ltr'><strong>fructibus</strong></span> 
     </span>
    </p>
   </div>
   <div class='ocr_carea' id='block_1_77' title="bbox 343 4671 1948 4747">
    <p class='ocr_par' dir='ltr' id='par_1_77' title="bbox 343 4671 1948 4747">
     <span class='ocr_line' id='line_1_77' title="bbox 343 4671 1948 4747; baseline -0.002 -18"><span class='ocrx_word' id='word_1_669' title='bbox 343 4687 537 4729; x_wconf 89' lang='lat' dir='ltr'><strong>eorum</strong></span> <span class='ocrx_word' id='word_1_670' title='bbox 560 4675 907 4746; x_wconf 88' lang='lat' dir='ltr'><strong>cognoscetis</strong></span> <span class='ocrx_word' id='word_1_671' title='bbox 938 4689 1053 4730; x_wconf 91' lang='lat' dir='ltr'><strong>eos.</strong></span> <span class='ocrx_word' id='word_1_672' title='bbox 1081 4676 1212 4747; x_wconf 87' lang='lat' dir='ltr'><strong>[th,</strong></span> <span class='ocrx_word' id='word_1_673' title='bbox 1244 4671 1323 4745; x_wconf 79' lang='grc'><strong>5.]</strong></span> <span class='ocrx_word' id='word_1_674' title='bbox 1354 4672 1469 4728; x_wconf 85' lang='grc' dir='ltr'><strong>Νοη</strong></span> <span class='ocrx_word' id='word_1_675' title='bbox 1506 4672 1707 4738; x_wconf 90' lang='lat' dir='ltr'><strong>onmis,</strong></span> <span class='ocrx_word' id='word_1_676' title='bbox 1739 4672 1831 4742; x_wconf 92' lang='lat' dir='ltr'><strong>qui</strong></span> <span class='ocrx_word' id='word_1_677' title='bbox 1865 4672 1948 4727; x_wconf 86' lang='lat' dir='ltr'><strong>di-</strong></span> 
     </span>
    </p>
   </div>
   <div class='ocr_carea' id='block_1_78' title="bbox 338 4764 1945 4836">
    <p class='ocr_par' dir='ltr' id='par_1_78' title="bbox 338 4764 1945 4836">
     <span class='ocr_line' id='line_1_78' title="bbox 338 4764 1945 4836; baseline -0.002 -14"><span class='ocrx_word' id='word_1_678' title='bbox 338 4768 415 4822; x_wconf 88' lang='lat' dir='ltr'><strong>cit</strong></span> <span class='ocrx_word' id='word_1_679' title='bbox 445 4766 602 4834; x_wconf 90' lang='lat' dir='ltr'><strong>mihi,</strong></span> <span class='ocrx_word' id='word_1_680' title='bbox 626 4767 873 4831; x_wconf 86' lang='lat' dir='ltr'><strong>Domino,</strong></span> <span class='ocrx_word' id='word_1_681' title='bbox 905 4766 1155 4836; x_wconf 89' lang='lat' dir='ltr'><strong>Domine,</strong></span> <span class='ocrx_word' id='word_1_682' title='bbox 1187 4765 1413 4821; x_wconf 88' lang='lat' dir='ltr'><strong>intrabit</strong></span> <span class='ocrx_word' id='word_1_683' title='bbox 1436 4765 1488 4819; x_wconf 93' lang='lat' dir='ltr'><strong>in</strong></span> <span class='ocrx_word' id='word_1_684' title='bbox 1521 4779 1749 4835; x_wconf 86' lang='lat' dir='ltr'><strong>regnum</strong></span> <span class='ocrx_word' id='word_1_685' title='bbox 1780 4764 1945 4821; x_wconf 83' lang='lat' dir='ltr'><strong>coelo-</strong></span> 
     </span>
    </p>
   </div>
   <div class='ocr_carea' id='block_1_79' title="bbox 339 4860 1948 4933">
    <p class='ocr_par' dir='ltr' id='par_1_79' title="bbox 339 4860 1948 4933">
     <span class='ocr_line' id='line_1_79' title="bbox 339 4860 1948 4933; baseline -0.002 -16"><span class='ocrx_word' id='word_1_686' title='bbox 339 4879 461 4917; x_wconf 89' lang='lat' dir='ltr'><strong>rum</strong></span> <span class='ocrx_word' id='word_1_687' title='bbox 489 4880 502 4915; x_wconf 91' lang='lat'><strong>:</strong></span> <span class='ocrx_word' id='word_1_688' title='bbox 535 4861 630 4917; x_wconf 90' lang='lat' dir='ltr'><strong>sed</strong></span> <span class='ocrx_word' id='word_1_689' title='bbox 661 4862 752 4933; x_wconf 87' lang='lat' dir='ltr'><strong>qui</strong></span> <span class='ocrx_word' id='word_1_690' title='bbox 784 4861 914 4917; x_wconf 89' lang='lat' dir='ltr'><strong>facit</strong></span> <span class='ocrx_word' id='word_1_691' title='bbox 938 4863 1275 4919; x_wconf 87' lang='lat' dir='ltr'><strong>voluntatem</strong></span> <span class='ocrx_word' id='word_1_692' title='bbox 1300 4860 1474 4915; x_wconf 86' lang='lat' dir='ltr'><strong>Patris</strong></span> <span class='ocrx_word' id='word_1_693' title='bbox 1494 4860 1623 4927; x_wconf 88' lang='lat' dir='ltr'><strong>mei,</strong></span> <span class='ocrx_word' id='word_1_694' title='bbox 1648 4860 1738 4929; x_wconf 87' lang='lat' dir='ltr'><strong>qui</strong></span> <span class='ocrx_word' id='word_1_695' title='bbox 1764 4860 1815 4913; x_wconf 91' lang='lat' dir='ltr'><strong>in</strong></span> <span class='ocrx_word' id='word_1_696' title='bbox 1837 4872 1948 4913; x_wconf 73' lang='lat' dir='ltr'><strong>cm-</strong></span> 
     </span>
    </p>
   </div>
   <div class='ocr_carea' id='block_1_80' title="bbox 339 4946 1948 5025">
    <p class='ocr_par' dir='ltr' id='par_1_80' title="bbox 339 4946 1948 5025">
     <span class='ocr_line' id='line_1_80' title="bbox 339 4946 1948 5025; baseline -0.005 -14"><span class='ocrx_word' id='word_1_697' title='bbox 339 4956 409 5011; x_wconf 84' lang='lat' dir='ltr'><strong>Iis</strong></span> <span class='ocrx_word' id='word_1_698' title='bbox 439 4964 549 5023; x_wconf 90' lang='lat' dir='ltr'><strong>est,</strong></span> <span class='ocrx_word' id='word_1_699' title='bbox 581 4953 609 4993; x_wconf 73' lang='grc' dir='ltr'>δ</span> <span class='ocrx_word' id='word_1_700' title='bbox 640 4954 759 5025; x_wconf 90' lang='lat' dir='ltr'><strong>ipse</strong></span> <span class='ocrx_word' id='word_1_701' title='bbox 787 4954 1015 5009; x_wconf 90' lang='lat' dir='ltr'><strong>intrabit</strong></span> <span class='ocrx_word' id='word_1_702' title='bbox 1051 4955 1103 5009; x_wconf 93' lang='lat' dir='ltr'><strong>in</strong></span> <span class='ocrx_word' id='word_1_703' title='bbox 1136 4968 1363 5024; x_wconf 86' lang='lat' dir='ltr'><strong>regnum</strong></span> <span class='ocrx_word' id='word_1_704' title='bbox 1402 4952 1684 5007; x_wconf 74' lang='lat' dir='ltr'><strong>caelorum.</strong></span> <span class='ocrx_word' id='word_1_705' title='bbox 1720 4950 1833 5023; x_wconf 69' lang='lat' dir='ltr'><strong>lu,</strong></span> <span class='ocrx_word' id='word_1_706' title='bbox 1868 4946 1948 5019; x_wconf 88' lang='grc'><strong>5.]</strong></span> 
     </span>
    </p>
   </div>
   <div class='ocr_carea' id='block_1_81' title="bbox 339 5046 1946 5114">
    <p class='ocr_par' dir='ltr' id='par_1_81' title="bbox 339 5046 1946 5114">
     <span class='ocr_line' id='line_1_81' title="bbox 339 5046 1946 5114; baseline -0.004 -9"><span class='ocrx_word' id='word_1_707' title='bbox 339 5050 499 5105; x_wconf 77' lang='lat' dir='ltr'><strong>Multi</strong></span> <span class='ocrx_word' id='word_1_708' title='bbox 549 5049 733 5106; x_wconf 89' lang='lat' dir='ltr'><strong>dicent</strong></span> <span class='ocrx_word' id='word_1_709' title='bbox 779 5049 913 5104; x_wconf 90' lang='lat' dir='ltr'><strong>mihi</strong></span> <span class='ocrx_word' id='word_1_710' title='bbox 962 5049 1016 5104; x_wconf 88' lang='lat' dir='ltr'><strong>in</strong></span> <span class='ocrx_word' id='word_1_711' title='bbox 1050 5050 1141 5105; x_wconf 91' lang='lat' dir='ltr'><strong>illa</strong></span> <span class='ocrx_word' id='word_1_712' title='bbox 1186 5048 1322 5105; x_wconf 91' lang='lat' dir='ltr'><strong>die:</strong></span> <span class='ocrx_word' id='word_1_713' title='bbox 1365 5048 1631 5114; x_wconf 90' lang='lat' dir='ltr'><strong>Domine,</strong></span> <span class='ocrx_word' id='word_1_714' title='bbox 1680 5046 1946 5113; x_wconf 88' lang='lat' dir='ltr'><strong>Domine,</strong></span> 
     </span>
    </p>
   </div>
   <div class='ocr_carea' id='block_1_82' title="bbox 340 5140 1949 5213">
    <p class='ocr_par' dir='ltr' id='par_1_82' title="bbox 340 5140 1949 5213">
     <span class='ocr_line' id='line_1_82' title="bbox 340 5140 1949 5213; baseline -0.001 -17"><span class='ocrx_word' id='word_1_715' title='bbox 340 5157 525 5197; x_wconf 86' lang='lat' dir='ltr'><strong>nonne</strong></span> <span class='ocrx_word' id='word_1_716' title='bbox 557 5143 609 5197; x_wconf 93' lang='lat' dir='ltr'><strong>in</strong></span> <span class='ocrx_word' id='word_1_717' title='bbox 647 5144 869 5199; x_wconf 90' lang='lat' dir='ltr'><strong>nomine</strong></span> <span class='ocrx_word' id='word_1_718' title='bbox 900 5149 997 5198; x_wconf 92' lang='lat' dir='ltr'><strong>tuo</strong></span> <span class='ocrx_word' id='word_1_719' title='bbox 1034 5140 1515 5213; x_wconf 82' lang='lat' dir='ltr'><strong>prophetavimus,</strong></span> <span class='ocrx_word' id='word_1_720' title='bbox 1550 5150 1605 5195; x_wconf 92' lang='lat' dir='ltr'><strong>et</strong></span> <span class='ocrx_word' id='word_1_721' title='bbox 1644 5141 1699 5193; x_wconf 92' lang='lat' dir='ltr'><strong>in</strong></span> <span class='ocrx_word' id='word_1_722' title='bbox 1728 5140 1949 5195; x_wconf 86' lang='lat' dir='ltr'><strong>nomine</strong></span> 
     </span>
    </p>
   </div>
   <div class='ocr_carea' id='block_1_83' title="bbox 342 5234 1947 5307">
    <p class='ocr_par' dir='ltr' id='par_1_83' title="bbox 342 5234 1947 5307">
     <span class='ocr_line' id='line_1_83' title="bbox 342 5234 1947 5307; baseline 0.001 -18"><span class='ocrx_word' id='word_1_723' title='bbox 342 5246 439 5290; x_wconf 92' lang='lat' dir='ltr'><strong>tuo</strong></span> <span class='ocrx_word' id='word_1_724' title='bbox 465 5235 734 5291; x_wconf 65' lang='lat' dir='ltr'><strong>daemonia</strong></span> <span class='ocrx_word' id='word_1_725' title='bbox 775 5236 1075 5307; x_wconf 87' lang='lat' dir='ltr'><strong>ejecimus,</strong></span> <span class='ocrx_word' id='word_1_726' title='bbox 1126 5245 1182 5292; x_wconf 93' lang='lat' dir='ltr'><strong>et</strong></span> <span class='ocrx_word' id='word_1_727' title='bbox 1226 5236 1281 5290; x_wconf 91' lang='lat' dir='ltr'><strong>in</strong></span> <span class='ocrx_word' id='word_1_728' title='bbox 1332 5235 1553 5291; x_wconf 90' lang='lat' dir='ltr'><strong>nomine</strong></span> <span class='ocrx_word' id='word_1_729' title='bbox 1586 5244 1675 5289; x_wconf 93' lang='lat' dir='ltr'><strong>tuo</strong></span> <span class='ocrx_word' id='word_1_730' title='bbox 1716 5234 1947 5291; x_wconf 89' lang='lat' dir='ltr'><strong>virtutes</strong></span> 
     </span>
    </p>
   </div>
   <div class='ocr_carea' id='block_1_84' title="bbox 341 5327 1943 5399">
    <p class='ocr_par' dir='ltr' id='par_1_84' title="bbox 341 5327 1943 5399">
     <span class='ocr_line' id='line_1_84' title="bbox 341 5327 1943 5399; baseline 0.002 -16"><span class='ocrx_word' id='word_1_731' title='bbox 341 5327 544 5384; x_wconf 88' lang='lat' dir='ltr'><strong>multas</strong></span> <span class='ocrx_word' id='word_1_732' title='bbox 566 5327 833 5387; x_wconf 87' lang='lat' dir='ltr'><strong>fecimus?</strong></span> <span class='ocrx_word' id='word_1_733' title='bbox 861 5330 932 5386; x_wconf 88' lang='lat' dir='ltr'><strong>Et</strong></span> <span class='ocrx_word' id='word_1_734' title='bbox 959 5341 1085 5388; x_wconf 91' lang='lat' dir='ltr'><strong>tunc</strong></span> <span class='ocrx_word' id='word_1_735' title='bbox 1114 5330 1416 5388; x_wconf 85' lang='lat' dir='ltr'><strong>confitebor</strong></span> <span class='ocrx_word' id='word_1_736' title='bbox 1445 5330 1553 5386; x_wconf 91' lang='lat' dir='ltr'><strong>illis</strong></span> <span class='ocrx_word' id='word_1_737' title='bbox 1582 5346 1597 5384; x_wconf 95' lang='lat'><strong>:</strong></span> <span class='ocrx_word' id='word_1_738' title='bbox 1625 5329 1759 5399; x_wconf 84' lang='lat' dir='ltr'><strong>Quia</strong></span> <span class='ocrx_word' id='word_1_739' title='bbox 1782 5344 1943 5387; x_wconf 80' lang='lat' dir='ltr'><strong>num-</strong></span> 
     </span>
    </p>
   </div>
   <div class='ocr_carea' id='block_1_85' title="bbox 343 5466 1950 5548">
    <p class='ocr_par' dir='ltr' id='par_1_85' title="bbox 343 5466 1950 5548">
     <span class='ocr_line' id='line_1_85' title="bbox 343 5466 1950 5548; baseline 0.003 -26"><span class='ocrx_word' id='word_1_740' title='bbox 343 5538 354 5548; x_wconf 40' lang='lat'><strong><em>.</em></strong></span> <span class='ocrx_word' id='word_1_741' title='bbox 421 5479 471 5548; x_wconf 46' lang='lat' dir='ltr'><strong>an</strong></span> <span class='ocrx_word' id='word_1_742' title='bbox 488 5466 618 5525; x_wconf 79' lang='lat' dir='ltr'><strong>Mss.</strong></span> <span class='ocrx_word' id='word_1_743' title='bbox 646 5467 760 5548; x_wconf 71' lang='lat' dir='ltr'><strong>duo</strong></span> <span class='ocrx_word' id='word_1_744' title='bbox 786 5470 1029 5548; x_wconf 55' lang='lat' dir='ltr'><strong>Regina,</strong></span> <span class='ocrx_word' id='word_1_745' title='bbox 1064 5487 1155 5548; x_wconf 57' lang='lat' dir='ltr'><strong>eos</strong></span> <span class='ocrx_word' id='word_1_746' title='bbox 1190 5469 1417 5548; x_wconf 66' lang='lat' dir='ltr'><strong>minima:</strong></span> <span class='ocrx_word' id='word_1_747' title='bbox 1442 5468 1587 5539; x_wconf 79' lang='lat' dir='ltr'><strong>ﬁdei.</strong></span> <span class='ocrx_word' id='word_1_748' title='bbox 1629 5467 1801 5548; x_wconf 79' lang='lat' dir='ltr'><strong>Paulo</strong></span> <span class='ocrx_word' id='word_1_749' title='bbox 1816 5481 1950 5548; x_wconf 70' lang='lat' dir='ltr'><strong>post</strong></span> 
     </span>
    </p>
   </div>
   <div class='ocr_carea' id='block_1_86' title="bbox 343 5537 1947 5612">
    <p class='ocr_par' dir='ltr' id='par_1_86' title="bbox 343 5537 1947 5612">
     <span class='ocr_line' id='line_1_86' title="bbox 343 5537 1947 5612; baseline 0.005 -21"><span class='ocrx_word' id='word_1_750' title='bbox 343 5538 397 5592; x_wconf 93' lang='lat' dir='ltr'><strong>in</strong></span> <span class='ocrx_word' id='word_1_751' title='bbox 433 5537 647 5612; x_wconf 77' lang='lat' dir='ltr'><strong>Graeco,</strong></span> <span class='ocrx_word' id='word_1_752' title='bbox 675 5542 763 5595; x_wconf 82' lang='lat' dir='ltr'><strong>tibi</strong></span> <span class='ocrx_word' id='word_1_753' title='bbox 797 5537 1019 5612; x_wconf 68' lang='lat' dir='ltr'><strong>dicitur,</strong></span> <span class='ocrx_word' id='word_1_754' title='bbox 1055 5542 1168 5598; x_wconf 84' lang='lat' dir='ltr'><strong>Scit</strong></span> <span class='ocrx_word' id='word_1_755' title='bbox 1189 5543 1326 5599; x_wconf 82' lang='lat' dir='ltr'><strong>enim</strong></span> <span class='ocrx_word' id='word_1_756' title='bbox 1350 5537 1498 5611; x_wconf 72' lang='lat' dir='ltr'><strong>pater</strong></span> <span class='ocrx_word' id='word_1_757' title='bbox 1516 5549 1695 5607; x_wconf 73' lang='lat' dir='ltr'><strong>vester,</strong></span> <span class='ocrx_word' id='word_1_758' title='bbox 1726 5537 1947 5599; x_wconf 79' lang='lat' dir='ltr'><strong>additur</strong></span> 
     </span>
    </p>
   </div>
   <div class='ocr_carea' id='block_1_87' title="bbox 340 5611 914 5689">
    <p class='ocr_par' dir='ltr' id='par_1_87' title="bbox 340 5611 914 5689">
     <span class='ocr_line' id='line_1_87' title="bbox 340 5611 914 5689; baseline 0.012 -26"><span class='ocrx_word' id='word_1_759' title='bbox 340 5611 581 5689; x_wconf 58' lang='lat' dir='ltr'><strong>cwfestis,</strong></span> <span class='ocrx_word' id='word_1_760' title='bbox 606 5612 631 5670; x_wconf 84' lang='grc' dir='ltr'>ὁ</span> <span class='ocrx_word' id='word_1_761' title='bbox 658 5616 914 5689; x_wconf 79' lang='grc' dir='ltr'><strong>οὐράνιος.</strong></span> 
     </span>
    </p>
   </div>
   <div class='ocr_carea' id='block_1_88' title="bbox 413 5680 1943 5759">
    <p class='ocr_par' dir='ltr' id='par_1_88' title="bbox 413 5680 1943 5759">
     <span class='ocr_line' id='line_1_88' title="bbox 413 5680 1943 5759; baseline 0.005 -23"><span class='ocrx_word' id='word_1_762' title='bbox 413 5680 445 5718; x_wconf 73' lang='grc' dir='ltr'><strong>ι)</strong></span> <span class='ocrx_word' id='word_1_763' title='bbox 475 5683 588 5738; x_wconf 91' lang='lat' dir='ltr'><strong>Iloc</strong></span> <span class='ocrx_word' id='word_1_764' title='bbox 611 5680 789 5759; x_wconf 81' lang='lat' dir='ltr'><strong>autem</strong></span> <span class='ocrx_word' id='word_1_765' title='bbox 814 5702 1050 5749; x_wconf 88' lang='lat' dir='ltr'><strong>comma,</strong></span> <span class='ocrx_word' id='word_1_766' title='bbox 1082 5688 1187 5759; x_wconf 77' lang='lat' dir='ltr'><strong>ipse</strong></span> <span class='ocrx_word' id='word_1_767' title='bbox 1211 5684 1423 5759; x_wconf 78' lang='lat' dir='ltr'><strong>intrabit</strong></span> <span class='ocrx_word' id='word_1_768' title='bbox 1457 5686 1511 5740; x_wconf 82' lang='lat' dir='ltr'><strong>in</strong></span> <span class='ocrx_word' id='word_1_769' title='bbox 1541 5686 1943 5759; x_wconf 10' lang='lat' dir='ltr'><strong>regnumfcmlo-</strong></span> 
     </span>
    </p>
   </div>
   <div class='ocr_carea' id='block_1_89' title="bbox 344 5757 1945 5828">
    <p class='ocr_par' dir='ltr' id='par_1_89' title="bbox 344 5757 1945 5828">
     <span class='ocr_line' id='line_1_89' title="bbox 344 5757 1945 5828; baseline 0.007 -23"><span class='ocrx_word' id='word_1_770' title='bbox 344 5770 483 5819; x_wconf 85' lang='lat' dir='ltr'><strong>rum,</strong></span> <span class='ocrx_word' id='word_1_771' title='bbox 530 5757 741 5813; x_wconf 88' lang='lat' dir='ltr'><strong>tametsi</strong></span> <span class='ocrx_word' id='word_1_772' title='bbox 783 5757 1107 5815; x_wconf 85' lang='lat' dir='ltr'><strong>necessario</strong></span> <span class='ocrx_word' id='word_1_773' title='bbox 1135 5757 1608 5828; x_wconf 81' lang='lat' dir='ltr'><strong>subintelligatur,</strong></span> <span class='ocrx_word' id='word_1_774' title='bbox 1656 5758 1711 5814; x_wconf 93' lang='lat' dir='ltr'><strong>in</strong></span> <span class='ocrx_word' id='word_1_775' title='bbox 1751 5758 1945 5819; x_wconf 71' lang='lat' dir='ltr'><strong>Graaco</strong></span> 
     </span>
    </p>
   </div>
   <div class='ocr_carea' id='block_1_90' title="bbox 347 5828 1131 5899">
    <p class='ocr_par' dir='ltr' id='par_1_90' title="bbox 347 5828 1131 5899">
     <span class='ocr_line' id='line_1_90' title="bbox 347 5828 1131 5899; baseline 0.015 -20"><span class='ocrx_word' id='word_1_776' title='bbox 347 5834 531 5899; x_wconf 70' lang='lat' dir='ltr'><strong>tamen</strong></span> <span class='ocrx_word' id='word_1_777' title='bbox 563 5828 859 5899; x_wconf 81' lang='lat' dir='ltr'><strong>exemplari</strong></span> <span class='ocrx_word' id='word_1_778' title='bbox 893 5845 1001 5887; x_wconf 88' lang='lat' dir='ltr'><strong>non</strong></span> <span class='ocrx_word' id='word_1_779' title='bbox 1027 5840 1131 5891; x_wconf 83' lang='lat' dir='ltr'><strong>est.</strong></span> 
     </span>
    </p>
   </div>
   <div class='ocr_carea' id='block_1_91' title="bbox 430 5896 1943 5974">
    <p class='ocr_par' dir='ltr' id='par_1_91' title="bbox 430 5896 1943 5974">
     <span class='ocr_line' id='line_1_91' title="bbox 430 5896 1943 5974; baseline 0.005 -21"><span class='ocrx_word' id='word_1_780' title='bbox 430 5907 452 5935; x_wconf 73' lang='grc' dir='ltr'><strong>ο</strong></span> <span class='ocrx_word' id='word_1_781' title='bbox 492 5896 766 5957; x_wconf 79' lang='lat' dir='ltr'><strong>Vetustior</strong></span> <span class='ocrx_word' id='word_1_782' title='bbox 813 5900 1037 5974; x_wconf 80' lang='lat' dir='ltr'><strong>Reginae</strong></span> <span class='ocrx_word' id='word_1_783' title='bbox 1078 5916 1181 5961; x_wconf 89' lang='lat' dir='ltr'><strong>ms.</strong></span> <span class='ocrx_word' id='word_1_784' title='bbox 1213 5902 1366 5961; x_wconf 87' lang='lat' dir='ltr'><strong>addit</strong></span> <span class='ocrx_word' id='word_1_785' title='bbox 1406 5901 1495 5960; x_wconf 86' lang='lat' dir='ltr'><strong>hic</strong></span> <span class='ocrx_word' id='word_1_786' title='bbox 1524 5917 1721 5960; x_wconf 89' lang='lat' dir='ltr'><strong>nomen</strong></span> <span class='ocrx_word' id='word_1_787' title='bbox 1764 5902 1943 5972; x_wconf 77' lang='lat' dir='ltr'><strong>Iesus,</strong></span> 
     </span>
    </p>
   </div>
   <div class='ocr_carea' id='block_1_92' title="bbox 1974 4639 2025 4699">
    <p class='ocr_par' dir='ltr' id='par_1_92' title="bbox 1974 4639 2025 4699">
     <span class='ocr_line' id='line_1_92' title="bbox 1974 4639 2025 4699; baseline 0 0"><span class='ocrx_word' id='word_1_788' title='bbox 1974 4639 2025 4699; x_wconf 92' lang='lat' dir='ltr'><strong>D</strong></span> 
     </span>
    </p>
   </div>
   <div class='ocr_carea' id='block_1_93' title="bbox 2055 3360 3655 3432">
    <p class='ocr_par' dir='ltr' id='par_1_93' title="bbox 2055 3360 3655 3432">
     <span class='ocr_line' id='line_1_93' title="bbox 2055 3360 3655 3432; baseline -0.001 -17"><span class='ocrx_word' id='word_1_789' title='bbox 2055 3360 2202 3416; x_wconf 90' lang='lat' dir='ltr'><strong>bitur</strong></span> <span class='ocrx_word' id='word_1_790' title='bbox 2230 3376 2366 3431; x_wconf 86' lang='lat' dir='ltr'><strong>puer</strong></span> <span class='ocrx_word' id='word_1_791' title='bbox 2398 3376 2577 3417; x_wconf 89' lang='lat' dir='ltr'><strong>meus.</strong></span> <span class='ocrx_word' id='word_1_792' title='bbox 2612 3362 2742 3416; x_wconf 81' lang='lat' dir='ltr'><strong>Nam</strong></span> <span class='ocrx_word' id='word_1_793' title='bbox 2776 3372 2831 3416; x_wconf 90' lang='lat' dir='ltr'><strong>et</strong></span> <span class='ocrx_word' id='word_1_794' title='bbox 2869 3376 2971 3432; x_wconf 89' lang='lat' dir='ltr'><strong>ego</strong></span> <span class='ocrx_word' id='word_1_795' title='bbox 2998 3360 3163 3417; x_wconf 90' lang='lat' dir='ltr'><strong>homo</strong></span> <span class='ocrx_word' id='word_1_796' title='bbox 3191 3376 3310 3417; x_wconf 92' lang='lat' dir='ltr'><strong>sum</strong></span> <span class='ocrx_word' id='word_1_797' title='bbox 3343 3362 3445 3415; x_wconf 91' lang='lat' dir='ltr'><strong>sub</strong></span> <span class='ocrx_word' id='word_1_798' title='bbox 3474 3367 3655 3430; x_wconf 86' lang='lat' dir='ltr'><strong>potes-</strong></span> 
     </span>
    </p>
   </div>
   <div class='ocr_carea' id='block_1_94' title="bbox 2056 3453 3655 3521">
    <p class='ocr_par' dir='ltr' id='par_1_94' title="bbox 2056 3453 3655 3521">
     <span class='ocr_line' id='line_1_94' title="bbox 2056 3453 3655 3521; baseline -0.001 -10"><span class='ocrx_word' id='word_1_799' title='bbox 2056 3464 2164 3512; x_wconf 88' lang='lat' dir='ltr'><strong>tate</strong></span> <span class='ocrx_word' id='word_1_800' title='bbox 2191 3453 2597 3521; x_wconf 75' lang='lat' dir='ltr'><strong>dconstitutus,</strong></span> <span class='ocrx_word' id='word_1_801' title='bbox 2632 3456 2840 3511; x_wconf 91' lang='lat' dir='ltr'><strong>habens</strong></span> <span class='ocrx_word' id='word_1_802' title='bbox 2890 3456 2994 3513; x_wconf 88' lang='lat' dir='ltr'><strong>sub</strong></span> <span class='ocrx_word' id='word_1_803' title='bbox 3040 3471 3128 3511; x_wconf 89' lang='lat' dir='ltr'><strong>me</strong></span> <span class='ocrx_word' id='word_1_804' title='bbox 3167 3455 3395 3521; x_wconf 88' lang='lat' dir='ltr'><strong>milites,</strong></span> <span class='ocrx_word' id='word_1_805' title='bbox 3426 3463 3484 3510; x_wconf 89' lang='lat' dir='ltr'><strong>et</strong></span> <span class='ocrx_word' id='word_1_806' title='bbox 3528 3453 3655 3509; x_wconf 91' lang='lat' dir='ltr'><strong>dico</strong></span> 
     </span>
    </p>
   </div>
   <div class='ocr_carea' id='block_1_95' title="bbox 2054 3548 3655 3617">
    <p class='ocr_par' dir='ltr' id='par_1_95' title="bbox 2054 3548 3655 3617">
     <span class='ocr_line' id='line_1_95' title="bbox 2054 3548 3655 3617; baseline 0 -14"><span class='ocrx_word' id='word_1_807' title='bbox 2054 3549 2181 3605; x_wconf 88' lang='lat' dir='ltr'><strong>huic</strong></span> <span class='ocrx_word' id='word_1_808' title='bbox 2214 3567 2227 3603; x_wconf 92' lang='lat'><strong>:</strong></span> <span class='ocrx_word' id='word_1_809' title='bbox 2261 3548 2432 3611; x_wconf 89' lang='lat' dir='ltr'><strong>Vade.</strong></span> <span class='ocrx_word' id='word_1_810' title='bbox 2474 3559 2529 3605; x_wconf 89' lang='lat' dir='ltr'><strong>et</strong></span> <span class='ocrx_word' id='word_1_811' title='bbox 2571 3550 2721 3604; x_wconf 87' lang='lat' dir='ltr'><strong>vadit</strong></span> <span class='ocrx_word' id='word_1_812' title='bbox 2755 3568 2768 3605; x_wconf 91' lang='lat'><strong>:</strong></span> <span class='ocrx_word' id='word_1_813' title='bbox 2799 3559 2854 3605; x_wconf 90' lang='lat' dir='ltr'><strong>et</strong></span> <span class='ocrx_word' id='word_1_814' title='bbox 2906 3550 3021 3615; x_wconf 90' lang='lat' dir='ltr'><strong>alii,</strong></span> <span class='ocrx_word' id='word_1_815' title='bbox 3072 3550 3230 3617; x_wconf 90' lang='lat' dir='ltr'><strong>Veni,</strong></span> <span class='ocrx_word' id='word_1_816' title='bbox 3262 3549 3493 3606; x_wconf 88' lang='lat' dir='ltr'><strong>etvenit</strong></span> <span class='ocrx_word' id='word_1_817' title='bbox 3540 3567 3553 3603; x_wconf 96' lang='lat'><strong>:</strong></span> <span class='ocrx_word' id='word_1_818' title='bbox 3598 3558 3655 3605; x_wconf 90' lang='lat' dir='ltr'><strong>ct</strong></span> 
     </span>
    </p>
   </div>
   <div class='ocr_carea' id='block_1_96' title="bbox 2050 3642 3644 3709">
    <p class='ocr_par' dir='ltr' id='par_1_96' title="bbox 2050 3642 3644 3709">
     <span class='ocr_line' id='line_1_96' title="bbox 2050 3642 3644 3709; baseline 0 -9"><span class='ocrx_word' id='word_1_819' title='bbox 2050 3657 2213 3700; x_wconf 89' lang='lat' dir='ltr'><strong>servo</strong></span> <span class='ocrx_word' id='word_1_820' title='bbox 2256 3657 2399 3709; x_wconf 90' lang='lat' dir='ltr'><strong>meo,</strong></span> <span class='ocrx_word' id='word_1_821' title='bbox 2434 3642 2542 3699; x_wconf 84' lang='lat' dir='ltr'><strong>Fac</strong></span> <span class='ocrx_word' id='word_1_822' title='bbox 2571 3643 2696 3707; x_wconf 87' lang='lat' dir='ltr'><strong>hoc,</strong></span> <span class='ocrx_word' id='word_1_823' title='bbox 2731 3651 2786 3698; x_wconf 89' lang='lat' dir='ltr'><strong>et</strong></span> <span class='ocrx_word' id='word_1_824' title='bbox 2828 3644 2973 3699; x_wconf 88' lang='lat' dir='ltr'><strong>facit.</strong></span> <span class='ocrx_word' id='word_1_825' title='bbox 3006 3644 3251 3700; x_wconf 82' lang='lat' dir='ltr'><strong>Audiens</strong></span> <span class='ocrx_word' id='word_1_826' title='bbox 3277 3655 3460 3699; x_wconf 91' lang='lat' dir='ltr'><strong>autem</strong></span> <span class='ocrx_word' id='word_1_827' title='bbox 3482 3646 3644 3701; x_wconf 83' lang='lat' dir='ltr'><strong>Jesus</strong></span> 
     </span>
    </p>
   </div>
   <div class='ocr_carea' id='block_1_97' title="bbox 2052 3738 3643 3807">
    <p class='ocr_par' dir='ltr' id='par_1_97' title="bbox 2052 3738 3643 3807">
     <span class='ocr_line' id='line_1_97' title="bbox 2052 3738 3643 3807; baseline 0.001 -14"><span class='ocrx_word' id='word_1_828' title='bbox 2052 3738 2282 3793; x_wconf 83' lang='lat' dir='ltr'><strong>miratus</strong></span> <span class='ocrx_word' id='word_1_829' title='bbox 2329 3747 2450 3793; x_wconf 88' lang='lat' dir='ltr'><strong>est:</strong></span> <span class='ocrx_word' id='word_1_830' title='bbox 2484 3747 2538 3793; x_wconf 94' lang='lat' dir='ltr'><strong>et</strong></span> <span class='ocrx_word' id='word_1_831' title='bbox 2588 3739 2945 3807; x_wconf 89' lang='lat' dir='ltr'><strong>sequentibus</strong></span> <span class='ocrx_word' id='word_1_832' title='bbox 2987 3754 3047 3791; x_wconf 84' lang='lat' dir='ltr'><strong>se</strong></span> <span class='ocrx_word' id='word_1_833' title='bbox 3083 3740 3221 3793; x_wconf 82' lang='lat' dir='ltr'><strong>dixit</strong></span> <span class='ocrx_word' id='word_1_834' title='bbox 3252 3756 3266 3792; x_wconf 92' lang='lat'><strong>:</strong></span> <span class='ocrx_word' id='word_1_835' title='bbox 3300 3741 3471 3795; x_wconf 84' lang='lat' dir='ltr'><strong>Amen</strong></span> <span class='ocrx_word' id='word_1_836' title='bbox 3516 3740 3643 3795; x_wconf 89' lang='lat' dir='ltr'><strong>dico</strong></span> 
     </span>
    </p>
   </div>
   <div class='ocr_carea' id='block_1_98' title="bbox 2052 3831 3640 3905">
    <p class='ocr_par' dir='ltr' id='par_1_98' title="bbox 2052 3831 3640 3905">
     <span class='ocr_line' id='line_1_98' title="bbox 2052 3831 3640 3905; baseline 0.003 -21"><span class='ocrx_word' id='word_1_837' title='bbox 2052 3833 2234 3896; x_wconf 82' lang='lat' dir='ltr'><strong>vobis,</strong></span> <span class='ocrx_word' id='word_1_838' title='bbox 2266 3847 2371 3886; x_wconf 91' lang='lat' dir='ltr'><strong>non</strong></span> <span class='ocrx_word' id='word_1_839' title='bbox 2410 3831 2590 3886; x_wconf 87' lang='lat' dir='ltr'><strong>iuveni</strong></span> <span class='ocrx_word' id='word_1_840' title='bbox 2626 3842 2830 3886; x_wconf 90' lang='lat' dir='ltr'><strong>tantam</strong></span> <span class='ocrx_word' id='word_1_841' title='bbox 2870 3832 3030 3887; x_wconf 90' lang='lat' dir='ltr'><strong>fidem</strong></span> <span class='ocrx_word' id='word_1_842' title='bbox 3075 3832 3128 3888; x_wconf 85' lang='lat' dir='ltr'><strong>in</strong></span> <span class='ocrx_word' id='word_1_843' title='bbox 3159 3832 3352 3888; x_wconf 86' lang='lat' dir='ltr'><strong>Israel.</strong></span> <span class='ocrx_word' id='word_1_844' title='bbox 3388 3834 3534 3905; x_wconf 81' lang='lat' dir='ltr'><strong>|t.xv,</strong></span> <span class='ocrx_word' id='word_1_845' title='bbox 3560 3833 3640 3904; x_wconf 74' lang='lat'><strong>5.]</strong></span> 
     </span>
    </p>
   </div>
   <div class='ocr_carea' id='block_1_99' title="bbox 2052 3924 3632 3995">
    <p class='ocr_par' dir='ltr' id='par_1_99' title="bbox 2052 3924 3632 3995">
     <span class='ocr_line' id='line_1_99' title="bbox 2052 3924 3632 3995; baseline 0.001 -15"><span class='ocrx_word' id='word_1_846' title='bbox 2052 3925 2184 3981; x_wconf 90' lang='lat' dir='ltr'><strong>Dico</strong></span> <span class='ocrx_word' id='word_1_847' title='bbox 2217 3934 2397 3980; x_wconf 90' lang='lat' dir='ltr'><strong>autem</strong></span> <span class='ocrx_word' id='word_1_848' title='bbox 2433 3924 2609 3994; x_wconf 81' lang='lat' dir='ltr'><strong>vobis,</strong></span> <span class='ocrx_word' id='word_1_849' title='bbox 2634 3924 2777 3995; x_wconf 87' lang='lat' dir='ltr'><strong>quod</strong></span> <span class='ocrx_word' id='word_1_850' title='bbox 2826 3925 2984 3980; x_wconf 92' lang='lat' dir='ltr'><strong>multi</strong></span> <span class='ocrx_word' id='word_1_851' title='bbox 3019 3925 3087 3980; x_wconf 92' lang='lat' dir='ltr'><strong>ab</strong></span> <span class='ocrx_word' id='word_1_852' title='bbox 3134 3926 3367 3987; x_wconf 89' lang='lat' dir='ltr'><strong>oriente.</strong></span> <span class='ocrx_word' id='word_1_853' title='bbox 3401 3937 3455 3981; x_wconf 90' lang='lat' dir='ltr'><strong>et</strong></span> <span class='ocrx_word' id='word_1_854' title='bbox 3494 3926 3632 3981; x_wconf 86' lang='lat' dir='ltr'><strong>occi—</strong></span> 
     </span>
    </p>
   </div>
   <div class='ocr_carea' id='block_1_100' title="bbox 2049 4019 3639 4088">
    <p class='ocr_par' dir='ltr' id='par_1_100' title="bbox 2049 4019 3639 4088">
     <span class='ocr_line' id='line_1_100' title="bbox 2049 4019 3639 4088; baseline 0 -13"><span class='ocrx_word' id='word_1_855' title='bbox 2049 4020 2217 4075; x_wconf 89' lang='lat' dir='ltr'><strong>dente</strong></span> <span class='ocrx_word' id='word_1_856' title='bbox 2238 4021 2475 4087; x_wconf 90' lang='lat' dir='ltr'><strong>venient,</strong></span> <span class='ocrx_word' id='word_1_857' title='bbox 2500 4027 2556 4073; x_wconf 88' lang='lat' dir='ltr'><strong>et</strong></span> <span class='ocrx_word' id='word_1_858' title='bbox 2577 4019 2900 4075; x_wconf 87' lang='lat' dir='ltr'><strong>recumbent</strong></span> <span class='ocrx_word' id='word_1_859' title='bbox 2920 4034 3044 4075; x_wconf 91' lang='lat' dir='ltr'><strong>cum</strong></span> <span class='ocrx_word' id='word_1_860' title='bbox 3076 4019 3373 4081; x_wconf 85' lang='lat' dir='ltr'><strong>Abraham.</strong></span> <span class='ocrx_word' id='word_1_861' title='bbox 3401 4029 3453 4075; x_wconf 89' lang='lat' dir='ltr'><strong>et</strong></span> <span class='ocrx_word' id='word_1_862' title='bbox 3472 4020 3639 4088; x_wconf 75' lang='lat' dir='ltr'><strong>Isaac,</strong></span> 
     </span>
    </p>
   </div>
   <div class='ocr_carea' id='block_1_101' title="bbox 2050 4111 3648 4184">
    <p class='ocr_par' dir='ltr' id='par_1_101' title="bbox 2050 4111 3648 4184">
     <span class='ocr_line' id='line_1_101' title="bbox 2050 4111 3648 4184; baseline 0.001 -17"><span class='ocrx_word' id='word_1_863' title='bbox 2050 4123 2105 4167; x_wconf 94' lang='lat' dir='ltr'><strong>et</strong></span> <span class='ocrx_word' id='word_1_864' title='bbox 2130 4111 2301 4168; x_wconf 80' lang='lat' dir='ltr'><strong>Jaeob</strong></span> <span class='ocrx_word' id='word_1_865' title='bbox 2332 4112 2385 4167; x_wconf 87' lang='lat' dir='ltr'><strong>in</strong></span> <span class='ocrx_word' id='word_1_866' title='bbox 2426 4127 2596 4182; x_wconf 86' lang='lat' dir='ltr'><strong>regno</strong></span> <span class='ocrx_word' id='word_1_867' title='bbox 2633 4113 2904 4168; x_wconf 75' lang='lat' dir='ltr'><strong>cmlorum</strong></span> <span class='ocrx_word' id='word_1_868' title='bbox 2936 4131 2949 4167; x_wconf 92' lang='lat'><strong>:</strong></span> <span class='ocrx_word' id='word_1_869' title='bbox 2986 4113 3077 4167; x_wconf 88' lang='lat' dir='ltr'><strong>filii</strong></span> <span class='ocrx_word' id='word_1_870' title='bbox 3123 4123 3303 4169; x_wconf 89' lang='lat' dir='ltr'><strong>autem</strong></span> <span class='ocrx_word' id='word_1_871' title='bbox 3354 4115 3505 4183; x_wconf 84' lang='lat' dir='ltr'><strong>regni</strong></span> <span class='ocrx_word' id='word_1_872' title='bbox 3546 4113 3648 4184; x_wconf 89' lang='lat' dir='ltr'><strong>eji-</strong></span> 
     </span>
    </p>
   </div>
   <div class='ocr_carea' id='block_1_102' title="bbox 2049 4207 3648 4276">
    <p class='ocr_par' dir='ltr' id='par_1_102' title="bbox 2049 4207 3648 4276">
     <span class='ocr_line' id='line_1_102' title="bbox 2049 4207 3648 4276; baseline 0.001 -14"><span class='ocrx_word' id='word_1_873' title='bbox 2049 4207 2266 4263; x_wconf 90' lang='lat' dir='ltr'><strong>cientur</strong></span> <span class='ocrx_word' id='word_1_874' title='bbox 2310 4210 2363 4261; x_wconf 94' lang='lat' dir='ltr'><strong>in</strong></span> <span class='ocrx_word' id='word_1_875' title='bbox 2422 4207 2680 4263; x_wconf 85' lang='lat' dir='ltr'><strong>tenebras</strong></span> <span class='ocrx_word' id='word_1_876' title='bbox 2711 4208 3019 4263; x_wconf 83' lang='lat' dir='ltr'><strong>exteriores</strong></span> <span class='ocrx_word' id='word_1_877' title='bbox 3054 4226 3065 4261; x_wconf 93' lang='lat'><strong>:</strong></span> <span class='ocrx_word' id='word_1_878' title='bbox 3099 4208 3169 4263; x_wconf 91' lang='lat' dir='ltr'><strong>ibi</strong></span> <span class='ocrx_word' id='word_1_879' title='bbox 3225 4208 3331 4263; x_wconf 85' lang='lat' dir='ltr'><strong>erit</strong></span> <span class='ocrx_word' id='word_1_880' title='bbox 3377 4208 3560 4276; x_wconf 86' lang='lat' dir='ltr'><strong>fletus,</strong></span> <span class='ocrx_word' id='word_1_881' title='bbox 3593 4218 3648 4264; x_wconf 88' lang='lat' dir='ltr'><strong>et</strong></span> 
     </span>
    </p>
   </div>
   <div class='ocr_carea' id='block_1_103' title="bbox 2049 4299 3659 4371">
    <p class='ocr_par' dir='ltr' id='par_1_103' title="bbox 2049 4299 3659 4371">
     <span class='ocr_line' id='line_1_103' title="bbox 2049 4299 3659 4371; baseline 0 -15"><span class='ocrx_word' id='word_1_882' title='bbox 2049 4301 2254 4356; x_wconf 88' lang='lat' dir='ltr'><strong>stridor</strong></span> <span class='ocrx_word' id='word_1_883' title='bbox 2280 4299 2553 4356; x_wconf 81' lang='lat' dir='ltr'><strong>dentium.</strong></span> <span class='ocrx_word' id='word_1_884' title='bbox 2586 4300 2751 4371; x_wconf 75' lang='lat' dir='ltr'><strong>lum,</strong></span> <span class='ocrx_word' id='word_1_885' title='bbox 2778 4299 2857 4371; x_wconf 87' lang='lat'><strong>6.]</strong></span> <span class='ocrx_word' id='word_1_886' title='bbox 2891 4300 2956 4355; x_wconf 87' lang='lat' dir='ltr'><strong>Et</strong></span> <span class='ocrx_word' id='word_1_887' title='bbox 2991 4300 3136 4356; x_wconf 82' lang='lat' dir='ltr'><strong>dixit</strong></span> <span class='ocrx_word' id='word_1_888' title='bbox 3164 4299 3320 4355; x_wconf 82' lang='lat' dir='ltr'><strong>Jesus</strong></span> <span class='ocrx_word' id='word_1_889' title='bbox 3363 4300 3659 4357; x_wconf 86' lang='lat' dir='ltr'><strong>Centurio-</strong></span> 
     </span>
    </p>
   </div>
   <div class='ocr_carea' id='block_1_104' title="bbox 2049 4392 3657 4454">
    <p class='ocr_par' dir='ltr' id='par_1_104' title="bbox 2049 4392 3657 4454">
     <span class='ocr_line' id='line_1_104' title="bbox 2049 4392 3657 4454; baseline -0.001 -6"><span class='ocrx_word' id='word_1_890' title='bbox 2049 4395 2100 4448; x_wconf 92' lang='lat' dir='ltr'><strong>ni</strong></span> <span class='ocrx_word' id='word_1_891' title='bbox 2141 4412 2153 4447; x_wconf 89' lang='lat'><strong>:</strong></span> <span class='ocrx_word' id='word_1_892' title='bbox 2188 4392 2419 4449; x_wconf 87' lang='lat' dir='ltr'><strong>Vadeet</strong></span> <span class='ocrx_word' id='word_1_893' title='bbox 2442 4395 2587 4448; x_wconf 89' lang='lat' dir='ltr'><strong>sicut</strong></span> <span class='ocrx_word' id='word_1_894' title='bbox 2615 4393 2921 4454; x_wconf 85' lang='lat' dir='ltr'><strong>credidisti.</strong></span> <span class='ocrx_word' id='word_1_895' title='bbox 2955 4393 3047 4447; x_wconf 87' lang='lat' dir='ltr'><strong>fiat</strong></span> <span class='ocrx_word' id='word_1_896' title='bbox 3074 4393 3194 4448; x_wconf 92' lang='lat' dir='ltr'><strong>tibi.</strong></span> <span class='ocrx_word' id='word_1_897' title='bbox 3223 4394 3288 4447; x_wconf 85' lang='lat' dir='ltr'><strong>Et</strong></span> <span class='ocrx_word' id='word_1_898' title='bbox 3315 4404 3541 4448; x_wconf 88' lang='lat' dir='ltr'><strong>sanatus</strong></span> <span class='ocrx_word' id='word_1_899' title='bbox 3566 4402 3657 4449; x_wconf 89' lang='lat' dir='ltr'><strong>est</strong></span> 
     </span>
    </p>
   </div>
   <div class='ocr_carea' id='block_1_105' title="bbox 2050 4486 3651 4561">
    <p class='ocr_par' dir='ltr' id='par_1_105' title="bbox 2050 4486 3651 4561">
     <span class='ocr_line' id='line_1_105' title="bbox 2050 4486 3651 4561; baseline 0.001 -20"><span class='ocrx_word' id='word_1_900' title='bbox 2050 4502 2191 4556; x_wconf 86' lang='lat' dir='ltr'><strong>puer</strong></span> <span class='ocrx_word' id='word_1_901' title='bbox 2221 4486 2329 4559; x_wconf 79' lang='lat' dir='ltr'><strong>[AL</strong></span> <span class='ocrx_word' id='word_1_902' title='bbox 2361 4502 2498 4556; x_wconf 90' lang='lat' dir='ltr'><strong>puer</strong></span> <span class='ocrx_word' id='word_1_903' title='bbox 2523 4486 2667 4559; x_wconf 88' lang='lat' dir='ltr'><strong>ejus]</strong></span> <span class='ocrx_word' id='word_1_904' title='bbox 2697 4487 2750 4542; x_wconf 92' lang='lat' dir='ltr'><strong>in</strong></span> <span class='ocrx_word' id='word_1_905' title='bbox 2787 4488 2878 4542; x_wconf 91' lang='lat' dir='ltr'><strong>illa</strong></span> <span class='ocrx_word' id='word_1_906' title='bbox 2906 4487 3062 4542; x_wconf 88' lang='lat' dir='ltr'><strong>hora.</strong></span> <span class='ocrx_word' id='word_1_907' title='bbox 3097 4487 3292 4561; x_wconf 77' lang='lat' dir='ltr'><strong>[vatt,</strong></span> <span class='ocrx_word' id='word_1_908' title='bbox 3322 4486 3403 4559; x_wconf 75' lang='grc'><strong>2.]</strong></span> <span class='ocrx_word' id='word_1_909' title='bbox 3430 4487 3498 4542; x_wconf 89' lang='grc' dir='ltr'><strong>Ει</strong></span> <span class='ocrx_word' id='word_1_910' title='bbox 3528 4502 3651 4543; x_wconf 89' lang='lat' dir='ltr'><strong>cum</strong></span> 
     </span>
    </p>
   </div>
   <div class='ocr_carea' id='block_1_106' title="bbox 2049 4580 3651 4651">
    <p class='ocr_par' dir='ltr' id='par_1_106' title="bbox 2049 4580 3651 4651">
     <span class='ocr_line' id='line_1_106' title="bbox 2049 4580 3651 4651; baseline 0.001 -16"><span class='ocrx_word' id='word_1_911' title='bbox 2049 4580 2296 4637; x_wconf 90' lang='lat' dir='ltr'><strong>venisset</strong></span> <span class='ocrx_word' id='word_1_912' title='bbox 2336 4580 2497 4636; x_wconf 69' lang='lat' dir='ltr'><strong>Iesus</strong></span> <span class='ocrx_word' id='word_1_913' title='bbox 2538 4581 2589 4636; x_wconf 92' lang='lat' dir='ltr'><strong>in</strong></span> <span class='ocrx_word' id='word_1_914' title='bbox 2635 4582 2853 4635; x_wconf 87' lang='lat' dir='ltr'><strong>domum</strong></span> <span class='ocrx_word' id='word_1_915' title='bbox 2889 4582 3060 4646; x_wconf 84' lang='lat' dir='ltr'><strong>Petri,</strong></span> <span class='ocrx_word' id='word_1_916' title='bbox 3097 4581 3232 4635; x_wconf 91' lang='lat' dir='ltr'><strong>vidit</strong></span> <span class='ocrx_word' id='word_1_917' title='bbox 3283 4596 3501 4635; x_wconf 90' lang='lat' dir='ltr'><strong>socrum</strong></span> <span class='ocrx_word' id='word_1_918' title='bbox 3534 4580 3651 4651; x_wconf 84' lang='lat' dir='ltr'><strong>ejus</strong></span> 
     </span>
    </p>
   </div>
   <div class='ocr_carea' id='block_1_107' title="bbox 2049 4675 3654 4746">
    <p class='ocr_par' dir='ltr' id='par_1_107' title="bbox 2049 4675 3654 4746">
     <span class='ocr_line' id='line_1_107' title="bbox 2049 4675 3654 4746; baseline -0.001 -17"><span class='ocrx_word' id='word_1_919' title='bbox 2049 4676 2414 4745; x_wconf 90' lang='lat' dir='ltr'><strong>jacentem,et</strong></span> <span class='ocrx_word' id='word_1_920' title='bbox 2431 4676 2866 4732; x_wconf 86' lang='lat' dir='ltr'><strong>febricitantem:</strong></span> <span class='ocrx_word' id='word_1_921' title='bbox 2892 4686 2949 4730; x_wconf 90' lang='lat' dir='ltr'><strong>et</strong></span> <span class='ocrx_word' id='word_1_922' title='bbox 2974 4676 3155 4746; x_wconf 84' lang='lat' dir='ltr'><strong>tetigit</strong></span> <span class='ocrx_word' id='word_1_923' title='bbox 3182 4690 3403 4730; x_wconf 88' lang='lat' dir='ltr'><strong>manmu</strong></span> <span class='ocrx_word' id='word_1_924' title='bbox 3426 4675 3569 4745; x_wconf 89' lang='lat' dir='ltr'><strong>ejus,</strong></span> <span class='ocrx_word' id='word_1_925' title='bbox 3597 4683 3654 4730; x_wconf 89' lang='lat' dir='ltr'><strong>et</strong></span> 
     </span>
    </p>
   </div>
   <div class='ocr_carea' id='block_1_108' title="bbox 2054 4767 3651 4835">
    <p class='ocr_par' dir='ltr' id='par_1_108' title="bbox 2054 4767 3651 4835">
     <span class='ocr_line' id='line_1_108' title="bbox 2054 4767 3651 4835; baseline 0.001 -17"><span class='ocrx_word' id='word_1_926' title='bbox 2054 4769 2263 4822; x_wconf 85' lang='lat' dir='ltr'><strong>dimisit</strong></span> <span class='ocrx_word' id='word_1_927' title='bbox 2291 4783 2410 4823; x_wconf 91' lang='lat' dir='ltr'><strong>eam</strong></span> <span class='ocrx_word' id='word_1_928' title='bbox 2450 4768 2643 4835; x_wconf 92' lang='lat' dir='ltr'><strong>febris,</strong></span> <span class='ocrx_word' id='word_1_929' title='bbox 2678 4776 2734 4823; x_wconf 89' lang='lat' dir='ltr'><strong>et</strong></span> <span class='ocrx_word' id='word_1_930' title='bbox 2771 4769 3035 4835; x_wconf 82' lang='lat' dir='ltr'><strong>surrexit,</strong></span> <span class='ocrx_word' id='word_1_931' title='bbox 3066 4776 3122 4823; x_wconf 88' lang='lat' dir='ltr'><strong>et</strong></span> <span class='ocrx_word' id='word_1_932' title='bbox 3168 4767 3515 4823; x_wconf 85' lang='lat' dir='ltr'><strong>ministrabat</strong></span> <span class='ocrx_word' id='word_1_933' title='bbox 3549 4770 3651 4821; x_wconf 89' lang='lat' dir='ltr'><strong>eis.</strong></span> 
     </span>
    </p>
   </div>
   <div class='ocr_carea' id='block_1_109' title="bbox 2057 4859 3655 4931">
    <p class='ocr_par' dir='ltr' id='par_1_109' title="bbox 2057 4859 3655 4931">
     <span class='ocr_line' id='line_1_109' title="bbox 2057 4859 3655 4931; baseline -0.002 -15"><span class='ocrx_word' id='word_1_934' title='bbox 2057 4861 2299 4931; x_wconf 88' lang='lat' dir='ltr'><strong>Vespere</strong></span> <span class='ocrx_word' id='word_1_935' title='bbox 2330 4868 2509 4916; x_wconf 90' lang='lat' dir='ltr'><strong>autem</strong></span> <span class='ocrx_word' id='word_1_936' title='bbox 2556 4860 2719 4925; x_wconf 86' lang='lat' dir='ltr'><strong>facto,</strong></span> <span class='ocrx_word' id='word_1_937' title='bbox 2755 4861 3080 4916; x_wconf 91' lang='lat' dir='ltr'><strong>obtulerunt</strong></span> <span class='ocrx_word' id='word_1_938' title='bbox 3118 4862 3165 4916; x_wconf 91' lang='lat' dir='ltr'><strong>ei</strong></span> <span class='ocrx_word' id='word_1_939' title='bbox 3210 4862 3415 4915; x_wconf 91' lang='lat' dir='ltr'><strong>multos</strong></span> <span class='ocrx_word' id='word_1_940' title='bbox 3451 4859 3655 4914; x_wconf 75' lang='lat' dir='ltr'><strong>dremo-</strong></span> 
     </span>
    </p>
   </div>
   <div class='ocr_carea' id='block_1_110' title="bbox 2056 4952 3657 5023">
    <p class='ocr_par' dir='ltr' id='par_1_110' title="bbox 2056 4952 3657 5023">
     <span class='ocr_line' id='line_1_110' title="bbox 2056 4952 3657 5023; baseline -0.001 -15"><span class='ocrx_word' id='word_1_941' title='bbox 2056 4953 2141 5008; x_wconf 80' lang='lat' dir='ltr'><strong>nia</strong></span> <span class='ocrx_word' id='word_1_942' title='bbox 2175 4952 2446 5009; x_wconf 86' lang='lat' dir='ltr'><strong>habentes</strong></span> <span class='ocrx_word' id='word_1_943' title='bbox 2481 4971 2493 5007; x_wconf 96' lang='lat'><strong>:</strong></span> <span class='ocrx_word' id='word_1_944' title='bbox 2526 4962 2581 5008; x_wconf 93' lang='lat' dir='ltr'><strong>et</strong></span> <span class='ocrx_word' id='word_1_945' title='bbox 2609 4952 3117 5023; x_wconf 75' lang='lat' dir='ltr'><strong>ejiciebatsniritus</strong></span> <span class='ocrx_word' id='word_1_946' title='bbox 3150 4954 3317 5008; x_wconf 85' lang='lat' dir='ltr'><strong>verbo</strong></span> <span class='ocrx_word' id='word_1_947' title='bbox 3341 4968 3355 5007; x_wconf 93' lang='lat'><strong>:</strong></span> <span class='ocrx_word' id='word_1_948' title='bbox 3379 4961 3436 5007; x_wconf 89' lang='lat' dir='ltr'><strong>et</strong></span> <span class='ocrx_word' id='word_1_949' title='bbox 3464 4966 3657 5007; x_wconf 90' lang='lat' dir='ltr'><strong>omnes</strong></span> 
     </span>
    </p>
   </div>
   <div class='ocr_carea' id='block_1_111' title="bbox 2057 5044 3653 5118">
    <p class='ocr_par' dir='ltr' id='par_1_111' title="bbox 2057 5044 3653 5118">
     <span class='ocr_line' id='line_1_111' title="bbox 2057 5044 3653 5118; baseline -0.001 -17"><span class='ocrx_word' id='word_1_950' title='bbox 2057 5047 2199 5103; x_wconf 89' lang='lat' dir='ltr'><strong>male</strong></span> <span class='ocrx_word' id='word_1_951' title='bbox 2240 5046 2506 5103; x_wconf 88' lang='lat' dir='ltr'><strong>habentes</strong></span> <span class='ocrx_word' id='word_1_952' title='bbox 2546 5050 2759 5103; x_wconf 83' lang='lat' dir='ltr'><strong>curavit</strong></span> <span class='ocrx_word' id='word_1_953' title='bbox 2789 5066 2803 5103; x_wconf 91' lang='lat'><strong>:</strong></span> <span class='ocrx_word' id='word_1_954' title='bbox 2830 5058 2892 5102; x_wconf 88' lang='lat' dir='ltr'><strong>ut</strong></span> <span class='ocrx_word' id='word_1_955' title='bbox 2918 5047 3314 5118; x_wconf 85' lang='lat' dir='ltr'><strong>adimpleretur</strong></span> <span class='ocrx_word' id='word_1_956' title='bbox 3341 5046 3487 5118; x_wconf 90' lang='lat' dir='ltr'><strong>quod</strong></span> <span class='ocrx_word' id='word_1_957' title='bbox 3534 5044 3653 5101; x_wconf 88' lang='lat' dir='ltr'><strong>dic-</strong></span> 
     </span>
    </p>
   </div>
   <div class='ocr_carea' id='block_1_112' title="bbox 2057 5142 3653 5214">
    <p class='ocr_par' dir='ltr' id='par_1_112' title="bbox 2057 5142 3653 5214">
     <span class='ocr_line' id='line_1_112' title="bbox 2057 5142 3653 5214; baseline -0.003 -14"><span class='ocrx_word' id='word_1_958' title='bbox 2057 5154 2170 5200; x_wconf 88' lang='lat' dir='ltr'><strong>tum</strong></span> <span class='ocrx_word' id='word_1_959' title='bbox 2204 5156 2288 5199; x_wconf 91' lang='lat' dir='ltr'><strong>est</strong></span> <span class='ocrx_word' id='word_1_960' title='bbox 2315 5159 2410 5213; x_wconf 92' lang='lat' dir='ltr'><strong>per</strong></span> <span class='ocrx_word' id='word_1_961' title='bbox 2453 5143 2647 5200; x_wconf 84' lang='lat' dir='ltr'><strong>Isaiam</strong></span> <span class='ocrx_word' id='word_1_962' title='bbox 2678 5143 3025 5214; x_wconf 87' lang='lat' dir='ltr'><strong>prophetam,</strong></span> <span class='ocrx_word' id='word_1_963' title='bbox 3061 5144 3333 5198; x_wconf 89' lang='lat' dir='ltr'><strong>dicentem</strong></span> <span class='ocrx_word' id='word_1_964' title='bbox 3365 5160 3376 5195; x_wconf 89' lang='lat'><strong>:</strong></span> <span class='ocrx_word' id='word_1_965' title='bbox 3406 5142 3527 5213; x_wconf 89' lang='lat' dir='ltr'><strong>Ipse</strong></span> <span class='ocrx_word' id='word_1_966' title='bbox 3570 5142 3653 5196; x_wconf 82' lang='lat' dir='ltr'><strong>in-</strong></span> 
     </span>
    </p>
   </div>
   <div class='ocr_carea' id='block_1_113' title="bbox 2049 5237 3651 5306">
    <p class='ocr_par' dir='ltr' id='par_1_113' title="bbox 2049 5237 3651 5306">
     <span class='ocr_line' id='line_1_113' title="bbox 2049 5237 3651 5306; baseline -0.001 -14"><span class='ocrx_word' id='word_1_967' title='bbox 2049 5237 2335 5293; x_wconf 89' lang='lat' dir='ltr'><strong>firmitates</strong></span> <span class='ocrx_word' id='word_1_968' title='bbox 2379 5247 2599 5292; x_wconf 86' lang='lat' dir='ltr'><strong>nostras</strong></span> <span class='ocrx_word' id='word_1_969' title='bbox 2647 5237 2856 5305; x_wconf 87' lang='lat' dir='ltr'><strong>accepit</strong></span> <span class='ocrx_word' id='word_1_970' title='bbox 2892 5255 2905 5291; x_wconf 93' lang='lat'><strong>:</strong></span> <span class='ocrx_word' id='word_1_971' title='bbox 2935 5247 2983 5292; x_wconf 91' lang='lat' dir='ltr'><strong>et</strong></span> <span class='ocrx_word' id='word_1_972' title='bbox 3041 5237 3426 5306; x_wconf 82' lang='lat' dir='ltr'><strong>aegrotationes</strong></span> <span class='ocrx_word' id='word_1_973' title='bbox 3469 5246 3490 5272; x_wconf 72' lang='grc' dir='ltr'>ο</span> <span class='ocrx_word' id='word_1_974' title='bbox 3525 5251 3651 5291; x_wconf 83' lang='lat' dir='ltr'><strong>nos-</strong></span> 
     </span>
    </p>
   </div>
   <div class='ocr_carea' id='block_1_114' title="bbox 2050 5328 3657 5402">
    <p class='ocr_par' dir='ltr' id='par_1_114' title="bbox 2050 5328 3657 5402">
     <span class='ocr_line' id='line_1_114' title="bbox 2050 5328 3657 5402; baseline -0.003 -14"><span class='ocrx_word' id='word_1_975' title='bbox 2050 5340 2167 5388; x_wconf 88' lang='lat' dir='ltr'><strong>tras</strong></span> <span class='ocrx_word' id='word_1_976' title='bbox 2220 5332 2477 5402; x_wconf 87' lang='lat' dir='ltr'><strong>portavit.</strong></span> <span class='ocrx_word' id='word_1_977' title='bbox 2512 5330 2721 5386; x_wconf 82' lang='lat' dir='ltr'><strong>Videris</strong></span> <span class='ocrx_word' id='word_1_978' title='bbox 2768 5338 2949 5387; x_wconf 86' lang='lat' dir='ltr'><strong>autem</strong></span> <span class='ocrx_word' id='word_1_979' title='bbox 3001 5329 3161 5387; x_wconf 82' lang='lat' dir='ltr'><strong>Jesus</strong></span> <span class='ocrx_word' id='word_1_980' title='bbox 3214 5328 3401 5385; x_wconf 89' lang='lat' dir='ltr'><strong>turbas</strong></span> <span class='ocrx_word' id='word_1_981' title='bbox 3456 5329 3657 5385; x_wconf 89' lang='lat' dir='ltr'><strong>multas</strong></span> 
     </span>
    </p>
   </div>
   <div class='ocr_carea' id='block_1_115' title="bbox 2054 5472 3651 5545">
    <p class='ocr_par' dir='ltr' id='par_1_115' title="bbox 2054 5472 3651 5545">
     <span class='ocr_line' id='line_1_115' title="bbox 2054 5472 3651 5545; baseline 0.003 -19"><span class='ocrx_word' id='word_1_982' title='bbox 2054 5472 2198 5540; x_wconf 89' lang='lat' dir='ltr'><strong>quod</strong></span> <span class='ocrx_word' id='word_1_983' title='bbox 2227 5473 2444 5545; x_wconf 86' lang='lat' dir='ltr'><strong>quidem</strong></span> <span class='ocrx_word' id='word_1_984' title='bbox 2483 5480 2539 5545; x_wconf 79' lang='lat' dir='ltr'><strong>et</strong></span> <span class='ocrx_word' id='word_1_985' title='bbox 2572 5472 2623 5526; x_wconf 91' lang='lat' dir='ltr'><strong>itt</strong></span> <span class='ocrx_word' id='word_1_986' title='bbox 2656 5472 2863 5528; x_wconf 70' lang='lat' dir='ltr'><strong>Grmeis</strong></span> <span class='ocrx_word' id='word_1_987' title='bbox 2904 5473 3178 5544; x_wconf 87' lang='lat' dir='ltr'><strong>plerisque</strong></span> <span class='ocrx_word' id='word_1_988' title='bbox 3212 5473 3363 5529; x_wconf 84' lang='lat' dir='ltr'><strong>libris</strong></span> <span class='ocrx_word' id='word_1_989' title='bbox 3387 5473 3651 5545; x_wconf 82' lang='lat' dir='ltr'><strong>exprimi-</strong></span> 
     </span>
    </p>
   </div>
   <div class='ocr_carea' id='block_1_116' title="bbox 2053 5542 3455 5621">
    <p class='ocr_par' dir='ltr' id='par_1_116' title="bbox 2053 5542 3455 5621">
     <span class='ocr_line' id='line_1_116' title="bbox 2053 5542 3455 5621; baseline 0.002 -22"><span class='ocrx_word' id='word_1_990' title='bbox 2053 5553 2152 5621; x_wconf 81' lang='lat' dir='ltr'><strong>lttt&#39;_</strong></span> <span class='ocrx_word' id='word_1_991' title='bbox 2172 5542 2487 5621; x_wconf 50' lang='grc' dir='ltr'><strong>ε-ςὶσςλοόντι</strong></span> <span class='ocrx_word' id='word_1_992' title='bbox 2518 5542 2571 5600; x_wconf 81' lang='grc' dir='ltr'><strong>δὲ</strong></span> <span class='ocrx_word' id='word_1_993' title='bbox 2596 5552 2669 5621; x_wconf 64' lang='grc' dir='ltr'><strong>τῷ</strong></span> <span class='ocrx_word' id='word_1_994' title='bbox 2702 5545 2868 5621; x_wconf 64' lang='grc' dir='ltr'>Ἰησοῦ</span> <span class='ocrx_word' id='word_1_995' title='bbox 2904 5542 2917 5600; x_wconf 70' lang='grc' dir='ltr'><em>ξ</em></span> <span class='ocrx_word' id='word_1_996' title='bbox 2941 5546 3030 5621; x_wconf 52' lang='lat' dir='ltr'><strong>alii</strong></span> <span class='ocrx_word' id='word_1_997' title='bbox 3058 5550 3195 5621; x_wconf 79' lang='grc' dir='ltr'><strong>αὐτῷ</strong></span> <span class='ocrx_word' id='word_1_998' title='bbox 3226 5556 3455 5602; x_wconf 90' lang='lat' dir='ltr'><strong>tantum.</strong></span> 
     </span>
    </p>
   </div>
   <div class='ocr_carea' id='block_1_117' title="bbox 2127 5614 3648 5690">
    <p class='ocr_par' dir='ltr' id='par_1_117' title="bbox 2127 5614 3648 5690">
     <span class='ocr_line' id='line_1_117' title="bbox 2127 5614 3648 5690; baseline 0.001 -18"><span class='ocrx_word' id='word_1_999' title='bbox 2127 5614 2156 5653; x_wconf 71' lang='grc' dir='ltr'><em>ἀ</em></span> <span class='ocrx_word' id='word_1_1000' title='bbox 2193 5616 2428 5672; x_wconf 87' lang='lat' dir='ltr'><strong>Verbum</strong></span> <span class='ocrx_word' id='word_1_1001' title='bbox 2450 5614 2782 5690; x_wconf 67' lang='lat' dir='ltr'><strong>constitutus.</strong></span> <span class='ocrx_word' id='word_1_1002' title='bbox 2813 5620 2923 5673; x_wconf 92' lang='lat' dir='ltr'><strong>duo</strong></span> <span class='ocrx_word' id='word_1_1003' title='bbox 2952 5614 3327 5687; x_wconf 65' lang='lat' dir='ltr'><strong>Reginaimss.</strong></span> <span class='ocrx_word' id='word_1_1004' title='bbox 3366 5621 3648 5690; x_wconf 81' lang='lat' dir='ltr'><strong>ignorant:</strong></span> 
     </span>
    </p>
   </div>
   <div class='ocr_carea' id='block_1_118' title="bbox 2056 5688 3285 5757">
    <p class='ocr_par' dir='ltr' id='par_1_118' title="bbox 2056 5688 3285 5757">
     <span class='ocr_line' id='line_1_118' title="bbox 2056 5688 3285 5757; baseline -0.001 -12"><span class='ocrx_word' id='word_1_1005' title='bbox 2056 5704 2233 5755; x_wconf 84' lang='lat' dir='ltr'><strong>neque</strong></span> <span class='ocrx_word' id='word_1_1006' title='bbox 2261 5690 2373 5757; x_wconf 90' lang='lat' dir='ltr'><strong>ipse</strong></span> <span class='ocrx_word' id='word_1_1007' title='bbox 2404 5688 2626 5757; x_wconf 89' lang='lat' dir='ltr'><strong>proprie</strong></span> <span class='ocrx_word' id='word_1_1008' title='bbox 2651 5688 2810 5744; x_wconf 87' lang='lat' dir='ltr'><strong>habet</strong></span> <span class='ocrx_word' id='word_1_1009' title='bbox 2832 5690 3053 5745; x_wconf 67' lang='lat' dir='ltr'><strong>Griecus</strong></span> <span class='ocrx_word' id='word_1_1010' title='bbox 3086 5700 3285 5746; x_wconf 81' lang='lat' dir='ltr'><strong>textus.</strong></span> 
     </span>
    </p>
   </div>
   <div class='ocr_carea' id='block_1_119' title="bbox 2128 5758 3650 5830">
    <p class='ocr_par' dir='ltr' id='par_1_119' title="bbox 2128 5758 3650 5830">
     <span class='ocr_line' id='line_1_119' title="bbox 2128 5758 3650 5830; baseline 0.001 -15"><span class='ocrx_word' id='word_1_1011' title='bbox 2128 5772 2153 5799; x_wconf 78' lang='grc' dir='ltr'>ε</span> <span class='ocrx_word' id='word_1_1012' title='bbox 2184 5761 2431 5816; x_wconf 78' lang='lat' dir='ltr'><strong>Alterum</strong></span> <span class='ocrx_word' id='word_1_1013' title='bbox 2486 5758 2587 5815; x_wconf 88' lang='lat' dir='ltr'><strong>hoc</strong></span> <span class='ocrx_word' id='word_1_1014' title='bbox 2636 5776 2849 5830; x_wconf 91' lang='lat' dir='ltr'><strong>quoque</strong></span> <span class='ocrx_word' id='word_1_1015' title='bbox 2901 5778 3199 5829; x_wconf 71' lang='lat' dir='ltr'><strong>pronomen</strong></span> <span class='ocrx_word' id='word_1_1016' title='bbox 3243 5773 3447 5819; x_wconf 70' lang='lat' dir='ltr'><strong>nostras</strong></span> <span class='ocrx_word' id='word_1_1017' title='bbox 3485 5761 3650 5820; x_wconf 85' lang='lat' dir='ltr'><strong>iidem</strong></span> 
     </span>
    </p>
   </div>
   <div class='ocr_carea' id='block_1_120' title="bbox 2054 5831 3450 5904">
    <p class='ocr_par' dir='ltr' id='par_1_120' title="bbox 2054 5831 3450 5904">
     <span class='ocr_line' id='line_1_120' title="bbox 2054 5831 3450 5904; baseline 0 -15"><span class='ocrx_word' id='word_1_1018' title='bbox 2054 5848 2215 5899; x_wconf 87' lang='lat' dir='ltr'><strong>mss.,</strong></span> <span class='ocrx_word' id='word_1_1019' title='bbox 2248 5831 2439 5890; x_wconf 66' lang='grc' dir='ltr'><strong>(ἑταιοο</strong></span> <span class='ocrx_word' id='word_1_1020' title='bbox 2472 5833 2590 5904; x_wconf 90' lang='lat' dir='ltr'><strong>ipso</strong></span> <span class='ocrx_word' id='word_1_1021' title='bbox 2622 5834 2959 5891; x_wconf 83' lang='lat' dir='ltr'><strong>assentiente</strong></span> <span class='ocrx_word' id='word_1_1022' title='bbox 2990 5842 3160 5903; x_wconf 83' lang='lat' dir='ltr'><strong>textu,</strong></span> <span class='ocrx_word' id='word_1_1023' title='bbox 3196 5838 3450 5894; x_wconf 84' lang='lat' dir='ltr'><strong>reticent.</strong></span> 
     </span>
    </p>
   </div>
  </div>
