4182 6338
558 298 656 357 ὅξῆ

557 415 763 474 clrcttm
808 433 888 488 se,
933 419 1098 489 jussit
1150 417 1230 475 ire
1262 426 1413 476 trans
1453 417 1675 476 fretum.
1712 420 1924 493 [unm
1973 421 2052 494 5.]
2089 421 2158 476 Et

557 509 827 567 accedens
858 529 997 567 unus
1021 513 1238 580 Scriba,
1268 515 1345 569 ait
1373 513 1453 570 illi
1485 533 1499 570 :
1533 514 1810 585 Magister,
1845 531 2046 586 sequar
2079 524 2154 583 te,

558 619 906 677 quocumque
951 607 1100 662 ieris.
1140 609 1204 662 Et
1248 607 1382 663 dicit
1423 609 1472 664 ei
1503 608 1664 664 Jesus
1691 626 1704 663 :
1736 609 1940 679 Vulpes
1973 610 2158 665 foveas

557 697 792 768 habent,
817 710 872 757 et
891 701 1143 758 volucres
1173 702 1298 758 εοειὶ
1325 701 1483 760 nidos
1508 719 1524 770 ;
1556 703 1696 757 ﬁlius
1719 713 1900 758 autem
1923 703 2156 758 hominis

561 809 669 850 non
700 794 864 851 habet
890 795 980 852 ubi
1007 806 1175 864 caput
1206 797 1458 853 reclinet.
1491 795 1647 851 Alius
1679 805 1862 851 autem
1891 795 1960 850 de
1989 795 2154 851 disci-

554 887 697 959 pulis
745 887 864 960 ejus
909 888 987 946 ait
1017 890 1096 945 illi
1130 908 1143 944 :
1175 890 1424 958 Domine,
1475 890 1733 960 permitte
1779 905 1866 944 me
1917 889 2152 960 primum

554 979 659 1048 ire,
686 988 743 1038 et
772 981 1012 1053 sepelire
1039 991 1252 1054 patrem
1282 997 1486 1037 meum.
1518 980 1680 1037 Jesus
1703 992 1886 1036 autem
1918 980 1992 1035 ait
2021 981 2096 1036 illi
2137 999 2150 1034 ε

551 1074 794 1148 Sequere
842 1092 951 1142 me,
983 1085 1040 1133 et
1083 1076 1298 1132 dimitte
1331 1085 1578 1132 mortuos
1621 1075 1861 1145 sepelire
1903 1074 2152 1132 mortuos

555 1182 706 1226 suos.
743 1167 914 1242 [thx,
936 1167 1017 1240 2.]
1043 1169 1109 1224 Et
1136 1167 1472 1224 ascendente
1507 1183 1573 1224 eo
1609 1167 1662 1223 in
1702 1167 2030 1234 naviculam,
2063 1183 2148 1224 se-

549 1263 662 1319 cuti
686 1269 816 1318 sunt
836 1277 960 1318 eum
991 1261 1244 1333 discipuli
1268 1262 1390 1332 ejus
1421 1278 1437 1318 :
1467 1271 1523 1318 et
1552 1276 1681 1318 ecce
1714 1269 1893 1316 motus
1921 1275 2146 1331 magnus

550 1355 728 1412 factus
753 1366 838 1412 est
871 1357 925 1410 in
961 1357 1122 1426 mari,
1149 1357 1219 1411 ita
1258 1364 1317 1410 ut
1348 1355 1597 1412 navicula
1631 1355 1943 1425 operiretur
1971 1354 2149 1412 ﬁucti-

548 1449 674 1518 bus,
709 1451 827 1522 ipse
867 1465 999 1506 vero
1043 1449 1376 1507 dormiebat.
1409 1450 1477 1506 Et
1518 1457 1876 1507 accesserunt
1925 1450 1990 1504 ad
2026 1465 2147 1505 eum

552 1541 858 1614 l‘discipuli
909 1543 1051 1615 ejus,
1084 1554 1141 1600 et
1190 1543 1601 1601 suscitaverunt
1652 1560 1804 1613 eum,
1854 1545 2147 1601 dicentes:

550 1637 804 1706 Domine,
851 1637 1002 1694 salva
1059 1653 1180 1708 nos,
1218 1638 1479 1710 perimus.
1512 1639 1580 1694 Et
1631 1638 1763 1694 dicit
1809 1640 1890 1695 eis
1941 1637 2146 1693 Jesus:

545 1730 687 1800 Quid
721 1731 896 1786 timidi
929 1730 1090 1801 estis,
1126 1730 1357 1787 modica:
1385 1729 1546 1786 ﬁdei?
1569 1731 1723 1788 'l‘unc
1758 1746 2011 1804 surgens,
2047 1731 2151 1786 im-

545 1825 763 1896 peravit
795 1825 972 1884 ventis
1002 1835 1056 1882 et
1081 1824 1237 1882 mari.
1269 1836 1324 1881 et
1355 1825 1492 1882 facta
1527 1836 1610 1882 est
1638 1828 2008 1897 tranquillitas
2031 1841 2147 1881 ma-

543 1935 671 1992 gna.
717 1921 888 1977 Porro
935 1919 1184 1977 homines
1227 1921 1411 1976 mirati
1455 1931 1606 1987 sunt,
1635 1921 1880 1978 dicentes
1913 1941 1922 1974 :
1955 1921 2145 1990 Qualis

542 2024 625 2071 est
655 2013 766 2083 hic,
795 2015 924 2087 quia
955 2016 1102 2072 venti
1134 2013 1251 2087 [ΑΙ.
1280 2023 1338 2070 et
1380 2016 1526 2071 venti
1553 2015 1562 2085 ι
1594 2024 1650 2072 et
1688 2031 1839 2072 mare
1885 2015 2147 2071 obediunt

544 2108 640 2164 ei?
671 2108 739 2164 Et
779 2123 904 2167 cum
945 2109 1188 2164 venisset
1244 2119 1394 2162 trans
1436 2107 1464 2146 ι)
1513 2107 1713 2163 fretum
1758 2107 1813 2163 in
1865 2109 2144 2180 regionem

545 2202 976 2269 Gerasenorum,
1009 2211 1372 2258 occurrerunt
1399 2201 1447 2257 ei
1487 2201 1597 2257 duo
1645 2200 1912 2258 habentes
1943 2201 2148 2258 dieme-

550 2294 663 2363 nia,
695 2294 763 2350 de
807 2293 1181 2350 monumentis
1232 2304 1528 2360 exeuntes,
1569 2294 1699 2348 saevi
1751 2291 1935 2361 nimis,
1981 2293 2052 2348 ita
2087 2301 2148 2348 ut

548 2403 710 2445 nemo
745 2396 934 2460 posset
979 2389 1217 2444 transire
1246 2403 1344 2459 per
1384 2391 1527 2442 viain
1580 2387 1749 2443 illam.
1781 2387 1851 2443 Et
1877 2403 2005 2444 ecce
2033 2388 2147 2442 cla-

542 2492 853 2550 maverunt,
895 2480 1186 2538 dicentes:
1221 2480 1362 2550 Quid
1401 2479 1583 2547 nobis,
1617 2490 1674 2536 et
1714 2479 1835 2550 tibi,
1881 2479 2011 2536 Jesu
2062 2479 2141 2534 ﬁli

542 2575 676 2632 Dei?
709 2575 919 2632 Venisti
960 2576 1066 2632 huc
1110 2587 1237 2632 ante
1283 2585 1502 2646 tempus
1543 2586 1804 2645 torquere
1849 2577 1986 2630 nos?
2015 2575 2143 2630 Erat

537 2677 720 2727 autem
753 2684 862 2726 non
892 2669 1052 2741 longe
1086 2655 1155 2724 ab
1185 2667 1292 2723 illis
1332 2683 1467 2740 grex
1507 2668 1806 2723 multorum
1843 2681 2140 2739 porcorum

539 2777 795 2833 pascens.
823 2762 1114 2818 Dzemones
1143 2771 1327 2818 autem
1370 2761 1639 2832 rogabant
1669 2775 1816 2824 eum,
1840 2758 2094 2814 dicentes
2125 2774 2139 2812 :

537 2854 598 2912 Si
618 2855 779 2925 ejicis
807 2869 909 2910 nos
925 2855 1250 2923 hinc,mitte
1282 2868 1383 2909 nos
1411 2854 1463 2910 in
1495 2868 1716 2925 gregem
1745 2850 2144 2924 porcorum.Et

546 2948 624 3004 ait
649 2948 761 3004 illis
793 2965 808 3004 :
838 2948 938 3004 lte.
963 2948 1036 3004 At
1061 2948 1136 3003 illi
1160 2961 1427 3004 exeuntes
1464 2947 1720 3004 abierunt
1758 2946 1812 3002 in
1839 2961 2059 3016 porcus,
2087 2953 2144 3002 et

538 3059 670 3101 ecce
700 3044 902 3115 impetu
943 3044 1238 3099 abiittotus
1267 3058 1400 3115 grex
1430 3042 1537 3115 [AL
1567 3057 1703 3114 grex
1735 3040 2015 3114 pecorum]
2045 3055 2142 3112 per

538 3154 787 3212 praeceps
810 3140 863 3194 in
894 3155 1076 3204 mare;
1111 3149 1166 3194 et
1200 3137 1402 3193 mortui
1430 3145 1560 3192 sunt
1588 3137 1640 3192 in
1672 3135 1851 3207 aquis.
1880 3137 2139 3192 Pastores

531 3243 716 3289 autem
747 3231 1006 3304 fugerunt
1044 3250 1054 3285 :
1094 3241 1150 3287 et
1181 3231 1464 3286 venientes
1498 3230 1552 3284 in
1586 3229 1886 3298 civitatem,
1923 3229 2141 3284 nuntia-

535 3336 734 3383 verunt
771 3326 976 3392 omnia,
1017 3333 1072 3380 et
1116 3324 1186 3381 de
1225 3324 1328 3392 eis,
1372 3323 1464 3395 qui
1495 3321 1766 3378 daemonia
1812 3321 2134 3378 habuerant.

541 3421 611 3478 Et
637 3434 769 3478 ecce
809 3428 923 3475 tota
964 3418 1160 3474 civitas
1191 3418 1329 3474 exiit
1355 3417 1572 3473 obviam
1603 3415 1732 3473 Jcsu
1768 3435 1782 3473 :
1813 3424 1871 3473 et
1900 3417 2018 3474 viso
2048 3431 2138 3484 eo,

537 3513 831 3584 rogabant,
861 3523 918 3568 ut
948 3512 1206 3568 transiret
1233 3527 1264 3566 a
1287 3510 1489 3567 ﬁnibus
1518 3526 1730 3566 eorum.

607 3604 756 3680 [Cap.
811 3603 904 3662 IX.
951 3621 1082 3674 ιιι,
1119 3604 1196 3677 1.]
1249 3605 1318 3659 Et
1361 3605 1670 3661 ascendens
1719 3604 1772 3660 in
1822 3603 2132 3660 naviculam

539 3697 938 3764 transfretavit,
969 3707 1022 3754 et
1051 3697 1199 3752 venit
1251 3698 1306 3752 in
1356 3697 1636 3753 civitatem
1688 3711 1862 3752 suam.
1909 3697 1975 3751 Et
2011 3711 2140 3752 ecce

537 3790 848 3848 oﬁ'erebant
871 3789 920 3846 ei
955 3789 1318 3862 paralytieum
1344 3789 1620 3860 jacentein
1660 3788 1714 3844 in
1751 3790 1914 3844 lectu.
1959 3788 2028 3844 Et
2055 3788 2138 3844 vi-

537 3885 674 3941 dens
697 3883 856 3940 Jesus
889 3883 1049 3941 ﬁdem
1074 3883 1320 3951 illorum,
1353 3881 1488 3938 dixit
1513 3881 1814 3954 paralytico
1843 3899 1856 3936 :
1890 3880 2137 3948 Conﬁde,

539 3979 642 4046 tili,
663 3979 1016 4036 remittuntur
1043 3978 1138 4034 tibi
1165 3985 1385 4050 peccata
1417 3986 1527 4032 tua.
1557 3977 1624 4032 Et
1661 3991 1790 4033 ecce
1820 3975 2037 4046 quidam
2069 3977 2140 4032 de

538 4072 746 4131 Scribis
786 4073 1044 4130 dixerunt
1082 4072 1222 4129 intra
1252 4087 1312 4129 se
1339 4089 1354 4127 :
1390 4071 1491 4127 llic
1519 4071 1885 4141 blaspliemat.
1916 4071 1986 4126 Et
2014 4085 2136 4126 cum

539 4166 771 4224 vidisset
811 4166 971 4224 Jesus
1019 4166 1382 4238 cogitationes
1427 4180 1640 4234 eorum,
1671 4165 1818 4221 dixit
1852 4184 1863 4219 :
1903 4165 1972 4222 Ut
2008 4165 2140 4236 quid

535 4262 792 4334 cogitatis
821 4263 964 4318 mala
988 4263 1044 4318 in
1072 4262 1334 4318 cordibus
1363 4261 1602 4318 vestris?
1623 4259 1762 4328 Quid
1787 4269 1872 4316 est
1900 4258 2133 4329 facilius,

534 4355 722 4410 dicere
759 4371 771 4408 :
802 4353 1158 4410 Dimittuntur
1210 4353 1308 4410 tibi
1359 4359 1581 4423 peccata
1631 4360 1756 4417 tua;
1789 4367 1856 4408 an
1903 4349 2088 4407 dicere
2122 4368 2134 4405 :

535 4448 736 4521 Surge,
768 4457 825 4504 et
853 4447 1103 4504 ambula?
1131 4445 1206 4503 Ut
1246 4455 1426 4502 autem
1469 4445 1677 4513 sciatis,
1714 4443 1840 4516 quia
1873 4443 2016 4499 lilius
2040 4443 2139 4499 lio-

539 4543 705 4600 minis
729 4543 894 4600 habet
921 4541 1327 4613 potestatemin
1361 4552 1504 4597 terra
1544 4539 1856 4596 dimittendi
1889 4548 2133 4610 peccata,

542 4647 670 4695 tunc
712 4638 790 4694 ait
837 4637 1136 4710 paralytico
1179 4636 1434 4706 :Surge,
1468 4635 1600 4692 tolle
1639 4635 1837 4690 lectum
1881 4644 2056 4702 tuum,
2081 4643 2139 4690 et

1563 295 1624 361 Β.
1666 295 2047 364 ΙΙΙΕΒΟΝΥΜΙ
2079 298 2309 364 DIVINA
2353 303 2835 366 BlBLIOTllECA.

3751 305 3857 366 5'53

2263 425 2456 499 [Lxxn,
2491 425 2573 498 2.]
2606 426 2673 481 Et
2702 424 2908 480 factum
2938 430 3046 489 est,
3080 419 3460 477 discumbente
3489 433 3556 475 eo
3590 420 3640 474 in
3671 421 3852 485 domo,

2265 533 2395 574 ecce
2433 519 2590 574 multi
2637 517 2910 588 publicani
2956 524 3010 571 et
3053 523 3368 583 peccatores
3408 513 3714 581 venientes,
3748 514 3860 569 dis-

2261 611 2595 668 cumbebant
2625 626 2750 666 eum
2781 609 2934 676 Jesn,
2967 617 3022 663 et
3051 606 3336 678 discipulis
3356 605 3495 677 ejus.
3525 607 3591 661 Et
3610 605 3858 662 videntes

2261 703 2549 769 Pharismi,
2583 703 2832 759 dicebant
2876 700 3160 771 discipulis
3194 700 3316 770 ejus
3344 717 3358 755 :
3387 699 3570 768 Quare
3609 715 3731 755 cum
3761 716 3859 771 pu-

2263 796 2491 853 blicanis
2526 806 2582 853 et
2619 796 3005 867 peccatoribus
3035 795 3326 852 manducat
3355 795 3610 866 Magister
3640 794 3858 850 vester?

2260 890 2472 962 [Lxxm,
2495 889 2578 962 9.]
2599 890 2670 946 At
2694 889 2854 946 Jesus
2875 889 3126 952 audiens,
3142 888 3244 943 ait:
3265 887 3380 943 Non
3412 897 3497 944 est
3517 903 3653 960 opus
3675 888 3860 944 valen-

2260 983 2405 1039 tibus
2417 982 2686 1050 medicus,
2703 981 2799 1040 sed
2829 982 2970 1038 male
2991 981 3338 1038 habentibus.
3359 983 3562 1038 liuntes
3582 991 3762 1036 autem
3779 980 3862 1036 di-

2257 1077 2392 1133 scite
2420 1076 2646 1148 quidest
2666 1093 2680 1130 :
2699 1076 3126 1134 Misericordiam
3147 1077 3293 1144 volo,
3309 1085 3364 1133 et
3378 1092 3484 1133 non
3503 1077 3854 1134 sacriﬁcium.

2257 1169 2372 1226 Non
2403 1171 2550 1226 enim
2595 1171 2719 1226 veni
2746 1185 2946 1226 vocare
2967 1169 3166 1241 justos,
3191 1169 3289 1225 sed
3322 1179 3668 1241 peccatores.
3698 1170 3856 1228 Tunc

2256 1272 2611 1319 accesserunt
2657 1261 2725 1318 ad
2774 1277 2897 1318 eum
2962 1261 3217 1334 discipuli
3264 1261 3513 1329 Joannis,
3558 1262 3852 1320 dicentes:

2251 1355 2432 1424 Quare
2482 1371 2615 1424 nos,
2665 1364 2720 1412 et
2757 1354 3030 1410 Pharisaai
3061 1397 3077 1422 ,
3131 1354 3446 1426 jejunamus
3488 1357 3851 1426 frequenter:

2268 1449 2524 1521 discipuli
2574 1459 2757 1505 autem
2826 1451 2900 1504 tui
2963 1463 3072 1504 non
3131 1448 3432 1520 jejunant?
3485 1449 3556 1505 Et
3609 1451 3687 1504 ait
3744 1449 3857 1507 illis

2253 1541 2413 1600 Jesus
2477 1561 2489 1597 :
2548 1541 2823 1614 Numquid
2913 1553 3142 1613 possunt
3221 1542 3318 1598 lilii
3391 1543 3578 1614 sponsi
3654 1545 3851 1616 lugere

2251 1636 2510 1710 quamdiu
2537 1653 2658 1694 cum
2689 1635 2799 1692 illis
2830 1643 2916 1692 est
2942 1637 3223 1708 sponsus?
3254 1637 3489 1693 Venient
3519 1646 3700 1693 autem
3729 1636 3852 1694 dies

2252 1747 2376 1788 cum
2418 1731 2697 1786 auferetur
2727 1729 2795 1786 ab
2816 1730 2896 1786 eis
2950 1744 3212 1800 sponsus,
3241 1739 3296 1787 et
3337 1739 3466 1785 tunc
3502 1731 3852 1802 jejunabunt.

2253 1823 2425 1880 Nemo
2443 1833 2628 1880 autem
2659 1823 2901 1879 immittit
2929 1825 3349 1880 commissuram
3380 1826 3544 1895 panni
3595 1825 3742 1880 rudis
3787 1827 3846 1882 in

2252 1917 2635 1973 vestimentum
2666 1924 2828 1972 vetus
2855 1937 2866 1971 :
2895 1917 3034 1972 tollit
3063 1916 3208 1972 enim
3239 1917 3636 1989 plenitudinem
3667 1919 3788 1990 ejus
3814 1935 3849 1976 a

2250 2009 2597 2075 vestimento,
2642 2017 2700 2065 et
2729 2009 2885 2079 pejor
2910 2009 3150 2066 scissura
3183 2010 3262 2065 ﬁt.
3295 2011 3483 2082 Neque
3520 2013 3740 2067 mittunt
3769 2013 3851 2068 vi-

2250 2119 2381 2160 num
2423 2119 2620 2159 novum
2666 2102 2719 2158 in
2771 2115 2920 2160 utres
2967 2115 3205 2174 veteres,
3242 2105 3485 2176 alioquin
3521 2116 3847 2178 rumpuntur

2249 2208 2420 2264 utres,
2459 2207 2514 2252 et
2549 2196 2735 2252 vinum
2779 2196 3097 2266 eﬁ‘unditur,
3133 2209 3190 2254 et
3236 2207 3388 2255 utres
3434 2209 3686 2270 pereunt.
3733 2199 3846 2258 Sed

2248 2291 2434 2346 vinum
2459 2306 2657 2345 nuvttm
2691 2290 2742 2345 in
2777 2298 2923 2346 utres
2949 2306 3120 2347 novos
3148 2294 3393 2362 mittunt,
3429 2302 3486 2350 et
3515 2294 3678 2348 ambo
3709 2308 3843 2349 con-

2249 2393 2554 2441 servantur.
2597 2385 2799 2456 [Lxxtv,
2845 2381 2926 2457 2.]
2981 2384 3105 2439 llaec
3164 2385 3257 2439 illo
3301 2385 3560 2456 loquente
3609 2386 3677 2442 ad
3721 2401 3840 2454 eos,

2247 2493 2375 2534 cccc
2406 2478 2659 2550 princeps
2711 2493 2852 2533 unus
2889 2477 3148 2544 accessit,
3189 2488 3246 2534 et
3279 2477 3546 2534 adorabat
3581 2495 3729 2547 eum,
3760 2481 3844 2537 di-

2249 2586 2382 2628 cens
2419 2590 2430 2626 :
2472 2585 2492 2612 ε
2526 2571 2777 2637 Domine,
2813 2573 2924 2628 ﬁlia
2959 2589 3080 2628 mea
3121 2574 3280 2630 modo
3307 2573 3559 2631 defuncta
3589 2586 3674 2631 est
3703 2593 3715 2628 :
3745 2576 3842 2632 sed

2248 2667 2400 2730 veni,
2433 2665 2660 2735 impone
2688 2682 2906 2722 manum
2940 2675 3087 2722 tuam
3114 2683 3282 2739 super
3308 2683 3452 2738 eam,
3491 2679 3548 2725 et
3579 2670 3746 2726 vivet.
3771 2669 3844 2726 Et

2245 2773 2476 2831 surgens
2497 2759 2682 2827 Jesus,
2707 2762 3035 2831 sequebatur
3065 2777 3212 2825 eum,
3247 2771 3304 2818 et
3325 2761 3579 2834 discipuli
3607 2763 3746 2835 ejus.
3772 2763 3844 2820 Et

2245 2867 2375 2909 ecce
2405 2853 2622 2920 mulier,
2649 2870 2772 2925 qua:
2804 2855 3088 2926 sanguinis
3119 2855 3324 2911 ﬂuxum
3360 2857 3671 2928 patiebatur
3699 2859 3840 2914 duo-

2243 2947 2421 3003 decim
2451 2949 2629 3016 annis,
2658 2948 2896 3004 accessit
2929 2961 3096 3015 retro,
3130 2961 3186 3006 ct
3217 2949 3394 3022 tetigit
3426 2951 3693 3008 ﬁmbriam
3720 2969 3842 3010 ves-

2245 3038 2453 3094 timenti
2484 3038 2622 3109 ejus.
2653 3038 2872 3095 Dicebat
2895 3040 3040 3094 enim
3074 3041 3217 3096 intra
3240 3057 3300 3098 se
3327 3057 3343 3100 :
3369 3042 3425 3097 Si
3458 3042 3691 3114 tetigero
3722 3055 3844 3100 tan-

2247 3143 2355 3188 tum
2396 3132 2784 3190 vestimentum
2814 3135 2958 3204 ejus,
2987 3135 3134 3192 salva
3163 3152 3280 3193 ero.
3311 3137 3383 3194 At
3408 3137 3567 3195 Jesus
3607 3155 3842 3196 conver-

2243 3241 2355 3292 sus,
2385 3235 2442 3282 et
2478 3227 2670 3283 videns
2704 3244 2850 3294 eam,
2887 3229 3022 3285 dixit
3067 3247 3080 3283 :
3121 3229 3372 3300 Conﬁde,
3418 3231 3552 3297 ﬁlia,
3585 3232 3719 3289 ﬁdes
3749 3241 3842 3289 tua

2245 3331 2298 3379 te
2342 3323 2546 3378 salvam
2595 3322 2742 3378 fecit.
2778 3324 2845 3379 Et
2882 3325 3032 3381 salva
3076 3325 3217 3382 facta
3259 3337 3345 3382 est
3388 3327 3588 3384 mulier
3639 3346 3707 3384 ex
3749 3329 3843 3384 illa

2243 3414 2400 3470 hora.
2435 3417 2644 3473 Etcum
2677 3418 2918 3474 venisset
2941 3419 3102 3475 Jesus
3133 3419 3185 3475 in
3219 3420 3443 3476 domum
3471 3422 3758 3492 principis,
3781 3433 3843 3481 et

2241 3509 2469 3566 vidisset
2499 3511 2756 3568 tibicines
2779 3521 2834 3568 et
2868 3511 3080 3569 turbam
3107 3514 3542 3582 tumultuantem,
3571 3515 3794 3573 dicebat
3821 3533 3839 3570 :

2243 3603 2506 3660 Reeedite
2540 3622 2552 3658 :
2584 3621 2691 3658 non
2719 3616 2804 3661 est
2832 3607 2978 3661 enim
3007 3616 3221 3663 mortua
3256 3609 3459 3679 puella,
3487 3609 3581 3665 sed
3611 3610 3837 3666 dormit.

2243 3695 2312 3751 Et
2337 3697 2834 3755 deridebanteum.
2869 3699 2937 3754 Et
2977 3714 3099 3755 eum
3140 3700 3310 3770 ejecta
3352 3712 3500 3758 esset
3541 3704 3720 3770 turba,
3752 3703 3840 3758 in-

2246 3791 2406 3846 travit
2441 3801 2533 3850 :et
2585 3793 2763 3848 tenuit
2808 3808 3028 3849 manum
3066 3795 3209 3865 ejus.
3243 3796 3309 3851 Et
3351 3798 3591 3852 surrexit
3632 3797 3838 3867 puella.

2243 3885 2308 3941 Et
2329 3887 2463 3943 exiit
2484 3887 2626 3942 fama
2653 3888 2769 3945 haae
2797 3889 2852 3944 in
2879 3889 3192 3946 universam
3227 3899 3428 3947 terram
3459 3892 3835 3966 illam.[Lxxv,

2247 3977 2358 4050 10.]
2389 3980 2453 4035 Et
2483 3988 2800 4037 transeunte
2832 3981 2960 4038 inde
3003 3981 3157 4051 Jesu,
3183 3984 3354 4041 secuti
3399 3995 3526 4040 sunt
3557 4001 3680 4042 eum
3726 3986 3838 4042 duo

2241 4073 2394 4141 caeci,
2427 4074 2750 4144 clamantes,
2781 4086 2837 4132 et
2887 4077 3134 4135 dicentes
3167 4097 3179 4132 :
3209 4079 3473 4138 Miserere
3516 4083 3712 4149 nostri,
3761 4081 3838 4138 ﬁli

2243 4168 2439 4224 David.
2473 4170 2606 4226 Cum
2632 4182 2812 4228 autem
2839 4172 3080 4229 venisset
3105 4172 3351 4239 domum,
3383 4185 3732 4232 accesserunt
3768 4176 3839 4231 ad

2243 4276 2368 4317 eum
2397 4262 2550 4318 caeci.
2571 4262 2633 4318 Et
2667 4263 2899 4320 diciteis
2924 4264 3085 4321 Jesus
3115 4284 3127 4320 :
3156 4266 3396 4323 Creditis
3421 4269 3545 4339 quia
3579 4269 3681 4325 hoc
3709 4284 3833 4340 pos-

2244 4369 2363 4409 sum
2415 4353 2648 4410 laceretl
2693 4355 2882 4412 vobis?
2935 4357 3134 4414 Dicunt
3173 4359 3262 4414 ei:
3312 4359 3528 4431 Utique,
3585 4362 3835 4418 Domine.

2241 4446 2396 4503 Tunc
2419 4447 2591 4518 tetigit
2626 4449 2816 4504 oculos
2841 4465 3058 4516 eorum,
3077 4451 3265 4508 dicens
3293 4452 3631 4510 :Secundum
3659 4454 3818 4512 ﬁdetn

2242 4548 2480 4595 vestram
2514 4539 2610 4595 ﬁat
2635 4541 2814 4597 vobis.
2861 4543 2931 4598 Et
2973 4545 3147 4614 aperti
3192 4555 3326 4601 sunt
3359 4548 3503 4604 oeuli
3533 4563 3746 4616 eorum,
3781 4560 3840 4607 et

2244 4634 2611 4691 comminatus
2650 4647 2736 4692 est
2767 4637 2877 4692 illis
2907 4637 3087 4706 Jesus,
3117 4639 3307 4696 dicens
3337 4658 3351 4696 :
3384 4641 3576 4698 Videte
3615 4658 3685 4700 ne
3715 4645 3838 4715 quis

532 4729 674 4786 vade
698 4729 751 4786 in
775 4729 997 4786 domum
1024 4739 1192 4785 tuam.
1220 4729 1285 4784 Et
1306 4727 1572 4794 surrexit,
1593 4735 1647 4783 et
1671 4726 1809 4783 abiit
1831 4729 1882 4782 in
1911 4728 2130 4782 domum
2165 4700 2213 4760 θ
2241 4727 2398 4782 sciat.
2423 4726 2506 4782 llli
2527 4739 2706 4785 autem
2735 4731 3459 4798 exeuntes,diﬁ‘amaverunt
3492 4751 3618 4792 eum
3648 4737 3701 4792 in
3725 4700 3836 4793 lota

529 4837 708 4877 suam.
743 4821 1008 4877 Videntes
1031 4830 1217 4878 autem
1249 4820 1421 4876 turba:
1467 4817 1792 4885 timuerunt,
1826 4831 1878 4874 et
1923 4819 2134 4890 gloriﬁo

530 4926 794 4974 caverunt
814 4917 1012 4984 Deum,
1037 4915 1127 4988 qui
1159 4915 1314 4971 dedit
1342 4921 1669 4985 potestatem
1699 4914 1865 4969 talem
1896 4912 2133 4969 homini-

531 5010 651 5066 bus.
689 5010 858 5083 [t.xxt,
891 5007 972 5079 2.]
1021 5008 1108 5076 Et,
1140 5023 1264 5065 cum
1315 5006 1578 5062 transiret
1609 5006 1736 5062 inde
1772 5005 1954 5072 Jesus,
1999 5005 2136 5063 vidit

533 5103 812 5158 hominem
843 5105 1125 5159 sedentem
1166 5101 1221 5156 in
1267 5098 1500 5161 telonio.
1530 5098 1841 5154 Mattliazum
1889 5100 2128 5156 nomine.

531 5194 603 5251 Et
627 5196 702 5251 ait
724 5195 800 5252 illi
821 5212 836 5251 :
855 5194 1098 5268 Sequere
1121 5209 1226 5249 me.
1257 5192 1324 5248 Et
1350 5207 1601 5263 surgens,
1628 5199 1847 5248 secutus
1875 5203 1958 5247 est
1980 5207 2126 5248 eum.

607 5319 632 5348 ἰ
660 5310 862 5366 lterum
912 5310 1020 5366 duo
1067 5309 1231 5366 verba
1278 5306 1542 5381 discipuli
1567 5309 1702 5379 ejus,
1735 5306 2124 5381 mss._Reginae

534 5389 753 5440 tacent:
778 5399 1004 5452 quorum
1039 5391 1221 5438 tamen
1249 5379 1483 5436 alterum
1513 5379 1816 5454 dumtaxat,
1849 5379 1966 5454 sive
1986 5382 2118 5454 ejus,

534 5453 722 5526 _Gr:eca
770 5456 975 5526 aliquot
1013 5455 1254 5526 melioris
1293 5463 1437 5508 notae
1475 5452 1810 5526 exemplaria
1850 5452 2118 5526 ignorant.

533 5524 704 5599 Patth
731 5523 909 5582 autem
935 5526 1092 5581 aliter
1123 5525 1285 5582 habet
1305 5533 1615 5599 contextus,
1655 5525 1742 5599 uel
1762 5523 2122 5599 «momine.-

533 5597 580 5653 oi
605 5600 828 5670 μαθηταὶ
851 5599 1248 5674 ἤγειραν-αὺτὸν,
1275 5606 1322 5651 et
1337 5595 1650 5674 accedentes
1679 5595 1926 5674 discipuli
1951 5597 2120 5674 susci-

534 5665 772 5725 tauerunt
794 5665 931 5725 eunt.
962 5665 1072 5726 Sed
1119 5681 1172 5725 et
1209 5667 1352 5741 quod
1388 5667 1632 5738 proxime
1665 5673 1932 5739 sequitur,
1963 5665 2120 5722 Jesus

531 5755 728 5796 nomen
751 5750 912 5799 tacet.

604 5811 631 5851 δ
654 5813 879 5889 Bromie
909 5815 962 5870 in
993 5813 1186 5889 Graeco
1206 5814 1529 5889 [ταυτῃ-που
1559 5818 1665 5889 est,
1688 5818 1742 5889 e_t
1770 5819 2113 5889 Γεργισηνῶν,

532 5897 634 5957 pro
661 5881 1046 5944 Gerasenorum
1065 5881 1216 5958 regio
1236 5883 1564 5958 appellatur.
1590 5881 1763 5940 Paulo
1785 5881 1947 5940 etiam
1967 5892 2110 5955 post,

2242 4829 2388 4878 terra
2430 4821 2540 4878 illa.
2585 4823 2838 4894 Egressis
2872 4836 3052 4883 autem
3087 4827 3218 4891 illis.
3244 4845 3375 4886 ecce
3420 4829 3738 4887 obtulerunt
3783 4832 3838 4888 ei

2238 4915 2513 4971 hominem
2553 4926 2789 4984 mutum,
2813 4917 3146 4976 dmutonium
3179 4919 3495 4979 habentem.
3545 4924 3612 4978 Et
3655 4925 3838 4994 ejecto

2240 5008 2772 5077 datmonio,locutus
2803 5022 2886 5067 cst
2909 5023 3116 5080 mutus,
3150 5023 3206 5070 et
3227 5015 3440 5071 mirata:
3472 5026 3600 5072 sunt
3630 5017 3832 5085 turbae,

2240 5100 2490 5158 dicentes
2515 5119 2529 5156 :
2555 5101 2860 5175 Numquam
2889 5107 3146 5176 apparuit
3166 5107 3246 5164 sic
3275 5107 3330 5163 in
3351 5106 3546 5163 Israel.
3573 5108 3836 5166 Pharisaei

2237 5203 2420 5250 autem
2453 5193 2745 5251 dicebant:
2774 5196 2831 5251 ln
2867 5197 3113 5269 principe
3134 5185 3526 5256 daemoniorum
3551 5202 3700 5273 ejieit
3725 5203 3833 5260 da:-

2232 5313 2454 5395 gepaaiv,
2484 5311 2632 5395 longe
2663 5329 2762 5384 pro
2788 5331 2893 5395 non_
2913 5316 3084 5388 longe,
3108 5317 3352 5395 abfuisse
3387 5334 3678 5391 porcorum
3702 5340 3836 5391 grex

2230 5383 2748 5458 dicituri:rde'niqne
2779 5398 2832 5442 et
2880 5383 3092 5444 locutos
3133 5383 3427 5448 daatnones.
3479 5397 3524 5448 εἰ
3576 5383 3835 5458 ἐκϐἀ3ί>.εις

2231 5454 2391 5526 ἡμᾶς,
2423 5456 2697 5540 ἐπίτρεψον
2719 5461 2844 5540 Δἡμῖν
2864 5461 3104 5540 siml-Beia
3147 5465 3218 5525 εἰς
3249 5469 3339 5525 τήν
3368 5466 3568 5539 ἀγέλην.
3599 5469 3659 5522 Si
3687 5454 3834 5540 (ficis

2229 5541 2342 5590 nos,
2369 5530 2792 5606 permitte-nobis
2823 5530 2966 5586 abire
2993 5535 3047 5586 in
3068 5550 3293 5606 gregem.
3329 5530 3436 5593 etc.

2311 5607 2333 5633 ε
2365 5596 2582 5672 ῌοηιεῃ
2611 5599 2849 5672 Domine,
2879 5619 2974 5672 pro
2999 5596 3106 5671 quo
3147 5596 3370 5663 Graecus
3399 5617 3582 5666 textus
3606 5609 3693 5667 hic
3727 5610 3828 5667 ba-

2225 5664 2336 5750 bet.
2353 5665 2462 5750 ἐτι,
2493 5670 2634 5750 quia,
2655 5664 2896 5750 pegma.
2929 5664 3073 5750 mss.
3091 5692 3316 5750 prorsus
3337 5664 3614 5750 ignorant.

2296 5735 2334 5822 d_
2346 5735 2537 5822 Neque
2564 5735 2844 5822 inﬁrmet)
2859 5735 3182 5822 exemplari,
3213 5735 3390 5822 neque
3417 5735 3480 5808 in,
3496 5735 3711 5810 Latinis
3735 5772 3830 5813 ve-

2226 5810 2553 5869 tustioribus
2580 5814 2738 5872 libris
2769 5810 3348 5890 additum'est,'vobi's.
