4182 6338
346 271 454 327 555

1336 265 1788 325 EVANGELIUM
1828 261 2202 322 SECUNDUM
2242 258 2679 320 MATTHIEUM.

3538 259 3643 318 ιςιςι

348 395 565 440 mones.
599 380 813 455 [Lxxvr,
844 378 926 454 2.]
948 378 1017 436 Et
1045 378 1315 436 circuibat
1336 380 1495 437 Jesus
1529 396 1722 438 omnes
1751 381 1945 438 civita-
1972 384 2022 447 Α
2053 410 2108 457 ει
2138 401 2291 456 erilis
2333 400 2463 456 odio
2509 398 2764 454 omnibus
2796 406 3021 467 propter
3052 410 3246 453 nomen
3276 411 3455 453 meum
3494 416 3507 453 ε
3554 401 3645 469 qui

350 485 437 533 tes
457 483 513 531 et
534 475 780 538 Castella,
808 472 1014 530 docens
1058 474 1111 528 in
1144 474 1435 545 synagogis
1475 490 1689 544 eorum,
1717 482 1773 530 et
1812 489 1948 545 prae-

351 567 547 625 dicans
576 566 920 639 evangelium
948 565 1124 635 regni,
1146 577 1197 621 et
1234 581 1434 622 curans
1470 582 1689 623 omnem
1719 568 1947 637 languo-

354 677 492 728 rem,
524 669 583 716 et
628 675 847 715 omnem
891 659 1284 716 inﬁrmitatem.
1330 657 1559 732 [Lxxvn,
1612 658 1692 731 6.]
1745 659 1953 715 Videns

355 763 542 811 autem
568 754 775 823 turbas,
810 752 1072 809 misertus
1099 760 1186 809 est
1212 756 1294 808 eis
1329 770 1343 806 :
1375 753 1500 824 quia
1538 763 1696 809 erant
1738 751 1948 819 vexati,

359 856 418 905 et
467 848 717 918 jacentes
765 847 910 902 sicut
965 832 1098 902 oves
1164 860 1273 902 non
1336 846 1599 903 habentes
1647 854 1946 920 pastorem.

362 938 608 1013 [unum
641 937 720 1011 5.]
754 938 908 994 Tunc
933 937 1065 994 dicit
1097 937 1381 1009 discipulis
1426 939 1540 993 suis
1572 937 1802 993 :Messis
1838 937 1959 1007 qui-

364 1030 487 1087 dem
528 1034 724 1100 multa,
756 1030 997 1103 operarii
1029 1041 1208 1086 autem
1242 1031 1422 1102 pauci.
1456 1030 1664 1103 Rogate
1692 1046 1822 1102 ergo
1854 1030 1961 1085 Do-

365 1124 574 1181 minum
621 1125 842 1193 messis,
875 1132 937 1179 ut
966 1133 990 1160 α
1035 1124 1214 1180 mittat
1268 1124 1551 1195 operarios
1612 1124 1666 1180 in
1722 1138 1957 1180 messem

364 1232 543 1273 suam.

438 1311 593 1384 [ϐαρ.
624 1310 695 1367 X.
730 1327 915 1377 Lxxtx,
936 1309 1018 1382 2.]
1043 1311 1107 1366 Et
1141 1311 1458 1367 convocatis
1486 1311 1773 1367 duodecim
1799 1310 1963 1367 disci-

368 1406 511 1476 pulis
540 1406 677 1473 suis,
701 1404 974 1462 deditillis
1001 1413 1325 1475 potestatem
1348 1404 1638 1475 spirituum
1663 1404 1964 1459 immundo-

368 1516 512 1569 rum,
535 1508 595 1556 ut
610 1500 876 1571 ejicerent
901 1514 1017 1565 eos,
1042 1509 1367 1556 etcurarcnt
1388 1515 1604 1555 omnem
1626 1499 1965 1570 languorem,

368 1602 424 1651 et
453 1609 672 1650 omnem
699 1593 1100 1650 inﬁrmitatem.
1135 1594 1327 1667 [ιλιι
1349 1592 1431 1665 2.]
1458 1592 1753 1649 Duodecim
1786 1604 1967 1648 autem

369 1687 765 1759 Apostolorum
794 1687 1016 1743 nomina
1046 1685 1339 1742 sunthaec.
1375 1685 1609 1752 Primus,
1644 1686 1856 1753 Simon,
1876 1684 1972 1755 qui

2053 504 2232 549 autem
2266 492 2703 564 perseveraverit
2728 507 2898 563 usque
2921 491 2973 545 in
3000 490 3182 558 ﬁnem,
3202 489 3291 546 hic
3312 490 3495 545 salvus
3519 494 3645 547 erit.

2057 587 2298 661 [vaxtx,
2324 586 2438 658 10.]
2463 585 2597 641 Cum
2623 595 2804 641 autem
2828 592 3223 654 persequentur
3241 598 3335 638 vos
3359 584 3411 639 in
3434 583 3652 639 civitate

2057 683 2177 748 ista,
2212 680 2380 753 fugite
2410 681 2465 735 in
2494 680 2677 736 aliam.
2711 680 2880 734 Amen
2909 678 3034 733 dico
3054 678 3233 743 vobis,
3262 692 3367 733 non
3400 692 3653 733 consum-

2056 776 2275 831 mabitis
2296 774 2543 830 civitates
2565 772 2754 841 Israel,
2785 771 2962 828 donec
2989 771 3169 826 veniat
3198 769 3367 826 Filius
3397 769 3649 825 hominis.

2060 869 2149 942 [xc
2173 908 2188 935 ,
2232 865 2310 938 5.]
2357 865 2473 922 Non
2502 875 2586 922 est
2611 865 2911 934 discipulus
2942 880 3108 935 super
3137 863 3458 935 magistrum
3488 906 3503 932 ,
3556 878 3658 919 nec

2059 976 2251 1018 servus
2284 976 2448 1031 super
2471 960 2752 1015 dominum
2786 974 2969 1014 suum.
3022 956 3232 1013 Sufﬁcit
3258 957 3556 1028 discipulo,
3600 964 3662 1013 ut

2061 1052 2133 1108 sit
2160 1053 2300 1107 sicut
2333 1052 2592 1122 magister
2613 1050 2759 1121 ejus;
2796 1058 2852 1105 et
2877 1064 3057 1114 servo,
3083 1049 3225 1103 sicut
3246 1048 3499 1103 dominus
3520 1047 3659 1118 ejus.

2064 1145 2214 1219 [XC],
2246 1143 2370 1218 10.]
2400 1145 2456 1201 Si
2488 1143 2933 1215 patremfamilias
2962 1142 3267 1199 Beelzebub
3296 1151 3660 1199 vocaverunt:

2063 1249 2267 1310 quanto
2302 1237 2478 1308 magis
2515 1237 2849 1293 domesticos
2888 1236 3039 1308 ejus?
3080 1236 3160 1292 Ne
3202 1251 3333 1306 ergo
3373 1236 3664 1291 timueritis

2065 1348 2186 1389 eos.
2221 1334 2371 1405 μου,
2404 1331 2483 1404 2.]
2513 1332 2653 1386 Nihil
2678 1332 2822 1387 enim
2847 1341 2929 1387 est
2958 1339 3239 1401 opertum,
3275 1331 3418 1401 quod
3444 1347 3551 1385 non
3580 1345 3668 1388 re-

2065 1424 2367 1491 velabitur;
2401 1434 2457 1481 et
2488 1424 2777 1489 occultum,
2810 1424 2955 1495 quod
2980 1439 3087 1479 non
3118 1423 3344 1480 scietur.
3374 1424 3555 1495 [xcnt,
3587 1424 3663 1494 5.]

2069 1519 2221 1588 Quod
2252 1518 2378 1576 dico
2406 1518 2565 1575 vobis
2596 1520 2647 1573 in
2685 1518 2925 1573 tenebris
2961 1560 2975 1584 ,
3023 1516 3184 1573 dicite
3233 1518 3286 1572 in
3338 1516 3542 1572 lumine
3573 1535 3586 1573 :
3619 1526 3672 1573 ct

2070 1610 2215 1681 quod
2238 1612 2291 1666 in
2317 1627 2448 1667 aure
2471 1609 2693 1677 auditis,
2720 1609 3195 1681 praedicatesuper
3220 1618 3381 1664 tecta.
3410 1607 3478 1663 Et
3502 1608 3672 1664 nolite

2075 1704 2267 1761 timere
2287 1718 2404 1770 eos,
2436 1703 2528 1775 qui
2551 1703 2814 1759 occidunt
2841 1716 3069 1773 corpus,
3105 1703 3337 1756 animam
3360 1710 3539 1758 autem
3563 1716 3671 1758 non

369 1781 579 1838 dicitur
601 1780 821 1849 Petrus,
852 1788 908 1835 et
938 1779 1187 1835 Andreas
1230 1782 1398 1834 frater
1434 1778 1574 1849 ejus,
1606 1778 1843 1835 Jacobus
1869 1778 1970 1834 'I.e-

2084 1805 2304 1867 possunt
2328 1796 2581 1854 occidere
2612 1815 2626 1853 :
2660 1797 2752 1853 sed
2785 1797 2970 1866 potius
3000 1796 3185 1853 timete
3211 1812 3359 1863 eum,
3384 1796 3474 1867 qui
3498 1805 3680 1867 potest

370 1874 571 1942 bedaei,
598 1882 656 1930 et
681 1872 923 1930 Joannes
955 1871 1126 1927 frater
1161 1871 1299 1944 ejus,
1332 1872 1633 1943 Philippus,
1660 1881 1714 1927 et
1745 1871 1971 1927 Bartho—

371 1967 626 2035 lanians,
659 1966 920 2034 Thomas,
952 1975 1008 2022 et
1036 1965 1328 2021 Matthaeus
1365 1966 1717 2036 publicanus,
1740 1964 1973 2021 Jacobus

371 2061 611 2133 Alphaei,
643 2070 700 2119 et
728 2060 1061 2128 Thaddaeus,
1094 2059 1280 2117 Simon
1311 2059 1678 2126 Chananazus,
1710 2069 1765 2115 et
1805 2058 1973 2115 Judas

371 2153 664 2211 lscariotes
718 2153 852 2226 [Αἰ.
908 2150 1285 2224 Schariotes],
1316 2153 1411 2224 qui
1466 2164 1521 2208 et
1575 2153 1799 2208 tradidit
1824 2168 1972 2208 eum.

370 2249 582 2323 [uxr],
611 2248 727 2320 10.]
753 2248 861 2303 Hos
903 2248 1191 2304 duodecim
1234 2247 1385 2302 misit
1415 2246 1601 2312 Jesus,
1648 2247 1975 2317 praecipiens

372 2344 476 2413 eis,
511 2344 703 2400 dicens
738 2361 751 2397 :
790 2342 851 2398 ln
878 2343 1022 2398 viam
1060 2341 1301 2414 gentium
1357 2356 1427 2397 ne
1475 2341 1759 2407 abieritis;
1811 2348 1869 2397 et
1918 2340 1972 2395 in

369 2436 400 2479 ιτ
430 2440 685 2495 civitates
710 2436 1182 2494 Samaritanorum
1220 2451 1290 2491 ne
1330 2434 1666 2490 intraveritis
1698 2452 1710 2488 :
1744 2433 1842 2489 sed
1880 2448 1975 2503 po-

372 2535 482 2590 tius
534 2533 611 2590 ite
659 2532 728 2588 ad
782 2547 952 2601 oves,
996 2546 1117 2604 quze
1158 2530 1466 2603 perierunt,
1519 2529 1718 2585 domus
1774 2527 1970 2583 Israel.

371 2626 618 2701 μαψ,
650 2626 748 2697 2.]
796 2627 999 2682 Euntes
1052 2635 1234 2683 autem
1290 2624 1622 2696 prazdicate,
1671 2623 1971 2680 dicentes:

370 2723 511 2791 Quia
542 2722 1003 2794 apprOpinquavit
1031 2735 1256 2794 regnum
1287 2720 1580 2777 caelorum.
1607 2717 1859 2773 lnﬁrmos
1881 2730 1975 2771 cu-

373 2825 519 2882 rate,
558 2822 801 2869 mortuos
842 2813 1127 2879 suscitate,
1156 2813 1408 2884 leprosos
1449 2809 1737 2875 mundate,
1770 2807 1976 2864 daamo-

371 2921 474 2964 nes
496 2906 701 2978 ejicite,
728 2907 901 2977 gratis
930 2905 1237 2977 accepistis.
1267 2903 1438 2975 gratis
1465 2903 1612 2958 date.
1638 2900 1821 2957 Nolite
1851 2914 1976 2971 pos-

378 2999 563 3057 sidere
589 3014 806 3068 aurum,
836 3013 1014 3069 neque
1045 3006 1359 3068 argentum,
1392 3011 1568 3068 neque
1600 2994 1889 3067 pecuniam
1918 2994 1973 3048 in

371 3093 528 3149 sonis
559 3090 760 3149 vestris
793 3107 809 3148 :
840 3106 948 3147 non
996 3105 1182 3160 peram
1213 3092 1267 3145 in
1296 3091 1403 3156 via,
1437 3104 1615 3161 neque
1640 3089 1775 3145 duas
1816 3088 1968 3143 tuni-

2075 1902 2131 1949 et
2161 1892 2398 1947 animant
2430 1902 2483 1947 et
2512 1905 2715 1962 corpus
2762 1889 2993 1959 perdere
3023 1889 3077 1944 in
3111 1888 3438 1959 gehennam.
3485 1888 3677 1945 Nonne

2076 1984 2184 2040 duo
2209 1999 2460 2055 passeres
2488 1999 2612 2039 asse
2633 1995 2899 2039 veneunt:
2925 1992 2977 2037 et
3002 1997 3139 2037 unus
3159 1997 3228 2036 ex
3253 1981 3364 2036 illis
3387 1997 3492 2036 non
3519 1981 3680 2037 cadet

2078 2092 2242 2149 super
2272 2086 2476 2133 terram
2507 2077 2628 2134 sine
2655 2088 2807 2148 patre
2836 2076 3057 2132 vestro?
3086 2076 3267 2133 Vestri
3296 2085 3474 2132 autem
3498 2075 3681 2145 capilli

2077 2173 2271 2241 capitis
2302 2187 2496 2227 omnes
2527 2172 2799 2227 numerati
2846 2179 2991 2226 sunt.
3039 2170 3239 2226 Nolite'
3264 2185 3392 2241 ergo
3437 2170 3629 2225 timere
3664 2185 3679 2225 :

2079 2265 2267 2320 multis
2291 2264 2611 2337 passeribus
2636 2264 2894 2320 meliores
2920 2264 3056 2319 estis
3084 2278 3201 2318 vos.
3232 2262 3421 2318 Omnis
3442 2276 3576 2335 ergo
3596 2261 3686 2333 qui

2078 2358 2426 2415 conﬁtebitur
2458 2374 2545 2413 me
2571 2374 2757 2413 coram
2787 2357 3125 2422 hominibus,
3158 2357 3467 2412 conﬁtebor
3496 2367 3549 2412 et
3582 2372 3684 2428 ego

2078 2467 2202 2507 eum
2232 2466 2414 2507 coram
2444 2450 2606 2505 Patre
2632 2465 2777 2516 meo,
2810 2450 2899 2521 qui
2927 2449 2982 2503 in
3010 2449 3165 2505 caelis
3190 2459 3273 2505 eSt
3303 2466 3315 2503 :
3348 2448 3508 2521 [xcw
3528 2489 3546 2515 ,
3593 2447 3683 2517 2.]

2079 2547 2170 2617 qui
2200 2554 2383 2600 autem
2414 2545 2691 2613 negaverit
2722 2558 2808 2598 me
2839 2558 3022 2599 coram
3058 2542 3367 2597 hominibus
3398 2583 3412 2608 ,
3475 2542 3686 2612 negabo

2079 2648 2135 2693 et
2164 2652 2264 2707 ego
2294 2653 2415 2692 eum
2444 2651 2631 2692 coram
2665 2637 2825 2691 Patre
2853 2651 2995 2702 meo,
3027 2636 3115 2706 qui
3145 2636 3199 2689 in
3225 2635 3377 2691 eoelis
3402 2644 3504 2689 est.
3541 2633 3687 2708 [xcv,

2081 2729 2158 2800 5.]
2193 2729 2369 2784 Nolite
2397 2729 2653 2783 arbitrari
2681 2728 2804 2798 quia
2844 2722 3039 2798 pacem
3063 2728 3305 2783 venerim
3357 2728 3579 2783 mittere
3630 2726 3687 2782 in

2085 2830 2287 2877 terram
2317 2840 2329 2875 :
2358 2835 2463 2876 nou
2489 2822 2612 2875 veni
2640 2835 2828 2890 pacem
2873 2819 3114 2889 mittere,
3140 2819 3233 2875 sed
3258 2819 3522 2889 gladium.
3555 2820 3688 2875 Veni

2082 2915 2226 2972 enim
2257 2930 2515 2985 separare
2544 2913 2817 2969 hominem
2850 2912 3115 2968 adversus
3138 2921 3345 2983 patrem
3374 2928 3531 2967 suum
3565 2953 3579 2975 .
3628 2919 3685 2966 et

2084 3009 2245 3064 ﬁliam
2276 3008 2543 3063 adversus
2570 3014 2801 3061 matrem
2836 3020 2989 3061 suam
3016 3046 3031 3069 ,
3082 3013 3137 3060 et
3186 3020 3379 3059 nurum
3428 3005 3689 3060 adversus

2082 3116 2298 3158 socrum
2328 3115 2479 3154 suam
2514 3117 2527 3154 :
2562 3107 2614 3152 et
2643 3098 2847 3152 inimici
2881 3097 3116 3153 hominis
3148 3138 3163 3164 ,
3218 3096 3502 3152 domestici
3546 3095 3685 3165 ejus.

373 3200 490 3254 cas,
547 3200 726 3257 neqne
776 3184 1175 3249 calceamenta.
1227 3199 1408 3256 neque
1450 3184 1657 3255 virgam
1703 3200 1717 3237 :
1754 3182 1978 3253 dignum
2004 3181 2051 3246 C
2086 3189 2356 3266 [xci/1,5]
2388 3190 2493 3258 Qui
2524 3197 2672 3244 amat
2698 3197 2904 3257 patrem
2931 3230 2946 3255 ,
2994 3197 3084 3242 aut
3112 3195 3340 3242 matrem
3368 3188 3488 3258 plus
3518 3202 3685 3258 quam

375 3279 528 3336 enim
560 3287 645 3334 est
676 3280 964 3350 operarius
989 3278 1112 3333 cibo
1146 3291 1268 3333 suo.
1301 3276 1547 3351 [uxxnt,
1576 3274 1657 3348 2.]
1692 3274 1750 3330 In
1785 3289 1977 3343 qnam—

386 3387 624 3442 cumque
658 3381 837 3428 autem
863 3372 1140 3427 civitatem
1167 3378 1263 3426 aut
1288 3368 1578 3425 castellum
1613 3366 1975 3434 intraveritis,

378 3463 739 3536 interrogate.
784 3465 907 3534 quis
956 3464 1009 3518 in
1052 3479 1118 3520 ea
1165 3462 1366 3534 dignus
1405 3462 1474 3516 sit
1508 3479 1521 3516 :
1551 3468 1608 3516 et
1647 3459 1719 3515 ibi
1762 3466 1982 3514 manete

378 3558 560 3615 donec
602 3557 832 3614 exeatis.
878 3557 1119 3629 [cxxxm
1144 3556 1225 3629 5.]
1251 3556 1525 3613 lntrantes
1566 3564 1746 3611 autem
1791 3556 1844 3609 in
1880 3554 1981 3608 do-

380 3669 557 3721 mum,
588 3654 826 3709 salutate
852 3668 973 3709 eam
1004 3652 1255 3708 dicentes
1286 3667 1299 3705 :
1326 3651 1437 3705 Pax
1463 3649 1588 3705 huic
1609 3649 1816 3705 domui.
1848 3647 1918 3702 Et
1938 3645 1984 3702 si

382 3746 607 3819 quidem
640 3745 807 3802 fuerit
842 3745 1039 3801 domus
1087 3743 1181 3801 illa
1232 3744 1418 3814 digna,
1453 3743 1637 3799 veniet
1665 3757 1765 3813 pax
1802 3750 1986 3796 vestra

378 3853 552 3909 super
581 3853 703 3896 eam
730 3856 745 3894 :
772 3840 819 3895 si
851 3850 1033 3897 autem
1081 3854 1189 3894 non
1230 3837 1395 3895 fuerit
1438 3838 1621 3910 digna,
1653 3852 1756 3908 pax
1804 3844 1986 3892 vestra

380 3943 701 3991 revertetur
731 3934 799 3990 ad
824 3948 943 3990 vos.

458 4026 682 4099 jus",
710 4025 794 4100 2.]
827 4027 895 4083 Et
921 4026 1254 4099 quicumque
1275 4042 1385 4083 non
1417 4026 1688 4097 receperit
1711 4040 1809 4083 vos
1836 4066 1851 4092 ,
1895 4040 1992 4081 ne-

382 4136 491 4194 que
532 4121 772 4178 audierit
809 4136 1099 4179 sermones
1146 4130 1403 4179 vestros:
1451 4130 1717 4177 exeuntes
1748 4121 1891 4177 foras
1922 4120 1990 4175 de

381 4214 552 4271 domo
575 4257 592 4282 ,
638 4215 723 4273 vel
754 4214 979 4272 civitate
1002 4258 1019 4282 ,
1066 4216 1309 4272 excutite
1352 4216 1633 4287 pulverem
1664 4215 1732 4271 de
1765 4212 1994 4286 pedibus

383 4313 612 4370 vestris.
661 4314 836 4371 Amen
879 4312 1003 4368 dico
1044 4312 1245 4369 vobis:
1279 4312 1641 4369 Tolerabilius
1684 4312 1790 4367 erit
1837 4318 1995 4365 terra:

386 4405 786 4473 Sodomorum,
819 4414 876 4462 et
903 4404 1383 4463 Gomorrhazorum
1406 4406 1461 4462 in
1485 4405 1574 4461 die
1590 4404 1803 4474 judicii,
1834 4416 1996 4474 quam

386 4497 469 4555 illi
510 4498 739 4556 civitati.
792 4500 1055 4573 [Lxxxvt,
1088 4498 1187 4571 5.]
1236 4500 1375 4555 Ecce
1404 4514 1505 4571 ego
1536 4496 1695 4553 mitto
1721 4511 1820 4552 vos
1858 4496 1998 4551 sicut

388 4609 522 4651 oves
551 4596 607 4650 in
636 4593 819 4651 medio
846 4594 1122 4666 luporum.
1156 4592 1343 4649 Estote
1367 4607 1497 4664 ergo
1526 4591 1823 4663 prudentes
1853 4590 1997 4645 sicut
2024 4579 2074 4640 D

389 4697 701 4757 serpentes,
734 4696 789 4744 et
812 4687 1094 4758 simplices
1121 4686 1263 4744 sicut
1289 4686 1575 4744 columbae.
1608 4687 1886 4759 [LXXXVI],
1918 4684 1995 4755 1.]

390 4778 595 4837 Cavete
617 4788 798 4837 autem
828 4781 899 4836 ab
938 4778 1275 4836 hominibus.
1321 4777 1567 4836 Tradent
1606 4779 1749 4834 enim
1797 4793 1896 4833 vos
1944 4777 1996 4832 in

391 4871 671 4939 conciliis,
701 4882 754 4928 et
784 4873 838 4927 in
866 4871 1159 4944 synagogis
1182 4871 1296 4928 suis
1317 4871 1671 4943 llagellabunt
1694 4884 1824 4926 vos:
1848 4877 1903 4925 et
1931 4868 1995 4924 ad

398 4966 670 5039 praesides
698 4976 757 5023 et
780 4966 849 5022 ad
878 4982 1035 5038 reges
1066 4966 1343 5023 ducemini
1376 4975 1601 5039 propter
1628 4980 1733 5030 me,
1762 4963 1815 5020 in
1845 4963 1997 5019 testi—

396 5060 645 5116 monium
671 5058 804 5129 illis,
838 5068 894 5114 ct
920 5060 1195 5129 gentibus.
1229 5060 1511 5133 [Lxxxvut,
1544 5056 1624 5128 2.]
1655 5058 1787 5113 Cum
1820 5065 2001 5112 antem

396 5150 618 5207 tradent
645 5165 742 5207 vos
765 5192 782 5217 ,
821 5151 987 5207 nolite
1012 5152 1252 5222 cogitare
1278 5150 1551 5223 quomodo
1578 5193 1594 5218 ,
1639 5159 1731 5205 aut
1760 5149 1885 5221 quid
1918 5149 1999 5203 lo-

396 5247 641 5318 quamini
673 5261 688 5300 :
717 5245 938 5301 dabitur
967 5245 1113 5300 enim
1142 5245 1304 5301 vobis
1335 5244 1388 5300 in
1426 5244 1518 5299 illa
1542 5243 1677 5299 hora
1701 5284 1716 5311 ,
1759 5241 1889 5313 quid
1919 5242 2002 5296 lo-

398 5339 665 5411 quamini.
712 5339 830 5396 Non
865 5340 1013 5396 enim
1039 5354 1141 5395 vos
1175 5339 1310 5396 eStis
1336 5380 1352 5407 ,
1397 5340 1488 5410 qni
1530 5337 1811 5405 loquimini
1841 5380 1855 5404 ,
1908 5336 2005 5393 sed

398 5433 639 5505 Spiritus
662 5418 840 5490 tPatris
869 5435 1039 5490 vestri
1068 5476 1083 5500 ,
1131 5436 1220 5506 qui
1250 5434 1488 5506 loquitur
1515 5434 1569 5488 in
1598 5432 1775 5488 vobis.
1807 5432 2008 5488 Tradet

402 5536 587 5583 autem
613 5529 783 5584 frater
810 5528 1030 5584 fratrem
1059 5528 1112 5584 in
1145 5536 1401 5595 mortem,
1428 5536 1484 5584 et
1514 5536 1673 5598 pater
1702 5527 1871 5582 ﬁlium
1906 5546 1917 5581 :
1953 5535 2011 5581 et

401 5620 689 5694 insnrgent
717 5622 813 5679 filii
845 5622 899 5678 in
932 5632 1189 5692 parentes
1214 5663 1231 5690 ,
1281 5631 1337 5678 et
1382 5629 1557 5678 morte
1586 5636 1683 5678 eos
1716 5620 1958 5676 afﬁcit-nt
1990 5637 2005 5676 :

402 5750 504 5870 bon
531 5738 902 5870 pugilalegina:
923 5754 1079 5804 mss.,
1117 5751 1170 5794 ut
1204 5740 1398 5811 cjiciat,
1422 5740 1643 5813 propius
1667 5740 1858 5798 Graeco
1883 5755 2001 5796 ver-

486 5854 501 5870 ι
535 5833 590 5869 εκ
721 5834 771 5870 η.
1556 5868 1562 5870 Α

486 5854 501 5881 ,
535 5833 771 5884 exemp.

691 5910 966 5972 Panos.
1018 5909 1259 5973 XXIX.

2080 3301 2169 3341 me
2199 3328 2214 3354 ,
2275 3300 2384 3339 non
2444 3290 2529 3339 est
2580 3298 2665 3338 me
2713 3282 2907 3352 dignus
2964 3299 2975 3333 ε
3027 3288 3081 3336 et
3131 3280 3224 3351 qui
3272 3290 3420 3335 amat
3473 3279 3643 3335 ﬁlium

2083 3386 2175 3432 aut
2222 3374 2389 3430 ﬁliam
2438 3388 2602 3444 super
2641 3389 2755 3439 me,
2805 3388 2911 3427 non
2958 3380 3041 3426 est
3089 3385 3177 3425 me
3216 3370 3430 3442 dignus.
3482 3370 3549 3425 Et
3600 3373 3697 3441 qn’

2084 3486 2191 3528 non
2243 3469 2441 3540 accipit
2497 3483 2713 3523 crucem
2764 3482 2957 3531 suam,
3012 3473 3067 3520 et
3111 3464 3359 3534 sequitur
3403 3479 3527 3529 me,
3584 3479 3694 3519 non

2087 3573 2172 3622 est
2223 3578 2309 3620 me
2364 3562 2579 3630 dignus.
2636 3561 2831 3633 [xcvn,
2878 3556 2967 3628 5.]
3023 3557 3127 3626 Qui
3180 3557 3392 3613 invenit
3443 3558 3685 3612 animam

2086 3674 2276 3726 suam,
2336 3657 2525 3727 perdet
2576 3656 2719 3710 illam
2780 3671 2794 3713 :
2847 3662 2902 3709 et
2956 3653 3044 3725 qui
3104 3652 3403 3723 perdiderit
3448 3655 3688 3706 animam

2088 3766 2240 3807 suam
2290 3764 2491 3821 prOper
2539 3763 2657 3813 me,
2711 3747 2948 3802 inveniet
2998 3760 3139 3800 eam.
3194 3744 3407 3817 [xcvm,
3454 3744 3530 3813 1.]
3589 3745 3673 3813 Qu

2092 3846 2287 3918 recipit
2313 3860 2411 3900 vos
2435 3887 2451 3913 ,
2497 3859 2583 3900 me
2612 3842 2812 3914 recipit
2839 3860 2849 3897 :
2881 3852 2938 3899 et
2961 3841 3051 3912 qui
3088 3855 3174 3895 me
3213 3840 3403 3909 recipit
3434 3882 3448 3905 ,
3505 3840 3697 3905 recipit

2094 3956 2240 4010 eum,
2274 3940 2366 4011 qui
2396 3953 2485 3994 me
2516 3938 2683 3993 misit.
2719 3937 2882 4011 [xcrx
2902 3980 2916 4003 ,
2946 3934 3035 3990 10.
3060 3933 3078 4005 fl
3111 3934 3209 4002 Qui
3240 3932 3432 4003 recipit
3460 3930 3698 4002 praphe-

2098 4042 2207 4088 tam
2235 4031 2290 4086 in
2318 4030 2539 4087 nomine
2567 4029 2870 4101 prophctze,
2907 4028 3214 4083 mercedem
3246 4026 3527 4097 pmphetac
3554 4026 3700 4080 acci-

2097 4128 2212 4200 piet
2244 4145 2255 4180 :
2288 4136 2345 4182 et
2376 4125 2469 4197 qui
2500 4124 2695 4193 recipit
2719 4124 2923 4195 justum
2959 4125 3009 4178 in
3040 4122 3261 4178 nomine
3285 4121 3413 4191 justi
3438 4165 3451 4188 ,
3489 4136 3697 4176 merce-

2099 4221 2221 4277 dem
2267 4219 2399 4291 justi
2444 4219 2690 4288 acripiet.
2743 4217 2853 4289 [ο.
2890 4217 2987 4289 6.]
3040 4218 3105 4272 Et
3135 4217 3463 4287 quicumque
3508 4227 3698 4286 potum

2099 4313 2315 4369 dederit
2355 4312 2447 4367 uni
2489 4327 2558 4367 ex
2590 4310 2826 4365 minimis
2876 4310 2993 4365 iSIis
3033 4311 3261 4366 calicem
3295 4326 3448 4381 aqum
3496 4309 3701 4381 frigidm

2104 4416 2306 4463 tantum
2337 4407 2388 4460 in
2422 4404 2641 4460 nomine
2672 4403 2925 4474 discipuli
2960 4422 2972 4457 :
3004 4419 3159 4459 amen
3194 4404 3315 4459 dico
3348 4404 3498 4459 vobis
3528 4448 3539 4471 ,
3592 4420 3699 4458 non

2104 4500 2293 4571 perdet
2327 4496 2633 4553 mercedem
2659 4511 2836 4551 suam.

2175 4591 2323 4665 [ϐαρ.
2360 4589 2453 4645 XI.
2487 4605 2559 4657 Cl,
2592 4586 2704 4658 40.]
2751 4589 2816 4643 Et
2864 4587 3061 4644 factum
3105 4600 3228 4655 est,
3278 4604 3399 4644 cum
3443 4604 3701 4643 consum-

2103 4696 2305 4743 masset
2332 4686 2515 4753 Jesus,
2563 4685 2885 4755 praecipiens
2911 4685 3202 4741 duodecim
3236 4684 3513 4754 discipulis
3540 4685 3655 4738 suis
3684 4728 3698 4751 ,

2104 4778 2320 4834 transiit
2349 4778 2495 4843 inde,
2533 4787 2588 4831 ttt
2614 4775 2856 4844 doceret,
2892 4787 2947 4833 et
2970 4776 3290 4846 prmdicaret
3316 4776 3368 4830 in
3393 4774 3700 4831 civitatibus

2105 4888 2315 4928 eorum.
2351 4874 2465 4946 [ett,
2497 4869 2575 4942 5.]
2602 4868 2841 4926 Joannes
2872 4879 3049 4927 autem
3082 4888 3203 4926 cum
3235 4871 3471 4926 audisset
3507 4872 3557 4923 in
3586 4873 3703 4925 vin-

2105 4967 2238 5022 culis
2270 4981 2436 5037 opera
2469 4964 2702 5032 Christi,
2737 4965 2959 5020 mittens
2989 4964 3125 5019 duos
3156 4965 3223 5019 de
3254 4963 3536 5033 discipulis
3564 4964 3699 5030 suis,

2109 5061 2183 5115 ait
2217 5060 2333 5115 illi:
2364 5058 2443 5114 Tn
2474 5073 2565 5124 es,
2594 5060 2686 5129 qui
2712 5067 2970 5114 venturus
2998 5072 3058 5113 es
3081 5098 3095 5121 ,
3130 5072 3195 5109 an
3229 5056 3392 5109 alium
3420 5068 3702 5127 exspecta-

2112 5153 2265 5209 mus?
2293 5152 2363 5207 Et
2385 5151 2719 5222 respondens
2740 5150 2896 5206 Jesus
2919 5151 2989 5203 ait
3014 5149 3150 5203 illis:
3176 5148 3375 5204 Euntes
3398 5149 3705 5203 renuntiate

2108 5247 2303 5303 Joanni
2336 5262 2453 5318 quae
2486 5246 2716 5300 audistis
2749 5254 2801 5299 ct
2833 5243 3065 5298 vidistis.
3098 5244 3234 5297 Caeci
3266 5242 3485 5307 vident,
3528 5240 3705 5297 claudi

2110 5341 2408 5405 ambulant,
2442 5342 2639 5411 leprosi
2670 5340 3020 5401 inundantur,
3055 5338 3201 5393 surdi
3232 5337 3477 5402 audiunt,
3508 5338 3706 5392 mortui

2111 5443 2401 5505 resurgunt
2426 5476 2438 5496 ,
2473 5447 2739 5504 pauperes
2768 5431 3209 5500 evangelizantur
3236 5448 3250 5486 :
3282 5440 3334 5486 et
3364 5431 3552 5486 beatus
3581 5441 3664 5487 est
3688 5477 3702 5499 ,

2111 5529 2200 5599 qui
2233 5543 2338 5581 nou
2368 5525 2528 5581 fuerit
2570 5525 2969 5581 scandalizatus
3005 5526 3054 5579 in
3087 5540 3191 5581 me.
3243 5525 3353 5580 Illis
3389 5537 3568 5580 autem
3614 5527 3703 5579 alr

2112 5619 2369 5677 euntibus
2393 5660 2407 5685 ,
2457 5617 2624 5686 empit
2660 5616 2820 5673 Jesus
2847 5616 3032 5672 dicere
3058 5616 3123 5672 ad
3148 5617 3336 5673 turbas
3365 5618 3429 5673 dc
3457 5618 3665 5673 ,Ιιείιηιιθ
3695 5637 3707 5673 ;

2183 5736 2210 5774 δ
2252 5735 2445 5793 Minori
2480 5750 2705 5791 numero
2731 5735 3006 5797 civitatem,
3042 5748 3091 5791 nt
3126 5735 3175 5789 iu
3200 5735 3392 5791 Graeco
3425 5746 3509 5789 est
3538 5745 3710 5802 textu,

2116 5826 2255 5867 unus
2282 5824 2495 5881 quoque
2527 5823 2557 5864 e
2588 5808 2787 5864 noswis
2813 5822 2945 5863 mss.
2974 5808 3207 5878 prmfcrt.

3115 5906 3188 5966 18
