4182 6338
504 314 613 392 1555
1510 304 1572 365 S.
1614 298 2000 363 HIEBONYMI
2040 294 2275 359 DIVINA
2315 290 2795 361 BIBLIOTHECA.
3700 296 3809 358 556

504 426 647 501 Quid
675 423 872 483 existis
898 424 954 479 in
985 420 1266 479 desertum
1293 418 1522 477 videre?
1571 418 1897 476 arundinem
1934 423 2100 474 vento
2127 417 2177 479 Δ
2203 418 2323 476 Non
2349 418 2559 492 legistis
2576 419 2704 492 quid
2734 417 2923 476 fecerit
2946 414 3137 487 David,
3161 413 3379 489 quando
3399 412 3613 488 esuriit,
3642 420 3697 474 et
3715 418 3811 489 qui

510 523 789 597 agitatam.
834 516 943 576 Sed
985 516 1113 589 quid
1143 516 1337 574 existis
1366 514 1592 572 videre?
1652 515 1928 571 hominem
1966 512 2106 570 mol-
2209 528 2338 572 eum
2368 528 2436 572 eo
2459 522 2614 572 erant
2640 530 2655 574 :
2686 514 2963 587 quomodo
2992 510 3218 569 intravit
3246 510 3300 568 in
3328 510 3547 568 domum
3576 507 3712 579 Dei,
3756 517 3814 568 et

510 616 658 674 libus
693 613 996 672 vestitum?
1046 613 1185 670 Ecce
1224 610 1317 684 qui
1359 610 1614 668 mollibus
1644 609 1949 667 vestiuntur
1983 649 1999 677 ,
2055 607 2110 663 in
2210 624 2380 681 panes
2415 609 2805 681 propositionis
2840 607 3119 679 comedit,
3170 618 3312 678 quos
3355 619 3462 661 non
3510 603 3713 661 licebat
3759 603 3813 660 ei

512 708 765 764 domibus
793 722 978 779 regum
1016 715 1162 762 sunt.
1197 704 1305 763 Sed
1328 703 1455 777 quid
1482 703 1674 760 existis
1700 702 1937 760 videre?
1979 700 2111 758 Pro—
2212 703 2379 761 edere
2403 745 2417 770 ,
2460 718 2640 776 neque
2669 703 2755 760 his
2779 742 2793 771 ,
2834 702 2928 775 qui
2957 716 3080 759 eum
3103 714 3171 758 eo
3200 704 3391 768 erant,
3421 697 3530 756 nisi
3558 699 3692 755 solis
3720 711 3815 754 sa-

513 800 780 874 phetam?
835 800 1010 856 Etiam
1050 799 1176 857 dico
1198 799 1365 856 vobis
1387 841 1402 866 ,
1435 805 1493 856 et
1520 798 1645 870 plus
1673 812 1834 869 quam
1879 794 2111 869 proplte-
2215 797 2577 856 cerdotibus?
2607 800 2761 872 ιω,
2793 797 2905 872 10.]
2928 796 3036 854 Aut
3059 808 3167 862 non
3195 793 3408 868 legistis
3437 792 3488 850 in
3515 788 3654 866 lege,
3688 792 3815 866 quia

519 907 648 951 tam.
676 894 812 969 [cm,
834 892 918 964 2.]
946 892 1041 949 Hic
1061 902 1147 950 est
1168 892 1314 950 enim
1339 891 1405 949 de
1428 906 1535 965 quo
1557 891 1822 963 scriptum
1844 898 1956 947 est:
1978 889 2117 945 Ecce
2216 894 2461 950 sabbatis
2488 893 2808 950 sacerdotes
2837 892 2892 949 in
2922 890 3127 963 templo
3165 888 3451 948 sabbatum
3481 887 3725 957 violant,
3759 894 3820 946 et

519 1003 621 1061 ego
664 988 822 1043 mitto
867 984 1120 1057 angelum
1161 1000 1341 1043 meum
1374 995 1498 1041 ante
1546 982 1738 1041 faciem
1777 992 1924 1040 tuam
1959 1025 1975 1051 ,
2024 979 2118 1052 qui
2220 986 2338 1043 sine
2365 985 2595 1042 crimine
2624 985 2787 1042 sunt?
2818 983 2948 1041 Dico
2975 993 3157 1041 autem
3197 980 3396 1049 vobis,
3444 983 3570 1054 quia
3612 978 3817 1052 templo

518 1078 847 1152 praeparabit
872 1079 1015 1134 viam
1058 1085 1205 1134 tuam
1235 1085 1364 1135 ante
1405 1086 1478 1133 te.
1512 1076 1618 1150 [etv
1644 1117 1663 1147 ,
1690 1074 1771 1148 5.]
1799 1077 1973 1132 Amen
1998 1072 2120 1130 dico
2219 1079 2396 1151 major
2419 1087 2503 1135 est
2530 1078 2636 1136 hic.
2689 1076 2747 1136 Si
2794 1086 2972 1135 autem
2996 1075 3214 1134 sciretis
3239 1117 3255 1146 ,
3294 1074 3428 1149 quid
3452 1082 3573 1132 est:
3605 1070 3823 1131 Miseri-

516 1172 712 1244 vobis,
766 1189 874 1228 non
927 1173 1170 1228 surrexit
1220 1173 1363 1228 inter
1408 1180 1568 1228 natos
1608 1168 1898 1228 mulierum
1949 1167 2123 1238 major
2221 1172 2463 1229 cordiam
2494 1172 2620 1229 volo
2645 1214 2660 1240 ,
2704 1178 2760 1229 et
2798 1181 2903 1228 non
2935 1169 3258 1228 sacrificium
3301 1187 3317 1227 :
3365 1181 3658 1241 numquam
3687 1181 3822 1225 con-

520 1272 730 1329 Joanne
757 1267 997 1339 Baptista
1024 1284 1038 1320 :
1078 1267 1170 1338 qui
1201 1278 1385 1324 autem
1415 1268 1593 1325 minor
1619 1275 1704 1324 est
1734 1266 1789 1323 in
1813 1279 1983 1338 regno
2012 1278 2124 1323 οω-
2224 1265 2590 1323 demnassetis
2622 1266 2962 1322 innocentes.
3014 1266 3163 1339 [cxvr
3188 1307 3202 1333 ,
3242 1261 3327 1335 2.]
3375 1261 3640 1319 Dominus
3667 1262 3819 1318 enim

523 1364 724 1430 lorum,
744 1359 918 1431 major
945 1371 1029 1417 est
1056 1359 1174 1416 illo.
1207 1360 1317 1433 (ev,
1350 1360 1432 1433 5.]
1464 1365 1504 1416 A
1531 1360 1725 1418 diebus
1748 1370 1930 1416 autem
1961 1357 2125 1415 Joan-
2224 1369 2309 1420 est
2338 1360 2508 1419 Filius
2532 1359 2770 1418 hominis
2792 1361 2957 1418 etiam
2984 1359 3216 1417 sabbati.
3242 1360 3311 1416 Et
3337 1370 3460 1417 cum
3488 1359 3615 1416 inde
3643 1367 3827 1416 trans-

522 1457 608 1514 nis
657 1455 916 1527 Baptistae
964 1469 1137 1525 usque
1191 1468 1335 1511 nunc
1362 1497 1375 1520 ,
1427 1471 1659 1527 regnum
1700 1454 1970 1513 caelorum
2014 1452 2125 1508 vim
2226 1456 2403 1527 isset,
2450 1455 2604 1513 venit
2642 1456 2696 1512 in
2738 1468 3069 1530 synagogam
3104 1466 3317 1511 eorum.
3373 1448 3440 1510 Et
3482 1466 3610 1510 ecce
3654 1450 3826 1509 homo

526 1548 731 1621 patitur
756 1588 772 1615 ,
808 1558 862 1603 et
894 1546 1124 1604 violenti
1147 1549 1361 1618 rapiunt
1392 1547 1547 1604 illud.
1582 1550 1694 1623 [ενι
1718 1589 1736 1617 ,
1766 1545 1885 1619 10.]
1923 1546 2129 1603 Omnes
2229 1560 2451 1605 manum
2477 1547 2687 1606 habens
2719 1548 2925 1605 aridam
2955 1590 2969 1617 ,
3020 1555 3077 1605 et
3103 1544 3509 1621 interrogabant
3533 1559 3659 1605 eum
3685 1588 3701 1617 ,
3743 1544 3829 1603 di-

526 1640 675 1698 enim
708 1639 989 1712 prophetae
1013 1649 1069 1696 et
1096 1639 1214 1709 lex,
1243 1655 1419 1712 usque
1446 1640 1515 1696 ad
1545 1641 1815 1697 Joannem
1840 1680 1856 1706 ,
1889 1637 2128 1710 prophe-
2229 1651 2418 1700 centes
2445 1659 2460 1698 :
2488 1642 2545 1700 Si
2567 1641 2694 1700 licet
2721 1640 2964 1701 sabbatis
2987 1642 3221 1700 Curare?
3245 1649 3305 1699 ut
3328 1646 3654 1700 accusarent
3675 1657 3825 1699 eum.

530 1742 780 1790 taveruut
807 1750 819 1787 :
851 1741 907 1789 et
935 1734 982 1789 si
1012 1733 1178 1789 vultis
1209 1734 1462 1806 recipere
1482 1777 1497 1802 ,
1532 1735 1652 1806 ipse
1681 1743 1766 1792 est
1790 1733 1938 1790 Elias
1969 1773 1985 1798 ,
2034 1730 2127 1803 qui
2231 1734 2351 1805 Ipse
2375 1743 2554 1791 autem
2587 1734 2726 1791 dixit
2754 1730 2861 1791 illis
2889 1752 2901 1790 :
2930 1733 3066 1803 Quis
3094 1732 3204 1791 erit
3230 1746 3303 1791 ex
3328 1732 3484 1792 vobis
3513 1728 3698 1805 homo,
3730 1733 3829 1806 qui

525 1838 788 1883 venturus
811 1835 913 1882 est.
944 1826 1046 1894 Qui
1070 1825 1231 1881 habet
1255 1841 1416 1883 aures
1439 1825 1721 1895 audiendi,
1741 1826 1944 1882 audiat.
1972 1826 2123 1899 μνη,
2156 1811 2204 1873 Β
2233 1829 2433 1885 habeat
2466 1840 2626 1885 ovem
2668 1842 2832 1885 unam
2857 1869 2874 1898 ,
2920 1837 2975 1885 et
3001 1828 3047 1885 si
3077 1824 3339 1885 ceciderit
3366 1827 3483 1884 haee
3506 1822 3744 1884 sabbatis
3772 1825 3830 1883 in

525 1920 720 1994 5.]Cui
744 1928 923 1976 autem
948 1919 1179 1977 similem
1197 1921 1482 1978 aestimabo
1502 1922 1909 1995 generationem
1930 1921 2124 1979 istam?
2228 1921 2463 1988 foveam,
2517 1935 2699 1977 nonne
2738 1919 2985 1988 tenebit,
3037 1930 3093 1978 et
3139 1920 3340 1978 levnbit
3380 1916 3554 1977 eam?
3611 1918 3831 1989 Quanto

525 2012 732 2071 Similis
756 2021 841 2070 est
867 2011 1051 2084 pueris
1080 2012 1402 2070 sedentibus
1431 2015 1483 2070 in
1519 2015 1671 2083 loro,
1701 2015 1796 2088 qui
1828 2016 2126 2072 clamantes
2229 2015 2405 2087 magis
2431 2014 2627 2071 melior
2673 2026 2756 2072 eSt
2785 2014 2950 2071 homo
2996 2011 3139 2071 ove!
3188 2012 3377 2086 itaque
3412 2013 3545 2070 licet
3587 2012 3831 2069 sabbatis

524 2106 897 2180 coazqualibus
927 2104 1160 2161 dicunt:
1209 2105 1520 2164 Cecinimus
1559 2109 1756 2178 vobis,
1802 2116 1995 2165 etnon
2020 2110 2125 2165 sal-
2229 2106 2574 2165 benefacere.
2637 2108 2788 2163 Tune
2838 2107 2915 2165 ait
2970 2106 3174 2163 homini
3229 2121 3245 2164 :
3300 2105 3549 2164 Extende
3606 2118 3830 2164 manum

523 2204 679 2263 lastis
710 2224 724 2261 :
752 2203 1200 2271 lamentavimus,
1229 2213 1287 2261 et
1316 2220 1423 2260 non
1455 2206 1766 2275 planxistis.
1801 2204 1965 2262 Venit
1984 2203 2125 2260 enim
2232 2213 2377 2259 tuam
2422 2222 2437 2263 :
2473 2212 2529 2258 et
2574 2202 2853 2269 extendit,
2902 2212 2958 2258 et
3002 2199 3252 2259 restituta
3302 2208 3386 2258 est
3432 2194 3648 2257 sanitati
3688 2201 3833 2257 sicut

524 2300 766 2356 Joannes
793 2311 971 2369 neque
1000 2297 1360 2362 manducans,
1391 2313 1568 2369 neque
1589 2298 1805 2366 bibens,
1832 2307 1888 2354 et
1907 2296 2124 2354 dicunt:
2229 2297 2419 2352 altera.
2464 2298 2668 2371 [cxvu,
2711 2295 2793 2369 4.]
2825 2295 3103 2355 Exeuntes
3150 2305 3333 2355 autem
3377 2292 3661 2368 Pharismi,
3698 2308 3833 2354 con-

522 2389 861 2448 DaamOnium
889 2389 1075 2447 habet.
1124 2388 1285 2446 Venit
1320 2390 1494 2446 Filius
1522 2391 1758 2445 hominis
1790 2390 2129 2447 manducans
2228 2390 2411 2447 silium
2443 2391 2716 2448 faciebant
2744 2391 3008 2449 adversus
3038 2406 3193 2461 eum,
3225 2391 3499 2462 quomodo
3531 2389 3833 2463 perderent

524 2492 579 2540 et
603 2482 819 2550 bibens,
852 2491 906 2538 et
934 2480 1163 2539 dicunt:
1198 2482 1343 2538 Ecce
1371 2482 1535 2539 homo
1566 2498 1738 2539 vorax
1767 2526 1782 2551 ,
1822 2492 1880 2540 et
1913 2492 2129 2555 potator
2230 2499 2378 2543 eum.
2413 2486 2623 2559 [cxvnt,
2656 2484 2770 2560 l0.]
2798 2485 2961 2547 Jesus
2987 2495 3166 2544 autem
3197 2489 3378 2545 sciens
3410 2487 3636 2545 recessit
3658 2486 3783 2544 inde
3813 2505 3831 2545 :

524 2572 659 2643 vini,
694 2574 1113 2647 publicanorum
1145 2585 1201 2631 et
1230 2586 1579 2646 peccatorum
1611 2578 1843 2633 amicus.
1877 2577 1945 2632 Et
1970 2576 2129 2647 justi-

2228 2587 2284 2636 et
2308 2581 2479 2636 secuti
2512 2588 2640 2637 sunt
2664 2594 2793 2637 eum
2818 2580 2974 2637 multi
3003 2624 3016 2649 ,
3043 2593 3095 2638 et
3135 2578 3350 2638 curavit
3391 2594 3487 2638 eos
3510 2590 3740 2638 Omnes:
3774 2587 3836 2637 et

525 2667 683 2725 licata
710 2674 794 2724 est
821 2668 1091 2739 sapientia
1116 2683 1147 2723 a
1172 2667 1299 2724 filiis
1327 2669 1461 2725 suis.
1488 2668 1659 2739 [cvttt,
1685 2668 1764 2741 5.]
1790 2669 1944 2726 Tunc
1963 2669 2131 2741 cmpit
2229 2677 2491 2748 praecipit
2520 2679 2601 2734 eis
2625 2690 2694 2734 ne
2728 2674 3080 2734 manifestum
3111 2690 3234 2735 euut
3268 2676 3529 2733 facerent.
3560 2675 3631 2733 Ut
3657 2672 3834 2731 aditu.

526 2759 862 2830 exprobrare
891 2759 1206 2817 civitatibus
1234 2760 1292 2819 in
1317 2760 1513 2833 quibus
1536 2760 1695 2818 facta:
1724 2769 1853 2817 sunt
1881 2762 2127 2832 pluritute

526 2852 758 2909 virtutes
780 2854 919 2925 ejus,
936 2855 1060 2925 quia
1083 2870 1191 2910 non
1214 2855 1456 2927 egissent
1483 2856 1984 2925 pmnitentiamNa:
2007 2857 2125 2926 tibi,

521 2944 787 3001 Corozain
819 2944 929 3023 [Αἰ.
955 2945 1278 3019 Corazain],
1311 2963 1393 3003 vae
1426 2948 1559 3016 tibi,
1590 2948 1884 3009 Bethsaida
1915 2969 1927 3003 :
1959 2953 2084 3020 quia
2109 2991 2125 3019 ,

524 3035 571 3093 si
599 3037 652 3093 in
677 3037 820 3110 Tyro
851 3046 906 3095 et
928 3038 1133 3096 Sidone
1154 3040 1309 3096 factae
1331 3050 1522 3098 essent
1544 3043 1798 3113 virtutes,
1827 3059 1946 3114 qua:
1972 3044 2127 3102 facta:

524 3137 652 3184 sunt
680 3128 734 3184 in
758 3129 914 3187 vobis
941 3171 956 3197 ,
1006 3130 1136 3185 olim
1166 3134 1219 3186 in
1251 3131 1428 3189 cilicio
1457 3143 1512 3189 et
1539 3135 1724 3191 cinere
1752 3135 2125 3206 pcenitentiam

2229 2771 2471 2841 pleretur
2499 2773 2643 2841 quod
2662 2770 2870 2828 dictum
2896 2776 2979 2829 est
3006 2782 3106 2844 per
3133 2768 3328 2828 Isaiam
3354 2770 3681 2843 prophetam
3700 2813 3715 2840 ,
3748 2769 3835 2827 di-

2227 2874 2444 2922 centem
2468 2884 2480 2919 :
2503 2864 2643 2922 Ecce
2669 2879 2807 2937 puer
2835 2880 3009 2938 meus,
3026 2878 3187 2939 quem
3210 2862 3377 2938 elegi,
3401 2863 3633 2922 dilectus
3646 2872 3825 2935 meus,

2229 2956 2285 3012 in
2316 2968 2425 3029 quo
2449 2957 2589 3014 bene
2630 2954 2961 3030 complacuit
2996 2957 3194 3015 animae
3226 2972 3383 3016 meae.
3426 2956 3631 3034 Ponam
3672 2950 3836 3029 spiri-

2231 3058 2345 3107 tum
2376 3063 2555 3108 meum
2586 3064 2753 3123 super
2780 3066 2926 3122 eum,
2953 3060 3007 3109 et
3034 3049 3295 3124 judicium
3326 3048 3576 3124 gentibus
3608 3051 3827 3109 nuntia-

2230 3143 2331 3199 bit.
2363 3142 2483 3200 Non
2511 3144 2840 3211 contendet,
2875 3158 3050 3217 neque
3095 3144 3386 3213 clamabit,
3429 3161 3605 3217 neque
3642 3144 3837 3203 audiet

524 3222 786 3294 egissent.
818 3223 1211 3281 Verumtamen
1238 3225 1359 3281 dico
1392 3228 1547 3283 vobis
1590 3246 1606 3283 :
1654 3204 1798 3302 Tyro
1842 3240 1896 3287 et
1937 3230 2127 3288 Sidoni
2152 3204 2202 3269 δ
2231 3237 2428 3309 aliquis
2458 3238 2511 3293 in
2537 3236 2736 3309 plateis
2759 3204 3097 3309 vocemejns
3129 3255 3142 3293 :
3173 3204 3493 3296 arundinem
3519 3204 3833 3310 quassatam

418 3350 425 3355 η
526 3317 814 3374 remissius
837 3319 943 3374 erit
974 3319 1027 3373 in
1051 3318 1141 3374 die
1162 3318 1378 3389 jndicii,
1407 3337 1568 3393 quam
1598 3323 1782 3380 vobis.
1818 3325 1884 3380 Et
1914 3335 1992 3393 tu,
2026 3325 2130 3382 Ca-

526 3409 830 3480 pharnaum
860 3454 875 3480 ,
920 3412 1184 3484 numquid
1217 3429 1392 3485 usque
1427 3416 1479 3470 in
1522 3416 1725 3473 coelum
1750 3420 2129 3478 exaltaberis?

528 3517 704 3572 usque
735 3504 788 3557 in
818 3503 1092 3560 infernum
1122 3504 1447 3563 descendes.
1480 3508 1617 3581 [συί.
1650 3510 1763 3582 10.]
1800 3512 1969 3580 Quia,
2000 3515 2047 3569 si
2074 3514 2129 3571 in

527 3593 781 3653 Sodomis
809 3595 964 3652 facta:
989 3596 1219 3653 fuissent
1238 3598 1628 3672 virtutes,qute
1654 3602 1809 3659 facke
1827 3614 1955 3661 sunt
1974 3606 2026 3661 in
2053 3616 2128 3677 te,

528 3685 669 3744 forte
710 3687 1039 3745 mansissent
1070 3704 1242 3761 usque
1283 3691 1338 3746 in
1368 3691 1510 3748 hanc
1544 3693 1709 3751 diem.
1744 3695 2131 3756 Verumtamen

529 3778 656 3836 dico
687 3780 863 3848 vobis,
904 3781 1029 3851 quia
1058 3789 1216 3839 terrae
1245 3782 1608 3842 Sodomorum
1635 3788 1916 3845 remissius
1947 3790 2051 3846 erit
2074 3790 2127 3847 in

529 3871 619 3929 die
641 3872 852 3943 jndicii,
877 3890 1035 3945 quant
1070 3874 1307 3948 libi.[cx,
1329 3876 1410 3948 5.]
1434 3877 1492 3933 lu
1516 3879 1611 3936 illo
1641 3888 1885 3952 tempore
1910 3898 2131 3957 respon-

528 3965 663 4022 dens
684 3965 843 4023 Jesus
864 3965 1002 4024 dixit
1026 3986 1037 4021 :
1065 3976 1091 4006 ει
1112 3965 1392 4026 Confiteor
1424 3971 1543 4039 tibi,
1572 3971 1733 4030 Pater
1757 3974 1983 4035 Domine
2003 3979 2129 4035 coeli

529 4068 585 4116 et
607 4071 789 4129 terrae,
822 4060 949 4133 quia
974 4062 1304 4119 abscondisti
1334 4063 1449 4121 lucc
1474 4080 1503 4122 a
1525 4067 1891 4137 sapientibus,
1919 4081 1976 4127 et
2004 4090 2129 4144 pru-

2232 3344 2341 3388 non
2370 3331 2711 3403 confringet,
2738 3340 2793 3388 et
2815 3330 3019 3404 lignum
3057 3330 3325 3404 fumigans
3356 3348 3463 3388 non
3496 3331 3831 3402 exstinguet,

2232 3424 2410 3482 donec
2443 3423 2626 3496 ejiciat
2652 3423 2719 3481 ad
2750 3424 3032 3482 victoriam
3073 3423 3341 3497 judicium
3376 3442 3389 3479 :
3434 3433 3489 3480 et
3518 3424 3571 3479 in
3614 3424 3836 3480 nomine

2234 3518 2354 3592 ejus
2383 3529 2574 3593 gentes
2602 3521 2924 3593 sperabunt.
2954 3520 3125 3595 (exis,
3149 3516 3228 3593 5.]
3247 3516 3400 3576 Tunc
3424 3519 3640 3577 oblatus
3669 3526 3755 3574 est
3782 3514 3836 3576 ei

2233 3620 2566 3677 daemonium
2595 3616 2825 3686 habens,
2845 3632 3022 3675 crocus
3042 3627 3097 3674 et
3128 3626 3330 3685 mutus,
3365 3627 3419 3672 et
3447 3616 3655 3672 curavit
3684 3630 3832 3682 eum,

2235 3710 2307 3767 ita
2337 3721 2394 3768 ut
2430 3710 2770 3783 loqueretur,
2795 3719 2851 3768 et
2885 3709 3116 3767 videret.
3159 3709 3286 3783 [cxx
3309 3752 3323 3777 ,
3349 3706 3427 3781 7.]
3453 3709 3520 3764 Et
3546 3707 3838 3780 stupebant

2234 3815 2428 3859 omnes
2461 3803 2633 3858 turba:
2659 3843 2675 3871 ,
2708 3804 2764 3858 et
2799 3801 3055 3857 dicebant
3093 3816 3104 3857 ε
3138 3800 3410 3873 Numquid
3455 3801 3541 3856 hic
3572 3809 3657 3856 est
3692 3796 3835 3856 filius

2233 3894 2445 3954 David?
2477 3893 2622 3968 [cxxt
2646 3893 2766 3967 ,2.]
2807 3894 3066 3952 Pharisaei
3110 3906 3292 3952 autem
3334 3894 3649 3962 audientes,
3682 3894 3837 3952 dixe-

2232 3998 2360 4046 runt
2390 4007 2405 4044 :
2430 3989 2529 4044 Hie
2550 4003 2658 4044 non
2679 3988 2828 4058 ejicit
2848 3988 3126 4045 daemones
3147 3988 3252 4045 nisi
3278 3989 3330 4044 in
3354 3984 3661 4045 Beelzebub
3682 3988 3837 4060 prin-

2234 4082 2355 4153 cipe
2405 4079 2819 4137 daemoniorum.
2869 4079 3060 4154 [mm
3092 4079 3176 4155 2.]
3214 4079 3373 4138 Iesus
3415 4088 3599 4137 autem
3647 4080 3833 4139 sciens

528 4152 803 4221 dentibus,
830 4161 895 4247 et
936 4155 1191 4211 revelasti
1235 4171 1298 4213 ea
1336 4159 1598 4228 parvulis.
1631 4160 1730 4226 lta,
1758 4162 1919 4219 Pater
1952 4184 1965 4222 :
1997 4181 2135 4237 quo-
2234 4152 2594 4247 cogitationes
2628 4186 2818 4231 eorum
2846 4152 3037 4244 {dixit
3068 4152 3193 4233 eis}
3222 4170 3397 4232 omne
3437 4189 3664 4247 regnum
3695 4173 3839 4230 άίνι-

536 4247 682 4301 niam
711 4247 791 4303 sic
822 4246 922 4303 fuit
943 4247 1207 4319 placitum
1235 4258 1362 4308 ante
1393 4260 1467 4308 te.
1503 4250 1635 4325 [cxt,
1665 4255 1747 4327 5.]
1776 4258 1967 4315 Omnia
1996 4263 2132 4321 mihi
2234 4282 2358 4326 sum
2399 4276 2587 4326 contra
2627 4278 2689 4326 se
2717 4311 2731 4334 ,
2774 4267 3117 4327 desolabitur
3147 4286 3160 4325 :
3195 4279 3250 4326 et
3286 4270 3466 4327 omnis
3491 4246 3679 4326 civitas
3705 4314 3720 4340 ,
3744 4267 3839 4326 vel

535 4340 733 4409 tradita
750 4353 885 4429 ,εμηι
914 4359 944 4399 ³
972 4343 1137 4401 Ρθῑΐθ
1165 4360 1309 4401 ηιθο·
1344 4348 1493 4420 [ειη
1518 4389 1534 4417 υ
1564 4347 1662 4421 5-]
1696 4350 1766 4409 Ει
1790 4367 1956 4415 nemo
1982 4359 2134 4415 novit
2233 4363 2431 4421 domus
2453 4363 2625 4421 divisa
2655 4372 2846 4420 contra
2869 4374 2950 4431 se,
2978 4379 3083 4419 non
3111 4363 3298 4420 stabit.
3327 4363 3396 4420 Et
3415 4360 3463 4420 si
3484 4358 3714 4421 Satanas
3737 4360 3839 4419 Sa-

531 4433 701 4528 lilium
728 4478 743 4504 ,
791 4435 894 4491 nisi
922 4434 1085 4493 Pater
1110 4482 1124 4508 ,
1172 4454 1348 4509 neque
1390 4440 1606 4497 Patrem
1637 4441 1760 4513 quis
1786 4446 1978 4516 novit,
2028 4450 2132 4508 nisi
2236 4465 2416 4513 lanam
2443 4455 2614 4528 ejicit,
2642 4456 2905 4513 adversus
2931 4470 2992 4513 se
3014 4456 3222 4513 divisus
3251 4460 3375 4513 est:
3406 4454 3683 4528 quomodo
3704 4462 3837 4527 ergo

534 4525 747 4623 ξᾚξυξ)
795 4536 850 4623 ἐι
919 4532 1008 4623 cili
1062 4530 1295 4586 νοιιιθῐίι
1345 4532 1517 4590 Filius
1575 4536 1854 4595 revelare.
1912 4542 2131 4614 [cum
2159 4551 2402 4623 “stabit
2431 4525 2661 4623 regnum
2707 4551 2864 4623 ejus?
2902 4549 3043 4608 Etsi
3085 4566 3191 4623 ego
3235 4550 3289 4606 in
3334 4525 3639 4608 Beelzebub
3673 4525 3834 4621 ejicio

536 4616 651 4690 10.]
682 4619 878 4676 Venite
904 4620 972 4675 ad
1005 4637 1093 4678 me
1117 4637 1310 4680 omnes
1332 4664 1349 4693 ,
1379 4625 1472 4696 qui
1501 4627 1762 4687 laboratis
1786 4674 1801 4697 ,
1835 4642 1893 4689 et
1913 4606 2128 4694 onerati

2238 4643 2539 4711 daamones,
2567 4644 2665 4702 lilii
2693 4644 2862 4702 vestri
2893 4646 2944 4701 in
2967 4658 3076 4717 quo
3101 4642 3373 4717 ejiciunt?
3412 4638 3541 4702 ideo
3571 4643 3675 4718 ipsi
3693 4642 3841 4715 judi-

532 4715 665 4770 θδίίδ
694 4756 708 4781 ν
766 4724 822 4771 ει
878 4729 980 4820 ⁸89
1038 4715 1280 4820 ξῗίίῆίδω
1327 4734 1447 4776 νοε-
1477 4720 1675 4820 Τουξιθ
1710 4724 1899 4820 Μυκη
1945 4744 2131 4787 meum
2237 4754 2332 4797 ees
2359 4738 2531 4796 vestri
2561 4746 2743 4797 erunt.
2769 4738 2828 4797 Si
2863 4715 3043 4796 autem
3083 4715 3195 4811 ego
3223 4738 3277 4795 in
3316 4738 3511 4809 spiritu
3555 4715 3652 4796 Dei
3679 4736 3838 4810 ejicio

534 4819 880 4911 ful’eivoss
928 4816 984 4911 ει
1037 4807 1231 4911 discut:
1272 4826 1302 4866 a
1349 4828 1476 4911 me,
1524 4815 1648 4887 quia
1692 4818 1839 4876 mitis
1882 4834 2001 4878 sum
2027 4867 2041 4893 ,
2079 4832 2135 4880 et
2237 4830 2556 4901 daemones,
2592 4832 2759 4904 igitur
2790 4832 3036 4903 pervenit
3072 4807 3253 4888 in'vos
3291 4807 3517 4904 regnum
3562 4828 3683 4888 Dei.
3708 4807 3841 4887 Ἀυι

533 4898 757 5005 humilis
811 4900 978 5005 corde
1024 4920 1038 4957 :
1090 4913 1147 5005 et
1199 4904 1490 4964 invenietis
1544 4912 1794 4983 requiem
1847 4917 2133 4977 animabus
2237 4924 2517 4997 quomodo
2541 4898 2725 4997 potest
2766 4898 3051 4998 quisquam
3083 4924 3292 4981 intrare
3320 4898 3381 4981 ni
3402 4923 3622 4981 domum
3654 4922 3836 4991 fortis,

533 4993 760 5090 vestris,
812 4993 1007 5068 Jugum
1053 4996 1200 5053 enim
1253 5014 1435 5057 meum
1496 5016 1667 5061 suave
1710 5015 1833 5075 est,
1890 5018 1947 5067 et
1997 5027 2135 5072 onus
2238 4993 2296 5073 et
2320 5031 2447 5074 vasa
2478 4993 2597 5088 ejus
2628 4993 2868 5090 diripere
2887 4993 3040 5085 {nisi
3078 5015 3229 5089 prius
3267 5015 3573 5090 alligaverit
3601 5014 3845 5073 fortem?

534 5101 717 5182 me?!“
744 5085 886 5182 16:9:
1138 5181 1147 5182 ί
1194 5180 1204 5182 4
2240 5118 2295 5167 et
2324 5118 2454 5166 tunc
2483 5085 2706 5168 domum
2736 5085 2885 5167 illius
2912 5085 3155 5182 diripiat.
3195 5106 3295 5179 Qui
3325 5085 3433 5166 non
3464 5116 3549 5166 est
3589 5122 3801 5166 meeum
3823 5149 3838 5177 ,

608 5178 763 5287 [01ρέ
785 5179 914 5287 'Xll.
942 5180 1295 5287 cxtv,.2.]uln
1318 5184 1408 5243 illo
1435 5196 1682 5261 tempore
1707 5192 1843 5251 abiit
1861 5196 2021 5256 Jesus
2042 5215 2128 5273 per

2238 5214 2429 5262 contra
2455 5221 2542 5263 me
2566 5216 2652 5264 est
2685 5225 2697 5263 :
2725 5217 2784 5265 et
2810 5205 2900 5279 qui
2940 5178 3048 5263 non
3088 5212 3382 5278 congregat
3404 5192 3654 5273 mecum',
3685 5220 3839 5277 spar-

536 5280 655 5330 sata
680 5270 953 5377 sabbato:
985 5272 1238 5377 discipuli
1284 5286 1466 5334 autem
1499 5282 1632 5377 ejus
1679 5286 1983 5377 esurientes
2026 5270 2138 5352 em-
2237 5296 2339 5368 git.
2374 5295 2593 5369 [sxum
2635 5298 2717 5374 2.]
2749 5270 2878 5356 Ideo
2925 5299 3047 5355 dico
3098 5270 3255 5355 vobis
3291 5270 3320 5352 ἶ
3337 5294 3513 5355 Omne
3554 5270 3838 5370 peceatum

535 5362 966 5470 perunt‘veilere
990 5364 1170 5470 spicas
1194 5407 1209 5433 ,
1254 5378 1309 5470 et
1352 5372 1705 5470 manducare.
1731 5376 1994 5439 Pharisaei
2038 5399 2137 5443 auo
2237 5362 2292 5446 et
2315 5362 2651 5463 blasphemia
2676 5362 2991 5450 remittetur
3015 5391 3325 5449 hominibus
3347 5437 3360 5463 ,
3394 5362 3624 5463 spiritus
3650 5398 3839 5449 autent

538 5467 646 5516 lem
664 5456 942 5563 fidentes.
963 5457 1231 5563 dixerunt
1261 5463 1309 5519 ei
1342 5481 1363 5563 :_
1386 5464 1528 5563 liceo
1554 5467 1806 5543 discipuli
1830 5475 1908 5532 tui
1927 5476 2137 5539 faciunt
2237 5456 2577 5557 blasphemia
2627 5501 2733 5542 non
2782 5486 3114 5543 remittetur.
3161 5487 3226 5543 Et
3263 5456 3593 5558 quicumque
3637 5484 3839 5543 dixerit

532 5550 682 5623 quod
710 5565 823 5610 non
851 5551 978 5609 licet
1013 5547 1041 5591 ιι
1069 5553 1252 5612 facere
1284 5558 1548 5619 sabbatis.
1579 5563 1649 5621 At
1693 5565 1789 5625 ille
1829 5569 1969 5629 dixit
2008 5577 2132 5636 eis:
2238 5547 2462 5638 verbum
2499 5588 2690 5638 contra
2717 5576 2917 5637 Filium
2949 5578 3184 5637 hominis
3207 5624 3222 5649 ,
3270 5547 3581 5637 remittetur
3613 5578 3663 5637 ei
3699 5597 3713 5636 :
3747 5570 3841 5652 qui

600 5748 1232 5849 3.3.9.3"ff3'1‘lf‘i’1’i‘fff
1238 5754 1428 5849 ’.ἐιέἕίθ
1442 5758 1690 5822 “meum
1714 5768 2125 5849 ἐξομολογοῦμαιο

528 5780 1690 5895 nass'zsttgtztztts22.““mm
1714 5780 2125 5849 έξομολονοθμαιο
2237 5780 2968 5895 miscentes.”
3122 5781 3267 5857 αυοά
3288 5792 3344 5843 οι
3360 5782 3607 5857 quaedam
3635 5785 3844 5846 δεθείη

2237 5849 2426 5910 Graeca
2454 5854 2803 5928 exemplaria.
