4182 6338
343 265 442 323 557

1316 253 1768 316 EVANGELIUM
1807 250 2184 315 SECUNDUM
2222 251 2660 316 ΜΑΤΤΗΕΗΜ.

3524 255 3630 322 588

342 389 518 437 autem
546 377 748 435 dixerit
775 383 962 435 contra
987 375 1248 449 Spiritum
1293 384 1539 432 sanctum
1565 417 1576 438 .
1611 389 1718 430 non
1751 374 1932 430 t'emit-
1959 372 2013 435 Δ
2039 371 2158 428 Alia
2179 381 2363 430 autem
2399 375 2718 432 ceciderunt
2755 374 2811 430 in
2843 381 3043 431 terram
3088 376 3286 433 bonam
3313 397 3324 432 :
3356 387 3410 436 et
3435 380 3637 440 dabant

343 483 481 529 tetur
527 473 616 540 ei,
653 487 829 541 neque
879 471 930 526 in
984 472 1088 527 hoc
1135 469 1366 535 saeculo,
1412 483 1588 539 neque
1631 469 1686 523 in
1732 469 1933 524 futuro.

342 565 546 638 [cxxrv,
585 565 699 637 10.]
731 566 839 620 Aut
870 565 1032 621 facite
1058 565 1310 620 arborem
1355 564 1548 620 bonam
1578 606 1593 630 ,
1619 571 1674 618 et
1701 561 1937 618 fructum

343 659 459 728 ejus
491 660 700 715 bonum
732 676 744 712 :
776 668 871 714 aut
897 658 1057 715 facite
1085 658 1337 713 arborem
1368 656 1599 722 malam,
1625 663 1682 713 et
1702 655 1936 713 fructum

345 753 461 822 ejus
489 752 695 808 malum
733 772 744 806 :
774 753 1040 820 siquideut
1087 768 1154 806 ex
1187 750 1371 807 fructu
1400 750 1562 807 arbor
1597 751 1935 822 agnoscitur.

346 847 642 918 Progenies
673 847 1006 917 viperarum,
1035 845 1308 918 quomodo
1339 847 1570 918 potestis
1599 847 1740 904 bona
1766 846 1938 918 loqui,

345 955 461 994 cum
496 939 619 996 sitis
665 939 837 994 mali?
882 953 947 995 ex
992 939 1326 995 abundantia
1370 938 1515 994 enim
1548 937 1729 995 cordis
1767 954 1829 994 os
1861 938 1942 994 lo-

347 1037 542 1105 quitur.
572 1033 753 1107 [cxxv,
777 1033 858 1104 5.]
883 1035 1064 1090 Bonus
1090 1033 1254 1090 homo
1276 1033 1343 1088 de
1365 1034 1510 1090 bono
1536 1034 1794 1091 thesauro
1817 1049 1939 1105 pro-

347 1131 446 1185 fert
474 1129 622 1184 bona
651 1146 665 1182 :
698 1137 754 1184 et
780 1129 950 1184 malus
975 1129 1141 1183 homo
1174 1127 1242 1183 de
1271 1128 1413 1183 malo
1446 1127 1704 1183 thesauro
1736 1126 1941 1199 profert

348 1225 506 1280 mala.
561 1224 786 1296 [cxxvr,
850 1222 964 1296 10.]
1013 1223 1144 1278 Dico
1195 1231 1376 1278 autem
1435 1220 1620 1287 vobis,
1681 1221 1939 1292 quoniam

350 1333 511 1374 otnne
540 1317 768 1374 verbum
792 1317 1048 1385 otiosum,
1077 1315 1223 1388 quod
1247 1316 1411 1372 locuti
1434 1314 1640 1370 fuerint
1668 1314 1938 1380 homines,

348 1412 579 1467 reddent
607 1411 873 1465 rationem
928 1409 997 1466 de
1045 1425 1110 1466 eo
1163 1409 1218 1465 in
1269 1409 1360 1466 die
1402 1407 1615 1480 judicii.
1649 1407 1733 1465 Ex
1761 1408 1942 1465 verbis

347 1507 488 1560 enim
523 1504 629 1560 tuis
654 1505 1063 1576 jusuticaheris,
1093 1513 1146 1561 et
1176 1521 1243 1562 ex
1273 1505 1456 1562 verbis
1486 1506 1588 1560 tuis
1607 1505 1942 1560 condemna-

349 1598 508 1654 beris.
551 1599 776 1669 [cxxvu,
810 1599 888 1671 5.]
921 1598 1072 1655 Tunc
1107 1600 1509 1670 responderunt
1550 1600 1596 1654 ei
1629 1598 1843 1669 quidam
1875 1597 1943 1653 de

346 1691 552 1748 Scribis
582 1701 638 1749 et
665 1692 978 1758 Pharisteis,
1005 1691 1250 1748 dicentes
1279 1709 1292 1746 :
1323 1694 1595 1763 Magister,
1631 1692 1886 1747 volumus
1910 1705 1941 1746 a

350 1794 398 1841 te
430 1802 648 1856 srgnum
677 1785 883 1842 videre.
913 1785 1153 1858 [cxxvnt,
1180 1785 1262 1858 5.]
1290 1786 1390 1855 Qui
1419 1785 1755 1856 respondens
1781 1786 1857 1838 ait
1882 1783 1947 1842 il-
1977 1773 2024 1836 Β
2053 1782 2371 1838 clauserunt

347 1877 411 1933 lis
438 1896 452 1933 :
478 1877 778 1934 Generatio
808 1879 947 1932 maia
993 1889 1043 1934 et
1087 1878 1333 1934 adultera
1366 1881 1577 1950 signum
1607 1879 1803 1949 quaerit
1837 1894 1851 1933 :
1891 1889 1946 1934 et

343 1971 559 2042 signum
591 1989 700 2027 non
739 1973 954 2027 dabitur
975 1973 1023 2027 ei
1045 2014 1059 2037 ,
1087 1971 1193 2027 nisi
1218 1971 1432 2043 signum
1457 1972 1608 2027 Jonae
1643 1971 1943 2041 prophetia.

342 2066 494 2122 Sicut
521 2067 673 2122 enim
699 2066 802 2122 fuit
827 2066 991 2124 Jonas
1020 2067 1074 2121 in
1103 2074 1293 2123 ventre
1319 2068 1425 2123 ceti
1457 2066 1624 2122 tribus
1646 2064 1860 2132 diebus,
1894 2072 1951 2120 et

349 2159 528 2215 tribus
559 2161 814 2217 noctibus
870 2177 883 2214 :
933 2161 1010 2216 sic
1060 2161 1166 2218 erit
1192 2160 1367 2216 Filius
1400 2160 1636 2216 hominis
1678 2160 1731 2214 in
1780 2157 1949 2214 corde

349 2261 513 2308 terra:
545 2253 720 2310 tribus
753 2254 976 2319 diebus,
1005 2263 1058 2308 et
1092 2255 1264 2310 tribus
1296 2253 1569 2311 noctibus.
1602 2252 1715 2307 Viri
1744 2251 1950 2306 Ninivi-

345 2354 412 2400 ιω
443 2356 675 2418 surgent
707 2348 760 2403 in
788 2346 993 2418 judicio
1021 2364 1144 2403 cum
1179 2347 1536 2418 generatione
1565 2346 1668 2402 ista
1693 2387 1708 2413 ,
1738 2354 1791 2401 et
1820 2360 1950 2401 con-

341 2439 681 2496 demnabunt
706 2455 826 2496 eam
861 2459 874 2496 :
905 2439 1029 2511 quia
1056 2440 1431 2512 paenitentiam
1453 2447 1681 2512 egerunt
1708 2438 1760 2494 in
1807 2453 1948 2509 prae-

344 2533 625 2590 ditatione
667 2533 840 2590 Jonte.
879 2535 943 2590 Et
973 2550 1100 2591 ecce
1146 2535 1266 2605 plus
1305 2550 1466 2606 quam
1508 2533 1675 2590 Jonas
1706 2532 1816 2587 hic.
1844 2531 1951 2588 Re-

351 2629 474 2700 gina
510 2627 695 2682 Austri
734 2639 914 2698 surget
948 2629 998 2681 in
1036 2627 1243 2697 judicio
1273 2643 1394 2683 cum
1424 2626 1777 2698 generatione
1807 2625 1905 2679 ista
1931 2667 1946 2692 ,

344 2728 400 2773 ct
429 2719 820 2774 condemnabit
849 2735 967 2774 eam
997 2737 1009 2772 :
1039 2718 1167 2791 quia
1194 2720 1342 2776 venit
1372 2733 1402 2774 a
1432 2718 1632 2773 finibus
1665 2724 1827 2773 terra:
1858 2729 1954 2771 au-

347 2811 467 2866 dire
502 2812 824 2882 sapientiam
856 2812 1187 2880 Salomonis,
1217 2824 1271 2869 et
1301 2827 1432 2869 cccc
1460 2813 1583 2883 plus
1613 2827 1772 2883 quam
1800 2810 1953 2868 Salo-

345 2921 472 2958 mon
508 2904 614 2960 hic.
647 2905 862 2976 [cxxtx,
896 2906 976 2978 5.]
1002 2906 1139 2962 Cum
1168 2916 1348 2962 autem
1380 2904 1693 2960 immundus
1728 2903 1953 2974 spiritus

343 2998 548 3053 exierit
575 2997 644 3054 ab
675 2997 920 3065 homine,
952 2999 1198 3054 ambulat
1226 3015 1322 3071 per
1348 3000 1468 3054 loca
1497 2999 1671 3066 arida,
1699 3009 1954 3068 quaerens

348 3095 633 3163 requiem,
667 3102 720 3149 et
758 3109 866 3149 non
907 3095 1132 3150 invenit.
1179 3095 1328 3148 Tunc
1370 3093 1498 3148 dicit
1543 3110 1556 3148 :
1603 3091 1870 3148 Revertar
1899 3089 1955 3144 itt

2041 468 2316 535 fructum,
2364 467 2512 524 aliud
2557 469 2918 525 centesimum
2946 513 2960 540 ,
3011 469 3156 526 aliud
3212 475 3632 544 sexagesimum,

2041 560 2188 617 aliud
2221 561 2580 633 trigesimum.
2605 564 2707 630 Qui
2730 563 2898 620 habet
2923 577 3082 620 aures
3110 563 3395 632 audiendi,
3427 567 3635 625 audiat.

2042 655 2106 711 Et
2138 656 2463 713 accedentes
2493 657 2745 728 discipuli
2784 659 3116 716 dixeruntei
3147 677 3157 713 :
3191 659 3370 728 Quare
3399 662 3450 716 in
3480 677 3638 733 para-

2043 748 2184 804 bolis
2214 749 2457 821 loqueris
2489 751 2606 807 eis?
2636 751 2739 819 Qui
2772 753 3112 824 respondens
3138 797 3152 821 ,
3203 754 3278 810 ait
3315 755 3421 811 illis
3455 773 3468 810 :
3502 757 3639 824 Quia

2043 843 2203 901 vobis
2230 843 2416 901 datum
2449 856 2534 902 est
2561 861 2724 904 nosse
2755 849 3017 920 mysteria
3059 849 3212 920 regni
3240 851 3539 918 cmlorum;
3580 851 3639 908 il-

2045 937 2110 993 lis
2131 946 2311 994 autcm
2342 954 2452 994 non
2483 949 2569 996 est
2597 939 2803 996 datum.
2839 941 3066 1015 [cxxxn,
3102 942 3180 1015 5.]
3219 943 3328 1012 Qui
3369 945 3515 1000 enim
3546 944 3642 1001 ha-

2047 1031 2156 1100 bet,
2185 1031 2400 1087 dabitur
2429 1033 2502 1101 ei,
2538 1041 2592 1089 et
2613 1033 2913 1090 abundabit
2942 1053 2953 1089 :
2987 1035 3080 1107 qui
3106 1047 3290 1094 autem
3320 1053 3427 1094 non
3452 1038 3639 1108 habet,

2046 1134 2102 1181 et
2129 1126 2274 1198 quod
2305 1126 2505 1195 habet,
2539 1129 2818 1186 auferetur
2845 1129 2914 1184 ab
2937 1143 3023 1186 eo.
3056 1129 3298 1202 [cxxxnt,
3331 1131 3407 1204 1.]
3440 1132 3565 1189 ideo
3590 1133 3645 1189 in

2048 1220 2324 1290 parabolis
2362 1221 2556 1291 loquor
2593 1221 2673 1277 eis
2707 1239 2718 1276 :
2751 1223 2875 1294 quia
2906 1221 3153 1280 videntes
3189 1240 3300 1281 non
3323 1225 3513 1282 vident
3541 1268 3557 1293 ,
3593 1235 3650 1284 et

2048 1312 2330 1370 audientes
2356 1329 2462 1369 non
2503 1317 2724 1370 audiunt
2756 1357 2770 1383 ,
2805 1332 2983 1386 neque
3015 1317 3342 1390 intelligunt.
3374 1318 3443 1374 Et
3472 1319 3647 1375 adim-

2048 1406 2229 1476 pletur
2261 1407 2314 1461 in
2348 1406 2426 1463 eis
2467 1407 2753 1478 prophetia
2800 1409 2953 1465 Isaia:
2995 1410 3228 1467 dicentis
3262 1425 3275 1467 :
3304 1408 3507 1468 Auditu
3551 1427 3647 1468 au-

2048 1502 2213 1560 dietis
2234 1545 2248 1570 ,
2276 1513 2330 1559 et
2370 1519 2477 1558 non
2513 1503 2830 1576 intelligetis
2857 1523 2870 1560 :
2911 1515 2964 1562 et
2993 1505 3241 1563 videntes
3273 1506 3522 1564 videbitis
3547 1552 3560 1576 ,
3592 1517 3650 1564 et

2050 1613 2159 1654 non
2183 1597 2461 1654 videbitis.
2496 1599 2861 1656 lucrassatum
2900 1611 2983 1657 est
3023 1602 3167 1657 enim
3195 1617 3293 1658 cor
3319 1602 3504 1674 populi
3547 1603 3648 1659 hu-

2048 1691 2137 1761 jus
2163 1732 2178 1758 ,
2213 1699 2266 1746 et
2308 1691 2531 1746 auribus
2572 1693 2811 1762 graviter
2839 1693 3168 1765 audierunt,
3211 1702 3266 1751 et
3304 1695 3493 1752 oculos
3523 1711 3652 1753 suos

2418 1800 2432 1836 :
2481 1783 2769 1855 nequando
2796 1785 3016 1842 videant
3067 1787 3281 1857 oculis,
3329 1797 3384 1844 et
3429 1789 3654 1847 auribus

2053 1875 2294 1940 audiant,
2327 1883 2378 1930 et
2413 1876 2576 1933 corde
2607 1877 2936 1949 intelligant,
2966 1888 3022 1936 et
3039 1889 3449 1947 convertantur,
3483 1891 3538 1938 et
3567 1898 3654 1940 sa-

2055 1986 2180 2026 nem
2207 1986 2321 2026 eos.
2356 1969 2596 2044 [cxxxtv,
2626 1971 2704 2044 5.]
2741 1972 2916 2029 Vestri
2945 1982 3125 2031 autem
3155 1975 3298 2033 beati
3327 1977 3493 2046 oculi,
3527 1977 3654 2049 quia

2056 2063 2266 2130 vident,
2297 2072 2350 2118 et
2378 2081 2539 2121 aures
2565 2077 2786 2134 vestrae,
2815 2067 2940 2138 quia
2977 2067 3226 2125 audiunt.
3255 2069 3428 2126 Amen
3455 2071 3659 2141 quippe

2055 2157 2178 2213 dico
2229 2156 2401 2223 vobis,
2437 2159 2561 2228 quia
2597 2159 2748 2214 multi
2797 2160 3076 2231 praphetze
3117 2171 3170 2216 et
3206 2163 3338 2233 justi
3366 2164 3659 2235 cupierunt

2054 2249 2242 2305 videre
2269 2263 2390 2321 qua:
2421 2249 2640 2320 videtis,
2668 2261 2724 2308 et
2757 2268 2865 2307 non
2899 2253 3183 2321 viderunt;
3217 2265 3271 2311 et
3313 2254 3508 2313 audire
3538 2272 3658 2328 qua:

2056 2342 2253 2397 auditis
2284 2385 2297 2409 ,
2329 2353 2382 2398 et
2411 2357 2519 2398 non
2548 2342 2856 2400 audierunt.
2903 2344 3123 2418 [cxxxv,
3149 2345 3233 2420 2.]
3256 2347 3368 2403 Vos
3405 2363 3535 2418 ergo
3565 2363 3661 2404 au-

2057 2435 2172 2492 dite
2206 2436 2518 2506 parabolam
2553 2439 2893 2495 seminantis.
2925 2439 3112 2495 Omnis
3143 2441 3235 2511 qui
3264 2439 3411 2496 audit
3435 2441 3658 2497 verbum

2059 2530 2206 2600 regni
2232 2575 2245 2600 ,
2278 2541 2332 2586 et
2363 2546 2469 2586 non
2501 2531 2755 2604 intelligit
2782 2579 2794 2603 ,
2821 2533 2970 2588 venit
2998 2533 3173 2590 malus
3195 2576 3210 2602 ,
3259 2541 3315 2592 et
3344 2536 3485 2606 rapit
3513 2533 3662 2606 quod

2057 2623 2386 2678 seminatum
2420 2631 2505 2679 est
2526 2623 2581 2679 in
2609 2624 2780 2680 corde
2811 2625 2927 2695 ejus
2963 2625 3086 2681 :hic
3106 2635 3190 2682 est
3221 2627 3317 2698 qui
3347 2628 3663 2684 secusviam

2059 2719 2364 2773 seminatus
2392 2727 2494 2774 est.
2546 2718 2648 2788 Qui
2679 2727 2860 2774 autem
2904 2729 3326 2791 super-petrosa
3368 2722 3667 2778 seminatus

2059 2819 2164 2879 est,
2195 2808 2282 2865 hic
2308 2818 2412 2879 est,
2436 2808 2528 2881 qui
2559 2813 2780 2868 verbum
2809 2812 2977 2879 audit,
3001 2822 3057 2869 et
3079 2813 3339 2870 continuo
3365 2830 3489 2870 cum
3522 2831 3658 2887 gau-

2061 2904 2150 2958 dio
2174 2905 2382 2976 accepit
2408 2905 2544 2961 illud
2578 2924 2590 2960 :
2622 2922 2728 2961 non
2763 2906 2933 2963 habet
2962 2917 3144 2963 autem
3189 2909 3241 2963 in
3276 2923 3336 2964 se
3377 2908 3617 2966 radicem
3644 2953 3660 2979 ,

2061 2997 2156 3054 sed
2189 3005 2272 3053 est
2300 2997 2635 3069 temporalis.
2669 2999 2834 3056 Facta
2863 3010 3044 3057 autem
3081 3000 3427 3057 tribulatione
3457 3012 3508 3057 et
3542 3017 3665 3070 pcr-

2064 3092 2347 3148 secutione
2385 3100 2612 3163 propter
2641 3092 2866 3150 verbum
2894 3139 2908 3162 ,
2938 3095 3199 3149 continuo
3239 3093 3661 3151 scandalizatur.

345 3185 570 3241 domum
599 3199 774 3242 meam
801 3231 814 3254 ,
849 3189 989 3242 unde
1025 3187 1193 3242 exivi.
1241 3187 1305 3241 Et
1333 3188 1558 3243 veniens
1598 3185 1806 3242 invenit
1835 3197 1956 3240 eam
1982 3175 2030 3242 C
2063 3185 2166 3253 Qui
2199 3194 2379 3242 autem
2401 3185 2702 3242 seminatus
2728 3195 2812 3243 est
2845 3191 2896 3243 in
2929 3187 3102 3257 spinis
3130 3231 3144 3254 ,
3172 3188 3258 3243 hic
3283 3197 3394 3256 est,
3428 3192 3517 3260 qui
3541 3205 3664 3245 ver-

345 3291 634 3337 vacantem
657 3324 673 3350 ,
706 3283 892 3353 scepis
921 3283 1259 3350 mundatam,
1289 3292 1344 3338 et
1371 3292 1645 3337 ornatam.
1680 3279 1833 3335 Tunc
1857 3295 1953 3335 va-

347 3373 458 3440 dit,
493 3385 545 3430 et
575 3377 813 3430 assumit
843 3386 1053 3448 septem
1081 3377 1221 3433 alios
1252 3377 1480 3447 spiritus
1510 3391 1696 3434 secum
1728 3375 1955 3446 nequio-

346 3483 440 3524 res
467 3485 549 3535 se,
579 3477 636 3525 et
661 3471 933 3526 intrantes
981 3470 1224 3526 habitant
1267 3471 1340 3528 ibi
1369 3488 1383 3527 :
1414 3479 1470 3528 et
1497 3471 1632 3526 fiunt
1659 3469 1956 3526 novissima

350 3563 593 3618 hominis
623 3563 766 3618 illius
795 3563 982 3634 pejora
1031 3565 1330 3635 prioribus.
1365 3564 1457 3620 Sic
1499 3563 1603 3620 erit
1629 3573 1684 3619 et
1724 3577 1955 3634 genera-

350 3658 484 3712 tiuni
515 3657 647 3714 huic
688 3661 963 3729 pessimm.
997 3659 1190 3732 [cxxx,
1223 3659 1306 3732 2.]
1351 3657 1542 3715 Adhuc
1586 3673 1653 3715 eo
1697 3658 1958 3729 loquente

349 3752 421 3806 ad
455 3754 645 3808 turbas
672 3794 687 3821 ,
723 3769 850 3808 ecce
882 3761 1057 3809 mater
1084 3754 1202 3825 ejus
1225 3761 1278 3809 et
1311 3753 1506 3810 fratres
1539 3753 1756 3810 stabant
1779 3751 1912 3807 foris
1939 3796 1952 3821 ,

352 3856 664 3918 qumrentes
706 3848 854 3919 loqui
895 3846 968 3905 ei.
1015 3849 1161 3905 Dixit
1203 3858 1384 3905 autem
1425 3852 1472 3903 ei
1520 3849 1780 3920 quidam:
1815 3847 1956 3903 Ecce

353 3950 529 3997 mater
561 3952 675 4008 tua,
705 3951 760 3997 et
782 3941 982 3999 fratres
1009 3944 1084 3999 tui
1113 3941 1248 3999 foris
1274 3951 1422 3998 Stant
1443 3950 1749 4012 quaarentes
1785 3950 1857 3996 te.
1888 3942 1958 3994 At

351 4036 468 4106 ipse
495 4035 833 4106 respondens
856 4036 1059 4093 dicenti
1080 4036 1203 4106 sibi,
1229 4036 1479 4104 aitzQuac
1499 4046 1584 4091 est
1606 4043 1779 4090 mater
1801 4049 1947 4101 mea,

351 4135 408 4182 et
427 4130 520 4199 qui
546 4139 671 4184 sunt
701 4130 893 4186 fratres
924 4131 1068 4187 mei?
1092 4132 1154 4185 Et
1176 4129 1474 4187 extendens
1497 4144 1689 4185 manus
1712 4130 1765 4183 in
1790 4127 1952 4183 disci-

353 4221 510 4290 pulos
541 4237 672 4276 suos
697 4265 710 4288 ,
759 4224 934 4280 dixit:
959 4225 1098 4281 Ecce
1120 4233 1294 4281 mater
1325 4240 1441 4280 mea
1461 4269 1474 4291 ,
1508 4234 1563 4279 et
1591 4223 1788 4280 fratres
1828 4223 1954 4278 mei.

351 4313 695 4384 Quicumque
719 4317 862 4372 enim
882 4317 1071 4374 fecerit
1091 4319 1419 4374 voluntatem
1439 4317 1616 4372 Patris
1639 4317 1766 4382 mei,
1793 4316 1880 4387 qui
1905 4315 1960 4369 in

349 4406 508 4461 ctelis
527 4416 615 4463 est
645 4428 656 4460 :
683 4410 798 4480 ipse
824 4425 980 4467 meus
1008 4411 1176 4466 frater
1194 4455 1208 4480 ,
1237 4419 1294 4467 et
1316 4426 1497 4476 soror,
1526 4419 1581 4466 et
1607 4419 1780 4464 mater
1801 4420 1904 4465 est.

427 4499 582 4571 [ϐαρ.
615 4500 759 4558 ΧΙΙΙ.
792 4519 954 4559 cxxxr
976 4545 989 4568 ,
1019 4504 1099 4576 2.]
1130 4503 1189 4558 1n
1223 4505 1314 4560 illo
1363 4504 1453 4559 die
1479 4503 1667 4558 exiens
1694 4503 1853 4558 Jesus
1893 4501 1963 4557 de

353 4591 520 4647 domo
547 4636 562 4661 ,
599 4595 824 4652 sedebat
851 4612 1009 4654 secus
1040 4611 1214 4653 mare.
1249 4598 1319 4654 Et
1350 4607 1693 4669 congregatae
1727 4605 1854 4652 sunt
1894 4594 1962 4650 ad
1989 4579 2039 4641 Ῑ)
2070 4588 2222 4646 Unde
2268 4603 2398 4657 ergo
2457 4587 2621 4642 habet
2656 4586 2898 4640 Zizallia?
2942 4585 3010 4641 Ει
3053 4587 3130 4641 ait
3182 4586 3289 4644 iiiis

354 4699 482 4740 eum
521 4688 698 4743 turba:
725 4691 935 4757 multm,
967 4691 1044 4747 ita
1083 4701 1145 4747 ut
1169 4691 1222 4747 in
1247 4689 1360 4764 [Αι.
1397 4702 1496 4746 (ac.
1533 4689 1610 4761 in]
1658 4690 1961 4746 naviculam

359 4781 671 4837 ascendens
704 4784 944 4852 sederet,
983 4796 1035 4842 et
1062 4787 1243 4842 omnis
1272 4785 1429 4841 turba
1457 4786 1636 4840 stabat
1666 4784 1718 4839 in
1747 4785 1959 4840 littore:

357 4881 414 4926 et
444 4873 663 4931 locutus
710 4889 794 4933 est
821 4878 900 4934 eis
942 4880 1110 4935 multa
1149 4880 1204 4935 in
1247 4880 1521 4950 parabolis
1563 4878 1747 4934 dicens
1779 4896 1791 4931 :
1818 4879 1960 4933 Ecce

359 4965 494 5018 exiit
523 4968 615 5035 qui
643 4970 877 5026 seminat
901 4973 1195 5028 seminare.
1239 4971 1307 5027 Et
1337 4972 1463 5027 dum
1497 4973 1770 5036 seminat,
1811 4983 1962 5038 quae-

358 5055 486 5111 dam
530 5058 847 5117 ceciderunt
878 5077 1037 5119 secus
1079 5066 1222 5120 viam
1252 5106 1266 5128 ,
1313 5076 1367 5120 et
1407 5072 1676 5119 venerunt
1713 5063 1963 5118 volucres

360 5155 392 5185 ⁸
421 5151 570 5218 caeli,
601 5163 656 5209 et
685 5155 1050 5212 comederunt
1078 5172 1164 5213 ea.
1196 5156 1319 5212 Alia
1349 5165 1531 5211 autem
1561 5155 1880 5211 ceciderunt
1907 5155 1960 5210 in

359 5251 580 5313 petrosa
607 5291 620 5312 ,
652 5249 741 5303 ubi
773 5266 880 5304 non
905 5249 1184 5306 habebant
1213 5260 1420 5306 terram
1449 5249 1670 5304 multam
1707 5265 1720 5302 :
1752 5256 1808 5304 et
1833 5261 1966 5303 con-

361 5340 521 5396 tinuo
560 5353 748 5398 exorta
793 5356 920 5402 sunt
945 5389 959 5411 ,
1006 5348 1131 5418 quia
1170 5361 1284 5402 non
1317 5345 1594 5402 habebant
1625 5344 1966 5399 altitudinem

363 5444 552 5490 terrai.
585 5437 714 5493 Sole
745 5447 927 5496 autem
963 5449 1088 5498 orto
1135 5448 1507 5496 mstuaverunt
1540 5458 1550 5491 ε
1597 5447 1652 5493 et
1695 5439 1817 5508 quia
1859 5451 1969 5493 non

360 5528 643 5585 habebant
662 5531 902 5589 radicem
924 5575 939 5601 ,
966 5543 1256 5590 aruerunt.
1291 5535 1407 5589 Alia
1432 5543 1617 5588 autem
1652 5531 1973 5588 ceciderunt

362 5622 417 5677 in
444 5623 638 5693 spinas
668 5641 683 5682 :
708 5635 764 5682 et
784 5636 1085 5685 creverunt
1114 5629 1319 5700 spinae,
1363 5635 1420 5683 et
1446 5626 1856 5682 sufl‘ocaverunt
1883 5639 1968 5682 ea.

2062 3282 2190 3336 bum
2223 3281 2414 3348 audit,
2449 3289 2504 3338 et
2540 3279 2852 3338 sollicitudo
2881 3281 3066 3338 saeculi
3103 3279 3257 3339 istius
3279 3327 3294 3351 ,
3340 3291 3395 3339 et
3443 3282 3652 3340 fallacia

2062 3374 2401 3442 divitiarum,
2437 3375 2672 3432 suﬂ'ocat
2694 3375 2938 3444 verbum,
2970 3383 3024 3431 et
3050 3376 3168 3431 sine
3195 3375 3372 3432 fructu
3401 3376 3656 3432 efﬁcitur.

2061 3467 2164 3534 Qui
2193 3483 2325 3523 vero
2353 3467 2410 3522 in
2456 3477 2657 3524 terram
2703 3468 2901 3524 bonam
2933 3467 3229 3523 seminatus
3259 3478 3344 3524 est
3367 3514 3380 3538 ,
3418 3469 3505 3524 hic
3532 3478 3618 3526 est
3644 3510 3659 3537 ,

2062 3561 2154 3631 qui
2183 3560 2334 3615 audit
2362 3560 2590 3616 verbum
2617 3602 2631 3626 ,
2664 3569 2718 3616 et
2740 3558 3012 3630 intelligit,
3044 3570 3098 3615 et
3129 3561 3362 3618 fructum
3383 3561 3581 3628 affert,
3611 3571 3670 3618 et

2063 3653 2189 3709 facit
2221 3652 2365 3708 aliud
2399 3653 2617 3724 quidem
2645 3654 3026 3720 centesimum,
3060 3653 3207 3708 aliud
3238 3664 3418 3710 autem
3441 3670 3666 3727 sexage-

2063 3745 2284 3810 simum,
2314 3744 2461 3800 aliud
2485 3760 2615 3800 vero
2640 3743 3265 3816 tt'igesintutn.]cxxxv1,
3301 3743 3415 3816 10.]
3437 3757 3461 3784 α
3483 3746 3665 3802 Aliam

2063 3837 2378 3910 parabolam
2403 3838 2686 3909 pronosnit
2714 3836 2848 3901 illis,
2876 3836 3066 3892 dicens
3096 3855 3111 3892 :
3137 3835 3330 3893 Simile
3360 3837 3562 3893 factum
3586 3849 3669 3894 est

2065 3946 2294 4002 regnum
2325 3931 2588 3987 caelorum
2625 3929 2828 3985 homini
2855 3972 2870 3996 ,
2903 3929 2993 3999 qui
3025 3928 3316 3985 seminavit
3355 3929 3557 3985 bonum
3586 3947 3670 3988 se.

2066 4042 2191 4082 men
2234 4025 2286 4080 in
2335 4040 2467 4096 agro
2497 4039 2614 4079 suo.
2648 4023 2780 4078 Cum
2815 4034 2995 4078 autem
3038 4023 3341 4080 dormirent
3369 4022 3619 4082 homines
3649 4071 3663 4096 ,

2065 4121 2216 4176 venit
2262 4118 2515 4174 inimicus
2560 4119 2718 4188 ejus,
2770 4128 2824 4173 et
2869 4117 3332 4189 superseminavit
3369 4119 3574 4176 zizania
3612 4120 3666 4175 in

2066 4212 2251 4268 medio
2277 4212 2443 4266 tritici
2471 4252 2484 4275 ,
2519 4217 2574 4266 et
2602 4209 2754 4265 abiit.
2788 4210 2923 4265 Cum
2955 4217 3136 4266 autem
3159 4211 3427 4270 crevisset
3459 4215 3663 4283 herba,

2067 4315 2124 4362 et
2155 4306 2384 4361 fructum
2430 4304 2690 4372 fecisset,
2750 4311 2877 4361 tunc
2929 4315 3302 4374 apparuerunt
3340 4315 3396 4362 et
3434 4307 3661 4364 zizania.

2067 4401 2410 4457 Accedentes
2437 4407 2616 4454 autem
2647 4399 2794 4454 servi
2825 4398 3251 4469 patrisfamilias,
3285 4399 3541 4458 dixerunt
3571 4403 3620 4457 ei
3652 4421 3663 4456 :
3698 4422 3717 4438 -

2069 4494 2321 4561 Domine,
2346 4509 2527 4549 nonne
2549 4491 2753 4547 bonum
2783 4508 2973 4548 semen
2995 4493 3274 4550 seminasti
3297 4493 3352 4549 in
3379 4510 3508 4565 agro
3533 4496 3665 4551 tuo?

3340 4607 3355 4644 :
3405 4589 3659 4645 Inimicus

2068 4684 2233 4740 homo
2257 4681 2361 4737 hoc
2390 4681 2536 4736 fecit.
2568 4679 2724 4736 Servi
2749 4690 2929 4734 autem
2953 4677 3216 4736 dixerunt
3241 4681 3293 4737 ei
3320 4700 3332 4735 :
3357 4681 3467 4750 Vis,
3500 4683 3661 4750 imus,

2070 4787 2123 4832 et
2151 4775 2454 4846 colligimus
2483 4772 2584 4829 ea?
2614 4771 2681 4827 Et
2723 4772 2799 4826 ait
2829 4790 2839 4824 :
2873 4769 2992 4828 Non
3024 4791 3036 4827 :
3064 4789 3130 4830 ne
3172 4775 3310 4830 forte
3341 4775 3662 4846 colligentes

2069 4872 2273 4928 zizania
2322 4913 2336 4937 ,
2419 4867 2708 4926 eradicetis
2765 4868 2926 4922 simul
2979 4883 3104 4923 cum
3162 4870 3241 4925 eis
3289 4878 3344 4926 et
3399 4870 3660 4927 triticum.

2068 4964 2245 5022 Sinite
2304 4973 2531 5034 utraque
2583 4977 2836 5018 crescere
2889 4975 3058 5032 usque
3121 4960 3187 5017 ad
3258 4977 3530 5032 messem,
3609 4974 3667 5022 et

2071 5063 2124 5118 in
2175 5071 2418 5134 tempore
2474 5059 2667 5115 messis
2719 5059 2898 5114 dicam
2944 5057 3277 5114 messoribus
3338 5077 3350 5112 :
3411 5058 3664 5132 Colligite

2072 5159 2304 5229 primum
2356 5155 2601 5223 zizania,
2655 5162 2710 5208 et
2761 5153 2984 5223 alligate
3032 5167 3096 5209 ea
3146 5152 3199 5207 in
3250 5151 3543 5211 fasciculos
3595 5155 3662 5210 ad

2071 5248 2540 5306 comburendum:
2574 5244 2811 5300 triticum
2847 5254 3027 5300 autem
3072 5257 3399 5317 congregate
3442 5247 3496 5303 in
3538 5247 3666 5303 hor-

2073 5357 2226 5398 reum
2259 5355 2460 5396 meum.

2144 5435 2420 5508 [cxxxvu,
2453 5429 2535 5501 2.]
2562 5430 2736 5486 Aliam
2785 5430 3100 5502 parabolam
3143 5432 3427 5504 proposuit
3469 5434 3550 5492 eis
3585 5435 3667 5493 di-

2073 5545 2203 5588 cens
2250 5545 2262 5582 :
2312 5526 2501 5584 Simile
2544 5533 2626 5582 est
2659 5539 2884 5598 regnum
2933 5524 3195 5582 calorum
3218 5541 3389 5599 grano
3418 5527 3625 5601 sinapis
3647 5571 3664 5598 ,

2075 5621 2216 5694 quod
2247 5618 2522 5690 accipiens
2563 5621 2725 5674 homo
2757 5619 3044 5676 seminavit
3080 5618 3138 5676 in
3168 5633 3300 5693 agro
3333 5635 3433 5681 suo
3466 5639 3478 5678 :
3523 5620 3671 5692 quod

443 5837 467 5864 ε
493 5827 707 5887 Nomen
735 5832 871 5900 εοειὶ,
896 5833 1038 5903 quod
1062 5842 1116 5890 et
1145 5834 1404 5906 pleraque
1427 5832 1615 5889 Graeca
1645 5829 1974 5901 exemplaria
2007 5834 2190 5886 tacent
2216 5871 2233 5896 ,
2264 5842 2294 5884 a
2327 5825 2549 5899 Reginae
2578 5824 2792 5885 duobus
2827 5842 2958 5886 mss.
2991 5827 3166 5888 abest.
