4182 6338
526 310 632 371 559

1528 304 1585 360 S.
1630 300 2014 360 HIERONYMI
2054 299 2290 360 DIVINA
2331 298 2810 361 BIBLIOTHECA.

3722 296 3827 355 560

528 424 815 483 minimum
845 417 1064 490 quidem
1091 424 1175 473 est
1209 416 1461 474 omnibus
1491 416 1794 474 seminibus
1826 434 1840 473 :
1871 432 1994 473 cum
2026 432 2124 471 au-
2149 419 2204 480 Α
2227 416 2359 473 fecit
2405 417 2479 474 ibi
2529 418 2760 475 virtutes
2807 415 3008 473 multas
3037 458 3052 484 ,
3103 422 3331 488 propter
3387 414 3825 474 incredulitatem

529 528 641 575 tem
663 513 937 578 creverit,
961 511 1136 583 majus
1163 520 1248 567 est
1288 509 1544 566 omnibus
1574 509 1833 575 oleribus,
1859 518 1916 565 et
1945 509 2004 563 ﬁt
2030 524 2124 563 ar-

527 607 631 666 bor
656 649 672 676 ,
694 607 769 662 ita
797 614 856 661 ut
884 604 1141 659 volucres
1168 602 1293 659 coeli
1323 602 1548 657 veniant
1572 641 1588 669 ,
1618 611 1674 657 et
1697 600 1947 657 habitent
1970 600 2025 655 in
2048 614 2128 654 ra-

527 699 632 755 mis
659 697 798 769 ejus.
828 694 1113 770 [cxxxvut,
1142 691 1221 763 5.]
1252 692 1429 748 Aliam
1458 692 1771 763 parabolam
1801 691 2019 748 locutus
2041 700 2127 747 est

527 796 628 851 eis.
660 791 855 851 Simile
880 799 964 848 est
991 804 1216 861 regnum
1246 788 1511 844 caelorum
1544 788 1833 852 fermento,
1867 785 2012 856 quod
2035 800 2125 840 ac-

524 898 742 958 ceptum
767 884 963 942 mulier
978 882 1264 940 abscondit
1286 881 1338 936 in
1366 880 1550 936 farinae
1572 879 1705 936 satis
1729 879 1926 947 tribus,
1948 878 2126 935 donec

525 984 913 1038 fermentatum
944 989 1029 1033 εει
1061 984 1255 1030 totum.
1289 973 1532 1046 [cxxxtx,
1563 970 1640 1043 6.]
1672 970 1801 1026 Haec
1834 970 2015 1026 omnia
2047 970 2128 1026 lo-

528 1083 687 1132 cutus
715 1081 801 1128 est
829 1070 989 1127 Jesus
1016 1070 1068 1124 in
1101 1066 1378 1139 parabolis
1406 1066 1473 1121 ad
1509 1066 1696 1122 turbas
1730 1084 1741 1119 :
1774 1074 1829 1120 et
1875 1064 1993 1120 sine
2024 1078 2123 1135 pa-

528 1168 732 1226 rabolis
759 1180 865 1222 non
896 1164 1221 1236 loquebatur
1245 1162 1326 1216 eis
1360 1178 1375 1228 ;
1414 1172 1471 1217 ut
1501 1159 1828 1232 impleretur
1855 1159 1998 1230 quod
2046 1159 2128 1215 di-

524 1270 671 1317 ctum
715 1268 834 1315 erat
884 1271 978 1326 per
1016 1254 1340 1326 prophetam
1390 1253 1662 1309 dicentem
1710 1270 1724 1309 :
1771 1252 2023 1324 Aperiam
2068 1251 2122 1306 in

526 1351 800 1423 parabolis
832 1364 893 1404 os
920 1363 1098 1403 meum
1128 1388 1144 1411 ,
1172 1348 1429 1403 eructabo
1459 1346 1773 1402 abscondita
1803 1361 1833 1399 a
1860 1345 2127 1400 constitu-

527 1445 679 1500 tione
707 1442 914 1499 mundi.
954 1442 1100 1515 ψει,
1134 1438 1247 1510 10.]
1280 1439 1452 1503 Tunc,
1486 1439 1723 1493 dimissis
1758 1437 1952 1502 turbis,
1976 1438 2129 1492 venit

525 1538 581 1593 itt
609 1537 872 1592 domum:
916 1544 969 1590 et
1010 1541 1364 1589 accesserunt
1400 1532 1467 1586 ad
1516 1547 1640 1587 eum
1678 1529 1930 1601 discipuli
1960 1529 2078 1600 ejus
2104 1569 2121 1597 ,

525 1631 773 1687 dicentes
820 1649 831 1682 :
895 1629 1152 1684 Edissere
1206 1627 1364 1681 nobis
1415 1625 1735 1696 parabolatn
1788 1624 2123 1679 zizaniorum

522 1724 660 1795 agri.
692 1724 793 1791 Qui
822 1720 1157 1791 respondens
1184 1721 1257 1776 ait
1289 1728 1314 1757 ιι
1349 1719 1493 1773 illis:
1524 1718 1625 1786 Qui
1660 1720 1891 1773 seminat
1916 1718 2119 1775 bonum

2237 512 2477 569 illorum.

2304 601 2453 677 [ϐαρ.
2484 602 2627 661 XIV.
2660 604 2949 677 cxun,2.]
2987 603 3045 661 In
3077 604 3173 660 illo
3202 612 3454 675 tempore
3481 602 3690 660 audivit
3720 603 3828 660 lle-

2229 698 2394 756 rodes
2442 698 2739 756 Tetrarcha
2792 701 2988 755 famam
3036 699 3205 756 Jesu:
3238 711 3295 757 et
3339 699 3416 755 ait
3456 698 3641 771 pueris
3672 698 3826 755 suis:

2231 791 2329 847 Hic
2368 799 2452 847 est
2483 790 2722 847 Joannes
2752 792 2996 862 Baptista
3027 808 3041 845 :
3087 793 3205 863 ipse
3244 793 3485 848 surrexit
3514 806 3542 847 a
3574 792 3826 861 mortuis,

2228 892 2282 939 et
2307 881 2430 939 ideo
2457 882 2689 938 virtutes
2716 891 3013 952 operantur
3042 881 3098 940 in
3128 898 3216 940 eo.
3249 885 3453 957 [_cxt.tv,
3475 879 3556 955 2.]
3585 882 3833 940 Herodes

2228 978 2373 1034 enim
2409 976 2581 1033 tenuit
2604 977 2893 1042 Joannem,
2923 986 2980 1034 et
3004 977 3249 1050 alligavit
3274 993 3398 1034 eum
3426 994 3440 1033 :
3471 987 3527 1034 et
3555 978 3734 1048 posuit
3772 977 3829 1033 in

2226 1084 2504 1126 carcerem
2561 1080 2785 1142 propter
2833 1070 3194 1128 llcrodiadem
3236 1086 3461 1127 uxorem
3501 1070 3683 1127 fratris
3721 1069 3829 1125 sui.

2228 1162 2451 1219 Dicebat
2494 1164 2642 1218 enim
2694 1164 2771 1219 illi
2819 1163 3102 1221 Joannes:
3153 1164 3274 1221 Non
3320 1165 3448 1221 licet
3497 1162 3593 1219 tibi
3627 1164 3831 1221 habere

2226 1272 2369 1310 eam.
2427 1257 2493 1311 Et
2538 1256 2729 1312 volens
2760 1256 2912 1311 illum
2961 1256 3249 1326 occidere,
3300 1256 3480 1311 timuit
3525 1255 3825 1326 populum:

2226 1348 2503 1419 quiasicut
2523 1349 2849 1419 Prophetam
2873 1365 2998 1404 eum
3015 1348 3307 1405 habebant.
3326 1348 3593 1421 [chv,6.]
3612 1348 3708 1404 Die
3731 1363 3831 1404 an-

2227 1453 2334 1497 tem
2365 1442 2565 1497 natalis
2591 1441 2825 1498 Herodis
2875 1442 3090 1497 saltavit
3130 1442 3237 1496 filia
3270 1442 3596 1497 llerodiadis
3624 1442 3677 1497 in
3710 1457 3830 1498 me-

2225 1534 2318 1590 dio
2341 1576 2357 1601 ,
2390 1542 2444 1591 et
2473 1535 2675 1605 placuit
2706 1534 2929 1591 Herodi.
2982 1534 3139 1592 Unde
3168 1550 3291 1591 cum
3318 1535 3629 1605 juramento
3667 1535 3831 1604 polli-

2224 1628 2366 1683 citus
2394 1636 2476 1682 est
2509 1628 2560 1683 ei
2603 1628 2737 1682 dare
2774 1627 3156 1698 quodcumque
3183 1627 3512 1698 postulasset
3546 1626 3614 1683 ab
3640 1642 3727 1682 eo.
3760 1626 3834 1683 At

2226 1723 2317 1779 illa
2348 1724 2671 1794 prmmonita
2701 1738 2730 1777 a
2775 1733 2949 1779 matre
2980 1738 3098 1790 sua,
3127 1724 3203 1779 Da
3227 1723 3391 1793 mihi,
3425 1724 3623 1792 inquit,
3655 1723 3742 1777 hic
3772 1722 3831 1778 in

520 1830 736 1881 semen,
766 1826 849 1871 est
873 1813 1038 1868 Filius
1058 1813 1315 1867 hoininis.
1342 1816 1483 1882 Ager
1512 1820 1731 1875 autem,
1758 1818 1840 1864 est
1864 1810 2120 1864 mundus.
2154 1811 2201 1872 Β
2229 1816 2381 1872 disco
2417 1823 2582 1885 caput
2620 1816 2848 1872 Joannis
2892 1816 3171 1886 Baptistae.
3235 1815 3303 1870 Et
3348 1816 3707 1871 contristatus
3748 1823 3832 1870 est

522 1910 732 1965 Bonum
766 1923 899 1963 vero
928 1921 1114 1962 semen
1141 1948 1154 1973 ,
1191 1906 1245 1959 bi
1286 1913 1413 1959 sunt
1442 1903 1533 1958 lilii
1564 1904 1736 1974 regni.
1769 1901 1985 1959 Zizania
2024 1917 2123 1956 au-

523 2012 657 2070 tem,
686 2003 785 2057 filii
812 2012 938 2056 sunt
960 2015 1215 2071 nequam.
1247 1998 1499 2054 Inimicus
1529 2006 1733 2064 autem,
1769 1997 1860 2067 qui
1889 1995 2125 2051 semina-

524 2097 605 2151 vit
633 2111 693 2151 ea
713 2136 727 2160 ,
764 2105 847 2151 est
866 2094 1136 2150 diabolus.
1170 2091 1363 2149 Messis
1396 2107 1524 2148 vero
1548 2136 1561 2159 ,
1588 2091 1991 2147 consummatio
2019 2105 2123 2146 sae-

521 2189 631 2245 culi
665 2198 767 2244 est.
801 2189 1065 2243 Messores
1095 2193 1274 2242 autem
1302 2225 1316 2252 ,
1360 2184 1539 2255 angeli
1570 2192 1718 2237 sunt.
1767 2182 1919 2237 Sicut
1946 2197 2078 2253 ergo
2104 2224 2120 2249 ,

522 2281 858 2352 colliguntur
880 2279 1083 2335 zizania
1103 2318 1121 2347 ,
1151 2285 1205 2334 et
1231 2276 1342 2347 igni
1373 2276 1766 2331 comburuntur
1791 2292 1805 2329 :
1833 2275 1912 2331 sic
1934 2273 2036 2329 erit
2065 2275 2122 2330 in

520 2375 993 2432 consummatione
1015 2372 1224 2429 saeculi.
1250 2371 1419 2426 Mittet
1446 2370 1616 2426 Filius
1639 2369 1875 2425 hominis
1895 2369 2122 2439 angelos

524 2483 678 2533 suos,
711 2476 765 2522 et
794 2466 1051 2536 colligent
1076 2464 1145 2519 de
1173 2478 1344 2534 regno
1374 2462 1493 2532 ejus
1520 2462 1700 2517 omnia
1722 2460 1979 2516 scandala
2009 2505 2022 2529 ,
2067 2468 2123 2515 et

520 2575 618 2616 eos
649 2560 739 2630 qui
769 2557 969 2614 faciunt
998 2557 1337 2628 iniquitatem
1373 2573 1385 2609 :
1412 2565 1471 2611 et
1499 2555 1716 2609 mittent
1741 2568 1836 2610 eos
1866 2554 1921 2608 in
1948 2553 2119 2608 cami-

521 2666 649 2706 num
682 2650 840 2722 ignis.
877 2648 956 2705 lbi
984 2648 1092 2704 erit
1127 2647 1289 2702 fletus
1313 2691 1326 2714 ,
1361 2657 1415 2701 et
1445 2645 1651 2701 stridor
1677 2644 1941 2701 dentium.
1971 2644 2121 2699 Tunc

523 2745 660 2815 justi
694 2744 973 2816 fulgebunt
996 2743 1134 2797 sicut
1161 2742 1243 2796 sol
1280 2740 1333 2795 in
1373 2755 1542 2810 regno
1567 2739 1743 2794 Patris
1774 2753 1985 2792 eorum.
2015 2736 2118 2805 Qui

521 2839 685 2893 habet
730 2851 891 2893 aures
936 2833 1237 2902 audiendi,
1272 2832 1478 2887 audiat.
1522 2830 1713 2886 Simile
1764 2838 1853 2885 est
1890 2843 2118 2899 regnum

521 2932 785 2990 caelorum
837 2930 1090 2987 thesauro
1134 2926 1455 2983 abscondito
1500 2926 1553 2979 in
1594 2938 1728 2994 agro
1775 2942 1785 2974 :
1826 2936 1988 2993 quem
2027 2922 2118 2993 qui

516 3026 728 3083 invenit
756 3026 941 3092 homo,
972 3021 1291 3088 abscondit,
1321 3028 1376 3075 et
1402 3034 1509 3089 prae
1539 3017 1739 3089 gaudio
1767 3015 1916 3071 illius
1946 3014 2114 3084 vadit,

516 3130 572 3177 et
602 3117 787 3176 vendit
810 3118 1062 3173 universa
1095 3129 1216 3184 qua:
1239 3112 1437 3175 habet,
1470 3119 1525 3167 et
1552 3112 1685 3166 emit
1725 3124 1913 3179 agrum
1942 3107 2113 3162 illum.

2227 1923 2325 1964 rex
2352 1925 2365 1961 :
2400 1917 2622 1978 promer
2643 1908 3012 1978 juramentnm
3040 1918 3221 1964 autem
3241 1952 3255 1977 ,
3293 1916 3347 1964 et
3372 1923 3471 1964 eos
3500 1909 3591 1979 qui
3626 1908 3834 1979 pariter

2226 1999 2655 2065 recumbebant,
2702 1998 2868 2070 jussit
2916 2000 3054 2055 dari.
3116 1999 3402 2070 Misitque,
3445 2012 3501 2056 et
3538 1999 3834 2056 decollavit

2224 2091 2493 2148 Joannem
2542 2094 2594 2148 in
2622 2108 2865 2150 carcere.
2930 2095 2994 2148 Et
3032 2094 3257 2150 allatum
3296 2104 3381 2151 est
3424 2104 3590 2167 caput
3618 2096 3737 2167 ejus
3774 2098 3832 2153 in

2224 2184 2401 2250 disco,
2434 2195 2491 2242 et
2515 2186 2700 2241 datum
2729 2195 2815 2243 est
2843 2187 3063 2259 puellae,
3098 2198 3155 2244 et
3178 2189 3363 2245 attulit
3388 2190 3547 2245 matri
3579 2204 3715 2245 suae.
3757 2190 3832 2246 Et

2223 2277 2549 2333 accedentes
2593 2278 2847 2349 discipuli
2894 2278 3039 2349 ejus,
3093 2280 3337 2337 tulerunt
3356 2295 3558 2352 corpus
3579 2282 3719 2353 ejus,
3772 2289 3833 2339 et

2223 2370 2566 2440 sepelierunt
2614 2370 2784 2427 illud:
2829 2381 2883 2427 et
2922 2373 3207 2429 venientes
3246 2375 3634 2431 nuntiaverunt
3672 2376 3829 2432 Jesu.

2225 2462 2524 2535 [cxnvt,5.]
2555 2462 2710 2530 Quod
2735 2478 2860 2519 cum
2887 2464 3131 2521 audisset
3158 2465 3339 2532 Jesus,
3369 2468 3599 2524 secessit
3627 2468 3753 2524 inde
3773 2470 3829 2524 in

2223 2556 2469 2610 navicula
2495 2596 2511 2622 ,
2558 2556 2612 2610 in
2643 2557 2826 2611 locum
2856 2557 3132 2612 desertum
3165 2573 3453 2614 seorsum:
3486 2568 3542 2614 et
3575 2574 3698 2616 cum
3727 2574 3830 2615 au-

2222 2648 2430 2703 dissent
2459 2648 2655 2715 turbae,
2686 2659 2887 2704 secutae
2915 2659 3041 2705 sunt
3066 2665 3189 2705 eum
3223 2650 3507 2720 pedestres
3537 2652 3606 2709 de
3636 2654 3832 2707 civita-

2224 2738 2389 2794 tibus.
2434 2739 2501 2794 Et
2544 2740 2739 2795 exiens
2767 2740 2906 2795 vidit
2940 2741 3152 2796 turbam
3182 2742 3408 2798 multam
3433 2783 3449 2809 ,
3490 2752 3547 2799 et
3575 2743 3829 2800 misertus

2222 2843 2309 2889 est
2355 2833 2437 2889 eis
2469 2872 2487 2899 ,
2532 2841 2590 2889 et
2634 2835 2847 2890 curavit
2891 2834 3176 2907 languidos
3225 2851 3438 2892 eorum.
3490 2837 3717 2910 [CXLVI],
3748 2836 3828 2910 1.]

2225 2924 2467 2996 Vespere
2496 2933 2677 2981 autem
2707 2925 2850 2983 facto
2872 2969 2887 2993 ,
2935 2937 3289 2989 accesserunt
3318 2929 3385 2984 ad
3416 2945 3541 2985 eum
3574 2931 3829 3002 discipuli

2222 3017 2363 3086 ejus,
2397 3017 2685 3074 dicentes:
2721 3020 2981 3076 Desertus
3001 3022 3274 3090 estlocus,
3305 3033 3364 3078 et
3386 3023 3524 3078 hora
3542 3024 3653 3096 jam
3680 3040 3823 3098 pra:-

2223 3109 2405 3165 teriit:
2454 3110 2669 3168 dimitte
2711 3112 2926 3180 turbas,
2959 3124 3014 3168 ut
3042 3124 3239 3171 euntes
3272 3115 3328 3171 in
3352 3116 3612 3183 castella,
3642 3126 3831 3175 emant

516 3212 720 3267 lterum
750 3209 927 3265 simile
950 3216 1031 3263 est
1063 3221 1292 3277 regnum
1323 3204 1586 3260 caelorum
1625 3200 1831 3256 homini
1877 3200 2117 3271 negotia-
2145 3203 2192 3267 C
2222 3202 2327 3257 sibi
2357 3217 2534 3259 escas.
2586 3203 2745 3260 Jesus
2788 3214 2973 3261 autem
3017 3206 3154 3262 dixit
3182 3209 3304 3264 eis:
3353 3209 3471 3264 Non
3502 3202 3709 3268 habent
3731 3227 3829 3270 ne-

522 3303 647 3367 tori,
685 3300 950 3372 quaerenti
976 3298 1147 3355 bonas
1172 3296 1514 3366 margaritas.
1545 3294 1769 3349 Inventa
1801 3302 1983 3347 autem
2015 3306 2117 3346 una

522 3395 762 3465 pretiosa
792 3393 1078 3463 margarita
1110 3435 1122 3459 ,
1158 3389 1287 3444 abiit
1314 3428 1326 3455 ,
1368 3396 1422 3442 et
1451 3385 1636 3443 vendit
1665 3386 1844 3441 omnia
1871 3401 1991 3455 qua:
2025 3386 2119 3438 ha-

518 3488 658 3558 buit,
676 3497 731 3544 et
749 3487 881 3543 emit
903 3502 1044 3542 eam.
1060 3484 1260 3541 lterum
1293 3482 1473 3539 simile
1496 3491 1581 3537 est
1603 3495 1828 3551 regnum
1854 3479 2117 3535 calorum

518 3596 738 3649 sagenae
773 3579 952 3635 missa:
991 3577 1043 3633 in
1082 3591 1262 3643 mare,
1296 3584 1352 3630 et
1382 3590 1449 3630 ex
1473 3572 1621 3629 omni
1660 3586 1862 3643 genere
1892 3571 2119 3641 piscium

519 3670 890 3745 congreganti.
925 3670 1096 3737 Quam
1120 3710 1133 3735 ,
1164 3682 1290 3723 cum
1314 3666 1537 3737 impleta
1566 3674 1749 3731 esset,
1787 3663 2114 3727 educentcs,

519 3775 576 3823 et
605 3780 767 3821 secus
810 3763 965 3819 littus
995 3760 1249 3817 sedentes
1271 3801 1286 3827 ,
1331 3759 1615 3829 elegerunt
1652 3756 1826 3813 bonos
1869 3757 1922 3811 in
1955 3771 2079 3811 vasa
2100 3795 2114 3820 ,

516 3856 695 3915 malos
725 3866 909 3911 autem
938 3852 1084 3910 foras
1114 3853 1400 3907 miserunt.
1434 3850 1527 3906 Sic
1551 3849 1657 3905 erit
1687 3850 1738 3904 in
1768 3862 2117 3904 consumma-

519 3951 669 4006 tione
691 3946 877 4004 szeculi
909 3963 921 3999 :
947 3946 1175 4003 exibunt
1196 3942 1396 4015 angeli,
1421 3952 1477 3998 et
1499 3942 1830 4012 separabunt
1853 3942 2025 3997 malos
2052 3939 2119 3997 de

518 4044 701 4100 medio
728 4043 1000 4114 justorum
1025 4082 1038 4107 ,
1073 4049 1129 4096 et
1161 4039 1380 4094 mittent
1408 4051 1503 4094 eos
1533 4037 1587 4092 in
1627 4036 1898 4092 caminum
1932 4035 2072 4108 ignis
2103 4052 2116 4089 :

516 4140 598 4195 ibi
627 4138 731 4195 erit
760 4137 944 4201 fletus,
971 4143 1028 4191 et
1050 4133 1255 4190 stridor
1277 4130 1550 4188 dentium.
1577 4129 1604 4168 ι)
1636 4129 1982 4185 lntellexistis
2007 4130 2121 4186 haec

517 4231 974 4289 omnia‘lDicunt
1014 4229 1062 4283 ei
1113 4245 1127 4283 :
1172 4227 1371 4283 Etiam.
1421 4226 1509 4281 Ait
1547 4224 1655 4279 illis
1708 4242 1721 4277 :
1774 4224 1903 4281 ldeo
1942 4226 2121 4279 omnis

522 4322 707 4380 scriba
736 4319 929 4378 doctus
960 4320 1014 4376 in
1046 4334 1213 4390 regno
1236 4318 1507 4375 caelorum
1528 4356 1544 4383 ,
1577 4316 1769 4371 similis
1800 4326 1883 4371 est
1914 4315 2119 4372 homini

460 4480 481 4499 .
514 4413 908 4489 patrifamilias
931 4454 948 4481 ,
988 4414 1079 4485 qui
1124 4411 1329 4483 profert
1366 4411 1435 4467 de
1464 4410 1725 4466 thesauro
1755 4424 1856 4465 suo
1887 4425 2024 4465 nova
2064 4417 2121 4465 et

520 4518 729 4567 vetera.
764 4508 831 4564 Et
859 4508 1062 4563 factum
1092 4513 1200 4574 est,
1232 4520 1354 4561 cum
1384 4512 1821 4560 consummasset
1844 4503 2004 4559 Jesus
2024 4517 2119 4574 pa-

522 4603 737 4659 rabolas
764 4603 935 4670 istas,
963 4599 1341 4658 transiitinde.
1367 4599 1511 4673 [cm
1533 4643 1547 4668 ,
1583 4599 1661 4671 1.]
1708 4599 1776 4654 Et
1805 4601 2031 4655 veniens
2064 4598 2116 4653 in
2145 4590 2196 4651 D

522 4694 755 4764 patriam
783 4709 963 4755 suam.
988 4692 1219 4749 docebat
1246 4705 1340 4747 eos
1373 4691 1427 4746 in
1469 4692 1758 4763 synagogis
1786 4706 2004 4757 eorum,
2039 4691 2115 4747 ita

520 4797 584 4843 ut
609 4786 959 4853 mirarentur,
987 4793 1044 4840 et
1063 4783 1308 4839 dicerent
1326 4799 1338 4837 :
1356 4781 1512 4839 Unde
1542 4782 1666 4837 huic
1688 4783 1953 4853 sapientia
1977 4784 2112 4853 haec,

522 4890 579 4937 et
606 4880 874 4936 virtutes?
912 4877 1101 4934 Nonne
1129 4876 1219 4932 hic
1247 4885 1331 4933 est
1360 4876 1494 4931 fabri
1522 4876 1699 4932 (ilius?
1729 4876 1919 4932 Nonne
1945 4886 2116 4935 mater

521 4974 640 5045 ejus
668 4972 869 5029 dicitur
900 4970 1095 5037 Maria;
1124 4979 1181 5026 et
1209 4968 1409 5025 fratres
1439 4967 1559 5039 ejus
1594 4967 1795 5037 Jacob,
1828 4977 1881 5025 et
1911 4969 2114 5040 Joseph

524 5066 635 5139 [ΑΙ.
666 5063 845 5139 Joses]
876 5108 890 5132 ,
934 5074 986 5119 et
1008 5062 1200 5120 Simon
1222 5104 1237 5129 ,
1272 5071 1330 5118 et
1372 5060 1577 5118 Judas?
1609 5071 1665 5117 et
1708 5076 1927 5118 sorores
1956 5062 2072 5135 ejus
2098 5107 2113 5132 ,

522 5175 703 5217 nonne
750 5172 941 5213 omnes
1010 5155 1154 5227 apud
1203 5169 1304 5211 nos
1352 5154 1531 5210 sunt?
1608 5153 1760 5211 Unde
1810 5170 1941 5227 ergo
1993 5156 2120 5211 huic

522 5253 704 5307 omnia
751 5251 890 5305 ista?
937 5249 1007 5304 Et
1051 5248 1555 5305 scandalizabantur
1592 5247 1646 5302 in
1687 5262 1774 5303 eo.
1825 5247 2009 5320 [chu,
2042 5248 2118 5321 1.]

521 5345 683 5401 Jesus
735 5353 916 5399 autem
970 5342 1110 5399 dixit
1160 5343 1244 5399 eis
1300 5359 1313 5396 :
1371 5340 1488 5397 Non
1533 5349 1617 5396 est
1676 5340 1948 5411 Propheta
1999 5343 2119 5399 sine

522 5437 730 5495 honore
750 5476 766 5504 ,
798 5437 899 5492 nisi
930 5436 984 5492 in
1015 5436 1188 5507 patria
1219 5450 1346 5501 sua,
1377 5433 1505 5490 etin
1539 5433 1703 5489 domo
1748 5449 1868 5490 sua.
1912 5435 1979 5491 Et
2011 5452 2117 5490 non

596 5594 624 5623 ι
654 5581 771 5639 Hoc
809 5582 972 5638 etiam
1005 5596 1256 5652 pronum.
1287 5580 1392 5652 illis
1430 5576 1854 5647 praetermittunt
1895 5578 2113 5650 Reginae

521 5656 741 5714 codices
768 5669 889 5710 cum
930 5650 1136 5710 Graecis
1170 5650 1415 5707 melioris
1446 5657 1609 5703 noun.

598 5727 623 5767 δ
661 5724 1199 5799 Praeponuntgraeca
1219 5724 1477 5799 pleraque
1500 5721 1833 5793 exemplaria
1856 5724 2000 5799 Λέγει
2026 5725 2112 5781 αὐ-

520 5811 635 5867 τοῖς
659 5800 687 5861 ὅ
714 5794 913 5862 Ἰηὸοῦς
937 5838 952 5868 ,
986 5795 1124 5853 Dicit
1152 5796 1226 5853 eis
1253 5794 1429 5852 Jesus.

2222 3307 2376 3349 cesse
2403 3294 2523 3351 ire:
2559 3294 2686 3352 date
2729 3296 2836 3352 illis
2864 3311 2962 3352 vos
3004 3299 3354 3357 manducare.
3406 3300 3830 3373 Responderunt

2220 3385 2267 3440 ei
2296 3402 2307 3437 :
2340 3384 2459 3442 Non
2491 3386 2755 3443 habemus
2794 3387 2885 3443 hic
2930 3387 3034 3444 nisi
3071 3390 3325 3462 quinque
3363 3407 3529 3463 panes
3550 3434 3567 3462 ,
3601 3403 3657 3450 et
3685 3395 3826 3452 duos

2222 3477 2421 3547 pisces.
2448 3477 2552 3546 Qui
2586 3482 2662 3535 ait
2689 3481 2810 3535 eis:
2850 3479 3055 3537 Alferte
3090 3482 3221 3537 tnihi
3259 3483 3384 3541 illos
3415 3484 3542 3542 huc.
3607 3486 3827 3544 Etcum

2217 3569 2479 3639 jussisset
2508 3571 2720 3628 turbam
2762 3571 3108 3631 discumbere
3153 3590 3321 3648 super
3346 3576 3556 3647 fenum,
3587 3580 3828 3651 acceptis

2223 3662 2463 3731 quinque
2491 3664 2743 3735 panibus,
2792 3674 2848 3721 et
2895 3665 3109 3723 duobus
3140 3667 3379 3738 piscibus
3403 3714 3417 3739 ,
3461 3670 3737 3741 aSpiciens
3769 3672 3826 3727 in

2219 3757 2418 3813 caelum
2448 3758 2767 3829 benedixit,
2811 3768 2868 3817 et
2895 3759 3099 3831 fregit,
3144 3772 3199 3817 et
3224 3762 3378 3819 dedit
3417 3763 3699 3836 discipulis
3731 3781 3828 3837 pa-

2221 3862 2340 3916 nes,
2372 3847 2623 3919 discipuli
2661 3859 2843 3908 autem
2880 3852 3075 3909 turbis.
3120 3853 3188 3910 Et
3215 3856 3683 3913 manducaverunt
3709 3874 3827 3913 utn-

2228 3956 2359 4009 nes,
2393 3951 2450 3998 et
2489 3944 2717 4000 saturati
2738 3955 2886 4001 sunt.
2940 3946 3006 4001 Et
3040 3948 3283 4005 tulerunt
3311 3950 3591 4022 reliquias,
3617 3953 3825 4010 duode-

2221 4036 2329 4091 cim
2358 4035 2625 4106 cophinos
2646 4038 3071 4109 fragmentorutn
3110 4042 3318 4111 plenos.
3383 4044 3824 4104 Manducantium

2221 4140 2401 4186 autem
2426 4129 2525 4185 fuit
2551 4147 2813 4189 numerus
2834 4175 2849 4199 ,
2881 4134 3120 4205 quinque
3144 4136 3315 4192 millia
3358 4139 3636 4206 virorum,
3665 4154 3823 4196 exce-

2223 4223 2329 4295 ptis
2360 4224 2716 4295 mulieribus,
2760 4236 2814 4283 et
2850 4228 3113 4298 parvulis.
3156 4231 3406 4304 Ιξοχωίιι,
3441 4231 3521 4305 6.]
3548 4233 3612 4287 Et
3642 4236 3822 4289 statim

2226 4326 2247 4355 ο
2280 4316 2547 4387 compulit
2572 4317 2734 4374 Jesus
2758 4318 3053 4392 discipulos
3079 4324 3381 4381 ascendere
3412 4326 3464 4380 in
3494 4326 3819 4394 naviculam,

2221 4420 2277 4467 et
2308 4412 2620 4482 praecedere
2666 4430 2791 4471 eum
2844 4424 2995 4473 trans
3042 4416 3242 4476 fretum
3269 4461 3283 4488 ,
3317 4420 3491 4477 donec
3520 4419 3824 4479 dimitteret

2224 4506 2433 4562 turbas.

2294 4599 2494 4672 [cxux,
2535 4600 2617 4675 2.]
2649 4602 2715 4658 Et
2741 4603 2964 4661 dimissa
2997 4606 3190 4676 turba,
3214 4609 3464 4666 ascendit
3495 4611 3547 4665 in
3582 4619 3821 4668 montem

2223 4694 2379 4750 solus
2407 4711 2584 4751 orare.
2614 4696 2721 4769 [ειη
2751 4697 2833 4770 4.]
2864 4699 3105 4770 Vespere
3134 4713 3316 4758 autem
3340 4706 3501 4772 facto,
3531 4706 3684 4761 solus
3707 4716 3826 4762 erat

2223 4787 2317 4845 ibi.
2352 4789 2611 4848 Navicula
2653 4803 2836 4849 autem
2879 4795 2935 4850 in
2959 4797 3138 4852 medio
3181 4800 3317 4854 mari
3348 4799 3662 4870 jactabatur
3723 4802 3826 4858 flu-

2222 4884 2403 4941 etibus
2433 4904 2445 4939 :
2476 4896 2595 4942 erat
2624 4888 2774 4943 enim
2801 4890 3112 4946 contrarius
3140 4901 3360 4948 ventus.
3401 4895 3610 4963 Quarta
3642 4906 3823 4953 autem

2224 4978 2411 5048 vigilia
2441 4978 2621 5033 noctis
2648 5020 2664 5047 ,
2697 4982 2849 5035 venit
2893 4981 2960 5037 ad
3004 4996 3103 5039 eos
3134 4984 3421 5040 ambulans
3451 5001 3618 5058 super
3648 5002 3821 5044 mare.

2226 5067 2296 5123 Et
2340 5069 2592 5126 videntes
2642 5086 2766 5127 eum
2814 5072 2922 5145 [AL
2954 5074 3081 5129 add.
3132 5074 3407 5148 discipuli]
3456 5093 3624 5149 super
3668 5096 3823 5137 mare

2225 5161 2623 5230 ambulantem,
2661 5164 2865 5220 turbati
2896 5176 3046 5235 sunt,
3077 5168 3367 5227 dicentes:
3411 5170 3548 5238 Quia
3593 5172 3827 5242 phanta-

2223 5269 2339 5311 sma
2369 5265 2472 5313 est.
2505 5257 2573 5313 Et
2599 5272 2713 5329 prie
2749 5257 2942 5315 timore
2968 5260 3367 5318 clamaverunt.
3396 5264 3705 5336 Statimque
3732 5265 3826 5322 Je-

2223 5363 2316 5405 sus
2348 5349 2562 5406 locutus
2598 5361 2682 5406 est
2715 5352 2795 5407 eis
2816 5392 2832 5421 ,
2865 5351 3055 5409 dicens
3083 5372 3097 5408 z
3141 5355 3352 5413 llabete
3383 5357 3680 5416 fiduciam:
3720 5375 3824 5431 ego

2222 5455 2365 5511 sum,
2397 5442 2567 5499 nolite
2618 5442 2834 5501 timere.
2888 5444 3172 5517 [cu,10.]
3224 5449 3590 5521 Respondens
3639 5462 3821 5509 autem

2300 5596 2321 5623 ο
2364 5586 2480 5641 Duo
2507 5584 2729 5665 Regina:
2759 5603 2920 5656 mss.,
2945 5592 3140 5665 Δέςιαιίηι
3170 5591 3335 5665 jussit
3365 5592 3679 5665 discipulis,
3702 5591 3820 5661 ipso

2217 5653 2371 5785 {gara
2418 5653 2637 5715 nomine
2678 5653 3092 5731 praetermisso:
3140 5653 3197 5720 e't
3244 5663 3436 5720 Graeco
3458 5653 3821 5721 dissentiente

2277 5744 2310 5783 Χ
2337 5746 2389 5783 llo
