4182 6338
362 404 463 463 56!

1324 402 1783 463 EVANGEIJUM
1822 405 2199 465 SECUNDUM
2240 405 2676 467 MATTIIEUM.
3395 410 3405 449 I

3553 410 3657 467 562

362 522 559 579 I‘etrus
589 520 727 577 dixit
762 539 771 574 :
800 519 1066 587 Domine,
1098 522 1142 575 si
1177 528 1233 575 tu
1265 536 1353 585 es,
1390 520 1522 591 jube
1565 536 1653 575 me
1683 520 1749 576 ad
1783 529 1832 574 te
1866 534 1948 575 ve-
1988 526 2040 584 Α
2069 521 2267 577 finibus
2296 522 2401 576 illis
2432 537 2655 594 egressa
2696 522 2954 578 clamavit
2981 566 2994 588 ,
3044 524 3231 579 dicens
3272 526 3320 580 ei
3350 541 3364 580 :
3399 524 3658 581 Miserere

362 615 483 671 nire
507 628 673 685 super
695 627 886 683 aquas.
934 616 1005 668 At
1034 613 1153 683 ipse
1182 614 1257 668 ait
1282 632 1295 668 :
1330 612 1489 669 Veni.
1521 612 1591 668 Et
1614 612 1961 668 descendens

362 708 559 765 Petrus
588 708 657 763 de
688 706 960 773 navicula,
991 706 1307 763 ambulabat
1332 722 1501 777 super
1527 722 1745 777 aquam,
1781 716 1838 761 ut
1871 722 1962 762 ve-

363 802 509 857 niret
538 800 608 856 ad
634 799 845 856 Jesum.
902 799 1107 856 Videas
1148 814 1283 856 vero
1321 808 1543 855 ventum
1582 800 1817 855 validum
1847 840 1861 865 ,
1897 800 1961 854 ti-

364 894 539 950 muit:
569 905 626 950 et
650 909 775 949 cum
797 895 1055 962 cmpisset
1082 893 1274 965 mergi,
1305 893 1569 949 clamavit
1595 894 1783 949 dicens
1809 911 1821 948 :
1852 893 1958 949 Do-

364 990 544 1054 mine,
575 988 788 1043 salvum
818 1003 907 1043 me
940 986 1048 1043 fac.
1092 988 1161 1043 Et
1188 988 1444 1044 continuo
1470 987 1627 1042 Jesus
1658 986 1959 1043 extendens

362 1081 988 1151 manum,apprehendit
1013 1096 1136 1137 eum
1164 1098 1179 1136 :
1208 1091 1264 1136 et
1288 1081 1365 1136 ait
1395 1081 1475 1136 illi
1504 1099 1515 1134 :
1545 1081 1770 1137 Modica:
1798 1081 1956 1148 fidei,

359 1191 530 1248 quare
556 1176 867 1231 dubitasti?
910 1174 1061 1248 [cut,
1092 1174 1171 1246 6.]
1222 1175 1286 1231 Et
1326 1190 1447 1231 cum
1490 1176 1874 1233 ascendissent
1906 1176 1957 1231 in

362 1270 710 1339 naviculam,
744 1270 980 1325 cessavit
1024 1279 1239 1326 ventus.
1282 1270 1383 1338 Qui
1412 1277 1592 1325 autem
1619 1271 1671 1324 in
1706 1270 1956 1324 navicula

360 1375 538 1430 erant,
592 1372 905 1429 venerunt,
952 1373 1009 1420 et
1058 1363 1428 1418 adoraverunt
1470 1378 1631 1427 eum,
1665 1362 1953 1421 dicentes:

358 1456 499 1513 Vere
523 1455 694 1511 Filius
712 1456 806 1510 Dei
830 1471 911 1512 es.
942 1454 1112 1527 [cun,
1136 1454 1217 1528 2.]
1243 1456 1455 1511 Etcum
1487 1456 1957 1523 transfretassent,

353 1559 630 1605 venerunt
662 1551 714 1603 in
750 1557 952 1603 terram
984 1547 1250 1604 Genesar.
1324 1547 1391 1602 Et
1418 1562 1540 1603 cum
1569 1548 1959 1618 cognovissent

354 1657 482 1699 eum
542 1642 643 1698 viri
690 1642 796 1699 loci
855 1642 1041 1710 illius,
1087 1626 1355 1697 miserunt
1396 1641 1450 1696 in
1501 1641 1804 1698 universam
1868 1659 1957 1698 re-

360 1738 582 1810 gionem
640 1738 821 1805 illam,
881 1744 939 1793 et
975 1734 1291 1791 obtulerunt
1333 1734 1384 1790 ci
1423 1749 1614 1791 omnes
1665 1735 1806 1790 male
1866 1736 1960 1789 ha-

353 1830 570 1886 bentes.
624 1830 689 1885 Et
735 1829 995 1900 rogabant
1033 1844 1197 1896 eum,
1249 1836 1308 1883 ut
1354 1829 1440 1883 vel
1490 1828 1758 1883 fimbriam
1792 1831 1958 1884 vesti-

2066 615 2193 680 mei,
2230 614 2461 671 Domine
2491 616 2567 671 fili
2600 616 2810 672 David:
2856 618 2963 673 [ilia
3009 634 3128 675 mea
3162 619 3301 675 male
3328 635 3355 674 a
3386 620 3659 677 daemonio

2065 720 2317 765 vexatur.
2358 712 2459 777 Qui
2484 728 2589 767 non
2622 712 2902 783 respondit
2929 715 2979 769 ei
3012 714 3259 770 verbum.
3307 716 3664 771 I'Itacceden‘

2066 808 2148 859 tes
2194 803 2445 874 discipuli
2485 805 2604 874 ejus
2648 806 2915 875 rogabant
2950 821 3075 862 eum
3118 808 3403 863 dicentes:
3442 808 3659 863 Dimitte

2064 910 2183 951 eam
2214 937 2229 962 ,
2268 898 2390 964 quia
2422 897 2621 951 clamat
2664 909 2783 966 post
2825 913 2943 953 nos.
2976 899 3180 971 [CLVIII,
3212 899 3290 971 5.]
3320 898 3443 970 Ipse
3475 908 3661 955 autem

2065 988 2403 1057 respondens
2441 989 2552 1043 ait:
2582 988 2700 1044 Non
2733 1005 2852 1045 sum
2883 992 3081 1046 missus
3112 993 3212 1047 nisi
3244 991 3312 1047 ad
3344 1007 3504 1057 oves,
3537 1006 3661 1062 qua:

2062 1083 2373 1154 perierunt,
2407 1083 2602 1138 domus
2629 1083 2817 1139 Israel.
2848 1083 2987 1155 [cuit
3014 1126 3028 1151 ,
3059 1083 3136 1158 6.]
3168 1086 3237 1141 At
3268 1083 3357 1140 illa
3392 1084 3569 1151 venit,
3602 1093 3659 1140 et

2062 1176 2307 1231 adoravit
2335 1192 2480 1243 eum,
2515 1178 2742 1232 dicens:
2776 1179 3022 1245 Domine,
3049 1178 3241 1249 adjuva
3274 1194 3382 1234 me.
3432 1180 3533 1248 Qui
3565 1193 3661 1235 re-

2062 1271 2340 1342 5pondens
2379 1272 2493 1327 ait:
2525 1271 2642 1327 Non
2679 1282 2762 1326 cst
2800 1273 3003 1328 bonum
3040 1288 3257 1329 sumere
3295 1288 3489 1343 panem
3521 1273 3665 1328 tilio-

2062 1387 2180 1426 rum
2207 1412 2223 1439 ,
2267 1380 2324 1427 et
2354 1373 2572 1428 mittere
2610 1371 2853 1428 canibus.
2889 1376 2957 1428 At
2990 1374 3077 1427 illa
3109 1372 3283 1428 dixit:
3320 1371 3524 1439 Etiam,
3553 1371 3664 1427 Do—

2064 1465 2246 1523 mine:
2281 1480 2404 1520 nam
2447 1474 2502 1519 et
2539 1465 2718 1521 catelli
2760 1467 2930 1521 edunt
2972 1467 3041 1523 de
3086 1467 3275 1534 micis,
3308 1482 3430 1535 quae
3455 1465 3659 1522 cadunt

2061 1561 2130 1617 de
2174 1577 2359 1617 mensa
2408 1561 2752 1617 dominorum
2804 1559 3045 1618 suorum.
3110 1561 3262 1617 Tunc
3310 1562 3652 1632 respondens

2060 1654 2243 1719 Jesus,
2276 1654 2351 1708 ait
2384 1656 2501 1709 illi:
2550 1656 2594 1710 0
2628 1656 2843 1719 mulier,
2884 1671 3076 1727 magna
3124 1665 3204 1711 est
3236 1654 3370 1711 fides
3398 1666 3486 1709 tua
3517 1674 3528 1708 :
3567 1655 3659 1710 fiat

2063 1748 2155 1804 tibi
2188 1749 2452 1804 sicutvis.
2497 1749 2565 1804 Et
2606 1758 2794 1803 sanata
2843 1760 2928 1804 est
2969 1749 3076 1804 filia
3121 1751 3241 1819 ejus
3272 1766 3335 1806 ex
3369 1750 3461 1804 illa
3494 1750 3651 1804 hora.

2064 1839 2207 1913 [c1.x,
2241 1839 2320 1912 6.]
2373 1841 2439 1895 Et
2466 1855 2585 1896 cum
2617 1842 2901 1897 transisset
2931 1841 3056 1897 inde
3086 1841 3245 1897 Jesus
3266 1887 3279 1911 ,
3314 1842 3465 1897 venit
3497 1855 3655 1897 secus

354 1923 525 1978 menti
549 1921 667 1993 ejus
690 1930 993 1994 tangerent.
1022 1921 1089 1977 Et
1110 1921 1435 1993 quicumque
1468 1923 1793 1993 tetigerunt,
1821 1922 1953 1979 salvi
1985 1922 2034 1987 Β
2062 1950 2211 1991 mare
2257 1934 2497 1990 Galilagm
2524 1952 2537 1988 ε
2571 1945 2625 1989 ει
2672 1934 2977 1990 ascendens
3022 1934 3074 1989 in
3123 1942 3359 1990 montem
3379 1976 3392 2000 ν
3431 1932 3660 1989 sedebat

351 2013 486 2070 facti
525 2022 670 2069 sunt.

434 2105 587 2179 [ϐαρ.
617 2106 736 2162 XV.
764 2122 907 2175 cuv,
935 2105 1015 2182 6.]
1058 2107 1210 2163 Tunc
1245 2117 1600 2165 accesserunt
1632 2109 1698 2162 ad
1736 2124 1860 2164 eum
1889 2108 1957 2163 ab

353 2199 715 2271 Jerosolymis
760 2199 969 2257 Scriba:
1014 2210 1069 2257 et
1101 2202 1383 2269 Pharismi,
1437 2201 1720 2257 dicentes:
1775 2201 1957 2269 Quare

353 2294 611 2367 discipuli
643 2295 717 2350 tui
753 2295 1229 2366 transgrediuntur
1261 2296 1609 2352 traditionem
1637 2296 1954 2351 seniorum?

357 2402 468 2443 non
511 2388 654 2442 enim
704 2388 888 2443 lavant
938 2402 1131 2444 manus
1161 2403 1316 2459 suas,
1349 2404 1471 2443 cum
1504 2403 1698 2459 panem
1729 2388 1955 2444 mandu-

356 2490 509 2538 caut.
538 2481 659 2554 Ipse
687 2489 868 2537 autem
898 2482 1236 2554 respondens
1275 2482 1353 2537 ait
1384 2483 1490 2537 illis
1517 2502 1529 2539 :
1560 2483 1741 2552 Quare
1772 2494 1825 2540 et
1856 2498 1953 2540 vos

352 2576 810 2647 transgredimini
849 2577 1161 2634 mandatum
1204 2579 1297 2634 Dei
1336 2587 1561 2649 propter
1598 2578 1950 2634 traditionem

353 2671 638 2728 vestram?
678 2671 810 2727 Nam
842 2670 986 2728 Deus
1008 2671 1145 2727 dixit
1177 2690 1189 2724 :
1222 2672 1440 2727 IIonora
1472 2682 1683 2742 patrem
1709 2713 1722 2737 ,
1754 2683 1809 2727 et
1837 2686 1951 2727 nia-

354 2774 518 2829 trem,
552 2774 604 2821 et
632 2783 645 2819 :
676 2766 777 2834 Qui
808 2764 1151 2821 maledixerit
1179 2766 1349 2837 patri,
1401 2766 1486 2823 vel
1530 2767 1721 2831 matri,
1773 2776 1951 2823 morte

353 2859 645 2913 moriatur.
712 2857 820 2912 Vos
864 2866 1046 2914 autem
1088 2858 1266 2914 dicitis
1308 2875 1322 2913 :
1365 2858 1707 2930 Quicumque
1755 2859 1952 2915 dixerit

352 2953 518 3022 patri,
546 2951 632 3007 vel
657 2952 853 3009 matri:
877 2952 1069 3007 Munus
1096 2953 1479 3024 quodcumque
1506 2962 1590 3009 est
1618 2968 1687 3008 ex
1714 2969 1819 3019 tne,
1851 2954 1951 3009 tibi

352 3043 639 3116 proderit:
691 3053 745 3100 et
778 3058 886 3100 non
926 3044 1311 3100 honorificabit
1360 3056 1567 3116 patrem
1619 3061 1807 3113 suum,
1858 3059 1953 3103 aut

361 3150 594 3196 matrem
639 3155 833 3195 suam:
882 3148 937 3196 et
973 3139 1186 3195 irritum
1236 3139 1447 3195 fecistis
1491 3142 1803 3198 mandatum
1853 3141 1950 3198 Dei

361 3243 586 3305 propter
618 3233 959 3289 traditionem
987 3242 1243 3290 vestram.
1279 3234 1613 3307 IIypocritaa,
1666 3236 1804 3291 bene
1829 3250 1953 3305 pro-

2061 2029 2156 2084 ibi.
2198 2029 2267 2084 Et
2293 2036 2644 2084 accesserunt
2674 2028 2741 2081 ad
2774 2043 2897 2083 eum
2933 2027 3105 2082 turba:
3139 2027 3354 2096 multm,
3392 2025 3657 2081 hahentes

2059 2139 2242 2181 secum
2290 2133 2506 2191 mutos,
2542 2132 2597 2178 et
2626 2137 2835 2189 caecos,
2870 2122 3128 2189 claudos,
3162 2122 3404 2189 debiles,
3436 2128 3491 2175 et
3518 2120 3655 2175 alios

2061 2218 2260 2273 multos
2285 2233 2300 2272 :
2334 2225 2391 2271 et
2421 2217 2773 2287 proiecerunt
2794 2229 2887 2271 eos
2912 2215 2978 2270 ad
3005 2215 3171 2283 pedes
3198 2214 3341 2283 ejus,
3372 2224 3425 2267 ct
3453 2214 3663 2268 curavit

2059 2324 2194 2367 eos:
2242 2312 2315 2365 ita
2367 2317 2425 2365 ut
2476 2310 2649 2366 turbae
2695 2309 3053 2375 mirarentur,
3088 2307 3334 2364 videntes
3368 2316 3548 2361 mutos
3575 2308 3656 2361 lo-

2058 2415 2322 2477 quentes,
2374 2405 2600 2460 claudos
2639 2404 3017 2469 ambulantes,
3057 2418 3233 2458 cmcos
3280 2403 3567 2458 videntes:
3600 2410 3656 2456 et

2057 2500 2471 2573 magnificabant
2501 2500 2670 2555 Deum
2708 2499 2895 2555 Israel.
2927 2497 3087 2553 Jesus
3109 2507 3312 2561 autem,
3343 2496 3658 2551 convocatis

2054 2593 2333 2665 discipulis
2373 2592 2489 2648 suis
2515 2636 2529 2661 ,
2581 2592 2719 2647 dixit
2748 2609 2762 2648 :
2796 2591 3056 2647 Misereor
3086 2592 3254 2645 turbae
3278 2632 3291 2653 ,
3324 2590 3448 2659 quia
3480 2589 3659 2644 triduo

2050 2687 2161 2758 jam
2196 2694 2546 2757 perseverant
2567 2700 2800 2751 mecum,
2832 2697 2881 2739 et
2903 2702 3009 2741 non
3036 2684 3391 2755 habentquod
3424 2683 3654 2738 mandu-

2054 2787 2213 2836 cent:
2245 2785 2301 2831 et
2340 2776 2616 2834 dimittere
2651 2792 2745 2834 eos
2768 2777 2985 2847 jejuuos
3018 2777 3177 2846 nolo,
3221 2792 3290 2831 ne
3320 2776 3573 2831 deficiant
3598 2777 3649 2832 in

2056 2872 2162 2928 via.
2202 2871 2272 2926 Et
2297 2869 2490 2927 dicunt
2526 2871 2577 2927 ei
2607 2871 2861 2941 discipuli
2891 2889 2903 2923 :
2936 2870 3091 2927 Undc
3119 2886 3249 2940 ergo
3282 2870 3441 2924 nobis
3470 2869 3524 2924 in
3555 2871 3652 2925 de-

2054 2976 2201 3020 serto
2243 2980 2410 3035 panes
2460 2973 2673 3027 tantos,
2722 2974 2780 3018 ut
2826 2972 3135 3019 saturemus
3165 2964 3372 3017 turbam
3400 2961 3651 3017 tantam?

2056 3059 2125 3113 Et
2151 3060 2224 3113 ait
2249 3059 2358 3114 illis
2388 3058 2547 3115 Jesus
2576 3077 2589 3113 :
2630 3057 2772 3125 Quot
2800 3057 3009 3113 habetis
3046 3058 3255 3128 panes?
3286 3063 3355 3111 At
3394 3057 3467 3111 illi
3495 3057 3649 3112 dixe-

2054 3159 2226 3207 runt:
2268 3150 2490 3223 Septem
2519 3195 2533 3219 ,
2584 3159 2640 3206 et
2676 3166 2879 3221 paucos
2931 3151 3241 3221 pisciculos.
3284 3152 3350 3206 Et
3392 3152 3652 3221 praecepit

2057 3247 2249 3311 turbzn,
2278 3257 2335 3301 ut
2366 3246 2778 3301 discumberent
2809 3260 2975 3315 super
3007 3255 3229 3300 terram.
3278 3246 3350 3300 Et
3378 3247 3650 3313 accipiens

352 3330 597 3403 phetavit
647 3328 715 3384 de
753 3329 909 3385 vobis
938 3328 1103 3385 Isaias
1125 3373 1139 3397 ,
1172 3329 1396 3386 dicens:
1430 3336 1456 3365 °
1484 3330 1725 3401 Populus
1753 3330 1841 3385 hic
1870 3331 1951 3385 la-
1975 3307 2020 3371 (ἶ
2053 3349 2260 3409 septem
2296 3354 2485 3409 panes,
2518 3346 2573 3393 et
2598 3338 2793 3409 pisces,
2826 3350 2879 3393 et
2908 3340 3108 3408 gratias
3139 3353 3336 3407 agens,
3369 3338 3563 3409 fregit,
3597 3347 3652 3393 et

350 3424 461 3480 biis
490 3440 579 3479 me
608 3425 872 3481 honorat:
905 3438 1002 3479 cor
1032 3434 1215 3480 autem
1244 3440 1433 3481 eorum
1472 3426 1631 3496 longe
1662 3437 1745 3483 est
1777 3440 1807 3479 a
1836 3442 1943 3481 mc.

349 3518 479 3574 Sine
513 3533 679 3573 causa
712 3528 893 3574 autem
940 3519 1133 3574 colunt
1174 3535 1257 3576 me
1285 3561 1300 3585 ,
1346 3520 1610 3576 docentes
1642 3520 1945 3588 doctrinas,

349 3624 408 3671 et
450 3614 705 3669 mandata
744 3614 1049 3670 hominum.
1092 3614 1161 3669 Et
1188 3615 1503 3671 convocatis
1541 3615 1608 3670 ad
1658 3632 1717 3670 se
1750 3616 1947 3682 turbis,

351 3706 485 3763 dixit
518 3708 599 3762 eis
625 3725 638 3762 :
668 3706 895 3774 Audite,
932 3717 987 3763 et
1021 3707 1331 3777 iutelligite.
1380 3708 1496 3762 Non
1520 3707 1663 3778 quod
1699 3709 1867 3763 intrat
1895 3709 1946 3763 in

350 3816 438 3867 os,
470 3802 791 3872 coinquinat
822 3802 1098 3857 hominem
1126 3820 1139 3857 :
1169 3802 1263 3858 sed
1287 3801 1431 3873 quod
1456 3802 1705 3872 procedit
1733 3819 1800 3858 ex
1829 3819 1947 3871 ore,

349 3891 456 3949 hoc
484 3894 802 3965 coinquinat
826 3895 1121 3951 hominem.
1150 3894 1291 3967 [CLv,
1316 3893 1429 3965 I0.]
1454 3896 1605 3951 'I‘unc
1629 3895 1950 3952 accedentes

346 3985 603 4058 discipuli
633 3989 783 4059 ejus,
818 3989 1073 4045 dixerunt
1101 3990 1149 4045 ei
1180 4008 1191 4044 :
1226 3988 1349 4045 Scis
1379 3989 1505 4060 quia
1536 3989 1821 4057 Pharisaei,
1855 4005 1950 4045 au-

349 4079 469 4136 dito
516 4082 686 4138 verbo
716 4082 819 4138 hoc
843 4122 859 4148 ,
906 4081 1257 4138 scandalizati
1298 4083 1471 4136 sunt?
1500 4084 1569 4137 At
1607 4083 1697 4138 ille
1720 4097 1951 4153 respon-

349 4173 490 4230 dens
517 4176 633 4229 ait:
668 4175 857 4231 Omnis
889 4176 1190 4245 plantatio,
1224 4190 1385 4245 quam
1416 4189 1521 4230 n0u
1556 4176 1818 4245 plantavit
1851 4176 1951 4229 I’a-

350 4276 437 4322 ter
483 4281 640 4323 meus
686 4267 925 4324 caelestis
955 4313 968 4338 ,
1019 4267 1405 4323 eradicabitur.
1453 4266 1619 4340 [CLV],
1649 4266 1729 4339 5.]
1775 4266 1949 4323 Sinite

350 4360 478 4415 illos
503 4378 516 4413 :
551 4362 678 4416 caci
703 4370 851 4427 sunt,
880 4371 934 4417 et
956 4361 1120 4416 duces
1144 4375 1414 4417 caecorum
1435 4404 1449 4428 ,
1481 4375 1659 4417 caecus
1689 4370 1871 4417 autem
1902 4361 1948 4417 si

348 4464 497 4505 caeco
536 4451 797 4507 ducatum
839 4460 1108 4522 praestet,
1159 4453 1321 4507 ambo
1368 4452 1422 4507 in
1469 4453 1677 4508 foveam
1727 4453 1945 4508 cadunt.

350 4543 539 4616 [cun],
577 4543 657 4613 6.]
687 4543 1049 4614 Respondens
1076 4553 1257 4599 autem
1289 4544 1484 4601 Petrus
1504 4545 1640 4599 dixit
1670 4545 1717 4600 ei
1749 4564 1761 4600 :
1793 4546 1949 4602 Edis-

348 4650 473 4692 sere
518 4636 678 4691 nobis
716 4637 1031 4707 parabolam
1066 4636 1245 4692 istam.
1300 4640 1365 4691 At
1407 4638 1498 4691 ille
1537 4639 1707 4693 dixit:
1756 4640 1946 4695 Adhuc

2053 3432 2204 3488 dedit
2233 3431 2515 3500 discipulis
2560 3432 2673 3486 suis
2699 3472 2713 3495 ,
2762 3443 2817 3486 et
2854 3430 3102 3501 discipuli
3134 3429 3402 3485 dederunt
3429 3430 3645 3501 populo.

2057 3527 2121 3580 Et
2171 3524 2530 3580 comederunt
2572 3538 2763 3580 omnes
2789 3564 2804 3591 ,
2842 3532 2894 3579 et
2930 3522 3159 3577 saturati
3201 3532 3344 3577 sunt.
3418 3522 3649 3593 thuod

2053 3616 2320 3688 superfuit
2361 3617 2430 3671 de
2480 3615 2837 3686 fragmentis,
2890 3614 3129 3670 tulerunt
3178 3624 3386 3683 septem
3433 3624 3651 3684 sportas

2053 3712 2263 3781 plenas.
2306 3710 2475 3764 Erant
2522 3719 2702 3764 autem
2748 3708 2841 3778 qui
2871 3707 3378 3771 ntanducavcrunt,
3414 3714 3650 3775 quatuor

2054 3802 2222 3857 millia
2276 3801 2598 3867 hominum,
2650 3810 2801 3856 extra
2853 3800 3105 3870 parvulos
3139 3810 3188 3854 et
3234 3798 3513 3853 mulieres.
3561 3799 3644 3863 Et,

2054 3898 2277 3953 dimissa
2313 3897 2470 3951 turha
2496 3937 2511 3961 ,
2557 3894 2809 3951 ascendit
2856 3896 2907 3950 in
2946 3893 3250 3949 naviculam
3277 3910 3295 3951 :
3326 3900 3377 3948 et
3413 3892 3559 3946 venit
3591 3892 3644 3945 in

2057 3991 2189 4046 fines
2217 3989 2493 4059 Magedan.

2127 4084 2279 4159 [Cap.
2312 4083 2451 4140 XVI.
2487 4099 2629 4149 cut,
2656 4081 2737 4155 4.]
2782 4083 2845 4137 Et
2881 4090 3229 4137 accesserunt
3256 4079 3323 4134 ad
3349 4094 3471 4135 eum
3504 4078 3646 4134 Pha-

2055 4179 2201 4234 riszei
2242 4188 2295 4233 et
2337 4177 2619 4232 Sadducaei
2670 4185 2945 4231 tentantes
2978 4192 2990 4228 :
3024 4184 3077 4229 et
3118 4182 3449 4244 rogaverunt
3496 4187 3645 4239 eum,

2054 4282 2113 4327 ut
2142 4272 2354 4343 signum
2384 4270 2451 4325 de
2488 4270 2629 4327 cmlo
2661 4268 2976 4323 ostenderet
3003 4267 3104 4322 eis.
3137 4265 3320 4338 [cum
3355 4265 3433 4337 5.]
3459 4264 3528 4319 At
3552 4265 3646 4320 ille

2055 4364 2416 4435 respondens,
2465 4364 2539 4418 ait
2574 4362 2685 4417 illis
2719 4382 2731 4417 :
2765 4362 2929 4416 Facto
2970 4375 3198 4430 vespere
3226 4359 3405 4415 dicitis
3439 4378 3450 4413 :
3483 4360 3648 4415 Sere-

2055 4474 2182 4512 num
2212 4457 2334 4522 erit,
2376 4455 2738 4511 rubicundum
2785 4462 2872 4510 est
2900 4454 3044 4509 enim
3075 4444 3297 4509 célnm.
3333 4452 3399 4505 Et
3436 4467 3595 4505 mane
3630 4468 3644 4505 :

2054 4551 2226 4606 Ilodie
2281 4558 2600 4618 tempestas,
2649 4547 2835 4602 rutilat
2882 4547 3028 4601 enim
3070 4546 3225 4599 triste
3264 4544 3483 4598 emtum.
3538 4542 3643 4597 Fa-

2051 4645 2189 4700 ciem
2221 4656 2350 4712 ergo
2380 4641 2502 4697 caeli
2537 4639 2837 4709 dijudicare
2866 4640 3041 4693 nostis
3071 4654 3084 4689 :
3112 4637 3264 4706 signa
3291 4644 3471 4689 autem
3506 4645 3643 4689 tem-

348 4741 405 4786 et
442 4744 545 4785 vos
584 4705 1023 4786 sine'intellecm
1068 4731 1243 4786 estis?
1298 4731 1413 4785 Non
1460 4732 1785 4804 intelligitis,
1821 4733 1945 4803 quia
1970 4705 2028 4770 Ῑ)
2055 4754 2242 4809 porum
2285 4705 2397 4792 iton
2443 4705 2670 4806 potestis
2708 4732 2737 4772 δ
2774 4730 3186 4804 scire?[c1.xnt,
3230 4726 3309 4798 6.]
3352 4728 3645 4783 Generatio

348 4838 513 4881 omne
560 4825 701 4895 quod
750 4826 803 4879 in
849 4839 912 4880 os
961 4825 1161 4892 intrat,
1208 4825 1261 4879 in
1300 4836 1545 4881 ventrem
1587 4827 1763 4893 vadit,
1798 4836 1853 4883 et
1892 4828 1942 4883 in

347 4938 628 4981 secessum
660 4922 962 4979 emittitur?
1008 4922 1143 4991 Qua:
1188 4931 1367 4979 autem
1398 4922 1694 4993 procedunt
1725 4924 1793 4979 de
1823 4938 1937 4991 ore,

348 5014 421 5071 de
445 5015 613 5070 corde
644 5022 888 5082 exeunt,
938 5025 992 5069 et
1028 5029 1093 5070 ea
1137 5015 1492 5085 coinquinant
1527 5014 1801 5072 hominem
1833 5035 1844 5071 :
1877 5018 1945 5073 de

345 5109 517 5164 corde
553 5109 697 5164 enim
742 5116 945 5164 exeunt
992 5110 1351 5179 cogitationes
1396 5110 1588 5177 malae,
1630 5110 1937 5180 homicidia,

345 5202 615 5259 adulteria
644 5244 657 5269 ,
712 5202 1139 5269 fornicationes,
1194 5204 1329 5258 furta
1359 5244 1375 5271 ,
1427 5204 1559 5260 falsa
1606 5206 1939 5273 testimonia,

346 5293 725 5365 blasphemiae.
768 5293 899 5350 time
928 5303 1076 5364 sunt,
1112 5310 1231 5364 quae
1258 5295 1612 5367 coinquinant
1640 5295 1938 5353 hominem.

346 5386 469 5443 Non
501 5388 627 5442 lotis
667 5397 850 5443 autem
885 5387 1137 5444 manibus
1166 5388 1494 5444 manducare
1515 5433 1528 5455 ,
1562 5404 1668 5445 nou
1697 5390 1945 5461 coinqui-

348 5492 444 5539 nat
479 5481 780 5538 bominent.
824 5482 893 5539 Et
936 5497 1189 5555 egressus
1231 5482 1358 5539 inde
1399 5483 1559 5539 Jesus
1584 5528 1599 5551 ,
1631 5486 1859 5541 secessit
1890 5486 1943 5541 in

349 5587 533 5648 partes
561 5576 692 5649 Tyri
720 5585 773 5634 et
803 5576 1047 5635 Sidonis.
1094 5577 1157 5633 Et
1191 5592 1320 5635 ecce
1353 5578 1549 5635 mulier
1572 5578 1881 5636 Chanautea
1914 5597 1943 5636 a

421 5788 449 5818 ι
488 5779 618 5836 Plus
667 5780 832 5858 habet
878 5783 1105 5840 Graecus
1146 5791 1361 5858 textus,
1390 5782 1605 5857 Ἐγγίζει
1628 5805 1714 5858 μοι
1754 5783 1782 5858 ᾇ
1822 5787 1945 5850 λαός

346 5850 503 5917 οὗτος
528 5862 605 5928 τῷ
632 5854 874 5928 στόματι,
896 5860 1110 5917 καὶτοῖς
1139 5856 1339 5927 χείλεσί
1450 5850 1716 5928 ἰνὶμᾷ,ἑιθ.
1739 5856 1947 5929 Appro-

346 5924 565 5981 m'nauat
580 5926 711 5981 mihi
732 5931 958 5981 nonulus
977 5930 1074 5981 iste
1099 5943 1206 5981 ore.
1226 5936 1271 5981 et
1293 5876 1445 5981 tam:
1469 5943 1548 5981 me
1572 5931 1813 5981 honorat-
1835 5938 1942 5981 etc.

346 5926 711 5995 pinquatinihi
728 5926 958 5999 papulas
977 5930 1074 5983 iste
1099 5926 1206 5996 ore,
1226 5936 1271 5982 et
1293 5926 1445 5982 labiis
1469 5926 1942 5995 me'honorat,'etc.

2052 4834 2192 4887 mala
2221 4838 2277 4886 et
2306 4828 2550 4884 adultera
2578 4827 2795 4896 signum
2817 4825 3013 4894 quaerit
3046 4843 3059 4879 :
3088 4835 3136 4879 et
3167 4825 3381 4892 signum
3416 4835 3522 4874 non
3550 4819 3646 4873 da-

2051 4926 2198 4982 bitur
2222 4925 2295 4992 ei,
2329 4923 2431 4979 nisi
2461 4922 2677 4993 signum
2716 4919 2866 4975 Iona:
2898 4917 3198 4988 prephctte.
3249 4915 3316 4968 Et
3344 4911 3647 4969 relictis‘il-

2049 5018 2140 5085 Iis,
2172 5017 2325 5074 abiit.
2357 5017 2421 5071 Et
2452 5030 2573 5069 cum
2609 5013 2887 5068 venissent
2921 5010 3171 5081 discipuli
3205 5007 3321 5077 ejus
3352 5014 3506 5061 trans
3533 5004 3645 5059 fre-

2052 5125 2187 5181 tum,
2239 5111 2393 5166 obliti
2438 5119 2567 5164 sunt
2614 5123 2783 5179 panes
2829 5107 3099 5176 accipere.
3152 5102 3360 5176 [cum
3412 5098 3493 5172 2.]
3539 5100 3645 5167 Qui

2054 5205 2193 5260 dixit
2238 5203 2343 5258 illis
2376 5222 2388 5257 :
2416 5200 2729 5269 Intuemini,
2771 5207 2825 5253 et
2866 5206 3055 5256 cavete
3098 5212 3127 5251 a
3160 5195 3429 5250 fermento
3459 5192 3647 5247 Phari-

2049 5313 2285 5355 saaorum
2316 5306 2373 5353 et
2412 5294 2860 5352 Sadducazorum.
2904 5291 3095 5361 [θυαμ
3146 5288 3225 5359 6.]
3271 5290 3337 5342 At
3382 5286 3457 5341 illi
3498 5287 3648 5356 cogi-

2055 5392 2238 5446 tabant
2269 5390 2409 5445 intra
2432 5404 2492 5444 se
2516 5387 2796 5443 dicentes:
2826 5383 2961 5450 Quia
2993 5397 3158 5453 panes
3182 5397 3287 5437 non
3310 5380 3638 5450 accepimus.

2050 5482 2246 5541 Sciens
2275 5492 2453 5537 autem
2477 5479 2659 5545 Jesus,
2687 5476 2823 5533 dixit
2854 5491 2867 5530 :
2899 5474 3040 5543 Quid
3068 5472 3321 5545 cogitatis
3351 5472 3493 5528 intra
3522 5484 3642 5535 vos,

2055 5578 2283 5637 modica:
2311 5574 2461 5641 ﬁdei,
2489 5574 2613 5644 quia
2646 5584 2813 5643 panes
2854 5584 2964 5625 non
2990 5566 3245 5625 habetis?
3279 5564 3528 5622 Nondum
3562 5564 3645 5620 in-

2122 5781 2413 5839 bVerbum
2469 5780 2601 5835 scire
2650 5792 2771 5835 cum
2832 5774 3104 5849 plerisque
3159 5773 3363 5832 Graecis
3425 5771 3646 5845 Regina

2052 5856 2215 5916 etiam
2243 5853 2459 5911 codices
2491 5860 2689 5909 tacent.
