4166 6336
481 396 587 457 565

1482 391 1542 449 S.
1564 388 1967 477 'HIERONYMI
2003 388 2234 451 DIVINA
2280 389 2761 449 BlBLIOTllECA.

3674 391 3776 448 5M

479 515 726 589 teliigitis
748 558 764 586 ,
792 529 993 584 neque
1048 512 1409 570 recordamini
1458 511 1703 584 quisque
1763 525 1963 583 panum
2019 510 2073 565 in
2106 513 2159 575 Α
2183 511 2437 578 Domine,
2476 511 2677 565 bonum
2714 516 2802 564 est
2833 522 2933 563 nos
2966 506 3058 563 hic
3087 519 3213 562 esse
3243 523 3257 560 :
3286 505 3336 560 si
3382 507 3484 574 vis,
3519 504 3782 561 faciamus

483 613 725 687 quinque
773 607 945 665 millia
992 606 1299 674 hominum,
1350 614 1407 661 et
1432 615 1572 677 quot
1617 604 1882 676 cephinos
1933 618 2081 660 sum-

487 705 726 783 psistis?
753 717 933 774 neque
962 709 1169 773 septem
1206 714 1406 772 panum
1439 700 1492 755 in
1515 707 1749 770 quatuor
1787 698 1955 753 millia
1984 696 2081 753 ho-

485 802 723 864 minum,
762 805 819 855 et
859 804 994 869 quot
1016 805 1234 867 sportas
1259 793 1607 866 sumpsistis?
1636 793 1819 862 Quare
1858 806 1969 847 non
1999 792 2083 849 in-

491 895 761 967 telligitis,
785 891 911 964 quia
935 906 1044 947 non
1068 890 1138 947 de
1154 904 1299 960 pane
1329 887 1442 945 dixi
1466 887 1621 944 vobis
1655 904 1669 941 :
1700 885 1901 942 Cavete
1923 901 1951 939 a
1983 884 2085 941 fer-

482 997 674 1048 mento
706 985 1114 1043 Pharisaeorum
1160 992 1217 1040 et
1241 982 1705 1039 Sadducmorum?
1745 980 1896 1037 Tunc
1924 980 2081 1037 intel-

484 1086 767 1150 lexerunt,
806 1080 934 1152 quia
983 1094 1091 1134 non
1137 1078 1337 1133 dixerit
1384 1076 1685 1133 cavendum
1730 1093 1761 1128 a
1816 1075 2084 1130 fermento

488 1191 719 1251 panum,
752 1173 851 1231 sed
889 1189 919 1228 a
953 1171 1206 1229 doctrina
1234 1169 1637 1226 Pharisa‘orum
1670 1179 1725 1225 et
1762 1168 2088 1225 Sadducaro-

487 1288 633 1330 rum.
669 1270 877 1343 [cnxvt,
908 1266 987 1340 1.]
1016 1267 1181 1323 Venit
1213 1275 1392 1321 autem
1432 1266 1591 1322 Jesus
1614 1267 1667 1320 in
1700 1276 1880 1335 partes
1909 1263 2086 1320 Caesa-

488 1380 600 1424 rete
630 1361 868 1434 Philippi
900 1377 914 1414 :
948 1369 1002 1416 et
1047 1359 1419 1429 interrogabat
1459 1358 1763 1428 discipulos
1808 1372 1963 1424 suos,
2003 1356 2086 1411 di-

487 1471 623 1516 cens
656 1474 671 1513 :
701 1456 875 1524 Quem
912 1453 1101 1509 dicunt
1127 1451 1376 1507 homines
1401 1466 1524 1507 esse
1572 1450 1770 1506 Filium
1803 1449 2088 1504 hominis?

489 1551 564 1609 At
594 1549 672 1605 illi
692 1548 951 1605 dixerunt
973 1543 1111 1602 :Alii
1127 1546 1388 1602 Joannem
1423 1543 1751 1613 Baptistam,
1784 1543 1876 1598 alii
1905 1550 2086 1598 autem

489 1642 695 1708 Eliam,
725 1641 817 1697 alii
848 1654 979 1696 vero
1003 1640 1322 1705 Jeremiam,
1352 1651 1444 1697 aut
1479 1653 1642 1694 unum
1682 1653 1745 1694 ex
1779 1634 2086 1707 Prophetis.

492 1731 639 1791 Dicit
665 1732 772 1787 illis
798 1731 999 1788 Jesus:
1033 1731 1143 1787 Vos
1187 1743 1365 1788 autem
1396 1747 1558 1804 quem
1587 1744 1675 1787 me
1714 1744 1835 1786 esse
1868 1728 2091 1785 dicitis?

492 1824 860 1896 Respondeas
905 1824 1092 1881 Simon
1139 1823 1335 1881 Petrus
1374 1825 1520 1881 dixit
1548 1841 1563 1877 :
1589 1823 1669 1879 Tu
1710 1838 1772 1879 es
1812 1822 2088 1891 Christus,

2185 606 2274 662 hic
2318 607 2421 662 tria
2475 603 2848 670 tabernacula,
2897 602 2993 657 tibi
3036 615 3227 665 unum,
3275 599 3443 673 Moysi
3493 614 3684 669 unum,
3725 610 3783 657 et

2186 700 2317 757 Elian
2360 714 2551 755 unum.
2579 699 2773 756 Adhuc
2801 711 2873 753 eo
2912 698 3189 767 loquente,
3234 708 3370 751 ecce
3400 695 3573 751 nubes
3600 694 3777 750 lucida

2184 794 2532 852 obumbravit
2568 806 2688 849 eos.
2718 791 2787 847 Et
2823 804 2951 847 ecce
2974 805 3085 847 vox
3122 790 3191 846 de
3231 789 3395 857 nube,
3431 789 3619 845 dicens
3646 807 3658 842 :
3683 789 3781 845 Hie

2185 902 2269 948 est
2297 890 2466 946 Filius
2494 903 2648 945 meus
2676 887 2928 953 dilectus,
2965 888 3019 942 in
3049 899 3160 957 quo
3192 884 3329 940 mihi
3366 884 3509 940 bene
3536 884 3782 953 compla-

2186 987 2272 1041 cui
2309 1002 2321 1039 :
2349 985 2524 1055 ipsum
2550 982 2755 1039 audite.
2778 981 2847 1037 Et
2872 978 3156 1035 audientes
3180 977 3439 1047 discipuli
3471 976 3788 1032 ceciderunt

2188 1082 2241 1136 in
2268 1079 2464 1135 faciem
2496 1093 2672 1147 suam,
2705 1086 2759 1133 et
2790 1077 3091 1131 timuerunt
3115 1073 3298 1129 valde.
3331 1072 3401 1128 Et
3439 1073 3672 1133 accessit
3699 1070 3789 1128 Je-

2187 1186 2304 1239 sus,
2332 1179 2388 1226 et
2416 1170 2601 1241 tetigit
2634 1184 2729 1225 eos
2762 1186 2776 1223 :
2805 1167 3050 1238 dixitque
3085 1166 3166 1222 eis
3202 1183 3214 1219 :
3244 1164 3485 1236 Surgite,
3527 1163 3694 1220 nolite
3720 1161 3789 1218 ti-

2190 1282 2361 1322 mere.
2390 1265 2667 1321 Levantes
2705 1271 2889 1318 autem
2912 1261 3101 1317 oculos
3137 1274 3291 1327 suos,
3322 1259 3596 1313 neminem
3636 1256 3791 1312 vide-

2190 1368 2341 1427 runt,
2390 1359 2493 1414 nisi
2524 1358 2701 1413 solum
2730 1357 2940 1412 .icsum.
2991 1355 3058 1410 Et
3095 1350 3559 1410 descendentibus
3586 1349 3693 1406 illis
3720 1350 3789 1406 de

2193 1460 2396 1519 monte,
2429 1451 2687 1523 prmcepit
2731 1450 2812 1507 eis
2838 1449 3000 1506 Jesus
3030 1448 3221 1505 dicens
3252 1446 3506 1503 :Nemini
3534 1445 3789 1503 dixeritis

2193 1545 2481 1613 visionem,
2522 1544 2695 1600 donec
2728 1542 2899 1598 Filius
2932 1541 3169 1598 hominis
3197 1555 3226 1595 a
3258 1541 3490 1597 mortuis
3516 1548 3784 1610 resurgat.

2196 1640 2443 1715 [eumn
2472 1636 2556 1707 6.]
2605 1638 2673 1693 Et
2715 1637 3189 1708 interrogaverunt
3234 1650 3359 1691 eum
3396 1633 3676 1705 discipuli,
3711 1633 3794 1690 di-

2194 1741 2381 1788 centes
2409 1749 2424 1787 :
2449 1730 2587 1800 Quid
2621 1746 2751 1801 ergo
2780 1730 2993 1788 Scriba?
3017 1730 3225 1798 dicunt,
3251 1728 3396 1801 quod
3423 1728 3602 1785 Eliam
3627 1742 3793 1799 opor-

2200 1833 2313 1880 teat
2361 1824 2594 1894 primum
2629 1823 2855 1879 venire?
2893 1823 2965 1879 At
3012 1822 3107 1879 ille
3154 1820 3514 1892 respondens,
3557 1820 3633 1876 ait
3660 1820 3742 1875 eis
3769 1833 3790 1876 :

497 1915 671 1974 Filius
722 1918 816 1973 Dei
857 1915 966 1972 vivi
1009 1934 1024 1972 :
1068 1918 1290 1989 [cnxvtn
1335 1916 1449 1990 10.]
1498 1914 1860 1987 Respondens
1908 1925 2091 1971 autem
2123 1916 2174 1979 Β
2201 1917 2348 1973 Elias
2384 1917 2603 1989 quidem
2630 1926 2894 1973 venturus
2920 1924 3023 1982 est,
3051 1922 3108 1971 et
3138 1915 3393 1970 restituet
3427 1914 3631 1968 omnia.
3667 1911 3798 1966 Dico

496 2011 683 2081 Jesus,
733 2010 873 2067 dixit
911 2011 960 2068 ei
990 2028 1004 2066 :
1034 2011 1234 2067 Beatus
1274 2028 1355 2079 cs,
1398 2010 1585 2068 Simon
1615 2010 1888 2067 Bar-Jona
1918 2028 1933 2065 :
1967 2011 2091 2082 quia

498 2117 650 2171 caro,
686 2110 742 2158 et
768 2103 991 2174 sanguis
1020 2116 1126 2157 non
1151 2103 1417 2158 revelavit
1452 2104 1568 2170 libi,
1601 2102 1697 2159 sed
1724 2101 1887 2159 Pater
1912 2117 2091 2173 meus,

498 2197 593 2269 qui
623 2196 677 2252 in
707 2196 865 2253 caelis
890 2204 994 2253 est.
1026 2195 1095 2251 Et
1116 2210 1218 2268 ego
1246 2196 1372 2254 dico
1406 2197 1524 2259 tibi.
1553 2197 1678 2268 quia
1705 2206 1759 2254 tu
1792 2213 1851 2255 es
1879 2197 2094 2266 Petrus,

501 2299 560 2348 et
579 2304 745 2362 super
766 2289 909 2347 hanc
938 2300 1150 2363 petram
1177 2291 1458 2348 tediticabo
1486 2292 1791 2350 Ecclesiam
1822 2308 2016 2359 meam,
2040 2302 2098 2349 et

496 2392 677 2455 portae
705 2383 866 2440 inferi
896 2398 1005 2438 non
1034 2383 1407 2453 praevalebunt
1446 2384 1712 2441 adversus
1739 2400 1880 2442 eam.
1908 2385 1975 2442 Et
2004 2384 2099 2441 tibi

506 2476 650 2536 dabo
677 2477 860 2533 claves
890 2477 1042 2547 regni
1072 2475 1359 2533 caelorum.
1395 2478 1461 2533 Et
1490 2478 1877 2549 quodcumque
1907 2478 2102 2550 ligave-

500 2570 583 2626 ris
612 2584 776 2639 super
806 2578 1033 2636 terram,
1061 2570 1167 2626 erit
1190 2569 1416 2642 ligatum
1442 2579 1498 2627 et
1523 2571 1579 2631 in
1606 2573 1764 2629 cmiis
1795 2588 1811 2627 :
1845 2582 1902 2629 et
1927 2571 2101 2644 quod-

507 2677 742 2735 cumque
784 2663 1014 2719 solveris
1057 2678 1223 2733 super
1261 2672 1484 2731 terram,
1526 2664 1633 2722 erit
1675 2665 1916 2722 solutum
1962 2667 2101 2721 etin

506 2755 684 2812 cmiis.
718 2755 960 2827 [Cvaut,
990 2754 1071 2826 2.]
1098 2754 1252 2811 Tunc
1282 2754 1543 2825 praecepit
1568 2754 1852 2825 discipulis
1876 2756 2010 2822 suis,
2043 2762 2103 2813 ut

508 2848 717 2906 nemini
774 2848 1025 2905 dicerent
1077 2849 1200 2919 quia
1245 2848 1360 2918 ipse
1422 2859 1568 2904 esset
1614 2849 1774 2906 Jesus
1829 2848 2097 2905 Christus.

510 2943 723 3000 Exinde
750 2944 919 3012 cmpit
944 2942 1106 2999 Jesus
1149 2943 1446 2999 ostendere
1482 2942 1774 3015 discipulis
1820 2944 1952 3010 suis,
1980 2941 2103 3013 quia

516 3044 797 3108 oporteret
821 3051 946 3094 eum
978 3037 1059 3092 ire
1083 3035 1503 3108 Jerosolymam,
1543 3046 1598 3092 et
1626 3037 1792 3093 multa
1821 3038 1931 3108 pati
1958 3053 1987 3093 a
2022 3052 2108 3094 se-

511 3129 782 3197 nioribus,
823 3138 879 3185 et
917 3128 1134 3196 scribis,
1182 3136 1236 3184 et
1284 3129 1623 3201 principibus
1660 3131 2028 3198 sacerdotum,
2054 3140 2110 3187 et

514 3224 711 3288 occidi,
751 3231 805 3279 et
836 3222 994 3279 tertia
1044 3222 1133 3278 die
1169 3237 1484 3294 resurgere.
1509 3222 1711 3298 {cum
1744 3226 1823 3298 6.]
1864 3227 1930 3281 Et
1955 3242 2110 3282 assu-

2198 2022 2381 2068 autem
2408 2012 2585 2079 vobis,
2627 2010 2752 2081 quia
2790 2009 2940 2065 Elias
2964 2008 3073 2079 jam
3104 2007 3274 2075 venit,
3295 2015 3354 2062 et
3391 2019 3495 2060 non
3526 2017 3797 2075 cognove—

2203 2114 2329 2162 runt
2352 2121 2500 2173 eum,
2532 2104 2626 2161 sed
2651 2104 2903 2161 fecerunt
2932 2103 2985 2158 in
3007 2117 3074 2159 eo
3101 2115 3458 2173 quaecumque
3479 2100 3796 2155 voluerunt.

2201 2198 2291 2256 Sic
2319 2197 2537 2254 etiiiins
2564 2196 2807 2253 hominis
2832 2211 3092 2268 passurus
3115 2204 3198 2252 est
3222 2195 3290 2252 ab
3319 2193 3420 2250 eis.
3446 2192 3599 2249 Tune
3631 2191 3796 2247 intel-

2202 2292 2457 2350 lexerunt
2485 2291 2762 2364 discipuli,
2791 2290 2917 2363 quia
2949 2290 3017 2347 de
3045 2289 3252 2346 Joanne
3299 2288 3542 2359 Baptista
3572 2286 3804 2343 dixisset

2203 2385 2306 2445 eis.
2336 2385 2577 2459 [cr.xx1v,
2611 2382 2697 2456 2.]
2720 2382 2791 2438 Et
2816 2397 2940 2439 cum
2980 2382 3223 2438 venisset
3250 2380 3319 2436 ad
3352 2380 3588 2447 turbam,
3616 2392 3805 2436 acces-

2204 2478 2278 2535 sit
2304 2478 2370 2534 ad
2402 2493 2527 2533 cum
2559 2476 2726 2532 homo
2752 2476 2986 2548 genibus
3016 2476 3340 2547 provolutus
3370 2480 3499 2530 ante
3532 2487 3683 2541 eum,
3720 2472 3803 2529 di-

2204 2586 2338 2630 cens
2357 2589 2370 2627 :
2388 2572 2636 2636 Domine,
2653 2570 2912 2627 miserere
2936 2569 3047 2625 ﬁlio
3074 2583 3219 2637 meo,
3240 2569 3365 2641 quia
3392 2568 3664 2625 lunaticus
3696 2577 3802 2636 est,

2205 2677 2261 2724 et
2297 2665 2440 2720 male
2468 2665 2677 2736 patitur
2704 2681 2719 2718 :
2747 2679 2873 2719 nam
2916 2678 3062 2734 saepe
3090 2662 3238 2718 cadit
3267 2664 3321 2718 in
3354 2662 3561 2733 ignem,
3591 2668 3646 2718 et
3685 2675 3807 2717 cre-

2208 2761 2309 2817 bro
2338 2760 2391 2815 in
2424 2773 2635 2831 aquam.
2676 2757 2746 2814 Et
2773 2757 2947 2814 obtuli
2980 2772 3103 2813 eum
3136 2756 3421 2829 discipulis
3451 2756 3581 2822 tuis,
3613 2764 3670 2811 et
3698 2769 3805 2809 non

2209 2858 2500 2924 potuerunt
2540 2864 2734 2907 curare
2785 2864 2931 2907 eum.
2974 2848 3337 2923 Respondcns
3390 2857 3573 2905 autem
3622 2846 3802 2915 Jesus,

2209 2945 2285 3000 ait
2316 2944 2406 3000 :0
2438 2944 2718 3016 generatio
2756 2943 3057 3012 incredula,
3104 2953 3161 2999 et
3205 2957 3487 3014 perversa,
3525 2956 3809 3014 quousque

2210 3051 2307 3094 ero
2330 3036 2609 3093 vobiscum
2626 3038 2652 3092 ?
2678 3051 2971 3107 usquequo
3007 3035 3186 3108 patiar
3212 3036 3355 3093 vos?
3382 3030 3589 3092 Ad‘erte
3612 3035 3718 3090 huc
3745 3034 3812 3091 il-

2212 3130 2323 3186 lum
2353 3130 2420 3185 ad
2443 3144 2552 3186 me.
2589 3130 2655 3184 Et
2677 3130 2983 3200 increpavit
3010 3130 3164 3186 illum
3195 3130 3380 3196 Jesus,
3412 3140 3466 3186 et
3489 3130 3625 3186 exiit
3645 3129 3712 3186 ab
3743 3145 3809 3187 eo

2214 3226 2568 3294 daemonium,
2596 3233 2650 3281 et
2678 3234 2903 3281 curatus
2930 3233 3015 3281 est
3037 3241 3170 3296 puer
3192 3241 3261 3281 ex
3288 3225 3378 3280 illa
3403 3224 3559 3280 hora.
3582 3224 3807 3296 [ccxxv,

516 3332 674 3375 mens
722 3331 847 3372 eum
881 3316 1093 3381 Petrus,
1143 3318 1308 3386 cmpit
1354 3316 1635 3389 increpare
1674 3317 1825 3373 illum
1871 3318 2059 3377 dicens
2089 3336 2105 3372 :
2135 3321 2179 3383 C
2214 3318 2293 3392 5.]
2321 3319 2472 3376 Tune
2496 3325 2850 3376 accesserunt
2884 3318 3137 3389 discipuli
3169 3318 3237 3373 ad
3268 3317 3454 3373 Jesum
3483 3325 3719 3383 secreto,
3754 3325 3811 3374 et

513 3412 675 3468 Absit
699 3428 729 3465 a
763 3419 838 3482 te,
882 3410 1130 3475 Domine,
1165 3425 1273 3467 non
1312 3411 1417 3467 erit
1463 3413 1561 3467 tibi
1594 3413 1715 3469 hoc.
1752 3413 1852 3480 Qui
1884 3427 2113 3469 conver-

519 3520 635 3573 sus,
678 3506 814 3561 dixit
841 3505 1003 3561 Petro
1035 3523 1048 3561 :
1082 3504 1231 3561 Vade
1261 3516 1382 3577 post
1404 3521 1489 3562 me
1510 3551 1525 3575 ,
1559 3516 1768 3571 satana,
1797 3507 2111 3563 scandalum

517 3614 580 3656 es
609 3598 740 3655 mihi
772 3614 785 3652 :
820 3599 943 3670 quia
972 3613 1082 3655 non
1126 3599 1274 3670 Sapis
1308 3615 1371 3654 ea
1399 3616 1520 3671 qurc
1564 3601 1658 3657 Dei
1700 3612 1851 3669 sunt,
1885 3602 1981 3657 sed
2027 3618 2112 3671 ea,

517 3708 639 3765 quae
680 3691 986 3749 hominum.
1017 3692 1200 3765 [cuxx,
1228 3691 1311 3764 2.]
1343 3693 1496 3749 Tunc
1522 3693 1685 3750 Jesns
1712 3694 1850 3750 dixit
1874 3695 2116 3767 discipu-

515 3786 586 3841 lis
628 3786 742 3840 suis
777 3802 788 3838 :
819 3785 875 3841 Si
907 3786 1032 3855 quis
1062 3785 1178 3841 vult
1219 3793 1346 3856 post
1382 3801 1472 3842 me
1517 3788 1722 3853 venire,
1760 3791 1994 3859 abneget
2026 3805 2114 3845 se-

516 3879 840 3949 metipsum,
872 3888 925 3934 et
954 3879 1112 3934 tollat
1150 3894 1368 3935 crucem
1412 3894 1587 3948 suam,
1630 3891 1686 3937 et
1715 3893 1974 3953 sequatur
2004 3898 2112 3939 me.

512 3971 623 4041 Qui
646 3974 793 4028 enim
822 3972 1060 4028 voluerit
1080 3973 1319 4028 animam
1339 3987 1491 4029 suam
1523 3979 1728 4031 salvam
1761 3976 1962 4047 facere,
1995 3992 2119 4049 per-

519 4064 616 4121 det
653 4080 811 4120 eam:
846 4064 938 4134 qui
975 4074 1160 4121 autem
1186 4064 1486 4135 perdiderit
1529 4068 1767 4124 animam
1807 4083 1959 4124 suam
1990 4085 2121 4140 pro-

517 4166 647 4229 pter
677 4173 786 4225 me,
822 4156 1063 4215 inveniet
1090 4173 1234 4215 eam.
1268 4159 1411 4230 Quid
1440 4161 1587 4217 enim
1617 4162 1841 4232 prodest
1884 4164 2114 4233 homini,

519 4251 570 4308 si
617 4250 874 4307 mundum
922 4250 1240 4308 universum
1289 4253 1550 4323 lucretur,
1597 4257 1793 4312 animat
1828 4273 1962 4312 vero
2006 4274 2119 4314 sum

519 4342 911 4400 detrimentum
949 4343 1230 4413 patiatur?
1254 4346 1365 4401 Aut
1387 4360 1546 4417 quam
1583 4348 1733 4405 dabit
1765 4349 1929 4405 homo
1972 4365 2121 4408 com—

518 4436 879 4490 mutationem
914 4450 1011 4504 pro
1032 4437 1215 4495 anima
1237 4437 1373 4494 sua?
1399 4436 1601 4509 [caxxn
1632 4439 1747 4512 10.]
1773 4440 1947 4497 Filius
1972 4442 2118 4499 enim

516 4524 759 4583 hominis
791 4536 1055 4585 venturus
1094 4537 1183 4587 est
1224 4528 1281 4585 in
1311 4529 1488 4601 gloria
1513 4531 1694 4588 Patris
1741 4535 1823 4591 sui
1866 4549 1990 4591 eum
2024 4550 2121 4593 an-

516 4620 658 4693 gelis
713 4623 824 4677 suis
872 4638 889 4679 :
940 4632 996 4678 et
1044 4630 1175 4679 tunc
1221 4623 1418 4681 reddet
1468 4626 1764 4698 unicuique
1818 4629 2116 4687 secundum

2215 3416 2515 3473 dixerunt:
2543 3414 2724 3483 Quare
2766 3427 2867 3470 nos
2908 3428 3015 3468 non
3048 3414 3329 3483 potuimus
3368 3412 3570 3484 ejicere
3609 3411 3811 3468 illum?

2218 3510 2361 3567 Dixit
2390 3511 2497 3566 illis
2527 3510 2554 3541 ⁸
2585 3508 2745 3565 Iesus
2776 3524 2789 3562 :
2822 3508 3055 3580 Propter
3081 3507 3517 3564 incredulitatem
3547 3515 3806 3563 vestram.

2218 3604 2391 3660 Amen
2419 3603 2619 3675 quippe
2646 3601 2771 3658 dico
2812 3600 2991 3668 vobis,
3031 3600 3078 3657 si
3121 3600 3424 3658 habueritis
3458 3602 3639 3668 fidem,
3670 3601 3813 3656 sicut

2219 3694 2445 3770 granum
2490 3696 2736 3767 sinapis,
2787 3694 2986 3752 dicetis
3031 3695 3203 3751 monti
3248 3694 3379 3751 huic
3411 3713 3426 3752 :
3453 3694 3647 3750 Transi
3691 3693 3816 3749 hinc

2220 3788 2368 3855 illuc,
2422 3795 2480 3845 et
2506 3787 2786 3855 transibit,
2826 3795 2883 3843 et
2927 3786 3064 3842 nihil
3112 3786 3455 3860 impossibile
3501 3787 3607 3843 erit
3633 3786 3810 3843 vobis.

2221 3880 2336 3937 Hoc
2383 3889 2561 3936 autem
2592 3894 2768 3951 genus
2806 3892 2913 3933 non
2940 3878 3163 3949 ejicitur
3207 3879 3311 3934 nisi
3357 3893 3455 3949 per
3481 3879 3811 3943 orationem,

2222 3985 2278 4032 et
2303 3975 2591 4047 jejunium.
2622 3972 2862 4047 [ccxxvn
2894 3970 2976 4044 2.]
3003 3972 3472 4029 Conversautibus
3509 3979 3689 4028 autem
3732 3971 3815 4027 eis

2223 4069 2279 4124 in
2308 4068 2553 4135 Gaiilaaa,
2578 4066 2718 4122 dixit
2748 4067 2857 4122 illis
2886 4065 3048 4123 Jesus
3072 4085 3088 4124 :
3121 4064 3294 4122 Filius
3327 4065 3569 4121 hominis
3598 4064 3816 4120 traden-

2223 4161 2324 4217 dus
2371 4168 2457 4216 est
2506 4160 2559 4215 in
2608 4174 2801 4216 manus
2833 4158 3112 4215 hominum
3148 4169 3242 4214 :et
3271 4156 3525 4214 occident
3564 4171 3712 4223 eum,
3761 4164 3818 4211 et

2224 4255 2379 4313 tertia
2408 4254 2496 4310 die
2528 4263 2801 4325 resurget.
2832 4253 2900 4309 Et
2927 4252 3240 4310 contristati
3278 4259 3407 4308 sunt
3434 4251 3812 4308 vehementer.

2224 4349 2484 4423 [etxxvtn
2509 4347 2624 4421 10.]
2648 4348 2865 4405 Etcum
2882 4349 3158 4404 venissent
3187 4345 3592 4419 Capharnaum,
3624 4358 3816 4401 acces-

2224 4450 2416 4498 serunt
2453 4442 2543 4512 qui
2585 4441 2907 4498 didrachma
2949 4440 3313 4512 accipiebant,
3360 4439 3428 4496 ad
3470 4437 3715 4507 Petrum,
3764 4447 3818 4494 et

2223 4537 2487 4594 dixerunt
2509 4536 2559 4593 ei
2597 4556 2610 4593 :
2641 4537 2903 4608 Magister
2923 4544 3112 4593 vester
3141 4550 3248 4592 non
3274 4533 3437 4591 solvit
3465 4532 3821 4590 didrachma?

2224 4630 2354 4687 Ait:
2384 4631 2584 4687 Etiam.
2623 4632 2692 4687 Et
2729 4646 2853 4687 cum
2883 4631 3145 4687 intrasset
3185 4631 3238 4685 in
3264 4628 3515 4695 domum,
3551 4627 3821 4699 praevenit

518 4729 689 4787 opera
716 4716 851 4785 ejus.
884 4715 1108 4790 [suam
1147 4715 1227 4791 2.]
1258 4717 1435 4776 Amen
1462 4718 1590 4777 dico
1616 4722 1796 4791 vobis,
1829 4735 1955 4780 sunt
1991 4726 2117 4797 qui-
2143 4724 2196 4786 D
2222 4739 2348 4781 eum
2378 4725 2562 4795 Jesus,
2594 4725 2823 4783 dicens:
2849 4725 2988 4795 Quid
3021 4725 3119 4781 tibi
3153 4724 3391 4792 videtur,
3431 4723 3669 4781 Simon?
3713 4722 3824 4780 Re-

516 4806 645 4863 dam
671 4808 739 4864 de
771 4807 857 4864 hic
879 4809 1150 4866 stantibus
1171 4852 1187 4876 ,
1235 4812 1326 4881 qui
1370 4826 1483 4869 non
1517 4815 1813 4883 gustabunt
1839 4828 2073 4875 mortem
2099 4860 2115 4887 ,

518 4901 697 4959 donec
729 4900 949 4960 videant
988 4902 1185 4963 Filium
1218 4904 1455 4964 hominis
1493 4908 1802 4968 venientem
1850 4912 1903 4967 in
1948 4927 2118 4985 regno

518 5006 642 5051 SUO.

593 5086 743 5161 [Cap.
778 5086 968 5161 XVII]
1007 5088 1075 5147 Et
1100 5098 1225 5162 post
1247 5089 1365 5149 dies
1388 5106 1483 5150 sex
1512 5095 1813 5167 assumpsit
1839 5095 2001 5154 Jesus
2020 5099 2124 5162 Pe-

512 5192 683 5250 trum,
717 5180 1079 5251 etlaeobum,
1103 5191 1161 5240 et
1178 5184 1446 5242 Joannem
1469 5185 1696 5245 fratrem
1722 5189 1861 5259 ejus,
1888 5199 1943 5246 et
1962 5190 2118 5248 duxit

515 5276 643 5333 illos
672 5277 726 5330 in
756 5283 995 5333 montem
1035 5275 1318 5335 excelsum
1361 5290 1728 5337 seorsum:et
1757 5283 2115 5355 transﬁgun-

512 5376 604 5425 tus
637 5376 721 5427 est
738 5375 868 5425 ante
886 5381 1004 5425 eos.
1027 5366 1098 5427 Et
1124 5368 1467 5440 resplenduit
1494 5368 1662 5429 facies
1690 5372 1808 5445 ejus
1830 5374 1970 5431 sicut
1993 5376 2073 5431 sol
2098 5395 2110 5430 :

515 5462 841 5521 vestimenta
872 5470 1057 5521 autem
1090 5461 1213 5532 ejus
1237 5461 1383 5521 facta
1409 5473 1537 5522 sunt
1566 5465 1691 5522 alba
1720 5466 1861 5523 sicut
1890 5468 2004 5523 nix.
2047 5468 2118 5524 Et

515 5568 649 5613 ecce
678 5563 1047 5627 apparuerunt
1073 5554 1185 5615 illis
1210 5555 1449 5631 Moyses,
1495 5566 1553 5616 et
1580 5558 1727 5617 Elias
1757 5574 1882 5618 eum
1921 5575 1991 5618 eo
2029 5561 2114 5618 lo-

518 5656 770 5721 quentes.
800 5646 1159 5719 Respondeas
1184 5659 1369 5707 autem
1398 5647 1618 5721 Petrus,
1641 5650 1778 5708 dixit
1797 5652 1866 5709 ad
1890 5652 2110 5711 .iesum:

594 5864 622 5895 ι
650 5853 869 5927 Reginae
908 5870 1043 5916 mss.
1074 5855 1165 5914 hic
1196 5872 1392 5916 nomen
1421 5858 1578 5918 Iesus
1604 5874 1730 5918 cum
1772 5860 1976 5920 Graecis
2019 5863 2120 5921 ali-

519 5936 653 6004 quot
675 5929 1106 6001 exemplaribus,
1133 5939 1190 5987 et
1215 5932 1378 6003 paulo
1399 5939 1544 6005 post,
1573 5932 1664 5989 ubi
1683 5933 1898 6024 dicitur,
1928 5934 2114 5993 Transi

2222 4832 2320 4888 ges
2349 4826 2510 4876 terrae
2538 4833 2569 4874 a
2601 4818 2804 4890 quibus
2831 4818 3109 4889 accipiunt
3145 4817 3407 4874 tributum
3433 4816 3523 4873 vel
3554 4816 3825 4873 censum?

2224 4925 2256 4967 a
2284 4910 2410 4967 ﬁliis
2436 4912 2571 4979 suis,
2603 4926 2672 4967 an
2694 4913 2763 4967 ab
2786 4911 3024 4967 alienis?
3052 4911 3120 4966 Et
3157 4910 3249 4967 ille
3277 4910 3417 4967 dixit
3445 4927 3459 4965 :
3491 4909 3575 4967 Ab
3602 4909 3819 4966 alienis.

2223 5003 2373 5059 Dixit
2399 5004 2480 5059 illi
2504 5002 2665 5060 Jesus
2695 5020 2710 5059 :
2742 5005 2884 5073 Ergo
2911 5003 3065 5059 liberi
3094 5010 3225 5059 sunt
3254 5003 3373 5058 filii.
3406 5002 3480 5060 Ut
3507 5010 3686 5058 autem
3712 5017 3820 5059 non

2224 5095 2657 5152 scandalizemus
2688 5111 2805 5165 ees,
2829 5096 2968 5153 vade
2992 5095 3060 5151 ad
3084 5111 3256 5164 mare,
3290 5103 3348 5151 et
3376 5097 3533 5153 mitte
3553 5095 3777 5150 hamum
3806 5118 3820 5154 :

2222 5198 2280 5247 et
2328 5206 2450 5246 eum
2490 5192 2720 5261 piscem,
2768 5191 2860 5261 qui
2916 5190 3122 5261 primus
3166 5190 3498 5256 ascenderit,
3546 5190 3674 5247 tolle
3714 5207 3728 5246 :
3767 5198 3826 5247 et

2218 5294 2410 5355 aperto
2450 5299 2550 5340 ore
2578 5284 2718 5355 ejus,
2752 5284 3002 5340 invenies
3031 5290 3295 5339 staterem
3322 5300 3334 5337 :
3367 5282 3521 5338 illum
3571 5296 3821 5349 sumens,

2218 5377 2289 5433 da
2319 5378 2399 5434 eis
2429 5393 2528 5448 pro
2561 5394 2667 5445 me,
2695 5387 2750 5433 et
2782 5387 2854 5433 te.

2293 5470 2449 5545 [Cap.
2492 5470 2683 5528 XVIII.
2726 5485 2985 5539 ccxxvm,
3032 5469 3114 5544 2.]
3157 5470 3218 5528 In
3260 5470 3351 5528 illa
3382 5469 3518 5527 hora
3565 5481 3822 5526 accesse-

2216 5574 2344 5622 runt
2390 5564 2642 5636 discipuli
2698 5563 2767 5619 ad
2820 5564 3033 5633 Jesum,
3085 5563 3571 5633 dicenteszQuis,
3628 5571 3812 5634 putas,

2217 5658 2396 5730 major
2443 5665 2531 5715 est
2571 5658 2627 5715 in
2671 5672 2840 5729 regno
2879 5659 3190 5717 caelorum?
3232 5659 3303 5715 Et
3346 5659 3619 5719 advocans
3663 5659 3824 5717 Jesus

2225 5866 2350 5924 hinc
2382 5865 2526 5937 illuc,
2552 5867 2780 5926 alterum
2818 5866 2987 5927 hocce
3012 5868 3330 5927 adverbium
3373 5866 3819 5955 praetermittunt.
