4166 6336
372 355 481 414 565

1354 350 1805 410 EVANGELIUM
1846 352 2216 414 SECUNDUM
2259 356 2696 414 MATTHEUM.

3571 363 3678 422 566

373 476 690 548 parvulum,
724 472 916 529 statuit
953 486 1076 528 eum
1118 473 1171 527 in
1211 470 1392 527 medio
1439 487 1650 537 eorum,
1701 484 1757 528 et
1785 473 1924 528 dixit
1956 490 1969 527 :
2001 475 2213 535 Acens
2248 494 2259 530 :
2293 473 2619 532 Patientiam
2679 475 2819 532 habe
2863 476 2916 532 in
2962 491 3070 546 me,
3121 485 3175 535 et
3223 480 3402 535 omnia
3454 481 3677 538 reddam

376 572 554 627 Amen
586 568 714 625 dico
741 566 920 636 vobis,
969 565 1079 621 nisi
1118 565 1369 623 conversi
1416 564 1653 632 fueritis,
1687 575 1742 621 et
1771 564 1979 621 efficia-

374 666 508 722 mini
541 665 681 720 sicut
709 661 942 735 parvuli,
986 676 1097 717 non
1127 660 1403 716 intr-abitis
1448 662 1500 715 in
1552 677 1776 732 regnum
1810 661 1975 718 cmin-

377 775 524 816 mm.
563 757 905 827 Quicumque
950 770 1083 828 ergo
1113 755 1478 810 humiliaverit
1520 770 1578 810 se
1608 755 1748 810 sicut
1780 770 1977 824 parvu-

376 854 465 910 lus
495 855 625 920 iste,
669 850 757 906 hic
795 861 879 905 est
923 850 1098 921 major
1136 849 1191 905 in
1238 863 1408 920 regno
1455 847 1742 904 ccelorum.
1789 847 1858 903 Et
1886 847 1977 921 qui

375 943 684 1015 susceperit
725 957 891 998 unum
940 941 1227 1013 parvulum
1274 941 1434 996 talem
1484 940 1537 995 in
1568 940 1791 997 nomine
1829 955 1975 1008 meo,

377 1054 468 1095 me
513 1037 768 1109 suscipit.
803 1036 1009 1109 [cum
1040 1035 1122 1108 2.]
1161 1035 1260 1104 Qui
1302 1044 1480 1091 autem
1523 1036 1978 1092 scandalizaverit

377 1148 548 1189 unum
580 1133 651 1188 de
684 1131 892 1203 pusillis
920 1130 1056 1197 istis,
1091 1131 1184 1202 qui
1219 1131 1269 1185 in
1295 1165 1298 1170 -
1320 1147 1407 1186 me
1453 1130 1710 1199 credunt,
1757 1132 1978 1204 expedit

375 1228 452 1294 ei,
487 1235 547 1281 ut
599 1224 963 1295 suspendatur
998 1223 1143 1279 mola
1188 1224 1424 1280 asinaria
1459 1223 1512 1278 in
1560 1224 1701 1280 collo
1733 1224 1874 1295 ejus,
1924 1233 1980 1280 et

375 1321 728 1392 demergatur
751 1319 804 1374 in
836 1317 1162 1390 profundum
1195 1319 1381 1373 maris.
1417 1317 1509 1371 Vm
1529 1317 1732 1373 mundo
1763 1333 1792 1372 a
1821 1332 1977 1372 scan-

376 1415 542 1471 dalis.
575 1413 816 1470 Necesse
852 1422 936 1468 est
975 1413 1148 1482 enim,
1195 1421 1251 1467 ut
1281 1413 1504 1468 veniant
1547 1412 1807 1468 scandala
1840 1430 1853 1467 :
1881 1426 1976 1469 ve-

377 1516 687 1564 rumtamen
719 1524 802 1563 vae
835 1508 1040 1562 homini
1075 1507 1174 1573 illi,
1211 1522 1306 1578 per
1335 1522 1492 1578 quem
1541 1506 1852 1563 scandalum
1886 1522 1977 1562 ve-

378 1602 484 1658 nit.
517 1602 743 1674 [tzLxxx,
774 1585 872 1672 â€™6.]
918 1600 974 1656 Si
1018 1607 1197 1655 autem
1242 1615 1432 1655 manus
1464 1609 1575 1668 tua,
1609 1600 1694 1654 vel
1730 1615 1822 1670 pes
1853 1609 1978 1656 tuus

377 1697 718 1754 scandalizat
749 1704 804 1751 te
829 1737 844 1761 ,
896 1694 1158 1750 abscinde
1208 1709 1357 1760 eum,
1403 1705 1458 1750 et
1489 1694 1698 1766 projice
1731 1694 1827 1749 abs
1875 1703 1927 1748 te
1961 1710 1974 1748 :

378 1791 584 1847 bonum
619 1789 715 1843 tibi
738 1795 821 1844 est
859 1787 926 1843 ad
960 1788 1124 1842 vitam
1156 1785 1370 1858 ingredi
1409 1786 1676 1853 debilem,
1707 1787 1792 1841 vel
1826 1786 1979 1841 elau-

2083 568 2205 624 tibi.
2248 568 2504 626 Misertus
2553 578 2732 624 autem
2775 570 3034 628 dominus
3075 573 3220 629 servi
3268 573 3434 642 illius,
3471 576 3681 632 dimisit

2081 676 2228 733 eum,
2262 671 2315 718 et
2336 662 2580 718 debitum
2614 661 2823 719 dimisit
2853 664 2925 719 ei.
2970 665 3237 733 Egressus
3273 678 3452 723 autem
3487 683 3681 725 servus

2080 757 2202 823 ille,
2245 757 2456 814 invenit
2495 773 2663 813 unum
2709 758 2779 814 de
2828 761 3112 816 conservis
3156 763 3290 830 suis,
3324 762 3416 833 qui
3447 762 3681 819 debebat

2079 850 2130 906 ei
2161 859 2383 906 centum
2428 851 2800 907 denarios:et
2841 862 3035 910 tenens
3084 855 3384 911 suffocabat
3413 872 3557 925 eum,
3590 857 3676 912 di-

2081 957 2214 999 cens
2246 961 2256 997 :
2287 942 2487 1025 Redde.
2522 943 2670 1015 quod
2709 944 2898 1001 debes.
2953 946 3019 1002 Et
3047 947 3336 1018 procidens
3377 963 3676 1005 conservus

2081 1036 2219 1107 ejus,
2253 1037 2476 1108 rogabat
2505 1053 2647 1106 eum,
2680 1038 2869 1095 dicens
2896 1056 2909 1094 :
2938 1040 3270 1095 Patientiam
3306 1040 3447 1097 habe
3477 1043 3527 1096 in
3561 1059 3671 1112 me,

2081 1137 2134 1185 et
2163 1131 2341 1185 omnia
2375 1131 2598 1186 reddam
2629 1131 2745 1187 tibi.
2795 1131 2890 1187 Ille
2932 1140 3110 1188 autem
3145 1134 3319 1189 noluit
3350 1154 3362 1188 :
3388 1133 3483 1190 sed
3521 1135 3677 1202 abiit,

2083 1237 2137 1282 et
2171 1225 2319 1281 misit
2351 1242 2474 1282 cum
2506 1227 2561 1282 in
2593 1241 2894 1292 carcerem,
2926 1227 3098 1283 donec
3126 1227 3382 1284 redderet
3409 1228 3674 1288 debitum.

2085 1318 2344 1375 Videntes
2371 1327 2552 1375 autem
2584 1321 2830 1375 conservi
2863 1320 3002 1390 ejus,
3049 1337 3171 1392 qua:
3203 1321 3426 1388 flebant,
3477 1321 3681 1376 contri-

2083 1412 2212 1468 stati
2255 1421 2382 1467 sunt
2426 1412 2582 1468 valde
2615 1429 2628 1467 :
2661 1422 2715 1468 et
2761 1421 3054 1483 venerunt,
3099 1423 3152 1469 et
3184 1421 3547 1469 narraverunt
3587 1412 3683 1468 do-

2085 1506 2232 1560 mino
2261 1520 2360 1561 suo
2406 1507 2609 1576 omnia,
2650 1522 2770 1577 quae
2803 1505 2944 1562 facta
2987 1506 3222 1564 fuerant.
3267 1507 3422 1562 Tunc
3465 1507 3680 1562 vocavit

2083 1598 2237 1653 illum
2280 1599 2540 1655 dominus
2588 1615 2719 1655 suus
2766 1618 2778 1654 :
2821 1609 2877 1656 et
2917 1601 2993 1656 ait
3037 1601 3113 1657 illi
3159 1601 3377 1658 :Serve
3422 1617 3677 1672 nequam,

2083 1705 2244 1747 omne
2289 1692 2534 1748 debitum
2581 1693 2762 1748 dimisi
2807 1692 2922 1762 tibi,
2977 1695 3233 1766 quoniam
3280 1695 3481 1766 rogasti
3534 1710 3670 1754 me:

2084 1800 2269 1842 nonne
2307 1801 2437 1857 ergo
2468 1787 2731 1857 oportuit,
2782 1797 2837 1842 et
2879 1796 2934 1843 te
2984 1789 3230 1844 misereri
3277 1789 3529 1844 conservi
3578 1790 3676 1852 tui,

377 1885 534 1953 dum,
563 1897 727 1954 quam
772 1881 908 1936 duas
948 1895 1162 1946 manus,
1192 1879 1276 1934 vel
1310 1879 1448 1934 duos
1479 1879 1655 1949 pedes
1687 1878 1976 1934 habentem
2007 1875 2058 1936 B
2086 1878 2226 1934 sicut
2264 1889 2317 1935 et
2365 1895 2465 1950 ego
2495 1880 2570 1934 tui
2612 1879 2872 1936 misertus
2903 1880 3064 1936 sum?
3103 1881 3172 1936 Et
3218 1881 3388 1936 iratus
3430 1882 3679 1936 dominus

375 1978 523 2034 mitti
557 1977 610 2031 in
643 1976 821 2047 ignem
866 1984 1152 2030 mtcrnum.
1187 1973 1256 2029 Et
1283 1973 1328 2029 si
1359 1974 1550 2030 oculus
1590 1981 1715 2029 tuus
1745 1975 1974 2028 scanda-

377 2071 508 2127 lizat
540 2079 615 2135 te,
644 2084 772 2125 erue
796 2083 942 2136 eum,
975 2076 1030 2123 et
1056 2066 1260 2138 projice
1289 2067 1384 2123 abs
1415 2075 1467 2123 te
1497 2085 1508 2121 :
1539 2066 1739 2123 bonum
1771 2065 1862 2122 tibi
1894 2075 1978 2122 est

377 2178 504 2219 cum
534 2176 644 2217 uno
669 2161 830 2217 oculo
859 2161 910 2215 in
940 2161 1108 2215 vitam
1139 2159 1370 2227 intrare,
1415 2175 1576 2230 quam
1621 2159 1759 2214 duos
1788 2159 1977 2214 oculos

377 2255 674 2311 habentem
728 2254 869 2308 mitti
923 2254 978 2308 in
1029 2253 1330 2325 gehennam
1371 2252 1530 2323 ignis.
1582 2253 1819 2325 ]cr.xxxr,
1865 2249 1975 2323 10.]

377 2347 597 2415 Videte,
630 2361 699 2402 ne
724 2348 1091 2403 enntemnatis
1133 2361 1300 2401 unum
1342 2361 1409 2400 ex
1454 2346 1540 2399 his
1569 2344 1780 2415 pusillis
1814 2363 1824 2398 :
1854 2345 1976 2400 dico

376 2441 525 2497 enim
553 2441 709 2495 vobis
760 2438 887 2511 quia
930 2439 1107 2511 angeli
1135 2454 1326 2494 eorum
1360 2440 1412 2494 in
1445 2439 1602 2494 caelis
1646 2453 1863 2508 semper
1890 2439 1977 2493 vi-

377 2535 511 2590 dent
532 2533 724 2589 faciem
753 2532 921 2600 patris
947 2532 1077 2598 mei,
1105 2533 1193 2603 qui
1226 2532 1279 2586 in
1311 2530 1467 2586 caelis
1499 2538 1601 2586 est.
1636 2529 1800 2585 Venit
1828 2531 1972 2585 enim

378 2627 554 2684 Filius
585 2625 821 2681 hominis
862 2625 1078 2681 salvare
1123 2625 1267 2696 quod
1308 2626 1567 2696 perierat.
1599 2625 1862 2697 leuam,
1895 2624 1973 2697 5.]

377 2720 518 2788 Quid
552 2719 708 2776 vobis
747 2719 997 2775 videtur?
1024 2719 1068 2773 si
1109 2718 1316 2774 fuerint
1361 2718 1522 2773 alicui
1555 2726 1776 2773 centum
1818 2732 1975 2787 oves,

379 2824 434 2869 et
463 2814 733 2869 erraverit
757 2827 863 2868 una
905 2827 972 2867 ex
1002 2812 1085 2868 eis
1118 2827 1132 2866 :
1166 2825 1348 2868 nonne
1388 2811 1649 2881 relinquit
1683 2811 1978 2882 nonaginta

378 2922 580 2962 novem
612 2908 664 2962 in
695 2906 999 2971 montibus,
1033 2913 1089 2960 et
1127 2904 1276 2960 vadit
1301 2919 1545 2976 quaerere
1575 2918 1717 2971 eam,
1751 2919 1869 2975 quze
1891 2919 1978 2960 er-

380 3002 570 3056 ravit?
603 3009 658 3056 et
684 3000 731 3055 si
758 2999 1068 3070 contigerit,
1109 3007 1168 3054 ut
1189 2998 1431 3054 inveniat
1453 3013 1570 3053 eam
1605 3017 1617 3051 :
1657 2999 1825 3053 Amen
1855 2999 1978 3054 dico

379 3096 564 3164 vobis,
599 3095 728 3166 quia
774 3092 978 3166 gaudet
1019 3107 1185 3162 super
1225 3106 1345 3148 eam
1391 3091 1566 3162 magis
1604 3106 1764 3162 quam
1815 3106 1978 3162 super

379 3190 675 3261 nonaginta
709 3204 930 3255 novem,
958 3203 1080 3259 quae
1112 3202 1218 3243 non
1253 3197 1597 3242 erraverunt.
1634 3187 1722 3243 Sic
1751 3202 1855 3242 non
1886 3198 1970 3243 est

2085 1972 2202 2042 ejus
2245 1972 2471 2028 tradidit
2511 1989 2635 2029 eum
2671 1974 2996 2040 tortoribus,
3023 1975 3378 2045 quoadusque
3428 1975 3683 2031 redderet

2087 2065 2403 2120 universum
2434 2065 2697 2122 debitum.
2722 2066 2810 2122 Sic
2843 2075 2896 2121 et
2925 2066 3088 2122 Pater
3127 2082 3282 2122 meus
3327 2067 3568 2123 caelestis
3597 2067 3678 2123 fa-

2085 2156 2194 2211 ciet
2222 2156 2398 2224 vobis,
2430 2157 2475 2212 si
2505 2173 2612 2212 non
2646 2159 2968 2214 remiseritis
2995 2159 3374 2230 unusquisque
3403 2157 3558 2214 fratri
3585 2174 3682 2215 suo

2085 2252 2153 2309 de
2175 2251 2433 2307 cordibus
2453 2252 2674 2309 vestris.

2156 2343 2305 2417 [Cap.
2339 2344 2483 2399 XIX.
2514 2360 2771 2411 ccxxxrx,
2805 2343 2882 2416 6.]
2913 2345 2981 2400 Et
3012 2344 3211 2401 factum
3241 2355 3347 2413 est,
3389 2362 3509 2401 cum
3549 2361 3683 2402 eauâ€”

2084 2448 2408 2496 summasset
2437 2439 2594 2494 Jesus
2621 2453 2900 2495 sermones
2924 2439 3076 2506 istos,
3105 2441 3355 2511 migravit
3380 2456 3408 2496 a
3430 2440 3678 2508 Galilaea,

2083 2542 2136 2588 et
2170 2531 2314 2587 venit
2343 2532 2396 2586 in
2444 2533 2577 2587 lines
2610 2531 2813 2587 Judaete
2851 2542 2998 2588 trans
3039 2533 3349 2602 Jordanem,
3395 2544 3443 2589 et
3486 2544 3686 2589 secutae

2085 2635 2209 2680 sunt
2240 2641 2361 2680 eum
2389 2625 2558 2680 turbae
2585 2625 2791 2692 multae,
2826 2635 2880 2681 et
2904 2628 3112 2682 curavit
3142 2643 3238 2683 eos
3269 2627 3362 2683 ibi.
3397 2627 3467 2683 Et
3495 2643 3682 2684 acces-

2083 2729 2270 2774 serunt
2303 2718 2366 2772 ad
2395 2734 2517 2774 cum
2545 2718 2810 2774 Pharisaei
2838 2727 3109 2776 tentantes
3139 2737 3285 2788 eum,
3316 2729 3372 2778 et
3398 2723 3641 2778 dicentes
3667 2737 3678 2774 Ï„

2085 2811 2143 2868 Si
2170 2812 2295 2868 licet
2320 2811 2525 2867 homini
2555 2812 2827 2868 dimittere
2857 2812 3084 2868 uxorem
3127 2830 3302 2887 suam,
3342 2832 3683 2888 quacumque

2084 2919 2149 2959 ex
2195 2905 2394 2959 causa?
2436 2904 2539 2971 Qui
2591 2905 2951 2975 respondens,
3004 2907 3078 2962 ait
3126 2907 3240 2962 eis:
3288 2908 3405 2964 Non
3456 2909 3684 2980 legistis,

2083 2998 2208 3069 quia
2236 2997 2326 3067 qui
2354 2997 2482 3052 fecit
2510 2999 2782 3052 hominem
2815 2999 2883 3053 ab
2903 2999 3078 3066 initio,
3111 3002 3411 3057 masculum
3441 3013 3496 3058 et
3525 3003 3679 3059 femi-

2085 3105 2208 3144 nam
2237 3087 2363 3144 feeit
2392 3089 2522 3144 eos?
2549 3098 2603 3144 et
2625 3089 2798 3148 dixit:
2829 3089 3058 3161 Propter
3096 3093 3200 3147 hoc
3239 3093 3477 3149 dimittet
3516 3095 3682 3151 homo

2085 3189 2294 3253 patrem
2318 3189 2372 3238 et
2397 3189 2649 3250 matrem,
2682 3191 2738 3239 et
2763 3184 3060 3242 adhaerebit
3088 3187 3247 3241 uxori
3275 3202 3408 3256 suae,
3439 3196 3496 3242 et
3525 3197 3684 3244 erunt

381 3284 639 3338 voluntas
669 3290 794 3337 ante
824 3281 1038 3337 Patrem
1073 3289 1330 3345 vestrum,
1365 3280 1454 3351 qui
1498 3281 1552 3334 in
1597 3279 1755 3336 caelis
1784 3287 1890 3347 est,
1920 3290 1980 3335 ut
2007 3265 2054 3330 C
2085 3278 2193 3334 duo
2224 3279 2276 3334 in
2305 3293 2468 3334 carne
2497 3294 2623 3335 una.
2650 3279 2830 3351 Itaque
2851 3281 2963 3351 jam
2997 3297 3106 3336 non
3135 3291 3260 3337 sunt
3282 3282 3410 3351 duo,
3443 3283 3537 3338 sed
3575 3298 3683 3340 una

381 3388 574 3452 pereat
601 3393 742 3434 unus
774 3378 842 3434 de
861 3376 1077 3447 pusillis
1105 3377 1245 3432 istis.
1276 3376 1560 3450 [CLXXXII],
1595 3375 1676 3447 5.]
1709 3375 1766 3430 Si
1797 3385 1979 3431 autem

380 3472 692 3544 peccaverit
738 3471 792 3525 in
841 3479 894 3525 te
923 3468 1090 3525 frater
1118 3478 1266 3535 tuus,
1299 3467 1462 3535 vade,
1505 3475 1562 3523 et
1607 3467 1821 3537 corripe
1855 3482 1980 3522 eum

380 3568 528 3621 inter
555 3574 610 3620 te
632 3574 687 3620 et
714 3565 890 3634 ipsum
921 3562 1120 3617 solum.
1151 3562 1207 3617 Si
1241 3570 1292 3616 te
1320 3561 1574 3625 audierit,
1604 3560 1848 3616 lucratus
1869 3563 1979 3617 erls

377 3657 607 3714 fratrem
639 3667 809 3713 tuum.
844 3656 1120 3730 [suum
1151 3655 1264 3728 10.]
1293 3655 1349 3710 Si
1375 3663 1556 3710 autem
1581 3662 1633 3710 te
1661 3669 1768 3710 non
1801 3654 1982 3710 audie-

378 3755 472 3820 rit,
502 3752 702 3808 adhibe
731 3761 910 3808 tecum
934 3751 1113 3807 adhuc
1153 3765 1343 3817 unum,
1376 3749 1457 3805 vel
1492 3749 1649 3819 duos,
1692 3759 1749 3805 ut
1787 3751 1842 3804 in
1874 3764 1969 3806 ore

381 3847 659 3914 duorum,
716 3846 804 3901 vel
849 3845 1013 3900 trium
1071 3844 1295 3900 testium
1353 3851 1461 3898 stet
1507 3857 1667 3899 omne
1726 3842 1974 3899 verbum.

379 3940 541 4008 Quod
583 3940 627 3998 si
675 3954 783 3995 non
831 3939 1068 3996 audierit
1107 3952 1241 4005 eos,
1274 3937 1362 3993 dic
1389 3937 1656 3993 ecclesiae.
1692 3935 1748 3992 Si
1795 3943 1975 3992 autem

380 4035 667 4091 ecclesiam
698 4049 806 4090 non
857 4033 1119 4099 audierit,
1165 4036 1236 4086 sit
1278 4031 1374 4086 tibi
1419 4032 1564 4087 sicut
1606 4030 1880 4095 ethnicus,
1923 4039 1978 4086 et

381 4128 689 4198 eunuchus,
714 4134 770 4183 et
787 4126 1133 4199 publicanus.
1159 4125 1412 4198 [ccxxxv,
1435 4123 1516 4195 7.]
1538 4124 1710 4181 Amen
1735 4124 1857 4179 dico
1881 4137 1977 4180 voâ€”

383 4224 501 4289 bis,
534 4237 894 4293 quascumque
920 4222 1277 4293 alligaveritis
1325 4235 1492 4292 super
1537 4229 1764 4288 terram,
1813 4231 1977 4276 erunt

377 4316 546 4387 ligata
593 4324 650 4371 ct
688 4316 740 4371 in
784 4315 926 4372 caelo
956 4331 968 4368 :
1001 4324 1056 4372 et
1091 4329 1450 4386 qumcumque
1492 4314 1765 4370 solveritis
1812 4327 1977 4385 super

379 4417 607 4475 terram,
638 4414 802 4463 erunt
829 4407 1004 4463 soluta
1037 4416 1096 4461 et
1124 4409 1176 4461 in
1218 4407 1382 4464 caelo.
1412 4403 1689 4479 [CLXXXV],
1721 4405 1832 4473 10.]
1864 4406 1973 4463 lte-

377 4519 500 4559 rum
533 4503 661 4558 dico
690 4503 870 4572 vobis,
914 4503 1038 4574 quia
1068 4503 1111 4557 si
1144 4502 1256 4558 duo
1297 4517 1367 4558 ex
1413 4503 1568 4559 vobis
1599 4502 1977 4557 consenserint

375 4610 542 4666 super
586 4605 808 4660 terram.
848 4596 918 4652 de
955 4595 1104 4652 omni
1144 4612 1204 4652 re
1248 4611 1652 4667 quamcumque
1691 4595 1970 4668 petierint,

377 4689 470 4744 ï¬et
498 4687 604 4743 illis
624 4703 653 4742 a
683 4688 844 4744 Patre
868 4702 1012 4754 meo,
1037 4689 1128 4758 qui
1156 4688 1208 4742 in
1233 4687 1393 4743 caelis
1416 4698 1520 4742 est.
1548 4687 1650 4744 Ubi
1674 4660 1819 4743 enim
1847 4695 1975 4742 sunt
2000 4660 2058 4724 D

377 4783 510 4846 duo,
550 4780 638 4835 vel
663 4789 776 4834 tres
800 4779 1119 4850 congregati
1149 4779 1202 4833 in
1240 4779 1463 4834 nomine
1489 4793 1637 4847 meo,
1672 4779 1743 4834 ibi
1772 4794 1888 4832 sum
1920 4779 1972 4834 in

380 4871 563 4928 medio
597 4886 807 4926 eorum.
839 4870 1134 4943 [ccum],
1169 4870 1248 4943 5.]
1281 4871 1436 4926 Tunc
1480 4871 1750 4926 accedens
1779 4871 1971 4927 Petrus

377 4968 445 5023 ad
475 4982 604 5023 eum
630 4966 771 5022 dixit
800 4985 814 5021 :
843 4967 1091 5031 Domine,
1135 4967 1349 5037 quoties
1376 4967 1624 5037 peccabit
1660 4966 1714 5021 in
1746 4982 1832 5023 me
1861 4967 1974 5022 fra-

381 5069 466 5116 ter
509 5075 684 5126 meus,
726 5069 782 5115 et
807 5059 1078 5115 dimittam
1116 5061 1202 5115 ei?
1234 5076 1406 5132 usque
1451 5062 1691 5134 septies?
1714 5062 1860 5116 Dicit
1895 5061 1974 5118 illi

379 5155 581 5210 Jesus:
614 5155 728 5209 Non
761 5155 885 5209 dico
913 5156 1007 5210 tibi
1038 5171 1214 5226 usque
1261 5157 1495 5225 septies;
1544 5157 1638 5212 sed
1679 5172 1852 5228 usque
1889 5173 1974 5214 se-

379 5251 627 5320 ptuagies
673 5249 896 5319 septies.
932 5249 1250 5320 [cnxxxvrm
1299 5248 1411 5319 illi]
1455 5249 1582 5304 Ideo
1622 5252 1974 5306 assimilatum

378 5353 463 5400 est
491 5359 720 5414 regnum
753 5344 1020 5400 caelorum
1053 5344 1259 5398 homini
1300 5346 1439 5416 regi,
1486 5346 1576 5416 qui
1610 5346 1781 5400 voluit
1809 5345 1976 5400 ratio-

381 5452 505 5490 nem
532 5450 735 5506 ponere
762 5451 884 5490 cum
917 5435 1092 5491 servis
1113 5437 1247 5496 suis.
1279 5437 1489 5493 Etcum
1521 5439 1784 5508 coepisset
1809 5439 1977 5494 ratio-

379 5543 507 5584 nem
537 5543 762 5598 ponere,
795 5528 1010 5584 oblatus
1036 5539 1118 5584 est
1149 5529 1196 5584 ei
1225 5545 1385 5595 unus,
1417 5531 1506 5601 qui
1538 5530 1775 5587 debebat
1800 5533 1850 5587 ei
1878 5532 1976 5587 de-

377 5633 498 5675 cem
543 5619 708 5674 millia
741 5619 967 5674 talenta.
1002 5618 1137 5674 Cum
1186 5632 1365 5678 autem
1409 5638 1512 5675 non
1559 5621 1786 5677 haberet
1832 5624 1974 5678 unde

375 5713 656 5780 redderet,
695 5715 854 5785 jussit
899 5730 1024 5770 cum
1072 5715 1326 5771 dominus
1356 5715 1476 5784 ejus
1526 5717 1867 5782 venumdari,
1919 5728 1974 5773 et

377 5823 609 5863 uxorem
653 5808 791 5877 ejus,
847 5819 898 5863 et
935 5807 1099 5872 filios,
1133 5816 1190 5864 et
1234 5809 1416 5864 omnia
1447 5824 1568 5879 qua:
1614 5809 1867 5876 habebat,
1921 5818 1977 5865 et

379 5907 558 5964 reddi.
592 5906 887 5964 Procidcns
919 5916 1100 5962 autem
1126 5921 1316 5965 servus
1348 5907 1458 5977 ille,
1495 5908 1691 5966 orabat
1718 5923 1862 5981 eum,
1889 5907 1971 5964 di-

2082 3387 2231 3428 earo.
2265 3371 2420 3440 Quod
2452 3387 2582 3444 ergo
2615 3373 2754 3429 Deus
2787 3374 3091 3443 conjunxit,
3116 3373 3280 3430 homo
3313 3391 3418 3430 non
3444 3388 3684 3446 separet.

2085 3465 2284 3521 Dicunt
2312 3465 2424 3521 illi:
2457 3467 2599 3535 Quid
2621 3483 2750 3538 ergo
2779 3468 2992 3539 Moyses
3028 3470 3304 3525 mandavit
3347 3470 3484 3527 dare
3529 3471 3685 3528 libel-

2083 3560 2194 3614 lum
2221 3561 2453 3630 repudii,
2487 3570 2541 3616 et
2566 3560 2884 3616 dimittere?
2912 3561 3003 3618 Ait
3042 3562 3184 3617 illis:
3225 3563 3495 3630 Quoniam
3532 3565 3683 3637 Moy-

2081 3669 2169 3709 ses
2197 3654 2263 3709 ad
2292 3654 2547 3709 duritiam
2586 3655 2766 3710 cordis
2808 3655 2976 3711 vestri
3021 3657 3267 3724 permisit
3305 3657 3462 3712 vobis
3500 3657 3685 3713 dimit-

2083 3756 2196 3802 tere
2244 3761 2439 3801 uxores
2488 3758 2735 3804 vcstras:
2778 3748 2848 3803 ab
2895 3748 3049 3803 initio
3090 3757 3274 3804 autem
3315 3765 3423 3805 non
3452 3750 3550 3804 fuit
3579 3751 3680 3806 sic.

2081 3839 2224 3912 [cxc,
2253 3838 2334 3911 2.]
2369 3839 2498 3896 Dico
2540 3850 2718 3897 autem
2765 3842 2938 3911 vobis,
2981 3843 3108 3913 quia
3148 3843 3480 3916 quicumque
3518 3845 3682 3901 dimi-

2079 3933 2212 3988 serit
2243 3945 2466 3987 uxorem
2503 3947 2680 4000 suam,
2720 3933 2829 3988 nisi
2863 3934 2932 3989 ob
2963 3933 3405 4004 fornicationem,
3435 3946 3489 3993 et
3518 3936 3679 3992 aliam

2079 4023 2311 4091 duxerit,
2344 4025 2646 4081 moechatur
2675 4044 2689 4080 :
2718 4037 2769 4081 et
2797 4027 2888 4096 qui
2927 4026 3207 4082 dimissam
3255 4027 3494 4096 duxerit,
3546 4044 3682 4086 mte-

2078 4119 2289 4174 ebatur.
2339 4117 2506 4191 [cxcr,
2548 4117 2657 4189 '10.]
2696 4119 2890 4175 Dicunt
2925 4121 2975 4176 ei
3013 4121 3266 4192 discipuli
3307 4123 3462 4193 ejus:
3506 4123 3564 4182 Si
3606 4125 3682 4182 ita

2078 4221 2347 4270 estcausa
2378 4213 2614 4269 hominis
2644 4228 2766 4268 eum
2795 4227 2987 4281 uxore,
3030 4231 3135 4269 non
3182 4215 3402 4287 expedit
3453 4218 3680 4274 nubere.

2077 4306 2178 4376 Qui
2213 4305 2348 4362 dixit
2376 4305 2517 4362 illis:
2564 4305 2681 4362 Non
2731 4321 2927 4363 omnes
2967 4308 3189 4379 capiunt
3235 4309 3459 4364 verbum
3509 4310 3683 4379 istud,

2077 4401 2176 4460 sed
2223 4401 2417 4472 quibus
2462 4401 2645 4456 datum
2697 4410 2798 4456 est.
2847 4400 2989 4457 Sunt
3033 4403 3176 4457 enim
3207 4403 3463 4473 eunuchi,
3493 4404 3584 4476 qui
3612 4403 3681 4461 de

2078 4497 2267 4552 matris
2299 4504 2454 4552 utero
2485 4497 2562 4551 sic
2596 4495 2708 4552 nati
2737 4505 2863 4551 sunt
2889 4516 2899 4549 :
2928 4507 2981 4551 et
3005 4506 3131 4552 sunt
3156 4498 3413 4565 eunuchi,
3440 4500 3532 4571 qui
3555 4498 3684 4556 facti

2079 4599 2200 4646 sunt
2234 4591 2301 4645 ab
2329 4589 2644 4646 hominibus
2671 4608 2684 4646 :
2716 4600 2771 4646 et
2797 4600 2923 4646 sunt
2945 4592 3202 4656 eunuchi,
3232 4593 3322 4662 qui
3358 4592 3567 4663 seipsos
3595 4607 3686 4649 ca-

2081 4690 2392 4738 straverunt
2443 4691 2670 4752 propter
2720 4698 2943 4752 regnum
3003 4684 3290 4739 caelorum.
3343 4684 3445 4752 Qui
3505 4692 3687 4754 potest

2083 4789 2296 4845 capere,
2323 4773 2520 4844 capiat.
2549 4774 2731 4846 [cxcu,
2754 4773 2834 4845 2.]
2859 4775 3011 4830 Tunc
3034 4776 3197 4832 oblati
3227 4785 3352 4832 sunt
3373 4777 3423 4832 ei
3448 4777 3680 4846 parvuli,

2082 4875 2141 4921 ut
2170 4882 2359 4922 manus
2389 4868 2469 4923 eis
2504 4867 2831 4938 imponeret,
2866 4877 2921 4924 et
2949 4879 3150 4925 oraret.
3197 4870 3455 4941 Discipuli
3500 4879 3682 4926 autem

2083 4961 2433 5030 increpabant
2463 4975 2577 5016 eos.
2610 4960 2766 5016 Jesns
2789 4977 2922 5017 vero
2952 4961 3028 5017 ait
3055 4963 3133 5018 eis
3159 4981 3172 5017 :
3203 4962 3374 5017 Sinite
3399 4961 3680 5032 parvulos,

2081 5061 2136 5108 et
2163 5053 2330 5109 nolite
2353 5067 2448 5110 eos
2468 5053 2757 5125 prohibere
2785 5052 2850 5109 ad
2870 5070 2957 5110 me
2977 5054 3159 5110 venire
3183 5071 3194 5106 :
3226 5053 3409 5108 talium
3433 5062 3514 5109 est
3538 5053 3682 5108 enim

2082 5163 2307 5216 regnum
2339 5147 2622 5204 etelorum.
2653 5148 2720 5203 Et
2767 5163 2893 5203 cum
2942 5146 3288 5217 imposuisset
3332 5147 3412 5202 eis
3463 5163 3678 5216 manus,

2082 5241 2212 5296 abiit
2245 5241 2388 5296 inde.
2422 5241 2624 5315 [cxcnr,
2673 5240 2753 5312 2.]
2808 5242 2873 5295 Et
2917 5257 3043 5297 ecce
3091 5257 3226 5294 unus
3278 5241 3566 5309 accedens,
3609 5241 3687 5296 ait

2081 5333 2198 5388 illi:
2235 5333 2490 5402 Magister
2520 5333 2681 5400 bone,
2728 5333 2854 5402 quid
2903 5333 3030 5388 boni
3080 5333 3292 5398 faciam,
3343 5343 3398 5388 ut
3451 5334 3674 5388 habeam

2080 5429 2248 5483 vitam
2279 5428 2576 5482 aeternam?
2606 5427 2705 5495 Qui
2735 5427 2872 5482 dixit
2916 5427 3004 5483 ei:
3046 5428 3190 5494 Quid
3243 5442 3328 5482 me
3379 5428 3682 5498 interrogas

2081 5519 2150 5575 de
2173 5519 2349 5574 bono?
2374 5518 2527 5574 Unus
2554 5527 2636 5574 est
2662 5521 2837 5574 bonus
2861 5521 3020 5576 Dens.
3045 5520 3099 5576 Si
3124 5531 3301 5575 autem
3324 5523 3405 5575 vis
3427 5520 3492 5575 ad
3515 5523 3680 5576 vitam

2082 5614 2310 5685 ingredi,
2343 5629 2496 5668 serva
2530 5615 2799 5668 mandata.
2843 5615 2981 5669 Dicit
3005 5615 3097 5669 illi.
3123 5615 3291 5682 Qnre?
3321 5614 3480 5672 Jesus
3503 5624 3682 5670 autem

2082 5707 2254 5762 dixit:
2306 5705 2420 5761 Non
2476 5705 2828 5762 homicidium
2885 5707 3086 5762 facies:
3139 5708 3256 5763 Non
3306 5707 3678 5763 adulterabis:

2080 5799 2201 5857 Non
2230 5799 2392 5856 facies
2425 5799 2625 5856 furtum
2654 5820 2664 5854 :
2694 5800 2812 5856 Non
2846 5801 3037 5858 falsum
3072 5802 3439 5858 testimonium
3489 5800 3635 5855 dices
3668 5815 3681 5854 :

2082 5897 2303 5956 Honora
2354 5903 2564 5970 patrem
2615 5903 2789 5968 tuum,
2841 5907 2896 5956 et
2938 5909 3165 5954 matrem
3199 5908 3384 5955 tuam:
3420 5906 3468 5952 ct
3499 5894 3690 5966 diliges
