  <div class='ocr_page' id='page_1' title='image "/cluster/home/n/w/nwhite01/storage/ocr_20150623/29/hvd.32044015471428/289.png"; bbox 0 0 4166 6336; ppageno 0'>
   <div class='ocr_carea' id='block_1_1' title="bbox 468 269 568 324">
    <p class='ocr_par' dir='ltr' id='par_1_1' title="bbox 468 269 568 324">
     <span class='ocr_line' id='line_1_1' title="bbox 468 269 568 324; baseline 0.04 -4"><span class='ocrx_word' id='word_1_1' title='bbox 468 269 568 324; x_wconf 70' lang='lat'><strong>567</strong></span> 
     </span>
    </p>
   </div>
   <div class='ocr_carea' id='block_1_2' title="bbox 1465 261 2744 323">
    <p class='ocr_par' dir='ltr' id='par_1_2' title="bbox 1465 261 2744 323">
     <span class='ocr_line' id='line_1_2' title="bbox 1465 261 2744 323; baseline -0.001 -2"><span class='ocrx_word' id='word_1_2' title='bbox 1465 265 1524 322; x_wconf 91' lang='lat' dir='ltr'><strong>S.</strong></span> <span class='ocrx_word' id='word_1_3' title='bbox 1570 262 1951 322; x_wconf 78' lang='lat' dir='ltr'><strong>lllERONYMl</strong></span> <span class='ocrx_word' id='word_1_4' title='bbox 1986 261 2222 320; x_wconf 83' lang='lat' dir='ltr'><strong>DlVlNA</strong></span> <span class='ocrx_word' id='word_1_5' title='bbox 2263 261 2744 323; x_wconf 76' lang='lat' dir='ltr'><strong>BIBLIOTHECA.</strong></span> 
     </span>
    </p>
   </div>
   <div class='ocr_carea' id='block_1_3' title="bbox 3659 267 3760 326">
    <p class='ocr_par' dir='ltr' id='par_1_3' title="bbox 3659 267 3760 326">
     <span class='ocr_line' id='line_1_3' title="bbox 3659 267 3760 326; baseline 0.03 -3"><span class='ocrx_word' id='word_1_6' title='bbox 3659 267 3760 326; x_wconf 73' lang='lat'><strong>508</strong></span> 
     </span>
    </p>
   </div>
   <div class='ocr_carea' id='block_1_4' title="bbox 467 379 3769 456">
    <p class='ocr_par' dir='ltr' id='par_1_4' title="bbox 467 379 3769 456">
     <span class='ocr_line' id='line_1_4' title="bbox 467 379 3769 456; baseline -0.001 -16"><span class='ocrx_word' id='word_1_7' title='bbox 467 383 774 456; x_wconf 90' lang='lat' dir='ltr'><strong>proximum</strong></span> <span class='ocrx_word' id='word_1_8' title='bbox 801 391 949 439; x_wconf 90' lang='lat' dir='ltr'><strong>tuum</strong></span> <span class='ocrx_word' id='word_1_9' title='bbox 978 382 1116 440; x_wconf 99' lang='lat' dir='ltr'><strong>sicut</strong></span> <span class='ocrx_word' id='word_1_10' title='bbox 1143 380 1394 454; x_wconf 88' lang='lat' dir='ltr'><strong>teipsum.</strong></span> <span class='ocrx_word' id='word_1_11' title='bbox 1431 382 1571 437; x_wconf 90' lang='lat' dir='ltr'><strong>Dicit</strong></span> <span class='ocrx_word' id='word_1_12' title='bbox 1601 382 1681 436; x_wconf 87' lang='lat' dir='ltr'><strong>illi</strong></span> <span class='ocrx_word' id='word_1_13' title='bbox 1708 380 2064 436; x_wconf 87' lang='lat' dir='ltr'><strong>adolescens:</strong></span> <span class='ocrx_word' id='word_1_14' title='bbox 2094 382 2142 438; x_wconf 87' lang='lat' dir='ltr'><strong>A</strong></span> <span class='ocrx_word' id='word_1_15' title='bbox 2173 395 2270 449; x_wconf 87' lang='lat' dir='ltr'><strong>ego</strong></span> <span class='ocrx_word' id='word_1_16' title='bbox 2297 381 2472 436; x_wconf 85' lang='lat' dir='ltr'><strong>bonus</strong></span> <span class='ocrx_word' id='word_1_17' title='bbox 2502 381 2659 436; x_wconf 80' lang='lat' dir='ltr'><strong>sum?</strong></span> <span class='ocrx_word' id='word_1_18' title='bbox 2692 381 2778 437; x_wconf 89' lang='lat' dir='ltr'><strong>Sic</strong></span> <span class='ocrx_word' id='word_1_19' title='bbox 2809 391 2968 437; x_wconf 89' lang='lat' dir='ltr'><strong>erunt</strong></span> <span class='ocrx_word' id='word_1_20' title='bbox 2999 379 3279 437; x_wconf 87' lang='lat' dir='ltr'><strong>novissimi</strong></span> <span class='ocrx_word' id='word_1_21' title='bbox 3310 381 3491 453; x_wconf 84' lang='lat' dir='ltr'><strong>primi,</strong></span> <span class='ocrx_word' id='word_1_22' title='bbox 3524 392 3576 438; x_wconf 91' lang='lat' dir='ltr'><strong>ct</strong></span> <span class='ocrx_word' id='word_1_23' title='bbox 3610 385 3769 454; x_wconf 80' lang='lat' dir='ltr'><strong>primi</strong></span> 
     </span>
    </p>
   </div>
   <div class='ocr_carea' id='block_1_5' title="bbox 466 471 2064 544">
    <p class='ocr_par' dir='ltr' id='par_1_5' title="bbox 466 471 2064 544">
     <span class='ocr_line' id='line_1_5' title="bbox 466 471 2064 544; baseline -0.004 -11"><span class='ocrx_word' id='word_1_24' title='bbox 466 475 657 533; x_wconf 90' lang='lat' dir='ltr'><strong>Omnia</strong></span> <span class='ocrx_word' id='word_1_25' title='bbox 700 477 817 532; x_wconf 69' lang='lat' dir='ltr'><strong>haec</strong></span> <span class='ocrx_word' id='word_1_26' title='bbox 845 475 1111 532; x_wconf 77' lang='lat' dir='ltr'><strong>Custodivi</strong></span> <span class='ocrx_word' id='word_1_27' title='bbox 1139 475 1476 544; x_wconf 89' lang='lat' dir='ltr'><strong>ajuventutc</strong></span> <span class='ocrx_word' id='word_1_28' title='bbox 1525 490 1665 543; x_wconf 91' lang='lat' dir='ltr'><strong>mea,</strong></span> <span class='ocrx_word' id='word_1_29' title='bbox 1713 473 1840 544; x_wconf 89' lang='lat' dir='ltr'><strong>quid</strong></span> <span class='ocrx_word' id='word_1_30' title='bbox 1889 471 2064 527; x_wconf 90' lang='lat' dir='ltr'><strong>adhuc</strong></span> 
     </span>
    </p>
   </div>
   <div class='ocr_carea' id='block_1_6' title="bbox 470 563 2068 641">
    <p class='ocr_par' dir='ltr' id='par_1_6' title="bbox 470 563 2068 641">
     <span class='ocr_line' id='line_1_6' title="bbox 470 563 2068 641; baseline -0.004 -17"><span class='ocrx_word' id='word_1_31' title='bbox 470 569 602 624; x_wconf 88' lang='lat' dir='ltr'><strong>mihi</strong></span> <span class='ocrx_word' id='word_1_32' title='bbox 629 568 819 626; x_wconf 87' lang='lat' dir='ltr'><strong>deest?</strong></span> <span class='ocrx_word' id='word_1_33' title='bbox 851 568 1056 641; x_wconf 70' lang='lat' dir='ltr'><strong>[cxc1v,</strong></span> <span class='ocrx_word' id='word_1_34' title='bbox 1087 565 1168 638; x_wconf 85' lang='grc'><strong>2.]</strong></span> <span class='ocrx_word' id='word_1_35' title='bbox 1215 568 1301 622; x_wconf 86' lang='lat' dir='ltr'><strong>Ait</strong></span> <span class='ocrx_word' id='word_1_36' title='bbox 1335 567 1412 622; x_wconf 86' lang='lat' dir='ltr'><strong>illi</strong></span> <span class='ocrx_word' id='word_1_37' title='bbox 1452 567 1644 622; x_wconf 81' lang='lat' dir='ltr'><strong>Jesus:</strong></span> <span class='ocrx_word' id='word_1_38' title='bbox 1681 567 1735 622; x_wconf 89' lang='lat' dir='ltr'><strong>Si</strong></span> <span class='ocrx_word' id='word_1_39' title='bbox 1780 565 1857 620; x_wconf 91' lang='lat' dir='ltr'><strong>vis</strong></span> <span class='ocrx_word' id='word_1_40' title='bbox 1894 563 2068 635; x_wconf 88' lang='lat' dir='ltr'><strong>perfe-</strong></span> 
     </span>
    </p>
   </div>
   <div class='ocr_carea' id='block_1_7' title="bbox 466 658 2066 732">
    <p class='ocr_par' dir='ltr' id='par_1_7' title="bbox 466 658 2066 732">
     <span class='ocr_line' id='line_1_7' title="bbox 466 658 2066 732; baseline -0.005 -14"><span class='ocrx_word' id='word_1_41' title='bbox 466 670 587 718; x_wconf 91' lang='lat' dir='ltr'><strong>ctus</strong></span> <span class='ocrx_word' id='word_1_42' title='bbox 615 677 757 730; x_wconf 88' lang='lat' dir='ltr'><strong>esse,</strong></span> <span class='ocrx_word' id='word_1_43' title='bbox 787 661 941 731; x_wconf 86' lang='lat' dir='ltr'><strong>vade,</strong></span> <span class='ocrx_word' id='word_1_44' title='bbox 975 661 1146 717; x_wconf 87' lang='lat' dir='ltr'><strong>vende</strong></span> <span class='ocrx_word' id='word_1_45' title='bbox 1174 675 1294 731; x_wconf 65' lang='lat' dir='ltr'><strong>qua:</strong></span> <span class='ocrx_word' id='word_1_46' title='bbox 1325 660 1513 732; x_wconf 86' lang='lat' dir='ltr'><strong>habes,</strong></span> <span class='ocrx_word' id='word_1_47' title='bbox 1543 670 1595 715; x_wconf 90' lang='lat' dir='ltr'><strong>et</strong></span> <span class='ocrx_word' id='word_1_48' title='bbox 1619 660 1683 716; x_wconf 80' lang='lat' dir='ltr'><strong>du</strong></span> <span class='ocrx_word' id='word_1_49' title='bbox 1718 658 2066 730; x_wconf 86' lang='lat' dir='ltr'><strong>pauperibus,</strong></span> 
     </span>
    </p>
   </div>
   <div class='ocr_carea' id='block_1_8' title="bbox 468 755 2067 824">
    <p class='ocr_par' dir='ltr' id='par_1_8' title="bbox 468 755 2067 824">
     <span class='ocr_line' id='line_1_8' title="bbox 468 755 2067 824; baseline -0.006 -11"><span class='ocrx_word' id='word_1_50' title='bbox 468 765 527 813; x_wconf 90' lang='lat' dir='ltr'><strong>et</strong></span> <span class='ocrx_word' id='word_1_51' title='bbox 553 755 782 810; x_wconf 83' lang='lat' dir='ltr'><strong>habebis</strong></span> <span class='ocrx_word' id='word_1_52' title='bbox 813 755 1123 811; x_wconf 85' lang='lat' dir='ltr'><strong>thesaurum</strong></span> <span class='ocrx_word' id='word_1_53' title='bbox 1155 757 1206 810; x_wconf 92' lang='lat' dir='ltr'><strong>in</strong></span> <span class='ocrx_word' id='word_1_54' title='bbox 1235 755 1418 811; x_wconf 59' lang='lat' dir='ltr'><strong>caelo:</strong></span> <span class='ocrx_word' id='word_1_55' title='bbox 1449 765 1503 810; x_wconf 91' lang='lat' dir='ltr'><strong>et</strong></span> <span class='ocrx_word' id='word_1_56' title='bbox 1529 755 1674 819; x_wconf 85' lang='lat' dir='ltr'><strong>veni,</strong></span> <span class='ocrx_word' id='word_1_57' title='bbox 1701 768 1929 824; x_wconf 81' lang='lat' dir='ltr'><strong>sequere</strong></span> <span class='ocrx_word' id='word_1_58' title='bbox 1959 767 2067 808; x_wconf 92' lang='lat' dir='ltr'><strong>me.</strong></span> 
     </span>
    </p>
   </div>
   <div class='ocr_carea' id='block_1_9' title="bbox 468 847 2066 925">
    <p class='ocr_par' dir='ltr' id='par_1_9' title="bbox 468 847 2066 925">
     <span class='ocr_line' id='line_1_9' title="bbox 468 847 2066 925; baseline -0.003 -19"><span class='ocrx_word' id='word_1_59' title='bbox 468 849 653 925; x_wconf 88' lang='lat' dir='ltr'><strong>[cxcv,</strong></span> <span class='ocrx_word' id='word_1_60' title='bbox 684 849 765 923; x_wconf 87' lang='grc'><strong>2.]</strong></span> <span class='ocrx_word' id='word_1_61' title='bbox 795 850 930 906; x_wconf 90' lang='lat' dir='ltr'><strong>Cum</strong></span> <span class='ocrx_word' id='word_1_62' title='bbox 961 851 1200 906; x_wconf 85' lang='lat' dir='ltr'><strong>audisset</strong></span> <span class='ocrx_word' id='word_1_63' title='bbox 1227 860 1408 905; x_wconf 89' lang='lat' dir='ltr'><strong>autem</strong></span> <span class='ocrx_word' id='word_1_64' title='bbox 1456 848 1779 904; x_wconf 80' lang='lat' dir='ltr'><strong>adolescens</strong></span> <span class='ocrx_word' id='word_1_65' title='bbox 1821 847 2066 911; x_wconf 91' lang='lat' dir='ltr'><strong>verbum,</strong></span> 
     </span>
    </p>
   </div>
   <div class='ocr_carea' id='block_1_10' title="bbox 469 941 2068 1012">
    <p class='ocr_par' dir='ltr' id='par_1_10' title="bbox 469 941 2068 1012">
     <span class='ocr_line' id='line_1_10' title="bbox 469 941 2068 1012; baseline -0.002 -13"><span class='ocrx_word' id='word_1_66' title='bbox 469 945 602 1001; x_wconf 90' lang='lat' dir='ltr'><strong>abiit</strong></span> <span class='ocrx_word' id='word_1_67' title='bbox 634 944 840 1000; x_wconf 85' lang='lat' dir='ltr'><strong>tristis:</strong></span> <span class='ocrx_word' id='word_1_68' title='bbox 873 955 991 1000; x_wconf 91' lang='lat' dir='ltr'><strong>erat</strong></span> <span class='ocrx_word' id='word_1_69' title='bbox 1021 943 1166 1000; x_wconf 91' lang='lat' dir='ltr'><strong>enim</strong></span> <span class='ocrx_word' id='word_1_70' title='bbox 1206 943 1412 998; x_wconf 87' lang='lat' dir='ltr'><strong>habens</strong></span> <span class='ocrx_word' id='word_1_71' title='bbox 1444 943 1639 998; x_wconf 90' lang='lat' dir='ltr'><strong>multas</strong></span> <span class='ocrx_word' id='word_1_72' title='bbox 1665 941 2068 1012; x_wconf 78' lang='lat' dir='ltr'><strong>possessiones.</strong></span> 
     </span>
    </p>
   </div>
   <div class='ocr_carea' id='block_1_11' title="bbox 468 1036 2069 1108">
    <p class='ocr_par' dir='ltr' id='par_1_11' title="bbox 468 1036 2069 1108">
     <span class='ocr_line' id='line_1_11' title="bbox 468 1036 2069 1108; baseline -0.004 -12"><span class='ocrx_word' id='word_1_73' title='bbox 468 1037 627 1096; x_wconf 78' lang='lat' dir='ltr'><strong>Jesus</strong></span> <span class='ocrx_word' id='word_1_74' title='bbox 656 1046 836 1094; x_wconf 90' lang='lat' dir='ltr'><strong>autem</strong></span> <span class='ocrx_word' id='word_1_75' title='bbox 865 1037 1000 1092; x_wconf 81' lang='lat' dir='ltr'><strong>dixit</strong></span> <span class='ocrx_word' id='word_1_76' title='bbox 1026 1038 1307 1108; x_wconf 87' lang='lat' dir='ltr'><strong>discipulis</strong></span> <span class='ocrx_word' id='word_1_77' title='bbox 1336 1037 1485 1093; x_wconf 90' lang='lat' dir='ltr'><strong>suis:</strong></span> <span class='ocrx_word' id='word_1_78' title='bbox 1517 1036 1688 1092; x_wconf 88' lang='lat' dir='ltr'><strong>Amen</strong></span> <span class='ocrx_word' id='word_1_79' title='bbox 1727 1036 1850 1091; x_wconf 89' lang='lat' dir='ltr'><strong>dico</strong></span> <span class='ocrx_word' id='word_1_80' title='bbox 1891 1036 2069 1106; x_wconf 87' lang='lat' dir='ltr'><strong>vobis,</strong></span> 
     </span>
    </p>
   </div>
   <div class='ocr_carea' id='block_1_12' title="bbox 470 1127 2076 1203">
    <p class='ocr_par' dir='ltr' id='par_1_12' title="bbox 470 1127 2076 1203">
     <span class='ocr_line' id='line_1_12' title="bbox 470 1127 2076 1203; baseline -0.002 -16"><span class='ocrx_word' id='word_1_81' title='bbox 470 1133 598 1203; x_wconf 90' lang='lat' dir='ltr'><strong>quia</strong></span> <span class='ocrx_word' id='word_1_82' title='bbox 624 1131 776 1187; x_wconf 82' lang='lat' dir='ltr'><strong>dives</strong></span> <span class='ocrx_word' id='word_1_83' title='bbox 805 1130 1027 1187; x_wconf 91' lang='lat' dir='ltr'><strong>difﬁcile</strong></span> <span class='ocrx_word' id='word_1_84' title='bbox 1059 1131 1282 1186; x_wconf 87' lang='lat' dir='ltr'><strong>intrabit</strong></span> <span class='ocrx_word' id='word_1_85' title='bbox 1316 1131 1366 1186; x_wconf 93' lang='lat' dir='ltr'><strong>in</strong></span> <span class='ocrx_word' id='word_1_86' title='bbox 1405 1145 1628 1202; x_wconf 79' lang='lat' dir='ltr'><strong>regnum</strong></span> <span class='ocrx_word' id='word_1_87' title='bbox 1674 1129 1957 1186; x_wconf 59' lang='lat' dir='ltr'><strong>caelorum.</strong></span> <span class='ocrx_word' id='word_1_88' title='bbox 2006 1127 2076 1184; x_wconf 84' lang='lat' dir='ltr'><strong>Et</strong></span> 
     </span>
    </p>
   </div>
   <div class='ocr_carea' id='block_1_13' title="bbox 470 1221 2074 1294">
    <p class='ocr_par' dir='ltr' id='par_1_13' title="bbox 470 1221 2074 1294">
     <span class='ocr_line' id='line_1_13' title="bbox 470 1221 2074 1294; baseline -0.004 -12"><span class='ocrx_word' id='word_1_89' title='bbox 470 1228 667 1282; x_wconf 88' lang='lat' dir='ltr'><strong>iterum</strong></span> <span class='ocrx_word' id='word_1_90' title='bbox 695 1226 818 1282; x_wconf 92' lang='lat' dir='ltr'><strong>dico</strong></span> <span class='ocrx_word' id='word_1_91' title='bbox 847 1225 1039 1282; x_wconf 81' lang='lat' dir='ltr'><strong>vobis:</strong></span> <span class='ocrx_word' id='word_1_92' title='bbox 1070 1223 1306 1280; x_wconf 85' lang='lat' dir='ltr'><strong>Facilius</strong></span> <span class='ocrx_word' id='word_1_93' title='bbox 1346 1233 1429 1280; x_wconf 89' lang='lat' dir='ltr'><strong>est</strong></span> <span class='ocrx_word' id='word_1_94' title='bbox 1476 1224 1744 1280; x_wconf 91' lang='lat' dir='ltr'><strong>camelum</strong></span> <span class='ocrx_word' id='word_1_95' title='bbox 1793 1238 1890 1294; x_wconf 88' lang='lat' dir='ltr'><strong>per</strong></span> <span class='ocrx_word' id='word_1_96' title='bbox 1933 1221 2074 1277; x_wconf 84' lang='lat' dir='ltr'><strong>fora-</strong></span> 
     </span>
    </p>
   </div>
   <div class='ocr_carea' id='block_1_14' title="bbox 471 1316 2073 1388">
    <p class='ocr_par' dir='ltr' id='par_1_14' title="bbox 471 1316 2073 1388">
     <span class='ocr_line' id='line_1_14' title="bbox 471 1316 2073 1388; baseline -0.002 -14"><span class='ocrx_word' id='word_1_97' title='bbox 471 1334 596 1375; x_wconf 91' lang='lat' dir='ltr'><strong>men</strong></span> <span class='ocrx_word' id='word_1_98' title='bbox 627 1333 756 1374; x_wconf 91' lang='lat' dir='ltr'><strong>acus</strong></span> <span class='ocrx_word' id='word_1_99' title='bbox 780 1319 1031 1382; x_wconf 87' lang='lat' dir='ltr'><strong>transire,</strong></span> <span class='ocrx_word' id='word_1_100' title='bbox 1064 1332 1225 1388; x_wconf 89' lang='lat' dir='ltr'><strong>quam</strong></span> <span class='ocrx_word' id='word_1_101' title='bbox 1257 1317 1479 1372; x_wconf 86' lang='lat' dir='ltr'><strong>divitem</strong></span> <span class='ocrx_word' id='word_1_102' title='bbox 1509 1316 1714 1372; x_wconf 91' lang='lat' dir='ltr'><strong>intrare</strong></span> <span class='ocrx_word' id='word_1_103' title='bbox 1743 1317 1796 1370; x_wconf 93' lang='lat' dir='ltr'><strong>in</strong></span> <span class='ocrx_word' id='word_1_104' title='bbox 1849 1330 2073 1386; x_wconf 79' lang='lat' dir='ltr'><strong>regnum</strong></span> 
     </span>
    </p>
   </div>
   <div class='ocr_carea' id='block_1_15' title="bbox 473 1409 2078 1480">
    <p class='ocr_par' dir='ltr' id='par_1_15' title="bbox 473 1409 2078 1480">
     <span class='ocr_line' id='line_1_15' title="bbox 473 1409 2078 1480; baseline -0.003 -11"><span class='ocrx_word' id='word_1_105' title='bbox 473 1414 758 1470; x_wconf 72' lang='lat' dir='ltr'><strong>caelorum.</strong></span> <span class='ocrx_word' id='word_1_106' title='bbox 791 1411 1006 1469; x_wconf 82' lang='lat' dir='ltr'><strong>Auditis</strong></span> <span class='ocrx_word' id='word_1_107' title='bbox 1050 1422 1232 1468; x_wconf 91' lang='lat' dir='ltr'><strong>autem</strong></span> <span class='ocrx_word' id='word_1_108' title='bbox 1279 1411 1384 1477; x_wconf 92' lang='lat' dir='ltr'><strong>his,</strong></span> <span class='ocrx_word' id='word_1_109' title='bbox 1437 1410 1690 1480; x_wconf 86' lang='lat' dir='ltr'><strong>discipuli</strong></span> <span class='ocrx_word' id='word_1_110' title='bbox 1742 1409 2078 1466; x_wconf 89' lang='lat' dir='ltr'><strong>mirabantur</strong></span> 
     </span>
    </p>
   </div>
   <div class='ocr_carea' id='block_1_16' title="bbox 471 1503 2078 1578">
    <p class='ocr_par' dir='ltr' id='par_1_16' title="bbox 471 1503 2078 1578">
     <span class='ocr_line' id='line_1_16' title="bbox 471 1503 2078 1578; baseline -0.003 -15"><span class='ocrx_word' id='word_1_111' title='bbox 471 1508 649 1578; x_wconf 85' lang='lat' dir='ltr'><strong>valde,</strong></span> <span class='ocrx_word' id='word_1_112' title='bbox 678 1508 961 1564; x_wconf 87' lang='lat' dir='ltr'><strong>dicentes:</strong></span> <span class='ocrx_word' id='word_1_113' title='bbox 993 1507 1125 1576; x_wconf 82' lang='lat' dir='ltr'><strong>Quis</strong></span> <span class='ocrx_word' id='word_1_114' title='bbox 1152 1521 1282 1577; x_wconf 86' lang='lat' dir='ltr'><strong>ergo</strong></span> <span class='ocrx_word' id='word_1_115' title='bbox 1309 1506 1507 1576; x_wconf 90' lang='lat' dir='ltr'><strong>poterit</strong></span> <span class='ocrx_word' id='word_1_116' title='bbox 1534 1505 1713 1559; x_wconf 89' lang='lat' dir='ltr'><strong>salvus</strong></span> <span class='ocrx_word' id='word_1_117' title='bbox 1735 1503 1892 1560; x_wconf 88' lang='lat' dir='ltr'><strong>esse?</strong></span> <span class='ocrx_word' id='word_1_118' title='bbox 1919 1503 2078 1574; x_wconf 84' lang='lat' dir='ltr'><strong>Aspi-</strong></span> 
     </span>
    </p>
   </div>
   <div class='ocr_carea' id='block_1_17' title="bbox 473 1596 2079 1668">
    <p class='ocr_par' dir='ltr' id='par_1_17' title="bbox 473 1596 2079 1668">
     <span class='ocr_line' id='line_1_17' title="bbox 473 1596 2079 1668; baseline -0.003 -11"><span class='ocrx_word' id='word_1_119' title='bbox 473 1602 626 1658; x_wconf 89' lang='lat' dir='ltr'><strong>ciens</strong></span> <span class='ocrx_word' id='word_1_120' title='bbox 652 1609 831 1656; x_wconf 90' lang='lat' dir='ltr'><strong>autem</strong></span> <span class='ocrx_word' id='word_1_121' title='bbox 861 1601 1042 1666; x_wconf 86' lang='lat' dir='ltr'><strong>Jesus,</strong></span> <span class='ocrx_word' id='word_1_122' title='bbox 1087 1599 1225 1654; x_wconf 81' lang='lat' dir='ltr'><strong>dixit</strong></span> <span class='ocrx_word' id='word_1_123' title='bbox 1272 1599 1419 1654; x_wconf 90' lang='lat' dir='ltr'><strong>illis:</strong></span> <span class='ocrx_word' id='word_1_124' title='bbox 1473 1597 1630 1668; x_wconf 82' lang='lat' dir='ltr'><strong>Apud</strong></span> <span class='ocrx_word' id='word_1_125' title='bbox 1679 1596 1930 1652; x_wconf 89' lang='lat' dir='ltr'><strong>homines</strong></span> <span class='ocrx_word' id='word_1_126' title='bbox 1975 1598 2079 1652; x_wconf 90' lang='lat' dir='ltr'><strong>hoc</strong></span> 
     </span>
    </p>
   </div>
   <div class='ocr_carea' id='block_1_18' title="bbox 475 1689 2076 1766">
    <p class='ocr_par' dir='ltr' id='par_1_18' title="bbox 475 1689 2076 1766">
     <span class='ocr_line' id='line_1_18' title="bbox 475 1689 2076 1766; baseline -0.004 -16"><span class='ocrx_word' id='word_1_127' title='bbox 475 1695 806 1766; x_wconf 88' lang='lat' dir='ltr'><strong>impossibile</strong></span> <span class='ocrx_word' id='word_1_128' title='bbox 837 1705 956 1750; x_wconf 91' lang='lat' dir='ltr'><strong>est:</strong></span> <span class='ocrx_word' id='word_1_129' title='bbox 991 1693 1129 1764; x_wconf 86' lang='lat' dir='ltr'><strong>apud</strong></span> <span class='ocrx_word' id='word_1_130' title='bbox 1154 1693 1326 1749; x_wconf 93' lang='lat' dir='ltr'><strong>Deum</strong></span> <span class='ocrx_word' id='word_1_131' title='bbox 1352 1702 1534 1748; x_wconf 88' lang='lat' dir='ltr'><strong>autem</strong></span> <span class='ocrx_word' id='word_1_132' title='bbox 1566 1692 1745 1746; x_wconf 87' lang='lat' dir='ltr'><strong>omnia</strong></span> <span class='ocrx_word' id='word_1_133' title='bbox 1798 1689 2076 1762; x_wconf 85' lang='lat' dir='ltr'><strong>possibilia</strong></span> 
     </span>
    </p>
   </div>
   <div class='ocr_carea' id='block_1_19' title="bbox 2168 472 3766 545">
    <p class='ocr_par' dir='ltr' id='par_1_19' title="bbox 2168 472 3766 545">
     <span class='ocr_line' id='line_1_19' title="bbox 2168 472 3766 545; baseline 0.003 -18"><span class='ocrx_word' id='word_1_134' title='bbox 2168 473 2465 529; x_wconf 87' lang='lat' dir='ltr'><strong>novissimi.</strong></span> <span class='ocrx_word' id='word_1_135' title='bbox 2500 472 2647 528; x_wconf 88' lang='lat' dir='ltr'><strong>Multi</strong></span> <span class='ocrx_word' id='word_1_136' title='bbox 2675 474 2818 529; x_wconf 90' lang='lat' dir='ltr'><strong>enim</strong></span> <span class='ocrx_word' id='word_1_137' title='bbox 2845 485 2967 529; x_wconf 86' lang='lat' dir='ltr'><strong>sunt</strong></span> <span class='ocrx_word' id='word_1_138' title='bbox 2999 475 3197 540; x_wconf 77' lang='lat' dir='ltr'><strong>vocati,</strong></span> <span class='ocrx_word' id='word_1_139' title='bbox 3239 474 3395 545; x_wconf 91' lang='lat' dir='ltr'><strong>pauci</strong></span> <span class='ocrx_word' id='word_1_140' title='bbox 3426 489 3555 532; x_wconf 90' lang='lat' dir='ltr'><strong>vero</strong></span> <span class='ocrx_word' id='word_1_141' title='bbox 3585 476 3766 533; x_wconf 89' lang='lat' dir='ltr'><strong>electi.</strong></span> 
     </span>
    </p>
   </div>
   <div class='ocr_carea' id='block_1_20' title="bbox 2241 563 3772 638">
    <p class='ocr_par' dir='ltr' id='par_1_20' title="bbox 2241 563 3772 638">
     <span class='ocr_line' id='line_1_20' title="bbox 2241 563 3772 638; baseline 0.001 -17"><span class='ocrx_word' id='word_1_142' title='bbox 2241 565 2366 638; x_wconf 75' lang='grc' dir='ltr'><strong>[σοι.</strong></span> <span class='ocrx_word' id='word_1_143' title='bbox 2393 563 2475 635; x_wconf 93' lang='grc'><strong>2.]</strong></span> <span class='ocrx_word' id='word_1_144' title='bbox 2509 565 2575 620; x_wconf 87' lang='lat' dir='ltr'><strong>Et</strong></span> <span class='ocrx_word' id='word_1_145' title='bbox 2599 564 2899 622; x_wconf 90' lang='lat' dir='ltr'><strong>ascendens</strong></span> <span class='ocrx_word' id='word_1_146' title='bbox 2925 564 3084 622; x_wconf 82' lang='lat' dir='ltr'><strong>Jesus</strong></span> <span class='ocrx_word' id='word_1_147' title='bbox 3113 565 3530 638; x_wconf 83' lang='lat' dir='ltr'><strong>Jerosolymam,</strong></span> <span class='ocrx_word' id='word_1_148' title='bbox 3558 583 3772 624; x_wconf 86' lang='lat' dir='ltr'><strong>assum-</strong></span> 
     </span>
    </p>
   </div>
   <div class='ocr_carea' id='block_1_21' title="bbox 2170 657 3772 728">
    <p class='ocr_par' dir='ltr' id='par_1_21' title="bbox 2170 657 3772 728">
     <span class='ocr_line' id='line_1_21' title="bbox 2170 657 3772 728; baseline 0.004 -17"><span class='ocrx_word' id='word_1_149' title='bbox 2170 660 2277 727; x_wconf 85' lang='lat' dir='ltr'><strong>psit</strong></span> <span class='ocrx_word' id='word_1_150' title='bbox 2322 657 2605 713; x_wconf 86' lang='lat' dir='ltr'><strong>duodecim</strong></span> <span class='ocrx_word' id='word_1_151' title='bbox 2655 657 2950 728; x_wconf 87' lang='lat' dir='ltr'><strong>discipulos</strong></span> <span class='ocrx_word' id='word_1_152' title='bbox 2995 666 3231 724; x_wconf 91' lang='lat' dir='ltr'><strong>secreto,</strong></span> <span class='ocrx_word' id='word_1_153' title='bbox 3268 666 3324 714; x_wconf 94' lang='lat' dir='ltr'><strong>et</strong></span> <span class='ocrx_word' id='word_1_154' title='bbox 3345 659 3422 714; x_wconf 91' lang='lat' dir='ltr'><strong>ait</strong></span> <span class='ocrx_word' id='word_1_155' title='bbox 3447 659 3591 716; x_wconf 90' lang='lat' dir='ltr'><strong>illis:</strong></span> <span class='ocrx_word' id='word_1_156' title='bbox 3627 659 3772 717; x_wconf 87' lang='lat' dir='ltr'><strong>Ecce</strong></span> 
     </span>
    </p>
   </div>
   <div class='ocr_carea' id='block_1_22' title="bbox 2170 751 3772 824">
    <p class='ocr_par' dir='ltr' id='par_1_22' title="bbox 2170 751 3772 824">
     <span class='ocr_line' id='line_1_22' title="bbox 2170 751 3772 824; baseline 0.002 -18"><span class='ocrx_word' id='word_1_157' title='bbox 2170 751 2512 807; x_wconf 91' lang='lat' dir='ltr'><strong>ascendimus</strong></span> <span class='ocrx_word' id='word_1_158' title='bbox 2541 751 2960 824; x_wconf 86' lang='lat' dir='ltr'><strong>Jerosolymam,</strong></span> <span class='ocrx_word' id='word_1_159' title='bbox 2989 763 3041 809; x_wconf 89' lang='lat' dir='ltr'><strong>et</strong></span> <span class='ocrx_word' id='word_1_160' title='bbox 3074 753 3214 809; x_wconf 90' lang='lat' dir='ltr'><strong>ﬁlius</strong></span> <span class='ocrx_word' id='word_1_161' title='bbox 3253 753 3485 810; x_wconf 86' lang='lat' dir='ltr'><strong>hominis</strong></span> <span class='ocrx_word' id='word_1_162' title='bbox 3525 753 3772 810; x_wconf 81' lang='lat' dir='ltr'><strong>tradetur</strong></span> 
     </span>
    </p>
   </div>
   <div class='ocr_carea' id='block_1_23' title="bbox 2173 843 3776 916">
    <p class='ocr_par' dir='ltr' id='par_1_23' title="bbox 2173 843 3776 916">
     <span class='ocr_line' id='line_1_23' title="bbox 2173 843 3776 916; baseline 0.002 -16"><span class='ocrx_word' id='word_1_163' title='bbox 2173 843 2508 916; x_wconf 89' lang='lat' dir='ltr'><strong>principibus</strong></span> <span class='ocrx_word' id='word_1_164' title='bbox 2535 844 2900 910; x_wconf 79' lang='lat' dir='ltr'><strong>sacerdotum,</strong></span> <span class='ocrx_word' id='word_1_165' title='bbox 2931 854 2986 901; x_wconf 90' lang='lat' dir='ltr'><strong>et</strong></span> <span class='ocrx_word' id='word_1_166' title='bbox 3014 846 3231 911; x_wconf 89' lang='lat' dir='ltr'><strong>scribis,</strong></span> <span class='ocrx_word' id='word_1_167' title='bbox 3257 855 3311 902; x_wconf 92' lang='lat' dir='ltr'><strong>et</strong></span> <span class='ocrx_word' id='word_1_168' title='bbox 3329 846 3776 904; x_wconf 87' lang='lat' dir='ltr'><strong>condemnabunt</strong></span> 
     </span>
    </p>
   </div>
   <div class='ocr_carea' id='block_1_24' title="bbox 2173 939 3772 1013">
    <p class='ocr_par' dir='ltr' id='par_1_24' title="bbox 2173 939 3772 1013">
     <span class='ocr_line' id='line_1_24' title="bbox 2173 939 3772 1013; baseline 0.001 -18"><span class='ocrx_word' id='word_1_169' title='bbox 2173 954 2296 995; x_wconf 91' lang='lat' dir='ltr'><strong>eum</strong></span> <span class='ocrx_word' id='word_1_170' title='bbox 2330 951 2526 1006; x_wconf 88' lang='lat' dir='ltr'><strong>morte,</strong></span> <span class='ocrx_word' id='word_1_171' title='bbox 2553 951 2606 994; x_wconf 86' lang='lat' dir='ltr'><strong>et</strong></span> <span class='ocrx_word' id='word_1_172' title='bbox 2637 939 2854 998; x_wconf 89' lang='lat' dir='ltr'><strong>tradent</strong></span> <span class='ocrx_word' id='word_1_173' title='bbox 2876 957 2996 996; x_wconf 90' lang='lat' dir='ltr'><strong>eum</strong></span> <span class='ocrx_word' id='word_1_174' title='bbox 3029 941 3278 1013; x_wconf 89' lang='lat' dir='ltr'><strong>gentibus</strong></span> <span class='ocrx_word' id='word_1_175' title='bbox 3309 943 3376 998; x_wconf 84' lang='lat' dir='ltr'><strong>ad</strong></span> <span class='ocrx_word' id='word_1_176' title='bbox 3411 942 3772 1012; x_wconf 89' lang='lat' dir='ltr'><strong>illudendum,</strong></span> 
     </span>
    </p>
   </div>
   <div class='ocr_carea' id='block_1_25' title="bbox 2174 1033 3779 1105">
    <p class='ocr_par' dir='ltr' id='par_1_25' title="bbox 2174 1033 3779 1105">
     <span class='ocr_line' id='line_1_25' title="bbox 2174 1033 3779 1105; baseline 0.002 -16"><span class='ocrx_word' id='word_1_177' title='bbox 2174 1042 2227 1089; x_wconf 92' lang='lat' dir='ltr'><strong>et</strong></span> <span class='ocrx_word' id='word_1_178' title='bbox 2252 1033 2650 1104; x_wconf 86' lang='lat' dir='ltr'><strong>ﬁagellandum,</strong></span> <span class='ocrx_word' id='word_1_179' title='bbox 2679 1042 2732 1089; x_wconf 91' lang='lat' dir='ltr'><strong>et</strong></span> <span class='ocrx_word' id='word_1_180' title='bbox 2752 1033 3200 1105; x_wconf 88' lang='lat' dir='ltr'><strong>crueiﬁgendum,</strong></span> <span class='ocrx_word' id='word_1_181' title='bbox 3226 1044 3281 1090; x_wconf 92' lang='lat' dir='ltr'><strong>et</strong></span> <span class='ocrx_word' id='word_1_182' title='bbox 3302 1035 3458 1092; x_wconf 89' lang='lat' dir='ltr'><strong>tertia</strong></span> <span class='ocrx_word' id='word_1_183' title='bbox 3481 1034 3568 1092; x_wconf 92' lang='lat' dir='ltr'><strong>die</strong></span> <span class='ocrx_word' id='word_1_184' title='bbox 3591 1051 3779 1093; x_wconf 81' lang='lat' dir='ltr'><strong>resur-</strong></span> 
     </span>
    </p>
   </div>
   <div class='ocr_carea' id='block_1_26' title="bbox 2174 1125 3782 1198">
    <p class='ocr_par' dir='ltr' id='par_1_26' title="bbox 2174 1125 3782 1198">
     <span class='ocr_line' id='line_1_26' title="bbox 2174 1125 3782 1198; baseline 0.002 -17"><span class='ocrx_word' id='word_1_185' title='bbox 2174 1135 2284 1194; x_wconf 87' lang='lat' dir='ltr'><strong>get.</strong></span> <span class='ocrx_word' id='word_1_186' title='bbox 2317 1125 2463 1198; x_wconf 77' lang='lat' dir='ltr'><strong>locu,</strong></span> <span class='ocrx_word' id='word_1_187' title='bbox 2496 1125 2576 1198; x_wconf 89' lang='lat'><strong>6.]</strong></span> <span class='ocrx_word' id='word_1_188' title='bbox 2605 1126 2754 1181; x_wconf 85' lang='lat' dir='ltr'><strong>Tunc</strong></span> <span class='ocrx_word' id='word_1_189' title='bbox 2780 1127 3012 1182; x_wconf 87' lang='lat' dir='ltr'><strong>accessit</strong></span> <span class='ocrx_word' id='word_1_190' title='bbox 3039 1128 3107 1182; x_wconf 91' lang='lat' dir='ltr'><strong>ad</strong></span> <span class='ocrx_word' id='word_1_191' title='bbox 3151 1143 3274 1183; x_wconf 86' lang='lat' dir='ltr'><strong>eum</strong></span> <span class='ocrx_word' id='word_1_192' title='bbox 3323 1137 3503 1184; x_wconf 87' lang='lat' dir='ltr'><strong>mater</strong></span> <span class='ocrx_word' id='word_1_193' title='bbox 3546 1127 3782 1184; x_wconf 88' lang='lat' dir='ltr'><strong>ﬁliorum</strong></span> 
     </span>
    </p>
   </div>
   <div class='ocr_carea' id='block_1_27' title="bbox 2177 1217 3786 1294">
    <p class='ocr_par' dir='ltr' id='par_1_27' title="bbox 2177 1217 3786 1294">
     <span class='ocr_line' id='line_1_27' title="bbox 2177 1217 3786 1294; baseline 0.003 -20"><span class='ocrx_word' id='word_1_194' title='bbox 2177 1217 2426 1274; x_wconf 85' lang='lat' dir='ltr'><strong>Zebedaei</strong></span> <span class='ocrx_word' id='word_1_195' title='bbox 2469 1234 2590 1273; x_wconf 88' lang='lat' dir='ltr'><strong>cum</strong></span> <span class='ocrx_word' id='word_1_196' title='bbox 2643 1218 2766 1275; x_wconf 88' lang='lat' dir='ltr'><strong>ﬁliis</strong></span> <span class='ocrx_word' id='word_1_197' title='bbox 2810 1220 2952 1286; x_wconf 89' lang='lat' dir='ltr'><strong>suis,</strong></span> <span class='ocrx_word' id='word_1_198' title='bbox 3003 1221 3241 1276; x_wconf 87' lang='lat' dir='ltr'><strong>adorans</strong></span> <span class='ocrx_word' id='word_1_199' title='bbox 3268 1231 3323 1277; x_wconf 90' lang='lat' dir='ltr'><strong>et</strong></span> <span class='ocrx_word' id='word_1_200' title='bbox 3353 1231 3549 1293; x_wconf 86' lang='lat' dir='ltr'><strong>petens</strong></span> <span class='ocrx_word' id='word_1_201' title='bbox 3578 1221 3786 1294; x_wconf 89' lang='lat' dir='ltr'><strong>aliquid</strong></span> 
     </span>
    </p>
   </div>
   <div class='ocr_carea' id='block_1_28' title="bbox 2178 1310 3788 1383">
    <p class='ocr_par' dir='ltr' id='par_1_28' title="bbox 2178 1310 3788 1383">
     <span class='ocr_line' id='line_1_28' title="bbox 2178 1310 3788 1383; baseline 0.005 -20"><span class='ocrx_word' id='word_1_202' title='bbox 2178 1311 2245 1366; x_wconf 89' lang='lat' dir='ltr'><strong>ab</strong></span> <span class='ocrx_word' id='word_1_203' title='bbox 2285 1326 2370 1366; x_wconf 90' lang='lat' dir='ltr'><strong>eo.</strong></span> <span class='ocrx_word' id='word_1_204' title='bbox 2419 1311 2518 1378; x_wconf 88' lang='lat' dir='ltr'><strong>Qtti</strong></span> <span class='ocrx_word' id='word_1_205' title='bbox 2561 1310 2696 1366; x_wconf 80' lang='lat' dir='ltr'><strong>dixit</strong></span> <span class='ocrx_word' id='word_1_206' title='bbox 2734 1311 2821 1366; x_wconf 91' lang='lat' dir='ltr'><strong>ei:</strong></span> <span class='ocrx_word' id='word_1_207' title='bbox 2864 1311 3003 1380; x_wconf 85' lang='lat' dir='ltr'><strong>Quid</strong></span> <span class='ocrx_word' id='word_1_208' title='bbox 3037 1313 3153 1368; x_wconf 86' lang='lat' dir='ltr'><strong>vis?</strong></span> <span class='ocrx_word' id='word_1_209' title='bbox 3182 1314 3273 1370; x_wconf 85' lang='lat' dir='ltr'><strong>Ait</strong></span> <span class='ocrx_word' id='word_1_210' title='bbox 3303 1313 3426 1369; x_wconf 89' lang='lat' dir='ltr'><strong>illi:</strong></span> <span class='ocrx_word' id='word_1_211' title='bbox 3459 1313 3575 1383; x_wconf 89' lang='lat' dir='ltr'><strong>Dic,</strong></span> <span class='ocrx_word' id='word_1_212' title='bbox 3603 1324 3663 1371; x_wconf 87' lang='lat' dir='ltr'><strong>ut</strong></span> <span class='ocrx_word' id='word_1_213' title='bbox 3693 1329 3788 1371; x_wconf 79' lang='lat' dir='ltr'><strong>se-</strong></span> 
     </span>
    </p>
   </div>
   <div class='ocr_carea' id='block_1_29' title="bbox 2180 1404 3791 1473">
    <p class='ocr_par' dir='ltr' id='par_1_29' title="bbox 2180 1404 3791 1473">
     <span class='ocr_line' id='line_1_29' title="bbox 2180 1404 3791 1473; baseline 0.002 -13"><span class='ocrx_word' id='word_1_214' title='bbox 2180 1404 2346 1460; x_wconf 86' lang='lat' dir='ltr'><strong>deant</strong></span> <span class='ocrx_word' id='word_1_215' title='bbox 2374 1404 2426 1460; x_wconf 86' lang='lat' dir='ltr'><strong>lti</strong></span> <span class='ocrx_word' id='word_1_216' title='bbox 2457 1405 2567 1460; x_wconf 93' lang='lat' dir='ltr'><strong>duo</strong></span> <span class='ocrx_word' id='word_1_217' title='bbox 2597 1405 2690 1460; x_wconf 90' lang='lat' dir='ltr'><strong>lilii</strong></span> <span class='ocrx_word' id='word_1_218' title='bbox 2725 1406 2853 1472; x_wconf 92' lang='lat' dir='ltr'><strong>mei,</strong></span> <span class='ocrx_word' id='word_1_219' title='bbox 2898 1421 3036 1462; x_wconf 91' lang='lat' dir='ltr'><strong>unus</strong></span> <span class='ocrx_word' id='word_1_220' title='bbox 3067 1405 3133 1461; x_wconf 88' lang='lat' dir='ltr'><strong>ad</strong></span> <span class='ocrx_word' id='word_1_221' title='bbox 3182 1406 3461 1463; x_wconf 80' lang='lat' dir='ltr'><strong>dexteram</strong></span> <span class='ocrx_word' id='word_1_222' title='bbox 3507 1415 3681 1473; x_wconf 88' lang='lat' dir='ltr'><strong>tuam,</strong></span> <span class='ocrx_word' id='word_1_223' title='bbox 3731 1415 3791 1463; x_wconf 88' lang='lat' dir='ltr'><strong>et</strong></span> 
     </span>
    </p>
   </div>
   <div class='ocr_carea' id='block_1_30' title="bbox 2181 1497 3791 1571">
    <p class='ocr_par' dir='ltr' id='par_1_30' title="bbox 2181 1497 3791 1571">
     <span class='ocr_line' id='line_1_30' title="bbox 2181 1497 3791 1571; baseline 0.001 -17"><span class='ocrx_word' id='word_1_224' title='bbox 2181 1502 2321 1554; x_wconf 83' lang='lat' dir='ltr'><strong>unus</strong></span> <span class='ocrx_word' id='word_1_225' title='bbox 2347 1497 2415 1553; x_wconf 87' lang='lat' dir='ltr'><strong>ad</strong></span> <span class='ocrx_word' id='word_1_226' title='bbox 2441 1497 2740 1564; x_wconf 84' lang='lat' dir='ltr'><strong>sinistram,</strong></span> <span class='ocrx_word' id='word_1_227' title='bbox 2772 1499 2824 1553; x_wconf 91' lang='lat' dir='ltr'><strong>in</strong></span> <span class='ocrx_word' id='word_1_228' title='bbox 2855 1513 3025 1568; x_wconf 86' lang='lat' dir='ltr'><strong>regno</strong></span> <span class='ocrx_word' id='word_1_229' title='bbox 3052 1508 3166 1556; x_wconf 92' lang='lat' dir='ltr'><strong>tuo.</strong></span> <span class='ocrx_word' id='word_1_230' title='bbox 3206 1499 3566 1571; x_wconf 83' lang='lat' dir='ltr'><strong>Respondens</strong></span> <span class='ocrx_word' id='word_1_231' title='bbox 3602 1510 3791 1556; x_wconf 88' lang='lat' dir='ltr'><strong>autem</strong></span> 
     </span>
    </p>
   </div>
   <div class='ocr_carea' id='block_1_31' title="bbox 2181 1591 3794 1664">
    <p class='ocr_par' dir='ltr' id='par_1_31' title="bbox 2181 1591 3794 1664">
     <span class='ocr_line' id='line_1_31' title="bbox 2181 1591 3794 1664; baseline 0 -15"><span class='ocrx_word' id='word_1_232' title='bbox 2181 1591 2361 1657; x_wconf 79' lang='lat' dir='ltr'><strong>Jesus,</strong></span> <span class='ocrx_word' id='word_1_233' title='bbox 2388 1591 2560 1648; x_wconf 81' lang='lat' dir='ltr'><strong>dixit:</strong></span> <span class='ocrx_word' id='word_1_234' title='bbox 2602 1591 2833 1647; x_wconf 86' lang='lat' dir='ltr'><strong>Nescitis</strong></span> <span class='ocrx_word' id='word_1_235' title='bbox 2877 1592 3005 1664; x_wconf 89' lang='lat' dir='ltr'><strong>quid</strong></span> <span class='ocrx_word' id='word_1_236' title='bbox 3052 1592 3274 1663; x_wconf 87' lang='lat' dir='ltr'><strong>petatis.</strong></span> <span class='ocrx_word' id='word_1_237' title='bbox 3330 1593 3561 1649; x_wconf 80' lang='lat' dir='ltr'><strong>Potestis</strong></span> <span class='ocrx_word' id='word_1_238' title='bbox 3602 1593 3794 1649; x_wconf 85' lang='lat' dir='ltr'><strong>bibere</strong></span> 
     </span>
    </p>
   </div>
   <div class='ocr_carea' id='block_1_32' title="bbox 2181 1684 3795 1755">
    <p class='ocr_par' dir='ltr' id='par_1_32' title="bbox 2181 1684 3795 1755">
     <span class='ocr_line' id='line_1_32' title="bbox 2181 1684 3795 1755; baseline 0.001 -14"><span class='ocrx_word' id='word_1_239' title='bbox 2181 1685 2426 1750; x_wconf 88' lang='lat' dir='ltr'><strong>calicem,</strong></span> <span class='ocrx_word' id='word_1_240' title='bbox 2461 1700 2620 1755; x_wconf 85' lang='lat' dir='ltr'><strong>quem</strong></span> <span class='ocrx_word' id='word_1_241' title='bbox 2647 1700 2746 1755; x_wconf 88' lang='lat' dir='ltr'><strong>ego</strong></span> <span class='ocrx_word' id='word_1_242' title='bbox 2771 1684 3039 1741; x_wconf 91' lang='lat' dir='ltr'><strong>bibiturus</strong></span> <span class='ocrx_word' id='word_1_243' title='bbox 3066 1687 3227 1742; x_wconf 83' lang='lat' dir='ltr'><strong>sum?</strong></span> <span class='ocrx_word' id='word_1_244' title='bbox 3259 1687 3454 1743; x_wconf 91' lang='lat' dir='ltr'><strong>Dicunt</strong></span> <span class='ocrx_word' id='word_1_245' title='bbox 3479 1689 3563 1744; x_wconf 92' lang='lat' dir='ltr'><strong>ei:</strong></span> <span class='ocrx_word' id='word_1_246' title='bbox 3591 1687 3795 1742; x_wconf 80' lang='lat' dir='ltr'><strong>Possu-</strong></span> 
     </span>
    </p>
   </div>
   <div class='ocr_carea' id='block_1_33' title="bbox 477 1768 3797 1858">
    <p class='ocr_par' dir='ltr' id='par_1_33' title="bbox 477 1768 3797 1858">
     <span class='ocr_line' id='line_1_33' title="bbox 477 1768 3797 1858; baseline 0.001 -24"><span class='ocrx_word' id='word_1_247' title='bbox 477 1799 621 1846; x_wconf 76' lang='lat' dir='ltr'><strong>sum,</strong></span> <span class='ocrx_word' id='word_1_248' title='bbox 674 1788 823 1844; x_wconf 81' lang='lat' dir='ltr'><strong>Tunc</strong></span> <span class='ocrx_word' id='word_1_249' title='bbox 866 1787 1199 1858; x_wconf 79' lang='lat' dir='ltr'><strong>respondens</strong></span> <span class='ocrx_word' id='word_1_250' title='bbox 1241 1787 1454 1851; x_wconf 63' lang='lat' dir='ltr'><strong>Petrus,</strong></span> <span class='ocrx_word' id='word_1_251' title='bbox 1500 1785 1635 1840; x_wconf 75' lang='lat' dir='ltr'><strong>dixit,</strong></span> <span class='ocrx_word' id='word_1_252' title='bbox 1673 1786 1723 1841; x_wconf 85' lang='lat' dir='ltr'><strong>ei</strong></span> <span class='ocrx_word' id='word_1_253' title='bbox 1749 1801 1762 1838; x_wconf 83' lang='lat'><strong>;</strong></span> <span class='ocrx_word' id='word_1_254' title='bbox 1810 1782 1954 1839; x_wconf 82' lang='lat' dir='ltr'><strong>Ecce</strong></span> <span class='ocrx_word' id='word_1_255' title='bbox 1981 1796 2081 1838; x_wconf 85' lang='lat' dir='ltr'><strong>nos</strong></span> <span class='ocrx_word' id='word_1_256' title='bbox 2111 1768 2158 1829; x_wconf 80' lang='grc' dir='ltr'>Β</span> <span class='ocrx_word' id='word_1_257' title='bbox 2186 1792 2327 1832; x_wconf 93' lang='lat' dir='ltr'><strong>mus.</strong></span> <span class='ocrx_word' id='word_1_258' title='bbox 2354 1777 2438 1830; x_wconf 74' lang='lat' dir='ltr'><strong>Ait</strong></span> <span class='ocrx_word' id='word_1_259' title='bbox 2463 1776 2566 1831; x_wconf 82' lang='lat' dir='ltr'><strong>illis</strong></span> <span class='ocrx_word' id='word_1_260' title='bbox 2591 1795 2605 1829; x_wconf 88' lang='lat'><strong>:</strong></span> <span class='ocrx_word' id='word_1_261' title='bbox 2638 1774 2876 1833; x_wconf 89' lang='lat' dir='ltr'><strong>Calicem</strong></span> <span class='ocrx_word' id='word_1_262' title='bbox 2899 1778 3118 1848; x_wconf 82' lang='lat' dir='ltr'><strong>quidem</strong></span> <span class='ocrx_word' id='word_1_263' title='bbox 3143 1795 3323 1835; x_wconf 91' lang='lat' dir='ltr'><strong>meum</strong></span> <span class='ocrx_word' id='word_1_264' title='bbox 3345 1780 3574 1836; x_wconf 89' lang='lat' dir='ltr'><strong>bibetis:</strong></span> <span class='ocrx_word' id='word_1_265' title='bbox 3595 1778 3797 1836; x_wconf 86' lang='lat' dir='ltr'><strong>sedere</strong></span> 
     </span>
    </p>
   </div>
   <div class='ocr_carea' id='block_1_34' title="bbox 478 1873 2082 1952">
    <p class='ocr_par' dir='ltr' id='par_1_34' title="bbox 478 1873 2082 1952">
     <span class='ocr_line' id='line_1_34' title="bbox 478 1873 2082 1952; baseline -0.007 -12"><span class='ocrx_word' id='word_1_266' title='bbox 478 1883 795 1952; x_wconf 90' lang='lat' dir='ltr'><strong>reliquimus</strong></span> <span class='ocrx_word' id='word_1_267' title='bbox 843 1882 1048 1950; x_wconf 88' lang='lat' dir='ltr'><strong>omnia,</strong></span> <span class='ocrx_word' id='word_1_268' title='bbox 1095 1889 1151 1936; x_wconf 91' lang='lat' dir='ltr'><strong>et</strong></span> <span class='ocrx_word' id='word_1_269' title='bbox 1198 1879 1369 1936; x_wconf 89' lang='lat' dir='ltr'><strong>secuti</strong></span> <span class='ocrx_word' id='word_1_270' title='bbox 1395 1894 1580 1933; x_wconf 90' lang='lat' dir='ltr'><strong>sumus</strong></span> <span class='ocrx_word' id='word_1_271' title='bbox 1609 1888 1700 1935; x_wconf 88' lang='lat' dir='ltr'><strong>te:</strong></span> <span class='ocrx_word' id='word_1_272' title='bbox 1734 1875 1932 1950; x_wconf 64' lang='lat' dir='ltr'><strong>[cxcvn</strong></span> <span class='ocrx_word' id='word_1_273' title='bbox 1967 1873 2082 1944; x_wconf 80' lang='lat' dir='ltr'><strong>l0.|</strong></span> 
     </span>
    </p>
   </div>
   <div class='ocr_carea' id='block_1_35' title="bbox 477 1969 2083 2046">
    <p class='ocr_par' dir='ltr' id='par_1_35' title="bbox 477 1969 2083 2046">
     <span class='ocr_line' id='line_1_35' title="bbox 477 1969 2083 2046; baseline -0.003 -17"><span class='ocrx_word' id='word_1_274' title='bbox 477 1975 608 2046; x_wconf 87' lang='lat' dir='ltr'><strong>quid</strong></span> <span class='ocrx_word' id='word_1_275' title='bbox 653 1987 783 2044; x_wconf 89' lang='lat' dir='ltr'><strong>ergo</strong></span> <span class='ocrx_word' id='word_1_276' title='bbox 811 1975 915 2030; x_wconf 89' lang='lat' dir='ltr'><strong>erit</strong></span> <span class='ocrx_word' id='word_1_277' title='bbox 955 1972 1149 2029; x_wconf 84' lang='lat' dir='ltr'><strong>nobis?</strong></span> <span class='ocrx_word' id='word_1_278' title='bbox 1171 1971 1332 2029; x_wconf 79' lang='lat' dir='ltr'><strong>Jesus</strong></span> <span class='ocrx_word' id='word_1_279' title='bbox 1357 1981 1542 2026; x_wconf 90' lang='lat' dir='ltr'><strong>autem</strong></span> <span class='ocrx_word' id='word_1_280' title='bbox 1569 1969 1706 2026; x_wconf 82' lang='lat' dir='ltr'><strong>dixit</strong></span> <span class='ocrx_word' id='word_1_281' title='bbox 1737 1970 1843 2025; x_wconf 89' lang='lat' dir='ltr'><strong>illis</strong></span> <span class='ocrx_word' id='word_1_282' title='bbox 1868 1986 1882 2024; x_wconf 96' lang='lat'><strong>:</strong></span> <span class='ocrx_word' id='word_1_283' title='bbox 1913 1970 2083 2024; x_wconf 85' lang='lat' dir='ltr'><strong>Amen</strong></span> 
     </span>
    </p>
   </div>
   <div class='ocr_carea' id='block_1_36' title="bbox 479 2065 2084 2138">
    <p class='ocr_par' dir='ltr' id='par_1_36' title="bbox 479 2065 2084 2138">
     <span class='ocr_line' id='line_1_36' title="bbox 479 2065 2084 2138; baseline -0.004 -15"><span class='ocrx_word' id='word_1_284' title='bbox 479 2069 601 2123; x_wconf 83' lang='lat' dir='ltr'><strong>dico</strong></span> <span class='ocrx_word' id='word_1_285' title='bbox 630 2067 803 2136; x_wconf 88' lang='lat' dir='ltr'><strong>vobis,</strong></span> <span class='ocrx_word' id='word_1_286' title='bbox 837 2067 983 2138; x_wconf 92' lang='lat' dir='ltr'><strong>quod</strong></span> <span class='ocrx_word' id='word_1_287' title='bbox 1011 2082 1108 2122; x_wconf 87' lang='lat' dir='ltr'><strong>vos</strong></span> <span class='ocrx_word' id='word_1_288' title='bbox 1139 2066 1231 2136; x_wconf 90' lang='lat' dir='ltr'><strong>qui</strong></span> <span class='ocrx_word' id='word_1_289' title='bbox 1261 2067 1430 2121; x_wconf 87' lang='lat' dir='ltr'><strong>secuti</strong></span> <span class='ocrx_word' id='word_1_290' title='bbox 1457 2065 1590 2120; x_wconf 88' lang='lat' dir='ltr'><strong>estis</strong></span> <span class='ocrx_word' id='word_1_291' title='bbox 1621 2079 1729 2133; x_wconf 93' lang='lat' dir='ltr'><strong>me,</strong></span> <span class='ocrx_word' id='word_1_292' title='bbox 1759 2065 1811 2118; x_wconf 93' lang='lat' dir='ltr'><strong>in</strong></span> <span class='ocrx_word' id='word_1_293' title='bbox 1857 2077 2084 2134; x_wconf 88' lang='lat' dir='ltr'><strong>regene-</strong></span> 
     </span>
    </p>
   </div>
   <div class='ocr_carea' id='block_1_37' title="bbox 479 2155 2086 2227">
    <p class='ocr_par' dir='ltr' id='par_1_37' title="bbox 479 2155 2086 2227">
     <span class='ocr_line' id='line_1_37' title="bbox 479 2155 2086 2227; baseline -0.004 -11"><span class='ocrx_word' id='word_1_294' title='bbox 479 2161 710 2227; x_wconf 86' lang='lat' dir='ltr'><strong>ratione,</strong></span> <span class='ocrx_word' id='word_1_295' title='bbox 742 2175 868 2214; x_wconf 90' lang='lat' dir='ltr'><strong>cum</strong></span> <span class='ocrx_word' id='word_1_296' title='bbox 894 2158 1099 2216; x_wconf 88' lang='lat' dir='ltr'><strong>sederit</strong></span> <span class='ocrx_word' id='word_1_297' title='bbox 1130 2158 1299 2215; x_wconf 83' lang='lat' dir='ltr'><strong>Filius</strong></span> <span class='ocrx_word' id='word_1_298' title='bbox 1326 2157 1563 2213; x_wconf 85' lang='lat' dir='ltr'><strong>hominis</strong></span> <span class='ocrx_word' id='word_1_299' title='bbox 1590 2158 1643 2212; x_wconf 91' lang='lat' dir='ltr'><strong>in</strong></span> <span class='ocrx_word' id='word_1_300' title='bbox 1671 2156 1804 2212; x_wconf 90' lang='lat' dir='ltr'><strong>sede</strong></span> <span class='ocrx_word' id='word_1_301' title='bbox 1834 2155 2086 2226; x_wconf 87' lang='lat' dir='ltr'><strong>majesta-</strong></span> 
     </span>
    </p>
   </div>
   <div class='ocr_carea' id='block_1_38' title="bbox 481 2249 2086 2326">
    <p class='ocr_par' dir='ltr' id='par_1_38' title="bbox 481 2249 2086 2326">
     <span class='ocr_line' id='line_1_38' title="bbox 481 2249 2086 2326; baseline -0.004 -17"><span class='ocrx_word' id='word_1_302' title='bbox 481 2257 550 2311; x_wconf 91' lang='lat' dir='ltr'><strong>tis</strong></span> <span class='ocrx_word' id='word_1_303' title='bbox 579 2269 713 2322; x_wconf 61' lang='lat' dir='ltr'><strong>sua},</strong></span> <span class='ocrx_word' id='word_1_304' title='bbox 745 2254 960 2326; x_wconf 86' lang='lat' dir='ltr'><strong>[cxcvtt,</strong></span> <span class='ocrx_word' id='word_1_305' title='bbox 999 2252 1076 2323; x_wconf 78' lang='grc'><strong>5.]</strong></span> <span class='ocrx_word' id='word_1_306' title='bbox 1109 2251 1374 2309; x_wconf 80' lang='lat' dir='ltr'><strong>sedebitis</strong></span> <span class='ocrx_word' id='word_1_307' title='bbox 1393 2263 1448 2308; x_wconf 91' lang='lat' dir='ltr'><strong>ct</strong></span> <span class='ocrx_word' id='word_1_308' title='bbox 1471 2267 1566 2306; x_wconf 91' lang='lat' dir='ltr'><strong>vos</strong></span> <span class='ocrx_word' id='word_1_309' title='bbox 1593 2266 1754 2322; x_wconf 87' lang='lat' dir='ltr'><strong>super</strong></span> <span class='ocrx_word' id='word_1_310' title='bbox 1774 2249 1932 2306; x_wconf 91' lang='lat' dir='ltr'><strong>sedes</strong></span> <span class='ocrx_word' id='word_1_311' title='bbox 1953 2249 2086 2304; x_wconf 88' lang='lat' dir='ltr'><strong>duo-</strong></span> 
     </span>
    </p>
   </div>
   <div class='ocr_carea' id='block_1_39' title="bbox 481 2344 2082 2416">
    <p class='ocr_par' dir='ltr' id='par_1_39' title="bbox 481 2344 2082 2416">
     <span class='ocr_line' id='line_1_39' title="bbox 481 2344 2082 2416; baseline -0.004 -12"><span class='ocrx_word' id='word_1_312' title='bbox 481 2347 676 2413; x_wconf 89' lang='lat' dir='ltr'><strong>decim,</strong></span> <span class='ocrx_word' id='word_1_313' title='bbox 719 2345 1024 2416; x_wconf 81' lang='lat' dir='ltr'><strong>judicantes</strong></span> <span class='ocrx_word' id='word_1_314' title='bbox 1066 2346 1350 2402; x_wconf 89' lang='lat' dir='ltr'><strong>duodecim</strong></span> <span class='ocrx_word' id='word_1_315' title='bbox 1403 2345 1576 2401; x_wconf 85' lang='lat' dir='ltr'><strong>tribus</strong></span> <span class='ocrx_word' id='word_1_316' title='bbox 1617 2345 1802 2400; x_wconf 89' lang='lat' dir='ltr'><strong>Israel.</strong></span> <span class='ocrx_word' id='word_1_317' title='bbox 1843 2344 2082 2415; x_wconf 86' lang='lat' dir='ltr'><strong>[cxcvttt,</strong></span> 
     </span>
    </p>
   </div>
   <div class='ocr_carea' id='block_1_40' title="bbox 480 2434 2086 2510">
    <p class='ocr_par' dir='ltr' id='par_1_40' title="bbox 480 2434 2086 2510">
     <span class='ocr_line' id='line_1_40' title="bbox 480 2434 2086 2510; baseline -0.002 -17"><span class='ocrx_word' id='word_1_318' title='bbox 480 2435 562 2508; x_wconf 81' lang='grc'><strong>2.]</strong></span> <span class='ocrx_word' id='word_1_319' title='bbox 601 2438 670 2494; x_wconf 88' lang='lat' dir='ltr'><strong>Et</strong></span> <span class='ocrx_word' id='word_1_320' title='bbox 689 2438 864 2494; x_wconf 78' lang='lat' dir='ltr'><strong>omnis</strong></span> <span class='ocrx_word' id='word_1_321' title='bbox 893 2439 984 2509; x_wconf 84' lang='lat' dir='ltr'><strong>qui</strong></span> <span class='ocrx_word' id='word_1_322' title='bbox 1018 2438 1297 2509; x_wconf 81' lang='lat' dir='ltr'><strong>reliquerit</strong></span> <span class='ocrx_word' id='word_1_323' title='bbox 1323 2439 1430 2510; x_wconf 79' lang='grc' dir='ltr'><strong>[ΑΙ.</strong></span> <span class='ocrx_word' id='word_1_324' title='bbox 1462 2434 1703 2508; x_wconf 85' lang='lat' dir='ltr'><strong>reliquit]</strong></span> <span class='ocrx_word' id='word_1_325' title='bbox 1729 2437 1972 2504; x_wconf 92' lang='lat' dir='ltr'><strong>domum,</strong></span> <span class='ocrx_word' id='word_1_326' title='bbox 2002 2435 2086 2491; x_wconf 90' lang='lat' dir='ltr'><strong>vel</strong></span> 
     </span>
    </p>
   </div>
   <div class='ocr_carea' id='block_1_41' title="bbox 483 2531 2091 2602">
    <p class='ocr_par' dir='ltr' id='par_1_41' title="bbox 483 2531 2091 2602">
     <span class='ocr_line' id='line_1_41' title="bbox 483 2531 2091 2602; baseline 0.002 -15"><span class='ocrx_word' id='word_1_327' title='bbox 483 2531 700 2601; x_wconf 78' lang='lat' dir='ltr'><strong>fratres,</strong></span> <span class='ocrx_word' id='word_1_328' title='bbox 732 2544 824 2588; x_wconf 89' lang='lat' dir='ltr'><strong>aut</strong></span> <span class='ocrx_word' id='word_1_329' title='bbox 865 2547 1105 2600; x_wconf 89' lang='lat' dir='ltr'><strong>sorores,</strong></span> <span class='ocrx_word' id='word_1_330' title='bbox 1139 2542 1230 2587; x_wconf 91' lang='lat' dir='ltr'><strong>aut</strong></span> <span class='ocrx_word' id='word_1_331' title='bbox 1280 2542 1508 2602; x_wconf 81' lang='lat' dir='ltr'><strong>patrem,</strong></span> <span class='ocrx_word' id='word_1_332' title='bbox 1558 2540 1652 2586; x_wconf 90' lang='lat' dir='ltr'><strong>aut</strong></span> <span class='ocrx_word' id='word_1_333' title='bbox 1699 2541 1950 2601; x_wconf 83' lang='lat' dir='ltr'><strong>matrem,</strong></span> <span class='ocrx_word' id='word_1_334' title='bbox 1997 2541 2091 2590; x_wconf 87' lang='lat' dir='ltr'><strong>aut</strong></span> 
     </span>
    </p>
   </div>
   <div class='ocr_carea' id='block_1_42' title="bbox 485 2627 2086 2697">
    <p class='ocr_par' dir='ltr' id='par_1_42' title="bbox 485 2627 2086 2697">
     <span class='ocr_line' id='line_1_42' title="bbox 485 2627 2086 2697; baseline -0.002 -14"><span class='ocrx_word' id='word_1_335' title='bbox 485 2642 731 2696; x_wconf 90' lang='lat' dir='ltr'><strong>uxorem,</strong></span> <span class='ocrx_word' id='word_1_336' title='bbox 779 2637 870 2682; x_wconf 92' lang='lat' dir='ltr'><strong>aut</strong></span> <span class='ocrx_word' id='word_1_337' title='bbox 896 2627 1062 2697; x_wconf 89' lang='lat' dir='ltr'><strong>ﬁlios,</strong></span> <span class='ocrx_word' id='word_1_338' title='bbox 1091 2635 1185 2681; x_wconf 91' lang='lat' dir='ltr'><strong>aut</strong></span> <span class='ocrx_word' id='word_1_339' title='bbox 1207 2642 1390 2697; x_wconf 87' lang='lat' dir='ltr'><strong>agros,</strong></span> <span class='ocrx_word' id='word_1_340' title='bbox 1419 2635 1641 2697; x_wconf 84' lang='lat' dir='ltr'><strong>prepter</strong></span> <span class='ocrx_word' id='word_1_341' title='bbox 1661 2641 1859 2681; x_wconf 89' lang='lat' dir='ltr'><strong>nomen</strong></span> <span class='ocrx_word' id='word_1_342' title='bbox 1878 2639 2086 2692; x_wconf 91' lang='lat' dir='ltr'><strong>meum,</strong></span> 
     </span>
    </p>
   </div>
   <div class='ocr_carea' id='block_1_43' title="bbox 483 2719 2087 2796">
    <p class='ocr_par' dir='ltr' id='par_1_43' title="bbox 483 2719 2087 2796">
     <span class='ocr_line' id='line_1_43' title="bbox 483 2719 2087 2796; baseline -0.003 -15"><span class='ocrx_word' id='word_1_343' title='bbox 483 2725 795 2796; x_wconf 82' lang='lat' dir='ltr'><strong>centuplum</strong></span> <span class='ocrx_word' id='word_1_344' title='bbox 832 2724 1081 2795; x_wconf 86' lang='lat' dir='ltr'><strong>accipiet,</strong></span> <span class='ocrx_word' id='word_1_345' title='bbox 1138 2732 1194 2778; x_wconf 90' lang='lat' dir='ltr'><strong>et</strong></span> <span class='ocrx_word' id='word_1_346' title='bbox 1243 2723 1407 2778; x_wconf 89' lang='lat' dir='ltr'><strong>vitam</strong></span> <span class='ocrx_word' id='word_1_347' title='bbox 1455 2734 1713 2778; x_wconf 69' lang='lat' dir='ltr'><strong>aeternam</strong></span> <span class='ocrx_word' id='word_1_348' title='bbox 1764 2719 2087 2792; x_wconf 89' lang='lat' dir='ltr'><strong>possidebit.</strong></span> 
     </span>
    </p>
   </div>
   <div class='ocr_carea' id='block_1_44' title="bbox 487 2815 2092 2894">
    <p class='ocr_par' dir='ltr' id='par_1_44' title="bbox 487 2815 2092 2894">
     <span class='ocr_line' id='line_1_44' title="bbox 487 2815 2092 2894; baseline -0.004 -18"><span class='ocrx_word' id='word_1_349' title='bbox 487 2821 688 2894; x_wconf 79' lang='lat' dir='ltr'><strong>[cxcrx,</strong></span> <span class='ocrx_word' id='word_1_350' title='bbox 733 2817 814 2891; x_wconf 86' lang='grc'><strong>2.]</strong></span> <span class='ocrx_word' id='word_1_351' title='bbox 858 2819 1008 2874; x_wconf 85' lang='lat' dir='ltr'><strong>Multi</strong></span> <span class='ocrx_word' id='word_1_352' title='bbox 1043 2827 1222 2873; x_wconf 90' lang='lat' dir='ltr'><strong>autem</strong></span> <span class='ocrx_word' id='word_1_353' title='bbox 1274 2827 1433 2873; x_wconf 90' lang='lat' dir='ltr'><strong>erunt</strong></span> <span class='ocrx_word' id='word_1_354' title='bbox 1480 2817 1638 2886; x_wconf 91' lang='lat' dir='ltr'><strong>primi</strong></span> <span class='ocrx_word' id='word_1_355' title='bbox 1679 2815 1990 2881; x_wconf 89' lang='lat' dir='ltr'><strong>novissimi,</strong></span> <span class='ocrx_word' id='word_1_356' title='bbox 2037 2823 2092 2870; x_wconf 90' lang='lat' dir='ltr'><strong>et</strong></span> 
     </span>
    </p>
   </div>
   <div class='ocr_carea' id='block_1_45' title="bbox 484 2912 990 2982">
    <p class='ocr_par' dir='ltr' id='par_1_45' title="bbox 484 2912 990 2982">
     <span class='ocr_line' id='line_1_45' title="bbox 484 2912 990 2982; baseline -0.01 -13"><span class='ocrx_word' id='word_1_357' title='bbox 484 2913 769 2970; x_wconf 58' lang='lat' dir='ltr'><strong>novissimi</strong></span> <span class='ocrx_word' id='word_1_358' title='bbox 811 2912 990 2982; x_wconf 89' lang='lat' dir='ltr'><strong>primi.</strong></span> 
     </span>
    </p>
   </div>
   <div class='ocr_carea' id='block_1_46' title="bbox 557 3001 2088 3078">
    <p class='ocr_par' dir='ltr' id='par_1_46' title="bbox 557 3001 2088 3078">
     <span class='ocr_line' id='line_1_46' title="bbox 557 3001 2088 3078; baseline -0.005 -17"><span class='ocrx_word' id='word_1_359' title='bbox 557 3005 707 3078; x_wconf 87' lang='lat' dir='ltr'><strong>[Cap.</strong></span> <span class='ocrx_word' id='word_1_360' title='bbox 742 3004 862 3058; x_wconf 80' lang='lat' dir='ltr'><strong>XX.</strong></span> <span class='ocrx_word' id='word_1_361' title='bbox 897 3019 981 3071; x_wconf 90' lang='lat' dir='ltr'><strong>cc,</strong></span> <span class='ocrx_word' id='word_1_362' title='bbox 1029 3001 1138 3073; x_wconf 75' lang='lat'><strong>10.]</strong></span> <span class='ocrx_word' id='word_1_363' title='bbox 1185 3002 1377 3059; x_wconf 91' lang='lat' dir='ltr'><strong>Simile</strong></span> <span class='ocrx_word' id='word_1_364' title='bbox 1417 3011 1505 3058; x_wconf 89' lang='lat' dir='ltr'><strong>est</strong></span> <span class='ocrx_word' id='word_1_365' title='bbox 1554 3015 1780 3071; x_wconf 82' lang='lat' dir='ltr'><strong>regnum</strong></span> <span class='ocrx_word' id='word_1_366' title='bbox 1828 3001 2088 3057; x_wconf 70' lang='lat' dir='ltr'><strong>cmlorum</strong></span> 
     </span>
    </p>
   </div>
   <div class='ocr_carea' id='block_1_47' title="bbox 486 3095 2090 3168">
    <p class='ocr_par' dir='ltr' id='par_1_47' title="bbox 486 3095 2090 3168">
     <span class='ocr_line' id='line_1_47' title="bbox 486 3095 2090 3168; baseline -0.002 -14"><span class='ocrx_word' id='word_1_367' title='bbox 486 3097 691 3154; x_wconf 89' lang='lat' dir='ltr'><strong>homini</strong></span> <span class='ocrx_word' id='word_1_368' title='bbox 716 3096 1108 3168; x_wconf 79' lang='lat' dir='ltr'><strong>patrifamilias,</strong></span> <span class='ocrx_word' id='word_1_369' title='bbox 1135 3098 1222 3166; x_wconf 89' lang='lat' dir='ltr'><strong>qui</strong></span> <span class='ocrx_word' id='word_1_370' title='bbox 1248 3097 1378 3152; x_wconf 80' lang='lat' dir='ltr'><strong>exiit</strong></span> <span class='ocrx_word' id='word_1_371' title='bbox 1403 3096 1578 3166; x_wconf 90' lang='lat' dir='ltr'><strong>primo</strong></span> <span class='ocrx_word' id='word_1_372' title='bbox 1600 3109 1759 3150; x_wconf 89' lang='lat' dir='ltr'><strong>mane</strong></span> <span class='ocrx_word' id='word_1_373' title='bbox 1782 3095 2090 3152; x_wconf 88' lang='lat' dir='ltr'><strong>conducere</strong></span> 
     </span>
    </p>
   </div>
   <div class='ocr_carea' id='block_1_48' title="bbox 486 3187 2090 3262">
    <p class='ocr_par' dir='ltr' id='par_1_48' title="bbox 486 3187 2090 3262">
     <span class='ocr_line' id='line_1_48' title="bbox 486 3187 2090 3262; baseline -0.004 -14"><span class='ocrx_word' id='word_1_374' title='bbox 486 3193 766 3262; x_wconf 88' lang='lat' dir='ltr'><strong>operarios</strong></span> <span class='ocrx_word' id='word_1_375' title='bbox 792 3191 845 3246; x_wconf 95' lang='lat' dir='ltr'><strong>in</strong></span> <span class='ocrx_word' id='word_1_376' title='bbox 873 3191 1088 3246; x_wconf 90' lang='lat' dir='ltr'><strong>vineam</strong></span> <span class='ocrx_word' id='word_1_377' title='bbox 1114 3205 1286 3244; x_wconf 91' lang='lat' dir='ltr'><strong>suam.</strong></span> <span class='ocrx_word' id='word_1_378' title='bbox 1318 3188 1693 3245; x_wconf 88' lang='lat' dir='ltr'><strong>Conventione</strong></span> <span class='ocrx_word' id='word_1_379' title='bbox 1726 3198 1909 3244; x_wconf 88' lang='lat' dir='ltr'><strong>autem</strong></span> <span class='ocrx_word' id='word_1_380' title='bbox 1952 3187 2090 3243; x_wconf 84' lang='lat' dir='ltr'><strong>facta</strong></span> 
     </span>
    </p>
   </div>
   <div class='ocr_carea' id='block_1_49' title="bbox 490 3281 2089 3354">
    <p class='ocr_par' dir='ltr' id='par_1_49' title="bbox 490 3281 2089 3354">
     <span class='ocr_line' id='line_1_49' title="bbox 490 3281 2089 3354; baseline -0.003 -13"><span class='ocrx_word' id='word_1_381' title='bbox 490 3299 612 3341; x_wconf 85' lang='lat' dir='ltr'><strong>eum</strong></span> <span class='ocrx_word' id='word_1_382' title='bbox 635 3285 899 3354; x_wconf 81' lang='lat' dir='ltr'><strong>Operariis</strong></span> <span class='ocrx_word' id='word_1_383' title='bbox 929 3299 992 3339; x_wconf 88' lang='lat' dir='ltr'><strong>ex</strong></span> <span class='ocrx_word' id='word_1_384' title='bbox 1007 3283 1230 3338; x_wconf 91' lang='lat' dir='ltr'><strong>denario</strong></span> <span class='ocrx_word' id='word_1_385' title='bbox 1255 3283 1472 3348; x_wconf 90' lang='lat' dir='ltr'><strong>diurno,</strong></span> <span class='ocrx_word' id='word_1_386' title='bbox 1504 3283 1651 3338; x_wconf 90' lang='lat' dir='ltr'><strong>misit</strong></span> <span class='ocrx_word' id='word_1_387' title='bbox 1675 3297 1770 3337; x_wconf 90' lang='lat' dir='ltr'><strong>eos</strong></span> <span class='ocrx_word' id='word_1_388' title='bbox 1799 3283 1852 3338; x_wconf 93' lang='lat' dir='ltr'><strong>in</strong></span> <span class='ocrx_word' id='word_1_389' title='bbox 1876 3281 2089 3338; x_wconf 86' lang='lat' dir='ltr'><strong>vineam</strong></span> 
     </span>
    </p>
   </div>
   <div class='ocr_carea' id='block_1_50' title="bbox 490 3376 2092 3448">
    <p class='ocr_par' dir='ltr' id='par_1_50' title="bbox 490 3376 2092 3448">
     <span class='ocr_line' id='line_1_50' title="bbox 490 3376 2092 3448; baseline -0.001 -15"><span class='ocrx_word' id='word_1_390' title='bbox 490 3394 662 3434; x_wconf 90' lang='lat' dir='ltr'><strong>suam.</strong></span> <span class='ocrx_word' id='word_1_391' title='bbox 698 3378 762 3432; x_wconf 86' lang='lat' dir='ltr'><strong>Et</strong></span> <span class='ocrx_word' id='word_1_392' title='bbox 785 3392 1035 3448; x_wconf 84' lang='lat' dir='ltr'><strong>egressus</strong></span> <span class='ocrx_word' id='word_1_393' title='bbox 1063 3378 1204 3432; x_wconf 91' lang='lat' dir='ltr'><strong>circa</strong></span> <span class='ocrx_word' id='word_1_394' title='bbox 1252 3379 1439 3432; x_wconf 87' lang='lat' dir='ltr'><strong>horam</strong></span> <span class='ocrx_word' id='word_1_395' title='bbox 1485 3379 1719 3442; x_wconf 89' lang='lat' dir='ltr'><strong>tertiam,</strong></span> <span class='ocrx_word' id='word_1_396' title='bbox 1773 3376 1908 3432; x_wconf 88' lang='lat' dir='ltr'><strong>vidit</strong></span> <span class='ocrx_word' id='word_1_397' title='bbox 1955 3376 2092 3432; x_wconf 90' lang='lat' dir='ltr'><strong>alios</strong></span> 
     </span>
    </p>
   </div>
   <div class='ocr_carea' id='block_1_51' title="bbox 490 3469 2091 3537">
    <p class='ocr_par' dir='ltr' id='par_1_51' title="bbox 490 3469 2091 3537">
     <span class='ocr_line' id='line_1_51' title="bbox 490 3469 2091 3537; baseline -0.001 -12"><span class='ocrx_word' id='word_1_398' title='bbox 490 3481 697 3527; x_wconf 85' lang='lat' dir='ltr'><strong>stantes</strong></span> <span class='ocrx_word' id='word_1_399' title='bbox 741 3472 793 3526; x_wconf 91' lang='lat' dir='ltr'><strong>in</strong></span> <span class='ocrx_word' id='word_1_400' title='bbox 842 3470 960 3526; x_wconf 91' lang='lat' dir='ltr'><strong>foro</strong></span> <span class='ocrx_word' id='word_1_401' title='bbox 1005 3473 1233 3537; x_wconf 88' lang='lat' dir='ltr'><strong>otiosos,</strong></span> <span class='ocrx_word' id='word_1_402' title='bbox 1282 3479 1335 3526; x_wconf 89' lang='lat' dir='ltr'><strong>et</strong></span> <span class='ocrx_word' id='word_1_403' title='bbox 1382 3471 1516 3525; x_wconf 89' lang='lat' dir='ltr'><strong>dixit</strong></span> <span class='ocrx_word' id='word_1_404' title='bbox 1547 3471 1689 3526; x_wconf 85' lang='lat' dir='ltr'><strong>illis:</strong></span> <span class='ocrx_word' id='word_1_405' title='bbox 1723 3469 1799 3526; x_wconf 91' lang='lat' dir='ltr'><strong>lte</strong></span> <span class='ocrx_word' id='word_1_406' title='bbox 1827 3479 1882 3526; x_wconf 92' lang='lat' dir='ltr'><strong>et</strong></span> <span class='ocrx_word' id='word_1_407' title='bbox 1910 3484 2006 3524; x_wconf 88' lang='lat' dir='ltr'><strong>vos</strong></span> <span class='ocrx_word' id='word_1_408' title='bbox 2035 3469 2091 3525; x_wconf 93' lang='lat' dir='ltr'><strong>in</strong></span> 
     </span>
    </p>
   </div>
   <div class='ocr_carea' id='block_1_52' title="bbox 489 3561 2088 3634">
    <p class='ocr_par' dir='ltr' id='par_1_52' title="bbox 489 3561 2088 3634">
     <span class='ocr_line' id='line_1_52' title="bbox 489 3561 2088 3634; baseline -0.001 -17"><span class='ocrx_word' id='word_1_409' title='bbox 489 3565 701 3618; x_wconf 90' lang='lat' dir='ltr'><strong>vineam</strong></span> <span class='ocrx_word' id='word_1_410' title='bbox 732 3573 756 3601; x_wconf 79' lang='grc' dir='ltr'>ι</span> <span class='ocrx_word' id='word_1_411' title='bbox 785 3579 985 3631; x_wconf 90' lang='lat' dir='ltr'><strong>meam,</strong></span> <span class='ocrx_word' id='word_1_412' title='bbox 1018 3575 1067 3618; x_wconf 88' lang='lat' dir='ltr'><strong>et</strong></span> <span class='ocrx_word' id='word_1_413' title='bbox 1099 3562 1243 3633; x_wconf 88' lang='lat' dir='ltr'><strong>quod</strong></span> <span class='ocrx_word' id='word_1_414' title='bbox 1284 3562 1485 3634; x_wconf 87' lang='lat' dir='ltr'><strong>justum</strong></span> <span class='ocrx_word' id='word_1_415' title='bbox 1533 3563 1691 3618; x_wconf 89' lang='lat' dir='ltr'><strong>fuerit</strong></span> <span class='ocrx_word' id='word_1_416' title='bbox 1730 3561 1870 3617; x_wconf 86' lang='lat' dir='ltr'><strong>dabo</strong></span> <span class='ocrx_word' id='word_1_417' title='bbox 1915 3562 2088 3618; x_wconf 74' lang='lat' dir='ltr'><strong>vobis.</strong></span> 
     </span>
    </p>
   </div>
   <div class='ocr_carea' id='block_1_53' title="bbox 489 3655 2088 3712">
    <p class='ocr_par' dir='ltr' id='par_1_53' title="bbox 489 3655 2088 3712">
     <span class='ocr_line' id='line_1_53' title="bbox 489 3655 2088 3712; baseline 0 -2"><span class='ocrx_word' id='word_1_418' title='bbox 489 3655 572 3711; x_wconf 86' lang='lat' dir='ltr'><strong>Illi</strong></span> <span class='ocrx_word' id='word_1_419' title='bbox 598 3665 777 3712; x_wconf 86' lang='lat' dir='ltr'><strong>autem</strong></span> <span class='ocrx_word' id='word_1_420' title='bbox 805 3657 1074 3712; x_wconf 89' lang='lat' dir='ltr'><strong>abierunt.</strong></span> <span class='ocrx_word' id='word_1_421' title='bbox 1113 3657 1308 3712; x_wconf 90' lang='lat' dir='ltr'><strong>lterum</strong></span> <span class='ocrx_word' id='word_1_422' title='bbox 1345 3665 1522 3711; x_wconf 88' lang='lat' dir='ltr'><strong>autem</strong></span> <span class='ocrx_word' id='word_1_423' title='bbox 1552 3659 1683 3712; x_wconf 85' lang='lat' dir='ltr'><strong>exiit</strong></span> <span class='ocrx_word' id='word_1_424' title='bbox 1710 3657 1851 3711; x_wconf 84' lang='lat' dir='ltr'><strong>circa</strong></span> <span class='ocrx_word' id='word_1_425' title='bbox 1877 3666 2088 3712; x_wconf 86' lang='lat' dir='ltr'><strong>sextam</strong></span> 
     </span>
    </p>
   </div>
   <div class='ocr_carea' id='block_1_54' title="bbox 490 3748 2090 3807">
    <p class='ocr_par' dir='ltr' id='par_1_54' title="bbox 490 3748 2090 3807">
     <span class='ocr_line' id='line_1_54' title="bbox 490 3748 2090 3807; baseline -0.001 0"><span class='ocrx_word' id='word_1_426' title='bbox 490 3759 546 3807; x_wconf 90' lang='lat' dir='ltr'><strong>et</strong></span> <span class='ocrx_word' id='word_1_427' title='bbox 570 3765 764 3806; x_wconf 91' lang='lat' dir='ltr'><strong>nonam</strong></span> <span class='ocrx_word' id='word_1_428' title='bbox 789 3749 981 3805; x_wconf 89' lang='lat' dir='ltr'><strong>horam</strong></span> <span class='ocrx_word' id='word_1_429' title='bbox 1009 3767 1022 3804; x_wconf 89' lang='lat'><strong>:</strong></span> <span class='ocrx_word' id='word_1_430' title='bbox 1051 3758 1108 3806; x_wconf 89' lang='lat' dir='ltr'><strong>et</strong></span> <span class='ocrx_word' id='word_1_431' title='bbox 1128 3748 1252 3806; x_wconf 90' lang='lat' dir='ltr'><strong>fecit</strong></span> <span class='ocrx_word' id='word_1_432' title='bbox 1279 3749 1542 3805; x_wconf 86' lang='lat' dir='ltr'><strong>similiter.</strong></span> <span class='ocrx_word' id='word_1_433' title='bbox 1568 3748 1725 3806; x_wconf 89' lang='lat' dir='ltr'><strong>Circa</strong></span> <span class='ocrx_word' id='word_1_434' title='bbox 1749 3750 2090 3806; x_wconf 87' lang='lat' dir='ltr'><strong>undecimam</strong></span> 
     </span>
    </p>
   </div>
   <div class='ocr_carea' id='block_1_55' title="bbox 494 3845 2092 3916">
    <p class='ocr_par' dir='ltr' id='par_1_55' title="bbox 494 3845 2092 3916">
     <span class='ocr_line' id='line_1_55' title="bbox 494 3845 2092 3916; baseline 0.004 -21"><span class='ocrx_word' id='word_1_435' title='bbox 494 3860 623 3900; x_wconf 91' lang='lat' dir='ltr'><strong>vero</strong></span> <span class='ocrx_word' id='word_1_436' title='bbox 644 3846 798 3910; x_wconf 90' lang='lat' dir='ltr'><strong>exiit,</strong></span> <span class='ocrx_word' id='word_1_437' title='bbox 828 3855 879 3900; x_wconf 93' lang='lat' dir='ltr'><strong>et</strong></span> <span class='ocrx_word' id='word_1_438' title='bbox 901 3845 1105 3900; x_wconf 87' lang='lat' dir='ltr'><strong>invenit</strong></span> <span class='ocrx_word' id='word_1_439' title='bbox 1128 3845 1262 3901; x_wconf 91' lang='lat' dir='ltr'><strong>alios</strong></span> <span class='ocrx_word' id='word_1_440' title='bbox 1289 3855 1514 3911; x_wconf 89' lang='lat' dir='ltr'><strong>stantes,</strong></span> <span class='ocrx_word' id='word_1_441' title='bbox 1549 3855 1602 3900; x_wconf 88' lang='lat' dir='ltr'><strong>et</strong></span> <span class='ocrx_word' id='word_1_442' title='bbox 1628 3845 1758 3901; x_wconf 87' lang='lat' dir='ltr'><strong>dicit</strong></span> <span class='ocrx_word' id='word_1_443' title='bbox 1785 3846 1893 3901; x_wconf 88' lang='lat' dir='ltr'><strong>illis</strong></span> <span class='ocrx_word' id='word_1_444' title='bbox 1914 3862 1927 3900; x_wconf 91' lang='lat'><strong>:</strong></span> <span class='ocrx_word' id='word_1_445' title='bbox 1950 3845 2092 3916; x_wconf 89' lang='lat' dir='ltr'><strong>Quid</strong></span> 
     </span>
    </p>
   </div>
   <div class='ocr_carea' id='block_1_56' title="bbox 491 3936 2092 4007">
    <p class='ocr_par' dir='ltr' id='par_1_56' title="bbox 491 3936 2092 4007">
     <span class='ocr_line' id='line_1_56' title="bbox 491 3936 2092 4007; baseline 0.001 -15"><span class='ocrx_word' id='word_1_446' title='bbox 491 3936 580 3992; x_wconf 89' lang='lat' dir='ltr'><strong>hic</strong></span> <span class='ocrx_word' id='word_1_447' title='bbox 607 3938 763 3992; x_wconf 77' lang='lat' dir='ltr'><strong>statis</strong></span> <span class='ocrx_word' id='word_1_448' title='bbox 791 3946 898 3992; x_wconf 90' lang='lat' dir='ltr'><strong>tota</strong></span> <span class='ocrx_word' id='word_1_449' title='bbox 930 3937 1016 3993; x_wconf 89' lang='lat' dir='ltr'><strong>die</strong></span> <span class='ocrx_word' id='word_1_450' title='bbox 1047 3939 1242 3994; x_wconf 86' lang='lat' dir='ltr'><strong>otiosi?</strong></span> <span class='ocrx_word' id='word_1_451' title='bbox 1269 3937 1466 3993; x_wconf 91' lang='lat' dir='ltr'><strong>Dicunt</strong></span> <span class='ocrx_word' id='word_1_452' title='bbox 1491 3938 1539 3993; x_wconf 92' lang='lat' dir='ltr'><strong>ei</strong></span> <span class='ocrx_word' id='word_1_453' title='bbox 1565 3954 1580 3993; x_wconf 96' lang='lat'><strong>:</strong></span> <span class='ocrx_word' id='word_1_454' title='bbox 1611 3938 1746 4007; x_wconf 88' lang='lat' dir='ltr'><strong>Quia</strong></span> <span class='ocrx_word' id='word_1_455' title='bbox 1791 3954 1951 3995; x_wconf 89' lang='lat' dir='ltr'><strong>nemo</strong></span> <span class='ocrx_word' id='word_1_456' title='bbox 1992 3953 2092 3994; x_wconf 91' lang='lat' dir='ltr'><strong>nos</strong></span> 
     </span>
    </p>
   </div>
   <div class='ocr_carea' id='block_1_57' title="bbox 491 4032 2088 4089">
    <p class='ocr_par' dir='ltr' id='par_1_57' title="bbox 491 4032 2088 4089">
     <span class='ocr_line' id='line_1_57' title="bbox 491 4032 2088 4089; baseline 0 -1"><span class='ocrx_word' id='word_1_457' title='bbox 491 4033 770 4088; x_wconf 89' lang='lat' dir='ltr'><strong>conduxit.</strong></span> <span class='ocrx_word' id='word_1_458' title='bbox 803 4033 944 4088; x_wconf 91' lang='lat' dir='ltr'><strong>Dicit</strong></span> <span class='ocrx_word' id='word_1_459' title='bbox 975 4033 1118 4088; x_wconf 86' lang='lat' dir='ltr'><strong>illis:</strong></span> <span class='ocrx_word' id='word_1_460' title='bbox 1168 4032 1245 4087; x_wconf 84' lang='lat' dir='ltr'><strong>[te</strong></span> <span class='ocrx_word' id='word_1_461' title='bbox 1289 4042 1344 4087; x_wconf 92' lang='lat' dir='ltr'><strong>et</strong></span> <span class='ocrx_word' id='word_1_462' title='bbox 1392 4047 1486 4087; x_wconf 90' lang='lat' dir='ltr'><strong>vos</strong></span> <span class='ocrx_word' id='word_1_463' title='bbox 1533 4032 1587 4086; x_wconf 91' lang='lat' dir='ltr'><strong>in</strong></span> <span class='ocrx_word' id='word_1_464' title='bbox 1629 4032 1840 4088; x_wconf 88' lang='lat' dir='ltr'><strong>vineam</strong></span> <span class='ocrx_word' id='word_1_465' title='bbox 1892 4049 2088 4089; x_wconf 87' lang='lat' dir='ltr'><strong>meam.</strong></span> 
     </span>
    </p>
   </div>
   <div class='ocr_carea' id='block_1_58' title="bbox 491 4124 2093 4190">
    <p class='ocr_par' dir='ltr' id='par_1_58' title="bbox 491 4124 2093 4190">
     <span class='ocr_line' id='line_1_58' title="bbox 491 4124 2093 4190; baseline 0 -10"><span class='ocrx_word' id='word_1_466' title='bbox 491 4125 624 4181; x_wconf 88' lang='lat' dir='ltr'><strong>Cum</strong></span> <span class='ocrx_word' id='word_1_467' title='bbox 657 4141 781 4181; x_wconf 91' lang='lat' dir='ltr'><strong>sero</strong></span> <span class='ocrx_word' id='word_1_468' title='bbox 807 4136 988 4181; x_wconf 88' lang='lat' dir='ltr'><strong>autem</strong></span> <span class='ocrx_word' id='word_1_469' title='bbox 1017 4127 1216 4179; x_wconf 87' lang='lat' dir='ltr'><strong>factum</strong></span> <span class='ocrx_word' id='word_1_470' title='bbox 1244 4134 1410 4190; x_wconf 86' lang='lat' dir='ltr'><strong>esset,</strong></span> <span class='ocrx_word' id='word_1_471' title='bbox 1441 4124 1571 4179; x_wconf 90' lang='lat' dir='ltr'><strong>dicit</strong></span> <span class='ocrx_word' id='word_1_472' title='bbox 1618 4125 1870 4180; x_wconf 90' lang='lat' dir='ltr'><strong>dominus</strong></span> <span class='ocrx_word' id='word_1_473' title='bbox 1920 4127 2093 4181; x_wconf 68' lang='lat' dir='ltr'><strong>vinea:</strong></span> 
     </span>
    </p>
   </div>
   <div class='ocr_carea' id='block_1_59' title="bbox 493 4217 2094 4288">
    <p class='ocr_par' dir='ltr' id='par_1_59' title="bbox 493 4217 2094 4288">
     <span class='ocr_line' id='line_1_59' title="bbox 493 4217 2094 4288; baseline 0.001 -17"><span class='ocrx_word' id='word_1_474' title='bbox 493 4217 828 4288; x_wconf 89' lang='lat' dir='ltr'><strong>procuratori</strong></span> <span class='ocrx_word' id='word_1_475' title='bbox 865 4233 964 4271; x_wconf 87' lang='lat' dir='ltr'><strong>suo</strong></span> <span class='ocrx_word' id='word_1_476' title='bbox 992 4259 1000 4268; x_wconf 93' lang='lat'><strong>.</strong></span> <span class='ocrx_word' id='word_1_477' title='bbox 1038 4217 1179 4272; x_wconf 89' lang='lat' dir='ltr'><strong>Voca</strong></span> <span class='ocrx_word' id='word_1_478' title='bbox 1206 4217 1505 4286; x_wconf 84' lang='lat' dir='ltr'><strong>operarios,</strong></span> <span class='ocrx_word' id='word_1_479' title='bbox 1540 4227 1595 4272; x_wconf 93' lang='lat' dir='ltr'><strong>et</strong></span> <span class='ocrx_word' id='word_1_480' title='bbox 1624 4217 1789 4272; x_wconf 86' lang='lat' dir='ltr'><strong>redde</strong></span> <span class='ocrx_word' id='word_1_481' title='bbox 1816 4218 1923 4274; x_wconf 92' lang='lat' dir='ltr'><strong>illis</strong></span> <span class='ocrx_word' id='word_1_482' title='bbox 1951 4234 2094 4273; x_wconf 88' lang='lat' dir='ltr'><strong>mer-</strong></span> 
     </span>
    </p>
   </div>
   <div class='ocr_carea' id='block_1_60' title="bbox 491 4307 2091 4378">
    <p class='ocr_par' dir='ltr' id='par_1_60' title="bbox 491 4307 2091 4378">
     <span class='ocr_line' id='line_1_60' title="bbox 491 4307 2091 4378; baseline 0 -13"><span class='ocrx_word' id='word_1_483' title='bbox 491 4309 702 4373; x_wconf 89' lang='lat' dir='ltr'><strong>cedem,</strong></span> <span class='ocrx_word' id='word_1_484' title='bbox 731 4308 994 4378; x_wconf 89' lang='lat' dir='ltr'><strong>incipiens</strong></span> <span class='ocrx_word' id='word_1_485' title='bbox 1019 4323 1049 4362; x_wconf 90' lang='lat' dir='ltr'><strong>a</strong></span> <span class='ocrx_word' id='word_1_486' title='bbox 1077 4307 1387 4363; x_wconf 86' lang='lat' dir='ltr'><strong>noviSsimis</strong></span> <span class='ocrx_word' id='word_1_487' title='bbox 1418 4324 1589 4377; x_wconf 92' lang='lat' dir='ltr'><strong>usque</strong></span> <span class='ocrx_word' id='word_1_488' title='bbox 1612 4309 1677 4362; x_wconf 82' lang='lat' dir='ltr'><strong>ad</strong></span> <span class='ocrx_word' id='word_1_489' title='bbox 1709 4311 1934 4378; x_wconf 89' lang='lat' dir='ltr'><strong>primos.</strong></span> <span class='ocrx_word' id='word_1_490' title='bbox 1958 4308 2091 4365; x_wconf 88' lang='lat' dir='ltr'><strong>Cum</strong></span> 
     </span>
    </p>
   </div>
   <div class='ocr_carea' id='block_1_61' title="bbox 489 4399 2090 4471">
    <p class='ocr_par' dir='ltr' id='par_1_61' title="bbox 489 4399 2090 4471">
     <span class='ocr_line' id='line_1_61' title="bbox 489 4399 2090 4471; baseline -0.001 -14"><span class='ocrx_word' id='word_1_491' title='bbox 489 4401 728 4457; x_wconf 87' lang='lat' dir='ltr'><strong>venisset</strong></span> <span class='ocrx_word' id='word_1_492' title='bbox 753 4415 884 4471; x_wconf 91' lang='lat' dir='ltr'><strong>ergo</strong></span> <span class='ocrx_word' id='word_1_493' title='bbox 918 4401 1007 4470; x_wconf 93' lang='lat' dir='ltr'><strong>qui</strong></span> <span class='ocrx_word' id='word_1_494' title='bbox 1036 4400 1176 4455; x_wconf 86' lang='lat' dir='ltr'><strong>circa</strong></span> <span class='ocrx_word' id='word_1_495' title='bbox 1211 4399 1555 4455; x_wconf 88' lang='lat' dir='ltr'><strong>undecimam</strong></span> <span class='ocrx_word' id='word_1_496' title='bbox 1587 4399 1774 4456; x_wconf 91' lang='lat' dir='ltr'><strong>horam</strong></span> <span class='ocrx_word' id='word_1_497' title='bbox 1803 4411 2090 4470; x_wconf 85' lang='lat' dir='ltr'><strong>venerant,</strong></span> 
     </span>
    </p>
   </div>
   <div class='ocr_carea' id='block_1_62' title="bbox 489 4494 2094 4566">
    <p class='ocr_par' dir='ltr' id='par_1_62' title="bbox 489 4494 2094 4566">
     <span class='ocr_line' id='line_1_62' title="bbox 489 4494 2094 4566; baseline -0.001 -14"><span class='ocrx_word' id='word_1_498' title='bbox 489 4507 818 4565; x_wconf 79' lang='lat' dir='ltr'><strong>acceperUut</strong></span> <span class='ocrx_word' id='word_1_499' title='bbox 851 4495 1092 4566; x_wconf 88' lang='lat' dir='ltr'><strong>singulos</strong></span> <span class='ocrx_word' id='word_1_500' title='bbox 1140 4494 1415 4551; x_wconf 86' lang='lat' dir='ltr'><strong>denarios.</strong></span> <span class='ocrx_word' id='word_1_501' title='bbox 1472 4495 1761 4550; x_wconf 86' lang='lat' dir='ltr'><strong>Venientes</strong></span> <span class='ocrx_word' id='word_1_502' title='bbox 1808 4507 1987 4552; x_wconf 89' lang='lat' dir='ltr'><strong>autem</strong></span> <span class='ocrx_word' id='word_1_503' title='bbox 2039 4507 2094 4551; x_wconf 85' lang='lat' dir='ltr'><strong>et</strong></span> 
     </span>
    </p>
   </div>
   <div class='ocr_carea' id='block_1_63' title="bbox 488 4586 2088 4661">
    <p class='ocr_par' dir='ltr' id='par_1_63' title="bbox 488 4586 2088 4661">
     <span class='ocr_line' id='line_1_63' title="bbox 488 4586 2088 4661; baseline -0.001 -17"><span class='ocrx_word' id='word_1_504' title='bbox 488 4589 675 4661; x_wconf 91' lang='lat' dir='ltr'><strong>primi,</strong></span> <span class='ocrx_word' id='word_1_505' title='bbox 723 4586 967 4644; x_wconf 82' lang='lat' dir='ltr'><strong>arbitrati</strong></span> <span class='ocrx_word' id='word_1_506' title='bbox 1020 4597 1145 4643; x_wconf 92' lang='lat' dir='ltr'><strong>sunt</strong></span> <span class='ocrx_word' id='word_1_507' title='bbox 1192 4587 1335 4658; x_wconf 86' lang='lat' dir='ltr'><strong>quod</strong></span> <span class='ocrx_word' id='word_1_508' title='bbox 1387 4589 1507 4659; x_wconf 88' lang='lat' dir='ltr'><strong>plus</strong></span> <span class='ocrx_word' id='word_1_509' title='bbox 1555 4597 1736 4644; x_wconf 76' lang='lat' dir='ltr'><strong>essent</strong></span> <span class='ocrx_word' id='word_1_510' title='bbox 1775 4590 2088 4657; x_wconf 88' lang='lat' dir='ltr'><strong>accepturi:</strong></span> 
     </span>
    </p>
   </div>
   <div class='ocr_carea' id='block_1_64' title="bbox 487 4681 2090 4753">
    <p class='ocr_par' dir='ltr' id='par_1_64' title="bbox 487 4681 2090 4753">
     <span class='ocr_line' id='line_1_64' title="bbox 487 4681 2090 4753; baseline 0.002 -17"><span class='ocrx_word' id='word_1_511' title='bbox 487 4689 820 4752; x_wconf 90' lang='lat' dir='ltr'><strong>acceperunt</strong></span> <span class='ocrx_word' id='word_1_512' title='bbox 844 4689 1026 4737; x_wconf 91' lang='lat' dir='ltr'><strong>autem</strong></span> <span class='ocrx_word' id='word_1_513' title='bbox 1054 4689 1108 4736; x_wconf 92' lang='lat' dir='ltr'><strong>et</strong></span> <span class='ocrx_word' id='word_1_514' title='bbox 1135 4682 1238 4752; x_wconf 90' lang='lat' dir='ltr'><strong>ipsi</strong></span> <span class='ocrx_word' id='word_1_515' title='bbox 1271 4681 1512 4753; x_wconf 87' lang='lat' dir='ltr'><strong>singulos</strong></span> <span class='ocrx_word' id='word_1_516' title='bbox 1536 4682 1810 4740; x_wconf 70' lang='lat' dir='ltr'><strong>denarios.</strong></span> <span class='ocrx_word' id='word_1_517' title='bbox 1853 4683 1918 4738; x_wconf 86' lang='lat' dir='ltr'><strong>Et</strong></span> <span class='ocrx_word' id='word_1_518' title='bbox 1944 4685 2090 4740; x_wconf 90' lang='lat' dir='ltr'><strong>acci-</strong></span> 
     </span>
    </p>
   </div>
   <div class='ocr_carea' id='block_1_65' title="bbox 488 4774 2092 4846">
    <p class='ocr_par' dir='ltr' id='par_1_65' title="bbox 488 4774 2092 4846">
     <span class='ocr_line' id='line_1_65' title="bbox 488 4774 2092 4846; baseline 0.002 -17"><span class='ocrx_word' id='word_1_519' title='bbox 488 4776 702 4846; x_wconf 91' lang='lat' dir='ltr'><strong>pientes</strong></span> <span class='ocrx_word' id='word_1_520' title='bbox 728 4775 1138 4829; x_wconf 78' lang='lat' dir='ltr'><strong>murmurabant</strong></span> <span class='ocrx_word' id='word_1_521' title='bbox 1185 4774 1444 4830; x_wconf 83' lang='lat' dir='ltr'><strong>adversus</strong></span> <span class='ocrx_word' id='word_1_522' title='bbox 1491 4775 1961 4846; x_wconf 77' lang='lat' dir='ltr'><strong>patremfamilias,</strong></span> <span class='ocrx_word' id='word_1_523' title='bbox 2009 4776 2092 4832; x_wconf 87' lang='lat' dir='ltr'><strong>di-</strong></span> 
     </span>
    </p>
   </div>
   <div class='ocr_carea' id='block_1_66' title="bbox 486 4865 2090 4940">
    <p class='ocr_par' dir='ltr' id='par_1_66' title="bbox 486 4865 2090 4940">
     <span class='ocr_line' id='line_1_66' title="bbox 486 4865 2090 4940; baseline 0.002 -18"><span class='ocrx_word' id='word_1_524' title='bbox 486 4876 711 4923; x_wconf 90' lang='lat' dir='ltr'><strong>centes:</strong></span> <span class='ocrx_word' id='word_1_525' title='bbox 747 4865 810 4920; x_wconf 86' lang='lat' dir='ltr'><strong>Hi</strong></span> <span class='ocrx_word' id='word_1_526' title='bbox 857 4865 1140 4921; x_wconf 89' lang='lat' dir='ltr'><strong>novissimi</strong></span> <span class='ocrx_word' id='word_1_527' title='bbox 1184 4881 1286 4920; x_wconf 91' lang='lat' dir='ltr'><strong>una</strong></span> <span class='ocrx_word' id='word_1_528' title='bbox 1333 4867 1464 4923; x_wconf 86' lang='lat' dir='ltr'><strong>hora</strong></span> <span class='ocrx_word' id='word_1_529' title='bbox 1517 4868 1778 4935; x_wconf 86' lang='lat' dir='ltr'><strong>fecerunt,</strong></span> <span class='ocrx_word' id='word_1_530' title='bbox 1833 4879 1887 4924; x_wconf 93' lang='lat' dir='ltr'><strong>et</strong></span> <span class='ocrx_word' id='word_1_531' title='bbox 1933 4885 2090 4940; x_wconf 88' lang='lat' dir='ltr'><strong>pares</strong></span> 
     </span>
    </p>
   </div>
   <div class='ocr_carea' id='block_1_67' title="bbox 486 4957 2090 5033">
    <p class='ocr_par' dir='ltr' id='par_1_67' title="bbox 486 4957 2090 5033">
     <span class='ocr_line' id='line_1_67' title="bbox 486 4957 2090 5033; baseline 0.002 -18"><span class='ocrx_word' id='word_1_532' title='bbox 486 4959 606 5016; x_wconf 89' lang='lat' dir='ltr'><strong>illos</strong></span> <span class='ocrx_word' id='word_1_533' title='bbox 650 4958 808 5014; x_wconf 91' lang='lat' dir='ltr'><strong>nobis</strong></span> <span class='ocrx_word' id='word_1_534' title='bbox 857 4957 1053 5028; x_wconf 91' lang='lat' dir='ltr'><strong>fecisti,</strong></span> <span class='ocrx_word' id='word_1_535' title='bbox 1101 4957 1194 5030; x_wconf 89' lang='lat' dir='ltr'><strong>qui</strong></span> <span class='ocrx_word' id='word_1_536' title='bbox 1240 4960 1574 5028; x_wconf 85' lang='lat' dir='ltr'><strong>portavimus</strong></span> <span class='ocrx_word' id='word_1_537' title='bbox 1619 4962 1830 5032; x_wconf 91' lang='lat' dir='ltr'><strong>pondus</strong></span> <span class='ocrx_word' id='word_1_538' title='bbox 1871 4962 2000 5033; x_wconf 89' lang='lat' dir='ltr'><strong>diei,</strong></span> <span class='ocrx_word' id='word_1_539' title='bbox 2033 4973 2090 5019; x_wconf 90' lang='lat' dir='ltr'><strong>et</strong></span> 
     </span>
    </p>
   </div>
   <div class='ocr_carea' id='block_1_68' title="bbox 488 5051 2085 5123">
    <p class='ocr_par' dir='ltr' id='par_1_68' title="bbox 488 5051 2085 5123">
     <span class='ocr_line' id='line_1_68' title="bbox 488 5051 2085 5123; baseline 0.003 -14"><span class='ocrx_word' id='word_1_540' title='bbox 488 5064 674 5110; x_wconf 69' lang='lat' dir='ltr'><strong>aestus.</strong></span> <span class='ocrx_word' id='word_1_541' title='bbox 709 5055 781 5110; x_wconf 83' lang='lat' dir='ltr'><strong>At</strong></span> <span class='ocrx_word' id='word_1_542' title='bbox 807 5053 896 5109; x_wconf 90' lang='lat' dir='ltr'><strong>ille</strong></span> <span class='ocrx_word' id='word_1_543' title='bbox 929 5052 1264 5123; x_wconf 89' lang='lat' dir='ltr'><strong>respondens</strong></span> <span class='ocrx_word' id='word_1_544' title='bbox 1295 5051 1386 5108; x_wconf 91' lang='lat' dir='ltr'><strong>uni</strong></span> <span class='ocrx_word' id='word_1_545' title='bbox 1415 5069 1628 5120; x_wconf 90' lang='lat' dir='ltr'><strong>eorum,</strong></span> <span class='ocrx_word' id='word_1_546' title='bbox 1663 5054 1842 5110; x_wconf 84' lang='lat' dir='ltr'><strong>dixit:</strong></span> <span class='ocrx_word' id='word_1_547' title='bbox 1877 5057 2085 5123; x_wconf 83' lang='lat' dir='ltr'><strong>Amice,</strong></span> 
     </span>
    </p>
   </div>
   <div class='ocr_carea' id='block_1_69' title="bbox 491 5146 2087 5218">
    <p class='ocr_par' dir='ltr' id='par_1_69' title="bbox 491 5146 2087 5218">
     <span class='ocr_line' id='line_1_69' title="bbox 491 5146 2087 5218; baseline 0.003 -16"><span class='ocrx_word' id='word_1_548' title='bbox 491 5162 598 5202; x_wconf 91' lang='lat' dir='ltr'><strong>non</strong></span> <span class='ocrx_word' id='word_1_549' title='bbox 623 5147 760 5202; x_wconf 89' lang='lat' dir='ltr'><strong>facio</strong></span> <span class='ocrx_word' id='word_1_550' title='bbox 785 5146 879 5202; x_wconf 90' lang='lat' dir='ltr'><strong>tibi</strong></span> <span class='ocrx_word' id='word_1_551' title='bbox 910 5146 1162 5218; x_wconf 73' lang='lat' dir='ltr'><strong>iniuriam</strong></span> <span class='ocrx_word' id='word_1_552' title='bbox 1191 5163 1205 5201; x_wconf 88' lang='lat'><strong>:</strong></span> <span class='ocrx_word' id='word_1_553' title='bbox 1239 5161 1418 5202; x_wconf 92' lang='lat' dir='ltr'><strong>nonne</strong></span> <span class='ocrx_word' id='word_1_554' title='bbox 1445 5162 1513 5202; x_wconf 90' lang='lat' dir='ltr'><strong>cx</strong></span> <span class='ocrx_word' id='word_1_555' title='bbox 1543 5148 1764 5203; x_wconf 88' lang='lat' dir='ltr'><strong>denario</strong></span> <span class='ocrx_word' id='word_1_556' title='bbox 1788 5150 2087 5206; x_wconf 90' lang='lat' dir='ltr'><strong>convenisti</strong></span> 
     </span>
    </p>
   </div>
   <div class='ocr_carea' id='block_1_70' title="bbox 491 5239 2088 5314">
    <p class='ocr_par' dir='ltr' id='par_1_70' title="bbox 491 5239 2088 5314">
     <span class='ocr_line' id='line_1_70' title="bbox 491 5239 2088 5314; baseline 0.005 -20"><span class='ocrx_word' id='word_1_557' title='bbox 491 5239 738 5294; x_wconf 89' lang='lat' dir='ltr'><strong>mecum?</strong></span> <span class='ocrx_word' id='word_1_558' title='bbox 770 5240 944 5310; x_wconf 79' lang='lat' dir='ltr'><strong>Tolle,</strong></span> <span class='ocrx_word' id='word_1_559' title='bbox 960 5241 1104 5314; x_wconf 85' lang='lat' dir='ltr'><strong>quod</strong></span> <span class='ocrx_word' id='word_1_560' title='bbox 1123 5250 1274 5297; x_wconf 91' lang='lat' dir='ltr'><strong>tuum</strong></span> <span class='ocrx_word' id='word_1_561' title='bbox 1297 5252 1400 5308; x_wconf 92' lang='lat' dir='ltr'><strong>est,</strong></span> <span class='ocrx_word' id='word_1_562' title='bbox 1425 5251 1480 5298; x_wconf 88' lang='lat' dir='ltr'><strong>et</strong></span> <span class='ocrx_word' id='word_1_563' title='bbox 1503 5243 1662 5298; x_wconf 88' lang='lat' dir='ltr'><strong>vade:</strong></span> <span class='ocrx_word' id='word_1_564' title='bbox 1681 5245 1803 5299; x_wconf 92' lang='lat' dir='ltr'><strong>volo</strong></span> <span class='ocrx_word' id='word_1_565' title='bbox 1829 5253 2009 5301; x_wconf 91' lang='lat' dir='ltr'><strong>autem</strong></span> <span class='ocrx_word' id='word_1_566' title='bbox 2033 5256 2088 5302; x_wconf 89' lang='lat' dir='ltr'><strong>et</strong></span> 
     </span>
    </p>
   </div>
   <div class='ocr_carea' id='block_1_71' title="bbox 492 5334 2085 5397">
    <p class='ocr_par' dir='ltr' id='par_1_71' title="bbox 492 5334 2085 5397">
     <span class='ocr_line' id='line_1_71' title="bbox 492 5334 2085 5397; baseline 0.004 -7"><span class='ocrx_word' id='word_1_567' title='bbox 492 5334 617 5390; x_wconf 89' lang='lat' dir='ltr'><strong>huic</strong></span> <span class='ocrx_word' id='word_1_568' title='bbox 649 5336 946 5392; x_wconf 89' lang='lat' dir='ltr'><strong>novissimo</strong></span> <span class='ocrx_word' id='word_1_569' title='bbox 975 5339 1105 5396; x_wconf 90' lang='lat' dir='ltr'><strong>dare</strong></span> <span class='ocrx_word' id='word_1_570' title='bbox 1132 5341 1272 5397; x_wconf 90' lang='lat' dir='ltr'><strong>sicut</strong></span> <span class='ocrx_word' id='word_1_571' title='bbox 1301 5349 1357 5395; x_wconf 91' lang='lat' dir='ltr'><strong>et</strong></span> <span class='ocrx_word' id='word_1_572' title='bbox 1389 5339 1504 5395; x_wconf 89' lang='lat' dir='ltr'><strong>tibi.</strong></span> <span class='ocrx_word' id='word_1_573' title='bbox 1536 5340 1642 5395; x_wconf 89' lang='lat' dir='ltr'><strong>Attt</strong></span> <span class='ocrx_word' id='word_1_574' title='bbox 1663 5356 1771 5395; x_wconf 92' lang='lat' dir='ltr'><strong>non</strong></span> <span class='ocrx_word' id='word_1_575' title='bbox 1795 5340 1923 5397; x_wconf 86' lang='lat' dir='ltr'><strong>licet</strong></span> <span class='ocrx_word' id='word_1_576' title='bbox 1956 5340 2085 5397; x_wconf 90' lang='lat' dir='ltr'><strong>tnihi</strong></span> 
     </span>
    </p>
   </div>
   <div class='ocr_carea' id='block_1_72' title="bbox 489 5428 2083 5506">
    <p class='ocr_par' dir='ltr' id='par_1_72' title="bbox 489 5428 2083 5506">
     <span class='ocr_line' id='line_1_72' title="bbox 489 5428 2083 5506; baseline 0.004 -23"><span class='ocrx_word' id='word_1_577' title='bbox 489 5428 632 5500; x_wconf 90' lang='lat' dir='ltr'><strong>quod</strong></span> <span class='ocrx_word' id='word_1_578' title='bbox 657 5429 804 5498; x_wconf 91' lang='lat' dir='ltr'><strong>volo,</strong></span> <span class='ocrx_word' id='word_1_579' title='bbox 834 5429 1049 5488; x_wconf 85' lang='lat' dir='ltr'><strong>facere?</strong></span> <span class='ocrx_word' id='word_1_580' title='bbox 1079 5449 1146 5488; x_wconf 88' lang='lat' dir='ltr'><strong>an</strong></span> <span class='ocrx_word' id='word_1_581' title='bbox 1174 5433 1364 5491; x_wconf 90' lang='lat' dir='ltr'><strong>oculus</strong></span> <span class='ocrx_word' id='word_1_582' title='bbox 1394 5441 1516 5491; x_wconf 88' lang='lat' dir='ltr'><strong>tuus</strong></span> <span class='ocrx_word' id='word_1_583' title='bbox 1546 5448 1776 5506; x_wconf 87' lang='lat' dir='ltr'><strong>nequam</strong></span> <span class='ocrx_word' id='word_1_584' title='bbox 1817 5441 1922 5501; x_wconf 88' lang='lat' dir='ltr'><strong>est,</strong></span> <span class='ocrx_word' id='word_1_585' title='bbox 1957 5433 2083 5506; x_wconf 90' lang='lat' dir='ltr'><strong>quia</strong></span> 
     </span>
    </p>
   </div>
   <div class='ocr_carea' id='block_1_73' title="bbox 556 5632 2082 5710">
    <p class='ocr_par' dir='ltr' id='par_1_73' title="bbox 556 5632 2082 5710">
     <span class='ocr_line' id='line_1_73' title="bbox 556 5632 2082 5710; baseline 0.007 -23"><span class='ocrx_word' id='word_1_586' title='bbox 556 5641 583 5672; x_wconf 71' lang='grc' dir='ltr'>ι</span> <span class='ocrx_word' id='word_1_587' title='bbox 611 5632 806 5710; x_wconf 68' lang='lat' dir='ltr'><strong>Meam,</strong></span> <span class='ocrx_word' id='word_1_588' title='bbox 839 5634 1276 5710; x_wconf 76' lang='lat' dir='ltr'><strong>pronomenhic,</strong></span> <span class='ocrx_word' id='word_1_589' title='bbox 1305 5637 1548 5710; x_wconf 75' lang='lat' dir='ltr'><strong>etpaulo</strong></span> <span class='ocrx_word' id='word_1_590' title='bbox 1592 5648 1732 5710; x_wconf 90' lang='lat' dir='ltr'><strong>post,</strong></span> <span class='ocrx_word' id='word_1_591' title='bbox 1762 5637 1851 5693; x_wconf 93' lang='lat' dir='ltr'><strong>ubi</strong></span> <span class='ocrx_word' id='word_1_592' title='bbox 1891 5638 2082 5697; x_wconf 87' lang='lat' dir='ltr'><strong>eadem</strong></span> 
     </span>
    </p>
   </div>
   <div class='ocr_carea' id='block_1_74' title="bbox 479 5705 2083 5782">
    <p class='ocr_par' dir='ltr' id='par_1_74' title="bbox 479 5705 2083 5782">
     <span class='ocr_line' id='line_1_74' title="bbox 479 5705 2083 5782; baseline 0.004 -18"><span class='ocrx_word' id='word_1_593' title='bbox 479 5706 709 5782; x_wconf 60' lang='lat' dir='ltr'><strong>recurrit</strong></span> <span class='ocrx_word' id='word_1_594' title='bbox 740 5705 1093 5782; x_wconf 76' lang='lat' dir='ltr'><strong>pericope,_in</strong></span> <span class='ocrx_word' id='word_1_595' title='bbox 1122 5706 1331 5763; x_wconf 90' lang='lat' dir='ltr'><strong>duobus</strong></span> <span class='ocrx_word' id='word_1_596' title='bbox 1371 5705 1604 5782; x_wconf 77' lang='lat' dir='ltr'><strong>Reginae</strong></span> <span class='ocrx_word' id='word_1_597' title='bbox 1635 5726 1768 5766; x_wconf 88' lang='lat' dir='ltr'><strong>mss.</strong></span> <span class='ocrx_word' id='word_1_598' title='bbox 1821 5721 1874 5768; x_wconf 92' lang='lat' dir='ltr'><strong>ut</strong></span> <span class='ocrx_word' id='word_1_599' title='bbox 1924 5720 1979 5770; x_wconf 89' lang='lat' dir='ltr'><strong>et</strong></span> <span class='ocrx_word' id='word_1_600' title='bbox 2028 5713 2083 5770; x_wconf 90' lang='lat' dir='ltr'><strong>in</strong></span> 
     </span>
    </p>
   </div>
   <div class='ocr_carea' id='block_1_75' title="bbox 480 5776 1237 5837">
    <p class='ocr_par' dir='ltr' id='par_1_75' title="bbox 480 5776 1237 5837">
     <span class='ocr_line' id='line_1_75' title="bbox 480 5776 1237 5837; baseline -0.005 -1"><span class='ocrx_word' id='word_1_601' title='bbox 480 5779 672 5836; x_wconf 60' lang='lat' dir='ltr'><strong>Graeco</strong></span> <span class='ocrx_word' id='word_1_602' title='bbox 699 5786 848 5834; x_wconf 93' lang='lat' dir='ltr'><strong>textu</strong></span> <span class='ocrx_word' id='word_1_603' title='bbox 873 5776 1237 5837; x_wconf 89' lang='lat' dir='ltr'><strong>desideratur.</strong></span> 
     </span>
    </p>
   </div>
   <div class='ocr_carea' id='block_1_76' title="bbox 2117 4549 2171 4610">
    <p class='ocr_par' dir='ltr' id='par_1_76' title="bbox 2117 4549 2171 4610">
     <span class='ocr_line' id='line_1_76' title="bbox 2117 4549 2171 4610; baseline 0 0"><span class='ocrx_word' id='word_1_604' title='bbox 2117 4549 2171 4610; x_wconf 90' lang='lat' dir='ltr'><strong>D</strong></span> 
     </span>
    </p>
   </div>
   <div class='ocr_carea' id='block_1_77' title="bbox 2188 1869 3801 1941">
    <p class='ocr_par' dir='ltr' id='par_1_77' title="bbox 2188 1869 3801 1941">
     <span class='ocr_line' id='line_1_77' title="bbox 2188 1869 3801 1941; baseline 0.002 -17"><span class='ocrx_word' id='word_1_605' title='bbox 2188 1879 2366 1926; x_wconf 88' lang='lat' dir='ltr'><strong>autem</strong></span> <span class='ocrx_word' id='word_1_606' title='bbox 2408 1869 2476 1924; x_wconf 90' lang='lat' dir='ltr'><strong>ad</strong></span> <span class='ocrx_word' id='word_1_607' title='bbox 2521 1869 2800 1925; x_wconf 89' lang='lat' dir='ltr'><strong>dexteram</strong></span> <span class='ocrx_word' id='word_1_608' title='bbox 2844 1885 3041 1937; x_wconf 89' lang='lat' dir='ltr'><strong>meam,</strong></span> <span class='ocrx_word' id='word_1_609' title='bbox 3088 1873 3173 1928; x_wconf 90' lang='lat' dir='ltr'><strong>vel</strong></span> <span class='ocrx_word' id='word_1_610' title='bbox 3216 1872 3514 1941; x_wconf 90' lang='lat' dir='ltr'><strong>sinistram,</strong></span> <span class='ocrx_word' id='word_1_611' title='bbox 3571 1887 3679 1928; x_wconf 92' lang='lat' dir='ltr'><strong>non</strong></span> <span class='ocrx_word' id='word_1_612' title='bbox 3709 1881 3801 1929; x_wconf 85' lang='lat' dir='ltr'><strong>est</strong></span> 
     </span>
    </p>
   </div>
   <div class='ocr_carea' id='block_1_78' title="bbox 2189 1962 3798 2036">
    <p class='ocr_par' dir='ltr' id='par_1_78' title="bbox 2189 1962 3798 2036">
     <span class='ocr_line' id='line_1_78' title="bbox 2189 1962 3798 2036; baseline 0.004 -18"><span class='ocrx_word' id='word_1_613' title='bbox 2189 1978 2367 2019; x_wconf 89' lang='lat' dir='ltr'><strong>meum</strong></span> <span class='ocrx_word' id='word_1_614' title='bbox 2410 1962 2542 2018; x_wconf 90' lang='lat' dir='ltr'><strong>dare</strong></span> <span class='ocrx_word' id='word_1_615' title='bbox 2584 1963 2760 2030; x_wconf 92' lang='lat' dir='ltr'><strong>vobis,</strong></span> <span class='ocrx_word' id='word_1_616' title='bbox 2803 1963 2899 2019; x_wconf 89' lang='lat' dir='ltr'><strong>sed</strong></span> <span class='ocrx_word' id='word_1_617' title='bbox 2945 1967 3140 2036; x_wconf 88' lang='lat' dir='ltr'><strong>quibus</strong></span> <span class='ocrx_word' id='word_1_618' title='bbox 3177 1976 3427 2036; x_wconf 88' lang='lat' dir='ltr'><strong>paratum</strong></span> <span class='ocrx_word' id='word_1_619' title='bbox 3457 1975 3542 2024; x_wconf 90' lang='lat' dir='ltr'><strong>est</strong></span> <span class='ocrx_word' id='word_1_620' title='bbox 3570 1982 3600 2022; x_wconf 92' lang='lat' dir='ltr'><strong>a</strong></span> <span class='ocrx_word' id='word_1_621' title='bbox 3633 1967 3798 2024; x_wconf 86' lang='lat' dir='ltr'><strong>Patre</strong></span> 
     </span>
    </p>
   </div>
   <div class='ocr_carea' id='block_1_79' title="bbox 2191 2059 3802 2136">
    <p class='ocr_par' dir='ltr' id='par_1_79' title="bbox 2191 2059 3802 2136">
     <span class='ocr_line' id='line_1_79' title="bbox 2191 2059 3802 2136; baseline 0.006 -24"><span class='ocrx_word' id='word_1_622' title='bbox 2191 2073 2330 2116; x_wconf 91' lang='lat' dir='ltr'><strong>meo.</strong></span> <span class='ocrx_word' id='word_1_623' title='bbox 2368 2059 2536 2132; x_wconf 69' lang='lat' dir='ltr'><strong>fcerit,</strong></span> <span class='ocrx_word' id='word_1_624' title='bbox 2567 2059 2649 2134; x_wconf 89' lang='grc'><strong>2.]</strong></span> <span class='ocrx_word' id='word_1_625' title='bbox 2681 2062 2748 2117; x_wconf 86' lang='lat' dir='ltr'><strong>Et</strong></span> <span class='ocrx_word' id='word_1_626' title='bbox 2775 2062 3059 2120; x_wconf 87' lang='lat' dir='ltr'><strong>audientes</strong></span> <span class='ocrx_word' id='word_1_627' title='bbox 3103 2063 3315 2129; x_wconf 91' lang='lat' dir='ltr'><strong>decem,</strong></span> <span class='ocrx_word' id='word_1_628' title='bbox 3363 2065 3622 2136; x_wconf 85' lang='lat' dir='ltr'><strong>indignati</strong></span> <span class='ocrx_word' id='word_1_629' title='bbox 3667 2073 3802 2121; x_wconf 85' lang='lat' dir='ltr'><strong>sunt</strong></span> 
     </span>
    </p>
   </div>
   <div class='ocr_carea' id='block_1_80' title="bbox 2189 2152 3799 2226">
    <p class='ocr_par' dir='ltr' id='par_1_80' title="bbox 2189 2152 3799 2226">
     <span class='ocr_line' id='line_1_80' title="bbox 2189 2152 3799 2226; baseline 0.004 -18"><span class='ocrx_word' id='word_1_630' title='bbox 2189 2153 2258 2208; x_wconf 91' lang='lat' dir='ltr'><strong>de</strong></span> <span class='ocrx_word' id='word_1_631' title='bbox 2288 2152 2496 2209; x_wconf 89' lang='lat' dir='ltr'><strong>duobus</strong></span> <span class='ocrx_word' id='word_1_632' title='bbox 2523 2154 2797 2210; x_wconf 88' lang='lat' dir='ltr'><strong>fratribus.</strong></span> <span class='ocrx_word' id='word_1_633' title='bbox 2826 2154 2984 2212; x_wconf 83' lang='lat' dir='ltr'><strong>Jesus</strong></span> <span class='ocrx_word' id='word_1_634' title='bbox 3013 2165 3193 2212; x_wconf 91' lang='lat' dir='ltr'><strong>autem</strong></span> <span class='ocrx_word' id='word_1_635' title='bbox 3224 2157 3438 2213; x_wconf 90' lang='lat' dir='ltr'><strong>vocavit</strong></span> <span class='ocrx_word' id='word_1_636' title='bbox 3467 2173 3565 2215; x_wconf 78' lang='lat' dir='ltr'><strong>eos</strong></span> <span class='ocrx_word' id='word_1_637' title='bbox 3600 2157 3667 2212; x_wconf 89' lang='lat' dir='ltr'><strong>ad</strong></span> <span class='ocrx_word' id='word_1_638' title='bbox 3711 2173 3799 2226; x_wconf 87' lang='lat' dir='ltr'><strong>se,</strong></span> 
     </span>
    </p>
   </div>
   <div class='ocr_carea' id='block_1_81' title="bbox 2191 2246 3804 2321">
    <p class='ocr_par' dir='ltr' id='par_1_81' title="bbox 2191 2246 3804 2321">
     <span class='ocr_line' id='line_1_81' title="bbox 2191 2246 3804 2321; baseline 0.002 -19"><span class='ocrx_word' id='word_1_639' title='bbox 2191 2257 2244 2302; x_wconf 90' lang='lat' dir='ltr'><strong>et</strong></span> <span class='ocrx_word' id='word_1_640' title='bbox 2287 2248 2402 2302; x_wconf 91' lang='lat' dir='ltr'><strong>ait:</strong></span> <span class='ocrx_word' id='word_1_641' title='bbox 2451 2246 2612 2303; x_wconf 93' lang='lat' dir='ltr'><strong>Scitis</strong></span> <span class='ocrx_word' id='word_1_642' title='bbox 2655 2249 2778 2319; x_wconf 87' lang='lat' dir='ltr'><strong>quia</strong></span> <span class='ocrx_word' id='word_1_643' title='bbox 2833 2250 3104 2320; x_wconf 88' lang='lat' dir='ltr'><strong>principes</strong></span> <span class='ocrx_word' id='word_1_644' title='bbox 3154 2251 3396 2321; x_wconf 89' lang='lat' dir='ltr'><strong>gentium</strong></span> <span class='ocrx_word' id='word_1_645' title='bbox 3446 2252 3804 2307; x_wconf 88' lang='lat' dir='ltr'><strong>dominantur</strong></span> 
     </span>
    </p>
   </div>
   <div class='ocr_carea' id='block_1_82' title="bbox 2190 2346 3799 2418">
    <p class='ocr_par' dir='ltr' id='par_1_82' title="bbox 2190 2346 3799 2418">
     <span class='ocr_line' id='line_1_82' title="bbox 2190 2346 3799 2418; baseline 0.003 -21"><span class='ocrx_word' id='word_1_646' title='bbox 2190 2358 2378 2399; x_wconf 93' lang='lat' dir='ltr'><strong>eorum</strong></span> <span class='ocrx_word' id='word_1_647' title='bbox 2405 2361 2418 2398; x_wconf 96' lang='lat'><strong>:</strong></span> <span class='ocrx_word' id='word_1_648' title='bbox 2452 2355 2507 2400; x_wconf 91' lang='lat' dir='ltr'><strong>et</strong></span> <span class='ocrx_word' id='word_1_649' title='bbox 2530 2346 2622 2416; x_wconf 85' lang='lat' dir='ltr'><strong>qui</strong></span> <span class='ocrx_word' id='word_1_650' title='bbox 2655 2346 2889 2415; x_wconf 87' lang='lat' dir='ltr'><strong>majores</strong></span> <span class='ocrx_word' id='word_1_651' title='bbox 2916 2355 3063 2412; x_wconf 90' lang='lat' dir='ltr'><strong>sunt,</strong></span> <span class='ocrx_word' id='word_1_652' title='bbox 3093 2355 3416 2418; x_wconf 89' lang='lat' dir='ltr'><strong>potestatem</strong></span> <span class='ocrx_word' id='word_1_653' title='bbox 3449 2357 3706 2402; x_wconf 84' lang='lat' dir='ltr'><strong>exercent</strong></span> <span class='ocrx_word' id='word_1_654' title='bbox 3737 2347 3799 2402; x_wconf 92' lang='lat' dir='ltr'><strong>in</strong></span> 
     </span>
    </p>
   </div>
   <div class='ocr_carea' id='block_1_83' title="bbox 2192 2438 3802 2512">
    <p class='ocr_par' dir='ltr' id='par_1_83' title="bbox 2192 2438 3802 2512">
     <span class='ocr_line' id='line_1_83' title="bbox 2192 2438 3802 2512; baseline 0.002 -18"><span class='ocrx_word' id='word_1_655' title='bbox 2192 2454 2306 2494; x_wconf 92' lang='lat' dir='ltr'><strong>eos.</strong></span> <span class='ocrx_word' id='word_1_656' title='bbox 2339 2438 2454 2495; x_wconf 83' lang='lat' dir='ltr'><strong>Non</strong></span> <span class='ocrx_word' id='word_1_657' title='bbox 2486 2440 2559 2496; x_wconf 91' lang='lat' dir='ltr'><strong>ita</strong></span> <span class='ocrx_word' id='word_1_658' title='bbox 2599 2440 2705 2496; x_wconf 90' lang='lat' dir='ltr'><strong>erit</strong></span> <span class='ocrx_word' id='word_1_659' title='bbox 2756 2441 2896 2498; x_wconf 89' lang='lat' dir='ltr'><strong>inter</strong></span> <span class='ocrx_word' id='word_1_660' title='bbox 2942 2456 3078 2497; x_wconf 90' lang='lat' dir='ltr'><strong>vos:</strong></span> <span class='ocrx_word' id='word_1_661' title='bbox 3126 2442 3222 2498; x_wconf 90' lang='lat' dir='ltr'><strong>sed</strong></span> <span class='ocrx_word' id='word_1_662' title='bbox 3253 2442 3578 2512; x_wconf 87' lang='lat' dir='ltr'><strong>quicumque</strong></span> <span class='ocrx_word' id='word_1_663' title='bbox 3610 2439 3802 2498; x_wconf 61' lang='lat' dir='ltr'><strong>voltteo</strong></span> 
     </span>
    </p>
   </div>
   <div class='ocr_carea' id='block_1_84' title="bbox 2190 2535 3804 2606">
    <p class='ocr_par' dir='ltr' id='par_1_84' title="bbox 2190 2535 3804 2606">
     <span class='ocr_line' id='line_1_84' title="bbox 2190 2535 3804 2606; baseline 0.002 -19"><span class='ocrx_word' id='word_1_664' title='bbox 2190 2536 2260 2588; x_wconf 88' lang='lat' dir='ltr'><strong>rit</strong></span> <span class='ocrx_word' id='word_1_665' title='bbox 2289 2535 2428 2591; x_wconf 90' lang='lat' dir='ltr'><strong>inter</strong></span> <span class='ocrx_word' id='word_1_666' title='bbox 2457 2550 2554 2591; x_wconf 90' lang='lat' dir='ltr'><strong>vos</strong></span> <span class='ocrx_word' id='word_1_667' title='bbox 2584 2536 2754 2606; x_wconf 83' lang='lat' dir='ltr'><strong>major</strong></span> <span class='ocrx_word' id='word_1_668' title='bbox 2800 2535 2938 2604; x_wconf 87' lang='lat' dir='ltr'><strong>ﬁeri,</strong></span> <span class='ocrx_word' id='word_1_669' title='bbox 2982 2537 3051 2592; x_wconf 92' lang='lat' dir='ltr'><strong>sit</strong></span> <span class='ocrx_word' id='word_1_670' title='bbox 3079 2545 3258 2592; x_wconf 70' lang='lat' dir='ltr'><strong>vester</strong></span> <span class='ocrx_word' id='word_1_671' title='bbox 3287 2535 3575 2592; x_wconf 91' lang='lat' dir='ltr'><strong>minister:</strong></span> <span class='ocrx_word' id='word_1_672' title='bbox 3623 2544 3676 2590; x_wconf 91' lang='lat' dir='ltr'><strong>et</strong></span> <span class='ocrx_word' id='word_1_673' title='bbox 3703 2535 3804 2606; x_wconf 90' lang='lat' dir='ltr'><strong>qui</strong></span> 
     </span>
    </p>
   </div>
   <div class='ocr_carea' id='block_1_85' title="bbox 2191 2629 3799 2698">
    <p class='ocr_par' dir='ltr' id='par_1_85' title="bbox 2191 2629 3799 2698">
     <span class='ocr_line' id='line_1_85' title="bbox 2191 2629 3799 2698; baseline 0 -16"><span class='ocrx_word' id='word_1_674' title='bbox 2191 2629 2428 2685; x_wconf 86' lang='lat' dir='ltr'><strong>voluerit</strong></span> <span class='ocrx_word' id='word_1_675' title='bbox 2455 2629 2596 2684; x_wconf 87' lang='lat' dir='ltr'><strong>inter</strong></span> <span class='ocrx_word' id='word_1_676' title='bbox 2625 2643 2720 2684; x_wconf 90' lang='lat' dir='ltr'><strong>vos</strong></span> <span class='ocrx_word' id='word_1_677' title='bbox 2771 2629 2974 2698; x_wconf 87' lang='lat' dir='ltr'><strong>primus</strong></span> <span class='ocrx_word' id='word_1_678' title='bbox 3005 2644 3150 2696; x_wconf 82' lang='lat' dir='ltr'><strong>esse,</strong></span> <span class='ocrx_word' id='word_1_679' title='bbox 3193 2631 3298 2684; x_wconf 90' lang='lat' dir='ltr'><strong>erit</strong></span> <span class='ocrx_word' id='word_1_680' title='bbox 3337 2637 3518 2684; x_wconf 91' lang='lat' dir='ltr'><strong>vester</strong></span> <span class='ocrx_word' id='word_1_681' title='bbox 3562 2641 3751 2682; x_wconf 87' lang='lat' dir='ltr'><strong>servus</strong></span> <span class='ocrx_word' id='word_1_682' title='bbox 3783 2643 3799 2681; x_wconf 91' lang='lat'><strong>:</strong></span> 
     </span>
    </p>
   </div>
   <div class='ocr_carea' id='block_1_86' title="bbox 2194 2721 3800 2796">
    <p class='ocr_par' dir='ltr' id='par_1_86' title="bbox 2194 2721 3800 2796">
     <span class='ocr_line' id='line_1_86' title="bbox 2194 2721 3800 2796; baseline -0.001 -18"><span class='ocrx_word' id='word_1_683' title='bbox 2194 2724 2357 2796; x_wconf 38' lang='lat' dir='ltr'><strong>[’ccrv,</strong></span> <span class='ocrx_word' id='word_1_684' title='bbox 2385 2721 2465 2794; x_wconf 78' lang='lat'><strong>4.]</strong></span> <span class='ocrx_word' id='word_1_685' title='bbox 2495 2722 2644 2778; x_wconf 86' lang='lat' dir='ltr'><strong>Sicut</strong></span> <span class='ocrx_word' id='word_1_686' title='bbox 2671 2721 2814 2778; x_wconf 90' lang='lat' dir='ltr'><strong>ﬁlius</strong></span> <span class='ocrx_word' id='word_1_687' title='bbox 2847 2722 3084 2779; x_wconf 87' lang='lat' dir='ltr'><strong>hominis</strong></span> <span class='ocrx_word' id='word_1_688' title='bbox 3130 2740 3236 2778; x_wconf 91' lang='lat' dir='ltr'><strong>non</strong></span> <span class='ocrx_word' id='word_1_689' title='bbox 3286 2723 3429 2779; x_wconf 91' lang='lat' dir='ltr'><strong>venit</strong></span> <span class='ocrx_word' id='word_1_690' title='bbox 3478 2721 3800 2792; x_wconf 90' lang='lat' dir='ltr'><strong>ministrari,</strong></span> 
     </span>
    </p>
   </div>
   <div class='ocr_carea' id='block_1_87' title="bbox 2193 2812 3803 2884">
    <p class='ocr_par' dir='ltr' id='par_1_87' title="bbox 2193 2812 3803 2884">
     <span class='ocr_line' id='line_1_87' title="bbox 2193 2812 3803 2884; baseline 0 -16"><span class='ocrx_word' id='word_1_691' title='bbox 2193 2814 2288 2869; x_wconf 93' lang='lat' dir='ltr'><strong>sed</strong></span> <span class='ocrx_word' id='word_1_692' title='bbox 2323 2813 2631 2869; x_wconf 86' lang='lat' dir='ltr'><strong>ministrare</strong></span> <span class='ocrx_word' id='word_1_693' title='bbox 2657 2822 2710 2868; x_wconf 93' lang='lat' dir='ltr'><strong>et</strong></span> <span class='ocrx_word' id='word_1_694' title='bbox 2739 2812 2868 2869; x_wconf 88' lang='lat' dir='ltr'><strong>dare</strong></span> <span class='ocrx_word' id='word_1_695' title='bbox 2893 2817 3129 2869; x_wconf 90' lang='lat' dir='ltr'><strong>animam</strong></span> <span class='ocrx_word' id='word_1_696' title='bbox 3160 2830 3336 2879; x_wconf 89' lang='lat' dir='ltr'><strong>suam,</strong></span> <span class='ocrx_word' id='word_1_697' title='bbox 3365 2813 3803 2884; x_wconf 88' lang='lat' dir='ltr'><strong>redemptionem</strong></span> 
     </span>
    </p>
   </div>
   <div class='ocr_carea' id='block_1_88' title="bbox 2195 2907 3809 2982">
    <p class='ocr_par' dir='ltr' id='par_1_88' title="bbox 2195 2907 3809 2982">
     <span class='ocr_line' id='line_1_88' title="bbox 2195 2907 3809 2982; baseline 0 -18"><span class='ocrx_word' id='word_1_698' title='bbox 2195 2923 2293 2980; x_wconf 87' lang='lat' dir='ltr'><strong>pro</strong></span> <span class='ocrx_word' id='word_1_699' title='bbox 2326 2909 2528 2964; x_wconf 91' lang='lat' dir='ltr'><strong>multis.</strong></span> <span class='ocrx_word' id='word_1_700' title='bbox 2565 2908 2707 2981; x_wconf 86' lang='lat' dir='ltr'><strong>[ccv,</strong></span> <span class='ocrx_word' id='word_1_701' title='bbox 2731 2909 2814 2982; x_wconf 88' lang='grc'><strong>2.]</strong></span> <span class='ocrx_word' id='word_1_702' title='bbox 2854 2911 2920 2966; x_wconf 83' lang='grc' dir='ltr'>Ει</span> <span class='ocrx_word' id='word_1_703' title='bbox 2959 2909 3384 2982; x_wconf 16' lang='lat' dir='ltr'><strong>egredientibus,</strong></span> <span class='ocrx_word' id='word_1_704' title='bbox 3409 2911 3514 2964; x_wconf 90' lang='lat' dir='ltr'><strong>illis</strong></span> <span class='ocrx_word' id='word_1_705' title='bbox 3555 2908 3623 2965; x_wconf 86' lang='lat' dir='ltr'><strong>ab</strong></span> <span class='ocrx_word' id='word_1_706' title='bbox 3658 2907 3809 2964; x_wconf 70' lang='lat' dir='ltr'><strong>leri-</strong></span> 
     </span>
    </p>
   </div>
   <div class='ocr_carea' id='block_1_89' title="bbox 2194 3003 3804 3068">
    <p class='ocr_par' dir='ltr' id='par_1_89' title="bbox 2194 3003 3804 3068">
     <span class='ocr_line' id='line_1_89' title="bbox 2194 3003 3804 3068; baseline 0.002 -12"><span class='ocrx_word' id='word_1_707' title='bbox 2194 3004 2318 3068; x_wconf 89' lang='lat' dir='ltr'><strong>cho,</strong></span> <span class='ocrx_word' id='word_1_708' title='bbox 2347 3011 2528 3056; x_wconf 91' lang='lat' dir='ltr'><strong>secuta</strong></span> <span class='ocrx_word' id='word_1_709' title='bbox 2559 3012 2644 3058; x_wconf 90' lang='lat' dir='ltr'><strong>est</strong></span> <span class='ocrx_word' id='word_1_710' title='bbox 2668 3018 2791 3058; x_wconf 90' lang='lat' dir='ltr'><strong>eum</strong></span> <span class='ocrx_word' id='word_1_711' title='bbox 2826 3004 2981 3059; x_wconf 89' lang='lat' dir='ltr'><strong>turba</strong></span> <span class='ocrx_word' id='word_1_712' title='bbox 3004 3003 3209 3060; x_wconf 87' lang='lat' dir='ltr'><strong>multa:</strong></span> <span class='ocrx_word' id='word_1_713' title='bbox 3256 3013 3310 3058; x_wconf 89' lang='lat' dir='ltr'><strong>ct</strong></span> <span class='ocrx_word' id='word_1_714' title='bbox 3351 3017 3479 3058; x_wconf 89' lang='lat' dir='ltr'><strong>ecce</strong></span> <span class='ocrx_word' id='word_1_715' title='bbox 3525 3003 3630 3056; x_wconf 88' lang='lat' dir='ltr'><strong>duo</strong></span> <span class='ocrx_word' id='word_1_716' title='bbox 3668 3003 3804 3059; x_wconf 79' lang='lat' dir='ltr'><strong>czeci</strong></span> 
     </span>
    </p>
   </div>
   <div class='ocr_carea' id='block_1_90' title="bbox 2196 3095 3801 3169">
    <p class='ocr_par' dir='ltr' id='par_1_90' title="bbox 2196 3095 3801 3169">
     <span class='ocr_line' id='line_1_90' title="bbox 2196 3095 3801 3169; baseline 0.002 -19"><span class='ocrx_word' id='word_1_717' title='bbox 2196 3095 2446 3151; x_wconf 87' lang='lat' dir='ltr'><strong>sedentes</strong></span> <span class='ocrx_word' id='word_1_718' title='bbox 2467 3111 2624 3152; x_wconf 83' lang='lat' dir='ltr'><strong>secus</strong></span> <span class='ocrx_word' id='word_1_719' title='bbox 2645 3098 2806 3165; x_wconf 88' lang='lat' dir='ltr'><strong>viam,</strong></span> <span class='ocrx_word' id='word_1_720' title='bbox 2832 3097 3118 3154; x_wconf 88' lang='lat' dir='ltr'><strong>audierunt</strong></span> <span class='ocrx_word' id='word_1_721' title='bbox 3156 3098 3279 3169; x_wconf 91' lang='lat' dir='ltr'><strong>quia</strong></span> <span class='ocrx_word' id='word_1_722' title='bbox 3315 3098 3476 3154; x_wconf 81' lang='lat' dir='ltr'><strong>Jesus</strong></span> <span class='ocrx_word' id='word_1_723' title='bbox 3509 3097 3801 3153; x_wconf 88' lang='lat' dir='ltr'><strong>transiret:</strong></span> 
     </span>
    </p>
   </div>
   <div class='ocr_carea' id='block_1_91' title="bbox 2121 3167 3802 3259">
    <p class='ocr_par' dir='ltr' id='par_1_91' title="bbox 2121 3167 3802 3259">
     <span class='ocr_line' id='line_1_91' title="bbox 2121 3167 3802 3259; baseline 0 -13"><span class='ocrx_word' id='word_1_724' title='bbox 2121 3167 2167 3231; x_wconf 60' lang='grc' dir='ltr'><strong>(ἶ</strong></span> <span class='ocrx_word' id='word_1_725' title='bbox 2198 3197 2256 3246; x_wconf 89' lang='lat' dir='ltr'><strong>et</strong></span> <span class='ocrx_word' id='word_1_726' title='bbox 2283 3189 2674 3258; x_wconf 86' lang='lat' dir='ltr'><strong>clamaverunt,</strong></span> <span class='ocrx_word' id='word_1_727' title='bbox 2708 3191 2988 3248; x_wconf 90' lang='lat' dir='ltr'><strong>dicentes:</strong></span> <span class='ocrx_word' id='word_1_728' title='bbox 3023 3191 3274 3258; x_wconf 89' lang='lat' dir='ltr'><strong>Domine,</strong></span> <span class='ocrx_word' id='word_1_729' title='bbox 3305 3192 3567 3248; x_wconf 90' lang='lat' dir='ltr'><strong>miserere</strong></span> <span class='ocrx_word' id='word_1_730' title='bbox 3602 3192 3802 3259; x_wconf 79' lang='lat' dir='ltr'><strong>nostri,</strong></span> 
     </span>
    </p>
   </div>
   <div class='ocr_carea' id='block_1_92' title="bbox 2193 3283 3816 3354">
    <p class='ocr_par' dir='ltr' id='par_1_92' title="bbox 2193 3283 3816 3354">
     <span class='ocr_line' id='line_1_92' title="bbox 2193 3283 3816 3354; baseline 0.001 -16"><span class='ocrx_word' id='word_1_731' title='bbox 2193 3283 2267 3338; x_wconf 84' lang='lat' dir='ltr'><strong>fili</strong></span> <span class='ocrx_word' id='word_1_732' title='bbox 2300 3283 2488 3339; x_wconf 90' lang='lat' dir='ltr'><strong>David.</strong></span> <span class='ocrx_word' id='word_1_733' title='bbox 2517 3284 2694 3340; x_wconf 88' lang='lat' dir='ltr'><strong>Turba</strong></span> <span class='ocrx_word' id='word_1_734' title='bbox 2727 3298 2904 3340; x_wconf 89' lang='lat' dir='ltr'><strong>autem</strong></span> <span class='ocrx_word' id='word_1_735' title='bbox 2933 3285 3244 3354; x_wconf 90' lang='lat' dir='ltr'><strong>increpabat</strong></span> <span class='ocrx_word' id='word_1_736' title='bbox 3269 3301 3386 3354; x_wconf 89' lang='lat' dir='ltr'><strong>eos,</strong></span> <span class='ocrx_word' id='word_1_737' title='bbox 3419 3295 3476 3340; x_wconf 92' lang='lat' dir='ltr'><strong>ut</strong></span> <span class='ocrx_word' id='word_1_738' title='bbox 3525 3294 3816 3342; x_wconf 40' lang='lat' dir='ltr'><strong>tacerenty</strong></span> 
     </span>
    </p>
   </div>
   <div class='ocr_carea' id='block_1_93' title="bbox 2193 3375 3790 3448">
    <p class='ocr_par' dir='ltr' id='par_1_93' title="bbox 2193 3375 3790 3448">
     <span class='ocr_line' id='line_1_93' title="bbox 2193 3375 3790 3448; baseline 0.003 -17"><span class='ocrx_word' id='word_1_739' title='bbox 2193 3375 2263 3431; x_wconf 86' lang='lat' dir='ltr'><strong>At</strong></span> <span class='ocrx_word' id='word_1_740' title='bbox 2294 3377 2366 3430; x_wconf 93' lang='lat' dir='ltr'><strong>illi</strong></span> <span class='ocrx_word' id='word_1_741' title='bbox 2392 3379 2562 3447; x_wconf 84' lang='lat' dir='ltr'><strong>magis</strong></span> <span class='ocrx_word' id='word_1_742' title='bbox 2587 3377 2917 3447; x_wconf 86' lang='lat' dir='ltr'><strong>clamabant,</strong></span> <span class='ocrx_word' id='word_1_743' title='bbox 2942 3379 3221 3435; x_wconf 88' lang='lat' dir='ltr'><strong>dicentes:</strong></span> <span class='ocrx_word' id='word_1_744' title='bbox 3249 3379 3499 3448; x_wconf 90' lang='lat' dir='ltr'><strong>Domine,</strong></span> <span class='ocrx_word' id='word_1_745' title='bbox 3526 3380 3790 3436; x_wconf 89' lang='lat' dir='ltr'><strong>miserere</strong></span> 
     </span>
    </p>
   </div>
   <div class='ocr_carea' id='block_1_94' title="bbox 2193 3469 3802 3538">
    <p class='ocr_par' dir='ltr' id='par_1_94' title="bbox 2193 3469 3802 3538">
     <span class='ocr_line' id='line_1_94' title="bbox 2193 3469 3802 3538; baseline 0.005 -16"><span class='ocrx_word' id='word_1_746' title='bbox 2193 3469 2389 3533; x_wconf 90' lang='lat' dir='ltr'><strong>nostri,</strong></span> <span class='ocrx_word' id='word_1_747' title='bbox 2418 3469 2489 3523; x_wconf 92' lang='lat' dir='ltr'><strong>ﬁli</strong></span> <span class='ocrx_word' id='word_1_748' title='bbox 2521 3469 2706 3525; x_wconf 90' lang='lat' dir='ltr'><strong>David.</strong></span> <span class='ocrx_word' id='word_1_749' title='bbox 2738 3470 2800 3526; x_wconf 82' lang='lat' dir='ltr'><strong>Et</strong></span> <span class='ocrx_word' id='word_1_750' title='bbox 2830 3472 2978 3526; x_wconf 91' lang='lat' dir='ltr'><strong>stetit</strong></span> <span class='ocrx_word' id='word_1_751' title='bbox 3014 3471 3191 3535; x_wconf 82' lang='lat' dir='ltr'><strong>Jcsus,</strong></span> <span class='ocrx_word' id='word_1_752' title='bbox 3223 3482 3280 3528; x_wconf 92' lang='lat' dir='ltr'><strong>et</strong></span> <span class='ocrx_word' id='word_1_753' title='bbox 3328 3473 3538 3528; x_wconf 88' lang='lat' dir='ltr'><strong>vocavit</strong></span> <span class='ocrx_word' id='word_1_754' title='bbox 3581 3487 3698 3538; x_wconf 90' lang='lat' dir='ltr'><strong>eos,</strong></span> <span class='ocrx_word' id='word_1_755' title='bbox 3740 3482 3802 3530; x_wconf 90' lang='lat' dir='ltr'><strong>et</strong></span> 
     </span>
    </p>
   </div>
   <div class='ocr_carea' id='block_1_95' title="bbox 2193 3562 3794 3638">
    <p class='ocr_par' dir='ltr' id='par_1_95' title="bbox 2193 3562 3794 3638">
     <span class='ocr_line' id='line_1_95' title="bbox 2193 3562 3794 3638; baseline 0.002 -21"><span class='ocrx_word' id='word_1_756' title='bbox 2193 3563 2298 3618; x_wconf 90' lang='lat' dir='ltr'><strong>ait:</strong></span> <span class='ocrx_word' id='word_1_757' title='bbox 2324 3562 2461 3632; x_wconf 88' lang='lat' dir='ltr'><strong>Quid</strong></span> <span class='ocrx_word' id='word_1_758' title='bbox 2486 3563 2670 3634; x_wconf 90' lang='lat' dir='ltr'><strong>vultis,</strong></span> <span class='ocrx_word' id='word_1_759' title='bbox 2695 3575 2752 3619; x_wconf 95' lang='lat' dir='ltr'><strong>ut</strong></span> <span class='ocrx_word' id='word_1_760' title='bbox 2774 3563 2966 3620; x_wconf 87' lang='lat' dir='ltr'><strong>faciam</strong></span> <span class='ocrx_word' id='word_1_761' title='bbox 2991 3564 3178 3620; x_wconf 87' lang='lat' dir='ltr'><strong>vobis?</strong></span> <span class='ocrx_word' id='word_1_762' title='bbox 3203 3566 3393 3621; x_wconf 90' lang='lat' dir='ltr'><strong>Dicunt</strong></span> <span class='ocrx_word' id='word_1_763' title='bbox 3416 3564 3516 3634; x_wconf 91' lang='lat' dir='ltr'><strong>illi,</strong></span> <span class='ocrx_word' id='word_1_764' title='bbox 3542 3566 3794 3638; x_wconf 89' lang='lat' dir='ltr'><strong>Domine,</strong></span> 
     </span>
    </p>
   </div>
   <div class='ocr_carea' id='block_1_96' title="bbox 2196 3657 3796 3727">
    <p class='ocr_par' dir='ltr' id='par_1_96' title="bbox 2196 3657 3796 3727">
     <span class='ocr_line' id='line_1_96' title="bbox 2196 3657 3796 3727; baseline 0.001 -15"><span class='ocrx_word' id='word_1_765' title='bbox 2196 3665 2254 3712; x_wconf 92' lang='lat' dir='ltr'><strong>ut</strong></span> <span class='ocrx_word' id='word_1_766' title='bbox 2294 3657 2608 3727; x_wconf 84' lang='lat' dir='ltr'><strong>aperiantur</strong></span> <span class='ocrx_word' id='word_1_767' title='bbox 2655 3658 2795 3714; x_wconf 90' lang='lat' dir='ltr'><strong>oculi</strong></span> <span class='ocrx_word' id='word_1_768' title='bbox 2843 3661 3036 3714; x_wconf 91' lang='lat' dir='ltr'><strong>nostri.</strong></span> <span class='ocrx_word' id='word_1_769' title='bbox 3091 3659 3342 3716; x_wconf 84' lang='lat' dir='ltr'><strong>Misertus</strong></span> <span class='ocrx_word' id='word_1_770' title='bbox 3385 3669 3564 3715; x_wconf 90' lang='lat' dir='ltr'><strong>autem</strong></span> <span class='ocrx_word' id='word_1_771' title='bbox 3603 3676 3796 3714; x_wconf 88' lang='lat' dir='ltr'><strong>eorum</strong></span> 
     </span>
    </p>
   </div>
   <div class='ocr_carea' id='block_1_97' title="bbox 2192 3749 3792 3822">
    <p class='ocr_par' dir='ltr' id='par_1_97' title="bbox 2192 3749 3792 3822">
     <span class='ocr_line' id='line_1_97' title="bbox 2192 3749 3792 3822; baseline 0.001 -16"><span class='ocrx_word' id='word_1_772' title='bbox 2192 3749 2375 3816; x_wconf 78' lang='lat' dir='ltr'><strong>Jesus,</strong></span> <span class='ocrx_word' id='word_1_773' title='bbox 2409 3750 2582 3822; x_wconf 82' lang='lat' dir='ltr'><strong>tetigit</strong></span> <span class='ocrx_word' id='word_1_774' title='bbox 2611 3752 2801 3808; x_wconf 90' lang='lat' dir='ltr'><strong>oculos</strong></span> <span class='ocrx_word' id='word_1_775' title='bbox 2832 3767 3042 3809; x_wconf 86' lang='lat' dir='ltr'><strong>eorum.</strong></span> <span class='ocrx_word' id='word_1_776' title='bbox 3089 3751 3156 3808; x_wconf 88' lang='lat' dir='ltr'><strong>Et</strong></span> <span class='ocrx_word' id='word_1_777' title='bbox 3194 3751 3482 3808; x_wconf 91' lang='lat' dir='ltr'><strong>confestim</strong></span> <span class='ocrx_word' id='word_1_778' title='bbox 3520 3751 3792 3821; x_wconf 86' lang='lat' dir='ltr'><strong>viderunt,</strong></span> 
     </span>
    </p>
   </div>
   <div class='ocr_carea' id='block_1_98' title="bbox 2193 3843 2760 3900">
    <p class='ocr_par' dir='ltr' id='par_1_98' title="bbox 2193 3843 2760 3900">
     <span class='ocr_line' id='line_1_98' title="bbox 2193 3843 2760 3900; baseline 0.004 -2"><span class='ocrx_word' id='word_1_779' title='bbox 2193 3852 2249 3899; x_wconf 89' lang='lat' dir='ltr'><strong>et</strong></span> <span class='ocrx_word' id='word_1_780' title='bbox 2269 3843 2438 3899; x_wconf 90' lang='lat' dir='ltr'><strong>secuti</strong></span> <span class='ocrx_word' id='word_1_781' title='bbox 2464 3853 2594 3898; x_wconf 92' lang='lat' dir='ltr'><strong>sunt</strong></span> <span class='ocrx_word' id='word_1_782' title='bbox 2615 3860 2760 3900; x_wconf 88' lang='lat' dir='ltr'><strong>euut.</strong></span> 
     </span>
    </p>
   </div>
   <div class='ocr_carea' id='block_1_99' title="bbox 2267 3935 3795 4011">
    <p class='ocr_par' dir='ltr' id='par_1_99' title="bbox 2267 3935 3795 4011">
     <span class='ocr_line' id='line_1_99' title="bbox 2267 3935 3795 4011; baseline 0.005 -20"><span class='ocrx_word' id='word_1_783' title='bbox 2267 3935 2419 4010; x_wconf 83' lang='lat' dir='ltr'><strong>[Cap.</strong></span> <span class='ocrx_word' id='word_1_784' title='bbox 2444 3937 2587 3992; x_wconf 79' lang='lat' dir='ltr'><strong>XXI.</strong></span> <span class='ocrx_word' id='word_1_785' title='bbox 2611 3953 2752 4006; x_wconf 89' lang='lat' dir='ltr'><strong>ccvt,</strong></span> <span class='ocrx_word' id='word_1_786' title='bbox 2773 3938 2853 4011; x_wconf 89' lang='grc'><strong>2.]</strong></span> <span class='ocrx_word' id='word_1_787' title='bbox 2879 3939 2944 3994; x_wconf 86' lang='grc' dir='ltr'><strong>Ει</strong></span> <span class='ocrx_word' id='word_1_788' title='bbox 2963 3954 3085 3996; x_wconf 90' lang='lat' dir='ltr'><strong>cum</strong></span> <span class='ocrx_word' id='word_1_789' title='bbox 3103 3940 3628 4011; x_wconf 89' lang='lat' dir='ltr'><strong>appropinquassent</strong></span> <span class='ocrx_word' id='word_1_790' title='bbox 3644 3939 3795 3998; x_wconf 80' lang='lat' dir='ltr'><strong>Jero-</strong></span> 
     </span>
    </p>
   </div>
   <div class='ocr_carea' id='block_1_100' title="bbox 2195 4028 3790 4103">
    <p class='ocr_par' dir='ltr' id='par_1_100' title="bbox 2195 4028 3790 4103">
     <span class='ocr_line' id='line_1_100' title="bbox 2195 4028 3790 4103; baseline 0.003 -21"><span class='ocrx_word' id='word_1_791' title='bbox 2195 4028 2387 4100; x_wconf 89' lang='lat' dir='ltr'><strong>lymis,</strong></span> <span class='ocrx_word' id='word_1_792' title='bbox 2427 4041 2482 4084; x_wconf 90' lang='lat' dir='ltr'><strong>et</strong></span> <span class='ocrx_word' id='word_1_793' title='bbox 2513 4029 2787 4086; x_wconf 82' lang='lat' dir='ltr'><strong>venissent</strong></span> <span class='ocrx_word' id='word_1_794' title='bbox 2824 4031 3136 4103; x_wconf 84' lang='lat' dir='ltr'><strong>Bethphage</strong></span> <span class='ocrx_word' id='word_1_795' title='bbox 3173 4032 3239 4087; x_wconf 79' lang='lat' dir='ltr'><strong>ad</strong></span> <span class='ocrx_word' id='word_1_796' title='bbox 3279 4041 3516 4087; x_wconf 88' lang='lat' dir='ltr'><strong>montem</strong></span> <span class='ocrx_word' id='word_1_797' title='bbox 3546 4031 3747 4089; x_wconf 87' lang='lat' dir='ltr'><strong>Oliveti</strong></span> <span class='ocrx_word' id='word_1_798' title='bbox 3777 4049 3790 4087; x_wconf 95' lang='lat'><strong>:</strong></span> 
     </span>
    </p>
   </div>
   <div class='ocr_carea' id='block_1_101' title="bbox 2197 4124 3794 4196">
    <p class='ocr_par' dir='ltr' id='par_1_101' title="bbox 2197 4124 3794 4196">
     <span class='ocr_line' id='line_1_101' title="bbox 2197 4124 3794 4196; baseline 0.003 -16"><span class='ocrx_word' id='word_1_799' title='bbox 2197 4132 2322 4180; x_wconf 91' lang='lat' dir='ltr'><strong>tunc</strong></span> <span class='ocrx_word' id='word_1_800' title='bbox 2353 4124 2514 4180; x_wconf 84' lang='lat' dir='ltr'><strong>Jesus</strong></span> <span class='ocrx_word' id='word_1_801' title='bbox 2545 4127 2689 4180; x_wconf 90' lang='lat' dir='ltr'><strong>misit</strong></span> <span class='ocrx_word' id='word_1_802' title='bbox 2719 4125 2854 4182; x_wconf 92' lang='lat' dir='ltr'><strong>duos</strong></span> <span class='ocrx_word' id='word_1_803' title='bbox 2883 4126 3206 4196; x_wconf 87' lang='lat' dir='ltr'><strong>discipulos,</strong></span> <span class='ocrx_word' id='word_1_804' title='bbox 3239 4126 3428 4184; x_wconf 89' lang='lat' dir='ltr'><strong>dicens</strong></span> <span class='ocrx_word' id='word_1_805' title='bbox 3467 4126 3587 4183; x_wconf 90' lang='lat' dir='ltr'><strong>eis:</strong></span> <span class='ocrx_word' id='word_1_806' title='bbox 3629 4126 3707 4182; x_wconf 91' lang='lat' dir='ltr'><strong>lte</strong></span> <span class='ocrx_word' id='word_1_807' title='bbox 3737 4127 3794 4184; x_wconf 94' lang='lat' dir='ltr'><strong>in</strong></span> 
     </span>
    </p>
   </div>
   <div class='ocr_carea' id='block_1_102' title="bbox 2196 4218 3795 4288">
    <p class='ocr_par' dir='ltr' id='par_1_102' title="bbox 2196 4218 3795 4288">
     <span class='ocr_line' id='line_1_102' title="bbox 2196 4218 3795 4288; baseline 0 -14"><span class='ocrx_word' id='word_1_808' title='bbox 2196 4218 2514 4285; x_wconf 91' lang='lat' dir='ltr'><strong>castellum,</strong></span> <span class='ocrx_word' id='word_1_809' title='bbox 2543 4219 2686 4288; x_wconf 89' lang='lat' dir='ltr'><strong>quod</strong></span> <span class='ocrx_word' id='word_1_810' title='bbox 2727 4227 2912 4275; x_wconf 86' lang='lat' dir='ltr'><strong>contra</strong></span> <span class='ocrx_word' id='word_1_811' title='bbox 2952 4236 3046 4274; x_wconf 87' lang='lat' dir='ltr'><strong>vos</strong></span> <span class='ocrx_word' id='word_1_812' title='bbox 3077 4230 3182 4288; x_wconf 90' lang='lat' dir='ltr'><strong>est,</strong></span> <span class='ocrx_word' id='word_1_813' title='bbox 3212 4231 3267 4276; x_wconf 93' lang='lat' dir='ltr'><strong>et</strong></span> <span class='ocrx_word' id='word_1_814' title='bbox 3297 4221 3476 4274; x_wconf 86' lang='lat' dir='ltr'><strong>statim</strong></span> <span class='ocrx_word' id='word_1_815' title='bbox 3507 4219 3795 4276; x_wconf 90' lang='lat' dir='ltr'><strong>invenietis</strong></span> 
     </span>
    </p>
   </div>
   <div class='ocr_carea' id='block_1_103' title="bbox 2196 4311 3799 4383">
    <p class='ocr_par' dir='ltr' id='par_1_103' title="bbox 2196 4311 3799 4383">
     <span class='ocr_line' id='line_1_103' title="bbox 2196 4311 3799 4383; baseline 0.002 -18"><span class='ocrx_word' id='word_1_816' title='bbox 2196 4311 2405 4366; x_wconf 86' lang='lat' dir='ltr'><strong>asinam</strong></span> <span class='ocrx_word' id='word_1_817' title='bbox 2427 4311 2728 4382; x_wconf 83' lang='lat' dir='ltr'><strong>alligatam,</strong></span> <span class='ocrx_word' id='word_1_818' title='bbox 2761 4324 2815 4368; x_wconf 93' lang='lat' dir='ltr'><strong>et</strong></span> <span class='ocrx_word' id='word_1_819' title='bbox 2843 4313 3046 4383; x_wconf 92' lang='lat' dir='ltr'><strong>pullum</strong></span> <span class='ocrx_word' id='word_1_820' title='bbox 3077 4330 3195 4370; x_wconf 86' lang='lat' dir='ltr'><strong>cum</strong></span> <span class='ocrx_word' id='word_1_821' title='bbox 3227 4330 3320 4369; x_wconf 85' lang='lat' dir='ltr'><strong>ea:</strong></span> <span class='ocrx_word' id='word_1_822' title='bbox 3365 4314 3583 4382; x_wconf 87' lang='lat' dir='ltr'><strong>solvite,</strong></span> <span class='ocrx_word' id='word_1_823' title='bbox 3617 4325 3669 4369; x_wconf 89' lang='lat' dir='ltr'><strong>et</strong></span> <span class='ocrx_word' id='word_1_824' title='bbox 3700 4315 3799 4369; x_wconf 64' lang='lat' dir='ltr'><strong>ad»</strong></span> 
     </span>
    </p>
   </div>
   <div class='ocr_carea' id='block_1_104' title="bbox 2197 4403 3798 4477">
    <p class='ocr_par' dir='ltr' id='par_1_104' title="bbox 2197 4403 3798 4477">
     <span class='ocr_line' id='line_1_104' title="bbox 2197 4403 3798 4477; baseline 0.003 -18"><span class='ocrx_word' id='word_1_825' title='bbox 2197 4403 2379 4460; x_wconf 91' lang='lat' dir='ltr'><strong>ducite</strong></span> <span class='ocrx_word' id='word_1_826' title='bbox 2416 4403 2578 4460; x_wconf 88' lang='lat' dir='ltr'><strong>mihi:</strong></span> <span class='ocrx_word' id='word_1_827' title='bbox 2628 4416 2682 4461; x_wconf 88' lang='lat' dir='ltr'><strong>et</strong></span> <span class='ocrx_word' id='word_1_828' title='bbox 2725 4407 2768 4461; x_wconf 88' lang='lat' dir='ltr'><strong>si</strong></span> <span class='ocrx_word' id='word_1_829' title='bbox 2802 4409 2924 4477; x_wconf 91' lang='lat' dir='ltr'><strong>quis</strong></span> <span class='ocrx_word' id='word_1_830' title='bbox 2959 4409 3110 4462; x_wconf 79' lang='lat' dir='ltr'><strong>vobis</strong></span> <span class='ocrx_word' id='word_1_831' title='bbox 3150 4407 3354 4476; x_wconf 84' lang='lat' dir='ltr'><strong>aliquid</strong></span> <span class='ocrx_word' id='word_1_832' title='bbox 3383 4407 3600 4473; x_wconf 86' lang='lat' dir='ltr'><strong>dixerit,</strong></span> <span class='ocrx_word' id='word_1_833' title='bbox 3630 4407 3798 4464; x_wconf 86' lang='lat' dir='ltr'><strong>dicite</strong></span> 
     </span>
    </p>
   </div>
   <div class='ocr_carea' id='block_1_105' title="bbox 2199 4500 3798 4572">
    <p class='ocr_par' dir='ltr' id='par_1_105' title="bbox 2199 4500 3798 4572">
     <span class='ocr_line' id='line_1_105' title="bbox 2199 4500 3798 4572; baseline 0.001 -18"><span class='ocrx_word' id='word_1_834' title='bbox 2199 4500 2323 4570; x_wconf 90' lang='lat' dir='ltr'><strong>quia</strong></span> <span class='ocrx_word' id='word_1_835' title='bbox 2355 4500 2618 4555; x_wconf 90' lang='lat' dir='ltr'><strong>Dominus</strong></span> <span class='ocrx_word' id='word_1_836' title='bbox 2649 4500 2732 4555; x_wconf 93' lang='lat' dir='ltr'><strong>his</strong></span> <span class='ocrx_word' id='word_1_837' title='bbox 2763 4515 2898 4572; x_wconf 89' lang='lat' dir='ltr'><strong>opus</strong></span> <span class='ocrx_word' id='word_1_838' title='bbox 2930 4500 3091 4558; x_wconf 90' lang='lat' dir='ltr'><strong>habet</strong></span> <span class='ocrx_word' id='word_1_839' title='bbox 3117 4521 3128 4556; x_wconf 92' lang='lat'><strong>:</strong></span> <span class='ocrx_word' id='word_1_840' title='bbox 3160 4512 3214 4556; x_wconf 91' lang='lat' dir='ltr'><strong>et</strong></span> <span class='ocrx_word' id='word_1_841' title='bbox 3245 4501 3532 4558; x_wconf 84' lang='lat' dir='ltr'><strong>confestim</strong></span> <span class='ocrx_word' id='word_1_842' title='bbox 3560 4501 3798 4556; x_wconf 85' lang='lat' dir='ltr'><strong>dimittet</strong></span> 
     </span>
    </p>
   </div>
   <div class='ocr_carea' id='block_1_106' title="bbox 2197 4591 3796 4668">
    <p class='ocr_par' dir='ltr' id='par_1_106' title="bbox 2197 4591 3796 4668">
     <span class='ocr_line' id='line_1_106' title="bbox 2197 4591 3796 4668; baseline 0.001 -20"><span class='ocrx_word' id='word_1_843' title='bbox 2197 4607 2313 4648; x_wconf 92' lang='lat' dir='ltr'><strong>eos.</strong></span> <span class='ocrx_word' id='word_1_844' title='bbox 2355 4594 2548 4666; x_wconf 70' lang='lat' dir='ltr'><strong>[CCVI],</strong></span> <span class='ocrx_word' id='word_1_845' title='bbox 2581 4593 2659 4668; x_wconf 91' lang='lat'><strong>7.]</strong></span> <span class='ocrx_word' id='word_1_846' title='bbox 2714 4593 2829 4649; x_wconf 83' lang='lat' dir='ltr'><strong>Hoc</strong></span> <span class='ocrx_word' id='word_1_847' title='bbox 2873 4603 3051 4650; x_wconf 88' lang='lat' dir='ltr'><strong>autem</strong></span> <span class='ocrx_word' id='word_1_848' title='bbox 3078 4591 3106 4630; x_wconf 71' lang='grc' dir='ltr'><strong>ι’</strong></span> <span class='ocrx_word' id='word_1_849' title='bbox 3139 4601 3307 4649; x_wconf 90' lang='lat' dir='ltr'><strong>totum</strong></span> <span class='ocrx_word' id='word_1_850' title='bbox 3356 4595 3550 4649; x_wconf 89' lang='lat' dir='ltr'><strong>factum</strong></span> <span class='ocrx_word' id='word_1_851' title='bbox 3599 4605 3709 4660; x_wconf 89' lang='lat' dir='ltr'><strong>est,</strong></span> <span class='ocrx_word' id='word_1_852' title='bbox 3735 4604 3796 4650; x_wconf 88' lang='lat' dir='ltr'><strong>ut</strong></span> 
     </span>
    </p>
   </div>
   <div class='ocr_carea' id='block_1_107' title="bbox 2197 4685 3797 4758">
    <p class='ocr_par' dir='ltr' id='par_1_107' title="bbox 2197 4685 3797 4758">
     <span class='ocr_line' id='line_1_107' title="bbox 2197 4685 3797 4758; baseline -0.001 -17"><span class='ocrx_word' id='word_1_853' title='bbox 2197 4687 2588 4758; x_wconf 87' lang='lat' dir='ltr'><strong>adimpleretur</strong></span> <span class='ocrx_word' id='word_1_854' title='bbox 2611 4686 2754 4758; x_wconf 87' lang='lat' dir='ltr'><strong>quod</strong></span> <span class='ocrx_word' id='word_1_855' title='bbox 2785 4687 2987 4742; x_wconf 87' lang='lat' dir='ltr'><strong>dictum</strong></span> <span class='ocrx_word' id='word_1_856' title='bbox 3019 4695 3101 4742; x_wconf 91' lang='lat' dir='ltr'><strong>est</strong></span> <span class='ocrx_word' id='word_1_857' title='bbox 3130 4702 3226 4758; x_wconf 77' lang='lat' dir='ltr'><strong>per</strong></span> <span class='ocrx_word' id='word_1_858' title='bbox 3256 4685 3578 4758; x_wconf 87' lang='lat' dir='ltr'><strong>Prophetam</strong></span> <span class='ocrx_word' id='word_1_859' title='bbox 3606 4685 3797 4741; x_wconf 85' lang='lat' dir='ltr'><strong>dicen-</strong></span> 
     </span>
    </p>
   </div>
   <div class='ocr_carea' id='block_1_108' title="bbox 2194 4776 3790 4838">
    <p class='ocr_par' dir='ltr' id='par_1_108' title="bbox 2194 4776 3790 4838">
     <span class='ocr_line' id='line_1_108' title="bbox 2194 4776 3790 4838; baseline -0.002 -2"><span class='ocrx_word' id='word_1_860' title='bbox 2194 4791 2304 4838; x_wconf 89' lang='lat' dir='ltr'><strong>tem</strong></span> <span class='ocrx_word' id='word_1_861' title='bbox 2337 4800 2348 4834; x_wconf 94' lang='lat'><strong>:</strong></span> <span class='ocrx_word' id='word_1_862' title='bbox 2377 4781 2544 4837; x_wconf 82' lang='lat' dir='ltr'><strong>Dicite</strong></span> <span class='ocrx_word' id='word_1_863' title='bbox 2571 4780 2696 4835; x_wconf 80' lang='lat' dir='ltr'><strong>ﬁliae</strong></span> <span class='ocrx_word' id='word_1_864' title='bbox 2717 4779 2877 4835; x_wconf 89' lang='lat' dir='ltr'><strong>Sion:</strong></span> <span class='ocrx_word' id='word_1_865' title='bbox 2907 4781 3046 4834; x_wconf 84' lang='lat' dir='ltr'><strong>Ecce</strong></span> <span class='ocrx_word' id='word_1_866' title='bbox 3068 4795 3164 4835; x_wconf 92' lang='lat' dir='ltr'><strong>rex</strong></span> <span class='ocrx_word' id='word_1_867' title='bbox 3187 4790 3307 4834; x_wconf 87' lang='lat' dir='ltr'><strong>tuus</strong></span> <span class='ocrx_word' id='word_1_868' title='bbox 3332 4780 3482 4834; x_wconf 89' lang='lat' dir='ltr'><strong>venit</strong></span> <span class='ocrx_word' id='word_1_869' title='bbox 3514 4776 3609 4833; x_wconf 89' lang='lat' dir='ltr'><strong>tibi</strong></span> <span class='ocrx_word' id='word_1_870' title='bbox 3640 4793 3790 4834; x_wconf 83' lang='lat' dir='ltr'><strong>man-</strong></span> 
     </span>
    </p>
   </div>
   <div class='ocr_carea' id='block_1_109' title="bbox 2195 4868 3796 4942">
    <p class='ocr_par' dir='ltr' id='par_1_109' title="bbox 2195 4868 3796 4942">
     <span class='ocr_line' id='line_1_109' title="bbox 2195 4868 3796 4942; baseline -0.004 -10"><span class='ocrx_word' id='word_1_871' title='bbox 2195 4884 2405 4940; x_wconf 89' lang='lat' dir='ltr'><strong>suetus,</strong></span> <span class='ocrx_word' id='word_1_872' title='bbox 2434 4873 2630 4930; x_wconf 87' lang='lat' dir='ltr'><strong>sedens</strong></span> <span class='ocrx_word' id='word_1_873' title='bbox 2659 4888 2825 4942; x_wconf 89' lang='lat' dir='ltr'><strong>super</strong></span> <span class='ocrx_word' id='word_1_874' title='bbox 2871 4873 3101 4938; x_wconf 84' lang='lat' dir='ltr'><strong>asinam,</strong></span> <span class='ocrx_word' id='word_1_875' title='bbox 3130 4880 3187 4927; x_wconf 91' lang='lat' dir='ltr'><strong>et</strong></span> <span class='ocrx_word' id='word_1_876' title='bbox 3227 4872 3428 4942; x_wconf 90' lang='lat' dir='ltr'><strong>pullum</strong></span> <span class='ocrx_word' id='word_1_877' title='bbox 3469 4871 3638 4926; x_wconf 92' lang='lat' dir='ltr'><strong>ﬁlium</strong></span> <span class='ocrx_word' id='word_1_878' title='bbox 3669 4868 3796 4926; x_wconf 87' lang='lat' dir='ltr'><strong>sub-</strong></span> 
     </span>
    </p>
   </div>
   <div class='ocr_carea' id='block_1_110' title="bbox 2188 4962 3795 5038">
    <p class='ocr_par' dir='ltr' id='par_1_110' title="bbox 2188 4962 3795 5038">
     <span class='ocr_line' id='line_1_110' title="bbox 2188 4962 3795 5038; baseline -0.002 -18"><span class='ocrx_word' id='word_1_879' title='bbox 2188 4967 2406 5038; x_wconf 85' lang='lat' dir='ltr'><strong>jugalis.</strong></span> <span class='ocrx_word' id='word_1_880' title='bbox 2437 4966 2646 5037; x_wconf 85' lang='lat' dir='ltr'><strong>[ccvnt,</strong></span> <span class='ocrx_word' id='word_1_881' title='bbox 2677 4964 2758 5036; x_wconf 85' lang='grc'><strong>2.]</strong></span> <span class='ocrx_word' id='word_1_882' title='bbox 2803 4965 3010 5019; x_wconf 81' lang='lat' dir='ltr'><strong>Euntes</strong></span> <span class='ocrx_word' id='word_1_883' title='bbox 3040 4973 3222 5030; x_wconf 86' lang='lat' dir='ltr'><strong>autem</strong></span> <span class='ocrx_word' id='word_1_884' title='bbox 3265 4963 3514 5033; x_wconf 84' lang='lat' dir='ltr'><strong>discipuli</strong></span> <span class='ocrx_word' id='word_1_885' title='bbox 3545 4962 3795 5019; x_wconf 88' lang='lat' dir='ltr'><strong>fecerunt</strong></span> 
     </span>
    </p>
   </div>
   <div class='ocr_carea' id='block_1_111' title="bbox 2192 5058 3793 5131">
    <p class='ocr_par' dir='ltr' id='par_1_111' title="bbox 2192 5058 3793 5131">
     <span class='ocr_line' id='line_1_111' title="bbox 2192 5058 3793 5131; baseline -0.002 -12"><span class='ocrx_word' id='word_1_886' title='bbox 2192 5064 2334 5120; x_wconf 91' lang='lat' dir='ltr'><strong>sicut</strong></span> <span class='ocrx_word' id='word_1_887' title='bbox 2367 5062 2618 5131; x_wconf 79' lang='lat' dir='ltr'><strong>praecepit</strong></span> <span class='ocrx_word' id='word_1_888' title='bbox 2663 5061 2771 5115; x_wconf 91' lang='lat' dir='ltr'><strong>illis</strong></span> <span class='ocrx_word' id='word_1_889' title='bbox 2796 5059 2976 5116; x_wconf 84' lang='lat' dir='ltr'><strong>Jesus.</strong></span> <span class='ocrx_word' id='word_1_890' title='bbox 3001 5059 3072 5114; x_wconf 91' lang='lat' dir='ltr'><strong>Et</strong></span> <span class='ocrx_word' id='word_1_891' title='bbox 3106 5058 3450 5115; x_wconf 85' lang='lat' dir='ltr'><strong>adduxerunt</strong></span> <span class='ocrx_word' id='word_1_892' title='bbox 3476 5059 3706 5127; x_wconf 76' lang='lat' dir='ltr'><strong>asinam,</strong></span> <span class='ocrx_word' id='word_1_893' title='bbox 3737 5065 3793 5115; x_wconf 85' lang='lat' dir='ltr'><strong>et</strong></span> 
     </span>
    </p>
   </div>
   <div class='ocr_carea' id='block_1_112' title="bbox 2195 5151 3786 5226">
    <p class='ocr_par' dir='ltr' id='par_1_112' title="bbox 2195 5151 3786 5226">
     <span class='ocr_line' id='line_1_112' title="bbox 2195 5151 3786 5226; baseline -0.003 -17"><span class='ocrx_word' id='word_1_894' title='bbox 2195 5155 2396 5226; x_wconf 88' lang='lat' dir='ltr'><strong>pullum</strong></span> <span class='ocrx_word' id='word_1_895' title='bbox 2427 5171 2439 5207; x_wconf 93' lang='lat'><strong>:</strong></span> <span class='ocrx_word' id='word_1_896' title='bbox 2487 5162 2543 5208; x_wconf 91' lang='lat' dir='ltr'><strong>et</strong></span> <span class='ocrx_word' id='word_1_897' title='bbox 2587 5153 2962 5222; x_wconf 87' lang='lat' dir='ltr'><strong>imposuerunt</strong></span> <span class='ocrx_word' id='word_1_898' title='bbox 2997 5166 3162 5222; x_wconf 88' lang='lat' dir='ltr'><strong>super</strong></span> <span class='ocrx_word' id='word_1_899' title='bbox 3198 5166 3293 5206; x_wconf 90' lang='lat' dir='ltr'><strong>eos</strong></span> <span class='ocrx_word' id='word_1_900' title='bbox 3320 5151 3640 5206; x_wconf 84' lang='lat' dir='ltr'><strong>vestimenta</strong></span> <span class='ocrx_word' id='word_1_901' title='bbox 3669 5165 3786 5216; x_wconf 91' lang='lat' dir='ltr'><strong>sua,</strong></span> 
     </span>
    </p>
   </div>
   <div class='ocr_carea' id='block_1_113' title="bbox 2189 5243 3790 5316">
    <p class='ocr_par' dir='ltr' id='par_1_113' title="bbox 2189 5243 3790 5316">
     <span class='ocr_line' id='line_1_113' title="bbox 2189 5243 3790 5316; baseline -0.001 -15"><span class='ocrx_word' id='word_1_902' title='bbox 2189 5250 2388 5316; x_wconf 52' lang='lat' dir='ltr'><strong>etzeum</strong></span> <span class='ocrx_word' id='word_1_903' title='bbox 2410 5245 2646 5316; x_wconf 89' lang='lat' dir='ltr'><strong>desuper</strong></span> <span class='ocrx_word' id='word_1_904' title='bbox 2666 5245 2857 5300; x_wconf 91' lang='lat' dir='ltr'><strong>sedere</strong></span> <span class='ocrx_word' id='word_1_905' title='bbox 2879 5245 3146 5301; x_wconf 87' lang='lat' dir='ltr'><strong>fecerunt.</strong></span> <span class='ocrx_word' id='word_1_906' title='bbox 3163 5244 3400 5299; x_wconf 73' lang='lat' dir='ltr'><strong>Plurima</strong></span> <span class='ocrx_word' id='word_1_907' title='bbox 3425 5252 3603 5300; x_wconf 89' lang='lat' dir='ltr'><strong>autem</strong></span> <span class='ocrx_word' id='word_1_908' title='bbox 3632 5243 3790 5300; x_wconf 85' lang='lat' dir='ltr'><strong>turba</strong></span> 
     </span>
    </p>
   </div>
   <div class='ocr_carea' id='block_1_114' title="bbox 2194 5334 3787 5396">
    <p class='ocr_par' dir='ltr' id='par_1_114' title="bbox 2194 5334 3787 5396">
     <span class='ocr_line' id='line_1_114' title="bbox 2194 5334 3787 5396; baseline -0.004 0"><span class='ocrx_word' id='word_1_909' title='bbox 2194 5347 2509 5396; x_wconf 88' lang='lat' dir='ltr'><strong>straverunt</strong></span> <span class='ocrx_word' id='word_1_910' title='bbox 2545 5338 2865 5394; x_wconf 88' lang='lat' dir='ltr'><strong>vestimenta</strong></span> <span class='ocrx_word' id='word_1_911' title='bbox 2897 5351 2994 5392; x_wconf 90' lang='lat' dir='ltr'><strong>sua</strong></span> <span class='ocrx_word' id='word_1_912' title='bbox 3025 5337 3078 5392; x_wconf 92' lang='lat' dir='ltr'><strong>in</strong></span> <span class='ocrx_word' id='word_1_913' title='bbox 3111 5337 3229 5391; x_wconf 89' lang='lat' dir='ltr'><strong>via:</strong></span> <span class='ocrx_word' id='word_1_914' title='bbox 3273 5335 3360 5391; x_wconf 89' lang='lat' dir='ltr'><strong>alii</strong></span> <span class='ocrx_word' id='word_1_915' title='bbox 3404 5347 3582 5392; x_wconf 90' lang='lat' dir='ltr'><strong>autem</strong></span> <span class='ocrx_word' id='word_1_916' title='bbox 3610 5334 3787 5392; x_wconf 59' lang='lat' dir='ltr'><strong>caede-</strong></span> 
     </span>
    </p>
   </div>
   <div class='ocr_carea' id='block_1_115' title="bbox 2195 5430 3784 5502">
    <p class='ocr_par' dir='ltr' id='par_1_115' title="bbox 2195 5430 3784 5502">
     <span class='ocr_line' id='line_1_115' title="bbox 2195 5430 3784 5502; baseline -0.002 -13"><span class='ocrx_word' id='word_1_917' title='bbox 2195 5434 2323 5490; x_wconf 85' lang='lat' dir='ltr'><strong>bant</strong></span> <span class='ocrx_word' id='word_1_918' title='bbox 2351 5447 2534 5490; x_wconf 88' lang='lat' dir='ltr'><strong>ramos</strong></span> <span class='ocrx_word' id='word_1_919' title='bbox 2561 5433 2629 5488; x_wconf 90' lang='lat' dir='ltr'><strong>de</strong></span> <span class='ocrx_word' id='word_1_920' title='bbox 2651 5432 2954 5500; x_wconf 85' lang='lat' dir='ltr'><strong>arboribus,</strong></span> <span class='ocrx_word' id='word_1_921' title='bbox 2983 5442 3039 5489; x_wconf 90' lang='lat' dir='ltr'><strong>et</strong></span> <span class='ocrx_word' id='word_1_922' title='bbox 3067 5432 3385 5489; x_wconf 75' lang='lat' dir='ltr'><strong>sternebant</strong></span> <span class='ocrx_word' id='word_1_923' title='bbox 3407 5436 3458 5488; x_wconf 92' lang='lat' dir='ltr'><strong>in</strong></span> <span class='ocrx_word' id='word_1_924' title='bbox 3491 5431 3597 5488; x_wconf 91' lang='lat' dir='ltr'><strong>via.</strong></span> <span class='ocrx_word' id='word_1_925' title='bbox 3625 5430 3784 5502; x_wconf 84' lang='lat' dir='ltr'><strong>[cetx,</strong></span> 
     </span>
    </p>
   </div>
   <div class='ocr_carea' id='block_1_116' title="bbox 2265 5635 3778 5704">
    <p class='ocr_par' dir='ltr' id='par_1_116' title="bbox 2265 5635 3778 5704">
     <span class='ocr_line' id='line_1_116' title="bbox 2265 5635 3778 5704; baseline -0.003 -9"><span class='ocrx_word' id='word_1_926' title='bbox 2265 5639 2290 5679; x_wconf 75' lang='grc' dir='ltr'><strong><em>ιι</em></strong></span> <span class='ocrx_word' id='word_1_927' title='bbox 2334 5637 2483 5694; x_wconf 89' lang='lat' dir='ltr'><strong>Istud</strong></span> <span class='ocrx_word' id='word_1_928' title='bbox 2534 5646 2731 5704; x_wconf 85' lang='lat' dir='ltr'><strong>totum,</strong></span> <span class='ocrx_word' id='word_1_929' title='bbox 2775 5652 2896 5693; x_wconf 88' lang='lat' dir='ltr'><strong>cum</strong></span> <span class='ocrx_word' id='word_1_930' title='bbox 2935 5637 3140 5694; x_wconf 82' lang='lat' dir='ltr'><strong>Graecis</strong></span> <span class='ocrx_word' id='word_1_931' title='bbox 3187 5635 3431 5696; x_wconf 89' lang='lat' dir='ltr'><strong>melioris</strong></span> <span class='ocrx_word' id='word_1_932' title='bbox 3474 5643 3616 5692; x_wconf 72' lang='lat' dir='ltr'><strong>nota:</strong></span> <span class='ocrx_word' id='word_1_933' title='bbox 3647 5648 3778 5692; x_wconf 90' lang='lat' dir='ltr'><strong>mss.</strong></span> 
     </span>
    </p>
   </div>
   <div class='ocr_carea' id='block_1_117' title="bbox 2192 5709 3119 5781">
    <p class='ocr_par' dir='ltr' id='par_1_117' title="bbox 2192 5709 3119 5781">
     <span class='ocr_line' id='line_1_117' title="bbox 2192 5709 3119 5781; baseline -0.009 -11"><span class='ocrx_word' id='word_1_934' title='bbox 2192 5711 2392 5770; x_wconf 87' lang='lat' dir='ltr'><strong>laudati</strong></span> <span class='ocrx_word' id='word_1_935' title='bbox 2426 5710 2645 5781; x_wconf 75' lang='lat' dir='ltr'><strong>Regina:</strong></span> <span class='ocrx_word' id='word_1_936' title='bbox 2672 5709 2887 5766; x_wconf 89' lang='lat' dir='ltr'><strong>codices</strong></span> <span class='ocrx_word' id='word_1_937' title='bbox 2920 5719 3119 5765; x_wconf 88' lang='lat' dir='ltr'><strong>tacent.</strong></span> 
     </span>
    </p>
   </div>
  </div>
