4166 6336
350 349 460 410 569

1331 342 1780 405 EVANGELIUM
1817 340 2190 405 SECUNDUM
2232 342 2671 406 MATTHIEUM.

3543 343 3650 405 570

350 467 433 539 1.]
462 464 657 523 Turbae
686 472 888 527 autem,
929 477 1048 535 qum
1079 462 1483 535 praecedebant,
1518 473 1571 517 et
1602 476 1722 531 quae
1753 475 1943 530 seqne-
1972 462 2026 525 Α
2051 474 2159 516 non
2202 462 2506 518 credidis1is
2536 464 2585 519 ei
2616 481 2626 516 :
2676 461 2946 533 publicani
2974 470 3152 520 autem
3179 503 3195 529 ,
3238 470 3293 519 et
3337 465 3652 518 meretrices

348 560 571 627 bantur,
602 557 943 626 clamabant,
972 557 1256 614 dicentes:
1309 556 1561 611 Hosanna
1596 554 1706 609 tilio
1752 552 1951 608 David:

348 653 691 721 benedictus,
720 652 810 723 qui
836 651 983 707 venit
1011 651 1063 707 in
1094 651 1313 707 nomine
1343 648 1552 705 Domini
1578 663 1591 701 :
1627 650 1861 703 hosanna
1896 645 1953 700 in

350 744 654 803 altissimis.
686 744 830 817 [ccx,
863 743 976 817 10.]
1001 744 1206 801 Etcum
1246 744 1504 798 intrasset
1533 739 1947 809 Jerosolymam,

351 852 625 899 commota
650 852 735 897 est
765 840 1017 896 universa
1045 839 1253 902 civitas,
1286 837 1473 892 dicens
1497 854 1508 889 :
1555 834 1686 903 Quis
1713 842 1794 889 est
1823 831 1956 887 hic?

352 934 546 1005 Populi
572 944 756 989 autem
778 932 1059 988 dicebant:
1091 931 1186 986 Hic
1209 939 1290 983 est
1314 928 1472 985 Jesus
1502 926 1771 997 Propheta
1798 940 1825 978 a
1855 921 1955 978 Na-

351 1028 540 1084 zareth
588 1027 856 1082 Galilaxe:
905 1024 1077 1097 [ccxt,
1110 1022 1185 1097 1.]
1208 1022 1279 1078 Et
1306 1022 1525 1077 intravit
1546 1020 1703 1077 Jesus
1735 1020 1787 1073 in
1819 1027 1955 1073 tem-

350 1122 503 1193 plum
546 1121 664 1187 Dei,
694 1128 751 1175 et
773 1119 1025 1190 ejiciebat
1053 1132 1243 1173 omnes
1274 1114 1591 1180 vendentes,
1622 1120 1680 1168 et
1710 1119 1953 1168 ementes

350 1213 410 1270 in
440 1213 666 1285 templo,
712 1220 768 1269 et
797 1225 1011 1268 mensas
1069 1208 1523 1273 numulariorum,
1565 1216 1618 1263 et
1664 1203 1953 1261 cathedras

348 1306 701 1363 vendentium
725 1306 1003 1362 columbas
1027 1304 1258 1360 evertit:
1289 1312 1345 1359 et
1372 1302 1500 1356 dicit
1528 1301 1609 1356 eis
1635 1317 1648 1352 :
1679 1297 1951 1369 Scriptum

350 1410 472 1457 est:
513 1400 710 1456 Domus
742 1414 861 1456 mea
893 1398 1086 1454 domus
1116 1396 1379 1453 oratioiiis
1411 1404 1436 1432 ει
1469 1393 1750 1450 vocabitur
1790 1408 1805 1446 :
1854 1404 1954 1446 vos

350 1505 535 1551 autem
560 1492 764 1550 fecistis
788 1493 934 1547 illam
957 1491 1272 1563 speluncam
1302 1491 1592 1545 latronum.
1627 1484 1814 1557 [ccxu,
1838 1479 1952 1555 10.]

350 1590 418 1646 Et
439 1597 792 1646 accesserunt
823 1586 892 1642 ad
923 1600 1048 1642 eum
1075 1587 1203 1641 (ιωοὶ
1234 1592 1289 1639 et
1315 1581 1497 1639 claudi
1530 1581 1582 1635 in
1616 1578 1816 1649 templo
1836 1621 1849 1645 ,
1898 1586 1953 1632 et

350 1686 568 1742 sanavit
613 1700 731 1741 eos.
771 1683 985 1757 [ccxm,
1014 1682 1094 1756 5.]
1144 1683 1401 1739 Videntes
1449 1689 1628 1736 autem
1678 1679 1953 1750 principes

350 1776 725 1842 sacerdotum,
756 1785 810 1832 et
839 1776 1035 1832 scribae
1068 1775 1368 1845 mirabilia,
1401 1790 1520 1844 quae
1563 1772 1709 1839 fecit,
1743 1781 1798 1827 et
1822 1786 1953 1843 pue-

2057 554 2403 612 credidernnt
2424 559 2505 613 ei:
2533 570 2633 613 vos
2653 566 2829 613 autem
2855 556 3121 625 videntes,
3146 571 3247 613 nec
3271 556 3643 627 pmnitentiam

2059 650 2324 707 habuistis
2354 661 2563 721 postea,
2598 660 2653 706 ut
2694 650 2988 707 crederetis
3019 652 3088 708 ei.
3125 652 3331 723 μους,
3362 649 3441 723 2.]
3472 649 3649 705 Aliam

2056 746 2369 817 parabolam
2418 747 2620 802 audite.
2676 746 2851 801 Homo
2903 757 3019 802 erat
3075 744 3506 818 paterfamilias,
3560 741 3652 814 qui

2056 841 2319 912 plantavit
2351 841 2588 906 vineam,
2615 849 2670 895 et
2707 854 2895 910 sepem
2924 838 3283 895 circumdedit
3312 838 3393 905 ei,
3426 844 3480 893 et
3516 834 3655 891 fodit

2055 932 2109 989 in
2137 949 2199 990 ea
2241 934 2500 1007 torcular,
2544 940 2599 989 et
2639 932 2923 988 aediﬁcavit
2955 934 3165 995 turrim,
3198 939 3253 987 et
3292 929 3488 985 locavit
3531 942 3650 983 eam

2056 1027 2336 1099 agricolis,
2366 1036 2420 1083 et
2449 1042 2681 1097 peregre
2712 1025 2986 1097 profectus
3016 1034 3119 1081 est.
3150 1022 3283 1080 Cum
3312 1033 3489 1078 autem
3519 1028 3655 1077 tem-

2057 1137 2158 1193 pus
2191 1122 2459 1178 fructuum
2490 1120 3004 1192 apprOpinquasset,
3036 1120 3183 1174 misit
3210 1131 3396 1173 servos
3425 1129 3554 1171 suos
3584 1112 3651 1170 ad

2054 1216 2357 1286 agricolas,
2405 1225 2463 1270 ut
2507 1214 2816 1287 acciperent
2857 1215 3060 1270 fructus
3107 1213 3244 1284 ejus.
3278 1212 3345 1267 Et
3373 1209 3651 1283 agricolae,

2054 1310 2414 1383 apprehensis
2443 1310 2617 1365 servis
2645 1309 2785 1381 ejus,
2811 1309 2976 1365 alium
3003 1307 3338 1371 ceciderunt,
3362 1306 3522 1361 alium
3556 1319 3652 1361 oc-

2054 1402 2324 1471 ciderunt,
2352 1404 2513 1458 alium
2542 1418 2669 1459 vero
2691 1402 3088 1474 lapidaverunt.
3120 1401 3318 1456 lterum
3345 1398 3492 1455 misit
3514 1397 3650 1456 alios

2055 1512 2242 1554 servos
2274 1499 2457 1568 plures
2509 1496 2811 1569 prioribus,
2844 1505 2898 1552 et
2931 1496 3175 1551 iecerunt
3224 1494 3331 1549 illis
3378 1491 3651 1549 similiter.

2054 1593 2357 1650 Novissime
2386 1601 2566 1648 autem
2591 1592 2737 1647 misit
2774 1590 2841 1645 ad
2888 1604 2983 1645 eos
3008 1589 3177 1644 ﬁlium
3218 1602 3405 1654 suum,
3432 1584 3649 1642 dicens:

2058 1687 2404 1743 Verebuntur
2431 1686 2596 1741 tilium
2631 1700 2834 1741 meum.
2877 1683 3145 1754 Agricolae
3186 1692 3368 1737 autem
3406 1678 3653 1735 videntes

2057 1780 2251 1849 tilium,
2278 1779 2535 1836 dixerunt
2561 1779 2700 1835 intra
2730 1794 2821 1835 se:
2856 1777 2954 1833 Hie
2978 1787 3061 1832 est
3090 1776 3287 1843 hmrcs,
3316 1772 3519 1843 venite,
3552 1787 3649 1829 oc-

348 1884 446 1925 τοε
472 1869 771 1924 dammas
803 1869 854 1923 ίη
888 1867 1112 1938 templo,
1138 1877 1193 1924 ει
1233 1868 1511 1924 dicentes:
1555 1866 1807 1921 “osanna
1841 1865 1952 1920 ίίΙῖο
1982 1861 2029 1925 Β
2055 1874 2297 1932 cidamns
2323 1889 2446 1930 eum
2473 1916 2486 1939 ,
2520 1880 2576 1928 et
2619 1870 2938 1927 habebimus
2982 1869 3355 1926 hzereditatem
3397 1865 3535 1937 ejus.
3588 1865 3655 1922 Et

350 1962 526 2018 David
556 1980 571 2019 :
621 1962 886 2035 indignati
928 1971 1081 2027 sunt,
1121 1972 1174 2017 et
1218 1962 1473 2016 dixerunt
1499 1961 1548 2017 ei
1578 1977 1590 2014 :
1625 1960 1792 2015 Audis
1823 1957 1951 2029 quid

349 2056 443 2113 isti
478 2056 718 2113 dicunt?
766 2055 923 2113 Jesus
970 2065 1151 2112 autem
1182 2054 1318 2110 dixit
1351 2055 1430 2110 eis
1464 2072 1477 2107 :
1518 2051 1716 2121 Utique
1744 2098 1757 2121 ,
1789 2067 1949 2106 num-

351 2166 516 2221 quam
545 2151 793 2223 legistis:
825 2150 963 2220 Quia
1007 2166 1077 2206 ex
1114 2164 1210 2205 ore
1238 2149 1520 2204 infantium
1552 2156 1607 2203 et
1636 2144 1950 2202 lactentium

350 2242 628 2316 perfecisti
662 2243 919 2300 laudem?
957 2243 1155 2315 [ccxtv,
1186 2241 1265 2314 6.]
1307 2244 1373 2298 Et
1400 2239 1606 2297 relictis
1648 2239 1784 2306 illis,
1818 2237 1955 2291 abiit

351 2336 502 2391 foras
543 2347 695 2393 extra
730 2336 1005 2392 civitatem
1033 2335 1086 2391 in
1116 2334 1437 2390 Bethaniam
1470 2350 1483 2385 :
1520 2332 1705 2402 ibique
1729 2330 1950 2386 mansit.

351 2429 514 2486 Mane
529 2438 707 2485 autem
728 2439 1009 2485 revertens
1035 2429 1088 2485 in
1111 2427 1412 2497 civitatem,
1434 2425 1646 2483 esuriit.
1671 2424 1733 2480 Et
1766 2424 1954 2479 videns

352 2524 443 2583 lici
484 2526 734 2582 arborem
770 2540 933 2580 unam
974 2539 1131 2581 secus
1176 2526 1349 2590 viam,
1380 2524 1525 2580 venit
1569 2522 1634 2577 ad
1685 2536 1845 2577 eam:
1899 2527 1955 2573 et

352 2619 492 2675 nihil
523 2622 795 2677 invenitin
818 2636 879 2676 ea
903 2622 1007 2675 nisi
1036 2620 1163 2675 folia
1195 2629 1425 2684 tantum,
1459 2627 1514 2673 et
1535 2618 1611 2672 ait
1641 2616 1718 2672 illi
1745 2634 1757 2671 :
1791 2614 1955 2671 Num-

349 2728 517 2786 quam
563 2729 629 2770 ex
677 2723 728 2769 te
768 2713 974 2770 fruetus
1020 2723 1275 2771 nascatur
1326 2713 1380 2768 in
1423 2712 1837 2782 sempiternum.
1888 2710 1955 2765 Et

348 2806 592 2863 arefacta
618 2817 702 2864 est
722 2809 982 2864 continuo
1014 2808 1269 2864 ﬁculnea.
1302 2807 1369 2863 Et;
1393 2807 1639 2862 videntes
1680 2804 1952 2873 discipuli,

350 2901 542 2956 mirati
590 2911 757 2969 sunt,
803 2901 1086 2959 dicentes:
1137 2901 1422 2971 Quomodo
1469 2901 1730 2956 continuo
1776 2900 1951 2955 aruit!

350 2994 536 3068 [ccxv,
569 2996 647 3069 6.]
692 2997 1045 3068 Respondens
1086 3006 1265 3053 autem
1293 2998 1473 3064 Jesus,
1517 2996 1593 3051 ait
1620 2997 1737 3052 eis:
1782 2998 1953 3065 Almen

350 3090 479 3146 dico
507 3091 681 3155 vobis,
718 3090 761 3146 si
785 3090 1087 3148 habueritis
1118 3091 1301 3155 fidem,
1334 3102 1387 3143 et
1410 3108 1516 3145 non
1550 3090 1952 3155 haesitaveritis,

350 3197 464 3237 non
492 3183 661 3239 solum
702 3182 770 3238 de
801 3184 1031 3239 ﬁculnea
1065 3183 1291 3252 facietis,
1322 3182 1418 3239 sed
1450 3191 1503 3237 ct
1547 3183 1592 3237 si
1626 3182 1795 3237 monti
1828 3182 1955 3237 huic

348 3274 630 3331 dixeritis:
663 3275 816 3332 Tolle
845 3284 897 3331 te
918 3318 934 3340 ,
976 3286 1030 3332 et
1055 3276 1197 3346 jacta
1234 3283 1284 3330 te
1312 3276 1362 3330 in
1397 3290 1570 3343 mare,
1605 3276 1715 3330 iiet.
1748 3274 1948 3346 [ccxvr,
1978 3258 2025 3322 Ο

349 3366 433 3438 4.]
466 3368 528 3422 Et
558 3368 736 3422 omnia
767 3383 1124 3439 quocumque
1163 3369 1423 3438 petieritis
1466 3372 1516 3422 in
1547 3368 1794 3423 oratione
1824 3380 1948 3422 cre-

350 3462 583 3525 dentes,
616 3462 915 3532 accipietis.
951 3462 1186 3533 [σωκ-ιι,
1226 3462 1306 3534 2.]
1351 3462 1570 3518 Etcum
1609 3461 1848 3517 venisset
1895 3460 1948 3515 in

353 3556 616 3625 templum
641 3597 657 3623 ,
687 3566 1037 3611 accesserunt
1072 3554 1138 3609 ad
1170 3570 1295 3609 eum
1335 3554 1642 3620 docentem,
1678 3552 1951 3624 principes

349 3648 720 3713 sacerdotum,
748 3655 805 3704 et
832 3650 1084 3705 seniores
1107 3648 1311 3719 populi,
1333 3648 1608 3704 dicentes:
1641 3647 1697 3702 In
1720 3662 1824 3717 qua
1852 3661 1952 3716 po-

348 3749 547 3796 testate
575 3740 691 3796 haec
713 3739 844 3797 facis
865 3742 888 3794 ?
911 3742 977 3796 Et
997 3741 1120 3811 quis
1142 3742 1237 3796 tibi
1258 3741 1408 3798 dedit
1430 3740 1569 3797 hanc
1599 3740 1953 3811 potestatem?

348 3831 711 3903 Respondeas
749 3832 909 3889 Jesus
936 3833 1075 3889 dixit
1101 3835 1182 3890 eis
1206 3852 1217 3887 :
1265 3832 1619 3905 lnterrogabo
1647 3848 1746 3887 vos
1768 3842 1821 3888 et
1849 3847 1951 3904 ego

349 3940 520 3981 unum
544 3940 852 3982 sermonem
880 3945 891 3979 :
922 3942 1084 3997 quem
1116 3927 1164 3983 si
1191 3928 1441 3983 dixeritis
1463 3926 1613 3995 mihi,
1642 3936 1697 3982 et
1716 3941 1816 3997 ego
1847 3940 1947 3982 vo-

348 4019 438 4076 bis
484 4021 658 4076 dicam
704 4020 758 4076 in
804 4036 909 4092 qua
948 4029 1219 4093 potestate
1265 4022 1381 4076 haec
1424 4022 1583 4076 iacio.
1616 4019 1950 4091 Baptismnm

346 4113 575 4172 Joannis
606 4116 751 4171 unde
778 4118 928 4172 erat?
954 4132 985 4172 e
1014 4116 1176 4182 caelo,
1201 4132 1268 4171 an
1302 4132 1368 4173 ex
1397 4115 1751 4172 hominibus?
1777 4117 1847 4171 At
1871 4114 1951 4170 illi

346 4208 659 4279 cogitabant
688 4209 832 4264 inter
870 4225 949 4273 se,
977 4209 1257 4265 dicentes:
1289 4207 1349 4265 Si
1372 4209 1699 4275 dixerimus,
1732 4224 1764 4264 e
1785 4208 1946 4279 coelo,

344 4304 493 4360 dicet
523 4303 702 4373 nobis,
727 4321 896 4374 quare
922 4321 1053 4376 ergo
1077 4322 1182 4363 non
1213 4306 1521 4363 credidistis
1544 4307 1657 4362 illi?
1685 4306 1742 4364 Si
1769 4316 1949 4362 autem

345 4396 677 4459 dixerimus.
720 4412 786 4453 ex
816 4398 1148 4465 hominibus,
1184 4401 1434 4456 timemus
1476 4400 1685 4455 turbam
1712 4416 1726 4454 :
1756 4413 1950 4455 omnes

344 4489 492 4545 enim
544 4489 818 4546 habebant
868 4492 1130 4547 JOannem
1174 4494 1317 4549 sicut
1366 4494 1710 4565 Pr0phetam.
1758 4495 1825 4548 Et
1864 4509 1951 4549 re-

343 4583 685 4653 spondentes
710 4584 860 4651 Jesu,
884 4586 1167 4641 dixerunt:
1192 4585 1495 4642 Nescimus.
1530 4589 1619 4643 Ait
1650 4586 1758 4642 illis
1779 4597 1832 4641 ct
1858 4588 1945 4656 ip-

341 4689 441 4732 se:
476 4675 588 4732 Nec
622 4691 725 4747 ego
768 4677 890 4732 dico
918 4679 1072 4733 vobis
1102 4677 1154 4733 in
1193 4694 1296 4751 qua
1331 4688 1600 4751 potestate
1635 4681 1749 4735 haec
1780 4679 1940 4735 facio.

342 4768 583 4840 [ccxvnr,
607 4769 718 4841 10.]
741 4770 878 4840 Quid
892 4781 1071 4827 autem
1090 4774 1240 4827 vobis
1265 4773 1512 4828 videtur?
1528 4772 1698 4828 Homo
1720 4771 1943 4843 quidam

341 4861 586 4920 habebat
609 4864 743 4919 duos
774 4864 945 4933 filios,
976 4877 1031 4921 et
1064 4866 1332 4922 accedens
1373 4865 1439 4920 ad
1471 4866 1730 4936 primum,
1763 4864 1941 4920 dixit:

341 4956 488 5027 Fili,
521 4957 659 5015 vade
695 4958 886 5026 hodie,
916 4974 1145 5030 operare
1181 4960 1233 5014 iu
1262 4961 1418 5015 vinea
1448 4976 1587 5015 mea.
1621 4960 1718 5015 Ille
1761 4968 1941 5013 autem

340 5050 713 5119 respondens,
757 5052 871 5106 ait:
918 5052 1077 5109 Nolo.
1108 5053 1306 5109 Postea
1352 5062 1529 5109 autem
1556 5096 1571 5121 ,
1626 5052 1941 5123 poenitentia

339 5152 527 5199 motus
551 5144 700 5201 abiit.
734 5144 1013 5202 Accedens
1037 5155 1216 5204 autem
1246 5148 1312 5203 ad
1343 5148 1597 5216 alterum,
1627 5147 1763 5203 dixit
1789 5147 1944 5204 simi-

340 5236 489 5292 liter.
530 5240 599 5294 At
630 5239 721 5295 ille
746 5241 1107 5311 respondens,
1138 5242 1217 5297 ait
1249 5259 1260 5296 :
1289 5240 1400 5309 Eo,
1449 5242 1699 5309 domine,
1732 5251 1787 5298 el
1830 5256 1941 5298 non

339 5330 463 5388 ivit.
490 5332 625 5402 Quis
656 5349 721 5389 ex
746 5334 963 5391 duobus
989 5335 1117 5391 fecit
1137 5336 1474 5392 voluntatem
1503 5337 1715 5407 patris?
1747 5336 1943 5392 Dicunt

337 5427 389 5482 ei
423 5444 438 5480 :
476 5426 708 5485 Primus.
742 5428 875 5484 Dicit
912 5428 1021 5486 illis
1047 5429 1207 5486 Jesus
1233 5446 1247 5485 :
1274 5431 1445 5488 Amen
1473 5432 1595 5487 dico
1616 5432 1792 5499 vobis,
1816 5431 1941 5503 quia

336 5519 653 5591 publicani,
686 5529 743 5578 et
778 5523 1094 5581 meretrices
1134 5524 1449 5595 praecedent
1476 5540 1571 5579 vos
1612 5528 1665 5580 in
1712 5540 1937 5596 regnum

336 5610 459 5667 Dei.
488 5610 648 5668 Venit
694 5613 840 5670 enim
870 5614 938 5670 ad
963 5630 1061 5672 vos
1088 5614 1329 5674 Joannes
1370 5617 1421 5673 in
1454 5617 1537 5673 via
1577 5616 1801 5689 iustitia:
1827 5657 1843 5683 ,
1884 5624 1941 5673 et

412 5803 438 5831 ἰ
462 5793 569 5878 Pro
584 5796 850 5851 vocabitur
869 5796 1058 5878 verbo,
1074 5796 1220 5878 quod
1241 5806 1295 5856 et
1311 5796 1532 5855 Graecus
1552 5804 1731 5856 textus
1744 5797 1934 5868 habet,

344 5864 569 5938 Regina:
597 5881 729 5928 mss.
754 5878 832 5924 est
856 5864 1171 5941 praeferunt.

1970 4646 2022 4706 Ι)

2054 1967 2455 2040 apprehensum
2484 1982 2606 2023 eum
2649 1966 2931 2036 ejecerunt
2958 1974 3113 2019 extra
3142 1962 3380 2027 vineam,
3422 1968 3477 2015 et
3505 1958 3656 2014 occi-

2054 2063 2420 2121 derunt.Cum
2448 2077 2580 2135 ergo
2602 2060 2812 2118 venerit
2838 2059 3089 2116 dominus
3111 2057 3309 2120 vinem,
3335 2054 3463 2127 quid
3493 2052 3658 2108 faciet

2056 2157 2307 2230 agricolis
2340 2156 2445 2212 illis
2466 2157 2489 2211 ?
2514 2156 2680 2211 Aiunt
2712 2154 2789 2210 illi
2817 2173 2828 2209 :
2860 2153 3028 2209 Malos
3059 2152 3199 2208 male
3235 2149 3457 2222 perdet:
3482 2155 3540 2204 et
3569 2146 3654 2202 vi-

2056 2268 2215 2309 neam
2248 2266 2397 2307 suam
2438 2249 2640 2305 locabit
2688 2248 2808 2303 aliis
2839 2246 3131 2318 agricolis,
3179 2245 3272 2317 qui
3331 2242 3564 2299 reddant
3605 2239 3655 2296 ei

2058 2347 2287 2402 fructum
2315 2343 2646 2415 temporibus
2670 2342 2802 2398 suis.
2828 2341 2966 2396 Dicit
2988 2340 3099 2395 illis
3128 2338 3316 2395 Jesus:
3348 2335 3651 2407 Numquam

2058 2439 2262 2510 legistis
2291 2438 2344 2493 in
2369 2436 2667 2507 Srripturis
2690 2453 2704 2490 :
2730 2433 2990 2506 Lapidem
3031 2448 3192 2504 quem
3224 2430 3658 2502 reprobaverunt

2056 2534 2409 2600 aediﬁcantes,
2431 2531 2520 2586 hic
2544 2530 2716 2586 factus
2745 2538 2828 2584 est
2855 2528 2905 2583 in
2938 2534 3099 2598 caput
3128 2523 3367 2596 anguli?
3404 2523 3450 2580 A
3472 2521 3658 2578 Domi-

2058 2641 2128 2684 no
2150 2625 2351 2682 factum
2379 2633 2464 2680 est
2491 2623 2655 2687 istud,
2679 2630 2836 2678 etest
2860 2618 3111 2675 mirabile
3140 2619 3193 2673 in
3221 2615 3393 2673 oculis
3414 2612 3656 2670 nostris?

2057 2724 2185 2779 Ideo
2210 2722 2333 2778 dico
2364 2723 2539 2787 vobis,
2571 2720 2695 2791 quia
2728 2716 3006 2773 auferetur
3040 2730 3067 2769 a
3100 2714 3251 2769 vobis
3280 2727 3503 2783 regnum
3536 2710 3655 2776 Dei,

2058 2827 2111 2874 et
2139 2817 2355 2873 dabitur
2374 2814 2522 2886 genti
2546 2813 2761 2869 facienti
2786 2812 2997 2866 fructus
3020 2808 3160 2880 ejus.
3191 2806 3257 2862 Et
3282 2806 3373 2877 qui
3400 2803 3659 2861 ceciderit

2058 2924 2222 2982 supra
2254 2907 2486 2979 lapidem
2517 2906 2704 2967 istum,
2729 2902 3128 2974 confringetur:
3156 2915 3320 2971 super
3347 2913 3507 2970 quem
3526 2909 3658 2953 vero

2057 3002 2357 3068 ceciderit,
2400 3008 2648 3055 conteret
2679 3013 2827 3053 eum.
2862 2995 3041 3069 [ccxx,
3076 2993 3151 3066 1.]
3210 2992 3277 3047 Et
3321 3006 3443 3047 eum
3476 2988 3659 3045 audis-

2058 3104 2181 3153 sent
2227 3094 2500 3167 principes
2556 3090 2900 3148 sacerdotum
2957 3097 3011 3144 et
3062 3084 3319 3142 Pharisa-i
3370 3081 3657 3154 parabolas

2060 3194 2197 3263 ejus,
2233 3197 2599 3261 cognoverunt
2627 3183 2772 3257 quod
2804 3184 2873 3239 de
2902 3181 3033 3253 ipsis
3066 3179 3293 3235 diceret.
3322 3179 3381 3232 Et
3405 3189 3655 3247 quaeren-

2058 3295 2138 3342 tes
2168 3301 2290 3340 eum
2337 3293 2558 3347 tenere,
2604 3280 2901 3335 timuerunt
2944 3274 3167 3331 turbas:
3214 3271 3469 3345 quoniam
3516 3270 3655 3326 sicut

2056 3379 2386 3448 PrOphetam
2410 3390 2534 3432 eum
2568 3372 2859 3429 habebant.
3276 3366 3281 3371 ’

2126 3470 2278 3545 [ϐιῳ.
2312 3468 2477 3524 XXII.
2511 3482 2688 3533 ccxxt,
2722 3463 2802 3536 5.]
2837 3463 2902 3518 Et
2942 3459 3281 3533 respondens
3310 3457 3487 3523 Jesus,
3522 3456 3659 3512 dixit

2055 3565 2250 3620 iterum
2282 3564 2334 3617 in
2364 3559 2638 3637 parabolis
2668 3558 2747 3613 eis
2769 3602 2782 3625 ,
2818 3555 3047 3612 dicens:
3097 3552 3293 3610 Simile
3342 3552 3545 3607 factum
3575 3558 3659 3606 est

2054 3672 2282 3730 regnum
2312 3654 2572 3712 caelorum
2606 3650 2808 3707 homini
2839 3651 2977 3720 regi,
3010 3649 3097 3719 qui
3129 3646 3256 3702 fecit
3294 3644 3510 3715 nuptias
3544 3643 3656 3698 lilio

2052 3767 2174 3809 suo.
2194 3752 2257 3806 Et
2283 3751 2431 3805 misit
2452 3762 2639 3805 servos
2663 3761 2792 3802 suos
2814 3759 3009 3799 vocare
3034 3742 3297 3798 invitatos
3322 3740 3388 3795 ad
3416 3738 3654 3810 nuptias,

2053 3855 2107 3903 et
2131 3845 2386 3902 nolebant
2405 3843 2612 3898 venire.
2642 3840 2838 3895 lterum
2866 3838 3013 3894 misit
3036 3836 3172 3891 alios
3197 3848 3411 3900 servos,
3437 3832 3654 3887 dicens:

2057 3936 2226 3993 Dicite
2256 3934 2493 3991 invitatis
2519 3952 2532 3988 :
2578 3932 2718 3987 Ecce
2749 3929 3034 4003 prandium
3067 3938 3261 3983 meum‘
3276 3924 3484 3997 paravi,
3514 3923 3657 3978 tauri

2053 4029 2159 4085 mei
2189 4036 2245 4083 et
2271 4027 2437 4081 altilia
2468 4024 2649 4079 occisa
2680 4031 2825 4085 sunt,
2857 4029 2913 4075 et
2935 4018 3111 4074 omnia
3135 4025 3320 4089 parata
3348 4015 3567 4075 :.venite
3588 4012 3656 4069 ad

2055 4122 2288 4193 nuptias.
2314 4120 2395 4176 Illi
2425 4128 2604 4174 autem
2636 4116 3019 4187 neglexerunt:
3051 4122 3105 4169 et
3132 4110 3402 4176 abierunt,
3436 4108 3574 4164 alius
3598 4108 3654 4163 in

2052 4217 2236 4271 villam
2258 4228 2433 4282 suam,
2465 4212 2601 4265 alius
2624 4225 2757 4265 vero
2786 4207 2850 4262 ad
2883 4206 3306 4277 negotiationem
3350 4216 3539 4257 suam:
3571 4214 3658 4255 rc-

2052 4308 2185 4380 liqui
2214 4322 2345 4363 vero
2393 4312 2683 4360 tenuerunt
2723 4315 2914 4357 servos
2944 4299 3094 4369 ejus,
3128 4307 3183 4353 et
3210 4292 3553 4351 contumeliis
3578 4291 3658 4347 af-

2055 4404 2224 4458 fectos
2250 4400 2587 4458 occiderunt.
2631 4397 2746 4452 Rex
2786 4406 2963 4451 autem
3006 4408 3128 4449 cum
3169 4390 3451 4457 audisset,
3487 4390 3656 4445 iratus

2052 4504 2135 4550 est
2160 4511 2174 4549 :
2202 4502 2258 4548 et
2296 4491 2480 4547 missis
2528 4486 2859 4545 exercitibus
2902 4487 3049 4552 suis,
3085 4482 3317 4554 perdidit
3357 4478 3658 4535 homicidas

2054 4589 2196 4656 illos,
2220 4598 2273 4642 et
2305 4586 2578 4642 civitatem
2610 4583 2824 4638 illorum
2856 4577 3155 4636 succendit.
3190 4575 3342 4631 Tune
3369 4575 3445 4628 ait
3475 4573 3646 4628 servis

2048 4681 2198 4736 suis:
2240 4677 2449 4747 Nuptize
2487 4675 2704 4745 quidem
2735 4682 2936 4744 parata:
2976 4680 3134 4734 sunt,
3170 4669 3263 4724 sed
3309 4667 3402 4738 qui
3447 4663 3657 4721 invitati

2047 4782 2223 4838 erant,
2257 4786 2362 4827 non
2396 4769 2613 4825 fuerunt
2643 4768 2811 4838 digni.
2843 4763 2919 4821 Ite
2947 4780 3075 4836 ergo
3102 4762 3170 4819 ad
3198 4762 3375 4818 exitus
3406 4762 3640 4826 viarum,

2046 4875 2101 4922 et
2143 4880 2510 4937 quoscumque
2556 4862 2910 4928 inveneritis,
2954 4868 3144 4914 vocate
3193 4857 3260 4913 ad
3296 4855 3530 4926 nuptias.
3582 4852 3651 4909 Et

2046 4961 2248 5029 egressi
2302 4959 2444 5012 servi
2491 4958 2611 5025 ejus
2658 4956 2709 5009 in
2744 4957 2895 5021 vias,
2937 4961 3402 5025 congregaverunt
3438 4961 3652 5016 omnes,

2047 5068 2182 5124 quos
2214 5052 2533 5109 invenerunt
2557 5096 2570 5118 ,
2606 5052 2779 5107 malos
2812 5059 2870 5105 et
2897 5050 3108 5107 bonos:
3158 5057 3213 5103 et
3256 5044 3493 5112 impleta:
3524 5050 3653 5099 sunt

2051 5148 2253 5215 nnptizn
2280 5146 2763 5202 discumbentium.
2805 5144 3023 5217 [ccxer
3062 5139 3173 5212 10.]
3206 5139 3426 5195 intravit
3470 5145 3655 5192 autem

2052 5254 2147 5295 rex
2171 5284 2185 5310 ,
2221 5248 2278 5294 ut
2306 5238 2518 5295 videret
2558 5238 2996 5300 discumbentes,
3026 5246 3075 5290 et
3107 5232 3242 5287 vidit
3270 5231 3342 5286 ibi
3374 5228 3654 5285 hominem

2046 5324 2156 5390 non
2217 5335 2467 5388 vestitum
2520 5341 2672 5387 veste
2726 5329 2972 5401 nuptiali.
3029 5329 3094 5383 Et
3134 5328 3205 5382 ait
3249 5326 3366 5381 illi:
3425 5322 3651 5394 Amice,

2046 5427 2320 5502 quomodo
2352 5427 2455 5483 huc
2477 5425 2691 5481 intrasti
2716 5439 2822 5479 non
2850 5424 3051 5478 habens
3077 5430 3282 5477 vestem
3307 5419 3651 5491 nuptialem?

2053 5524 2121 5579 At
2151 5523 2242 5578 ille
2281 5520 2571 5575 obmutuit.
2602 5518 2756 5573 Tunc
2783 5515 2915 5572 dixit
2968 5531 3064 5571 rex
3113 5513 3412 5570 ministris:
3447 5509 3654 5583 Ligatis

2046 5617 2318 5685 manibus,
2351 5625 2406 5671 et
2440 5615 2669 5686 pedibus
2696 5612 2845 5684 ejus,
2882 5612 2905 5650 ι)
2938 5611 3131 5667 mittite
3161 5624 3285 5666 eum
3317 5607 3369 5664 in
3400 5605 3654 5664 tenebras

2112 5796 2140 5836 δ
2163 5795 2547 5876 Plnshabetnr
2567 5795 2619 5853 in
2649 5795 3032 5876 Graeco,&patrt
3058 5798 3236 5866 αὐτὸν,
3267 5798 3354 5854 και
3382 5793 3641 5863 insciis“,

2054 5878 2159 5927 etc.
2188 5868 2378 5927 Tollite
2407 5885 2543 5938 eum,
2576 5877 2624 5925 et
2662 5869 2862 5941 mittite,
2894 5868 3000 5926 etc.
