4166 6336
349 408 456 469 573

1320 405 1765 465 EVANGELIUM
1805 405 2180 467 SECUNDUM
2222 406 2348 465 MA’I
2368 407 2654 468 TH/EUM.

3532 415 3636 471 574

346 534 406 579 ut
433 522 644 579 faciatis
674 535 843 577 unum
882 519 1220 592 proselytum
1248 538 1261 573 :
1294 527 1348 575 et
1386 536 1507 576 cum
1546 519 1708 577 fuerit
1752 519 1944 591 factus,
1974 524 2029 585 Α
2053 522 2187 577 dixit
2218 522 2361 597 illis:
2392 524 2599 580 Videtis
2646 524 2763 581 haec
2811 527 3030 582 omnia?
3066 529 3239 583 Amen
3284 527 3408 584 dico
3456 531 3631 597 vobie,

347 616 523 672 facitis
567 628 692 669 eum
740 612 909 667 ﬁlium
954 613 1219 683 gehennae
1271 611 1435 683 duplo
1480 628 1638 683 quam
1692 628 1809 669 vos.
1854 612 1946 668 Vae

344 709 521 777 vobis,
556 708 724 763 duces
754 705 910 774 caeci,
952 705 1044 776 qui
1084 705 1269 761 dicitis
1300 724 1312 761 :
1343 706 1680 777 Quicumque
1720 707 1944 777 jurave-

346 804 423 858 rit
462 816 560 872 per
593 800 876 870 templum,
919 798 1056 856 nihil
1092 809 1175 855 est
1204 817 1217 853 :
1245 798 1335 871 qui
1368 808 1548 855 autem
1587 800 1852 870 juraverit
1890 804 1945 857 in

345 913 482 955 auro
509 896 720 967 templi,
750 896 934 952 debet.
961 894 1143 961 Stulti,
1178 904 1231 951 et
1254 895 1413 953 czcci!
1440 894 1577 964 Quid
1604 897 1745 951 enim
1771 896 1946 966 majus

346 1005 454 1061 est,
489 1010 707 1063 aurum,
743 1008 810 1047 an
859 992 1145 1063 templum,
1178 991 1325 1062 quod
1365 991 1669 1047 sanctiﬁcat
1713 992 1945 1047 aurum?

346 1090 417 1146 Et
447 1090 777 1160 quicumque
798 1087 1065 1156 juraverit
1095 1086 1149 1140 in
1182 1086 1360 1154 altari,
1397 1086 1532 1140 nihil
1555 1094 1640 1141 est
1665 1104 1676 1138 :
1700 1086 1947 1156 quicum-

343 1196 449 1253 que
487 1189 669 1234 autem
694 1178 965 1248 juraverit
1003 1179 1056 1231 in
1088 1177 1255 1243 dono,
1286 1179 1431 1248 quod
1467 1187 1549 1233 est
1597 1194 1760 1249 super
1788 1180 1941 1247 illud,

342 1272 529 1329 debet.
557 1272 734 1327 Circi!
760 1271 896 1340 Quid
917 1271 1061 1326 enim
1088 1271 1261 1342 majus
1282 1280 1383 1337 est,
1411 1272 1635 1338 donum,
1660 1286 1725 1327 an
1749 1274 1940 1340 altare,

342 1365 492 1436 quod
544 1364 853 1419 sanctificat
899 1364 1133 1419 donum?
1161 1365 1262 1430 Qui
1306 1380 1435 1435 etgo
1482 1365 1625 1435 jurat
1672 1366 1722 1419 in
1760 1366 1939 1435 altari,

338 1458 489 1529 jurat
518 1457 572 1512 in
605 1472 692 1524 eo,
735 1469 790 1512 et
841 1458 894 1511 in
941 1457 1220 1525 omnibus,
1262 1473 1381 1527 qua:
1422 1473 1583 1528 super
1624 1458 1753 1513 illud
1795 1467 1939 1514 sunt.

341 1552 412 1607 Et
438 1551 772 1622 quicumque
811 1552 1080 1620 juraverit
1124 1552 1176 1606 in
1208 1552 1434 1623 templo,
1463 1552 1611 1621 jurat
1649 1551 1704 1607 in
1750 1552 1862 1621 illo,
1890 1562 1945 1609 et

342 1644 397 1699 in
437 1658 527 1710 eo,
573 1645 664 1714 qui
711 1644 920 1699 habitat
966 1646 1018 1699 in
1066 1646 1185 1716 ipso
1219 1662 1233 1700 :
1266 1654 1320 1700 et
1360 1646 1450 1715 qui
1484 1646 1633 1723 jurat
1672 1646 1721 1699 in
1764 1647 1939 1714 coelo,

336 1735 485 1807 jurat
513 1737 565 1790 in
604 1736 800 1791 throno
830 1737 948 1804 Dei,
980 1746 1037 1792 ct
1076 1737 1127 1791 in
1160 1752 1248 1805 eo,
1287 1738 1379 1808 qui
1409 1737 1562 1793 Sedet
1596 1753 1758 1809 super
1794 1754 1938 1793 eum.

342 1828 628 1902 [nexum
663 1830 744 1903 5.]
776 1832 868 1887 V:e
897 1830 1083 1897 vobis,
1129 1831 1337 1887 Scriba:
1371 1841 1426 1887 et
1469 1831 1724 1887 Pharisaei
1774 1833 1943 1904 hypo-

2050 609 2155 651 non
2186 596 2524 667 relinquetur
2570 597 2659 652 hic
2704 598 2838 669 lapis
2884 614 3049 670 super
3095 600 3350 670 lapidem,
3397 602 3487 672 qui
3532 596 3637 658 non

2049 689 2379 745 destruatur.
2438 692 2682 763 [CCXLIII,
2734 691 2815 765 2.]
2861 692 3101 750 Sedente
3140 702 3320 751 autem
3364 709 3429 751 eo
3477 709 3641 765 super

2050 796 2289 842 montem
2332 784 2555 854 Oliveti,
2600 796 2950 844 accesserunt
2983 789 3050 844 ad
3097 804 3219 845 eum
3259 788 3510 859 discipuli
3553 804 3643 845 se-

2049 888 2227 948 creto,
2269 877 2559 935 dicentes:
2594 880 2691 936 Die
2728 881 2905 950 nobis,
2951 881 3169 952 quando
3211 883 3325 937 lucc
3368 883 3559 938 erunt?
3589 892 3642 939 ct

2047 974 2191 1046 quod
2220 975 2433 1047 signum
2472 975 2734 1032 adventus
2781 978 2890 1047 tui,
2933 984 2988 1033 et
3025 977 3644 1041 consummationissw-

2046 1068 2189 1125 culi?
2212 1070 2277 1125 Et
2309 1071 2649 1140 respondens
2670 1072 2851 1138 Jesus,
2878 1070 3012 1126 dixit
3039 1072 3118 1128 eis
3148 1090 3159 1125 :
3191 1071 3401 1141 Videte,
3429 1087 3496 1126 ne
3521 1074 3641 1143 quis

2045 1176 2142 1219 vos
2170 1162 2412 1220 scducat.
2446 1165 2601 1221 Multi
2628 1166 2770 1221 enim
2798 1166 3019 1221 venient
3046 1165 3101 1221 in
3130 1166 3351 1222 nomine
3385 1182 3525 1235 meo,
3561 1166 3640 1221 di-

2045 1267 2277 1313 centes:
2321 1260 2436 1330 Ego
2490 1275 2609 1315 sum
2657 1260 2953 1316 Christus:
2995 1270 3051 1317 et
3097 1262 3300 1317 multos
3353 1262 3639 1318 seducent.

2048 1352 2303 1409 Audituri
2334 1355 2480 1412 enim
2504 1356 2640 1411 estis
2665 1357 2871 1426 prmlia,
2904 1363 2959 1414 et
2988 1357 3274 1427 opiniones
3307 1358 3637 1427 praeliorum.

2049 1446 2259 1515 Videte,
2297 1465 2366 1505 ne
2418 1450 2731 1507 turbemini.
2762 1449 2987 1521 Oportet
3016 1451 3159 1506 enim
3200 1450 3315 1506 haec
3355 1451 3507 1515 ﬁeri,
3544 1452 3638 1507 sed

2045 1544 2282 1599 nondum
2310 1554 2393 1601 est
2417 1544 2563 1601 ﬁnis.
2591 1545 2897 1618 Consurget
2918 1545 3062 1602 enim
3085 1561 3215 1618 gens
3246 1547 3297 1601 in
3328 1555 3565 1617 gentem,
3588 1557 3643 1604 et

2047 1658 2277 1713 regnum
2312 1642 2366 1697 in
2395 1656 2640 1713 regnum,
2677 1651 2733 1697 et
2758 1652 2918 1698 erunt
2958 1642 3315 1713 pestilentiae,
3357 1651 3412 1697 et
3450 1642 3639 1710 fames,

2043 1747 2097 1793 et
2123 1747 2462 1794 terraemotus
2492 1754 2589 1807 per
2615 1737 2754 1794 loca.
2788 1738 2916 1793 llaec
2937 1747 3117 1792 autem
3142 1737 3319 1792 omnia
3345 1735 3492 1791 initia
3517 1744 3643 1791 sunt

2044 1831 2318 1887 dolorum.
2352 1830 2587 1904 [conm
2623 1830 2701 1903 1.]
2732 1831 2883 1887 Tune
2930 1832 3142 1886 tradent
3181 1846 3276 1886 vos
3312 1832 3365 1885 in
3412 1830 3624 1885 tribula-

337 1926 514 1989 critae,
548 1925 638 1995 qui
684 1923 963 1981 decimatis
996 1925 1298 1992 meutham,
1342 1935 1397 1982 et
1425 1926 1717 1994 anethum,
1758 1936 1813 1983 et
1852 1943 1942 1999 cy-
1972 1925 2021 1988 B
2051 1930 2275 1992 tionem,
2326 1935 2381 1983 et
2419 1926 2672 1982 occident
2721 1941 2819 1986 vos
2857 1942 2871 1981 :
2922 1934 2977 1983 et
3023 1925 3176 1981 eritis
3225 1924 3352 1981 odio
3392 1924 3642 1980 omnibus

337 2018 575 2084 mitium,
601 2026 655 2073 et
677 2018 977 2089 reliquistis
1005 2036 1125 2089 qute
1146 2022 1396 2091 graviora
1428 2032 1549 2077 sunt
1582 2020 1769 2093 chis,
1798 2021 1944 2092 judi-

342 2113 513 2179 cium,
549 2123 603 2166 et
636 2112 1095 2180 misericordiam,
1120 2124 1175 2171 et
1199 2114 1382 2170 fidem.
1418 2115 1542 2171 Haec
1579 2117 1820 2184 oportuit
1866 2115 1946 2168 fa-

338 2220 498 2275 cere,
527 2216 579 2260 et
605 2204 697 2261 illa
723 2222 831 2261 non
860 2208 1134 2263 omittere.
1163 2206 1417 2279 [ccxxxv,
1446 2208 1554 2280 10.]
1585 2209 1758 2264 Duces
1788 2210 1938 2277 cmci,

338 2298 654 2355 cxcolautes
717 2300 994 2367 culicem,
1055 2301 1321 2356 camelum
1375 2313 1553 2356 autem
1626 2301 1937 2372 glutientes.

339 2390 624 2465 [casum
666 2392 745 2465 5.]
775 2393 869 2448 Va:
907 2393 1090 2461 vobis,
1131 2394 1338 2450 Scriba:
1376 2402 1430 2449 et
1467 2395 1726 2449 Pharisaei
1772 2395 1943 2466 hypo-

339 2488 513 2553 Critac,
542 2488 665 2558 quia
695 2488 969 2543 mundatis
1007 2489 1151 2559 quod
1189 2487 1391 2544 deforis
1425 2498 1507 2544 est
1546 2490 1729 2545 calicis
1759 2500 1813 2545 et
1848 2504 1942 2560 pa-

336 2580 575 2651 ropsidis
617 2598 631 2635 :
678 2580 822 2636 intus
861 2591 1040 2637 autem
1076 2582 1218 2652 pleni
1244 2584 1376 2638 estis
1398 2582 1583 2653 rapina
1617 2590 1672 2639 et
1704 2584 1940 2638 immun-

338 2674 493 2731 ditia.
520 2676 796 2732 Pbarisme
823 2692 989 2745 caece,
1036 2678 1235 2733 munda
1272 2680 1451 2749 prius,
1488 2680 1631 2750 quod
1677 2680 1821 2735 intus
1856 2690 1938 2737 est

337 2768 527 2823 calicis
570 2778 625 2824 et
668 2770 1011 2840 paropsidis,
1043 2781 1098 2825 ut
1143 2770 1233 2827 fiat
1278 2772 1352 2838 id,
1392 2772 1536 2843 quod
1587 2772 1791 2829 deforis
1831 2782 1933 2841 est,

337 2861 625 2917 mundum.
657 2862 954 2935 [ccxxxvu,
986 2861 1065 2932 5.]
1092 2863 1183 2918 Va:
1221 2865 1398 2931 vobis,
1431 2864 1638 2921 Scribat
1670 2876 1725 2922 et
1752 2867 1940 2922 Phari-

339 2957 434 3011 smi
467 2955 767 3029 hypocrita:
801 2975 810 3009 :
840 2958 964 3027 quia
1006 2958 1212 3013 similes
1242 2960 1378 3015 estis
1411 2959 1677 3029 sepulcris
1718 2959 1938 3015 dealba-

338 3048 435 3114 tis,
462 3064 586 3119 quae
610 3049 777 3104 aforis
802 3058 989 3119 parent
1017 3050 1331 3107 hominibus
1357 3054 1625 3122 speciosa,
1643 3055 1784 3107 intus
1808 3069 1936 3109 vero

336 3144 499 3215 plena
544 3154 669 3199 sunt
708 3146 923 3201 ossibus
964 3156 1325 3213 mortuorum,
1360 3155 1415 3202 et
1452 3148 1598 3201 omni
1646 3147 1933 3218 spurcitia.

340 3238 432 3294 Sic
464 3249 517 3293 et
554 3253 652 3294 vos
691 3238 857 3294 aforis
898 3239 1113 3311 quidem
1157 3241 1357 3311 paretis
1400 3239 1712 3297 hominibus
1759 3241 1933 3311 justi:

2045 2021 2303 2091 gentibus
2329 2028 2551 2091 propter
2574 2034 2769 2075 nomen
2801 2034 3004 2075 meum.
3038 2020 3247 2091 [ccxcv,
3284 2016 3398 2090 10.]
3422 2019 3488 2073 Et
3516 2025 3642 2072 tuno

2046 2113 2559 2168 scantlalizabuntur
2588 2112 2765 2179 multi,
2802 2123 2855 2166 et
2898 2112 3135 2167 invicem
3169 2110 3404 2176 tradent,
3434 2118 3489 2165 et
3516 2108 3642 2163 odio

2046 2206 2320 2263 habebunt
2343 2206 2596 2262 invicem.
2627 2206 2690 2261 Et
2712 2206 2863 2261 multi
2890 2204 3378 2277 psettdoprOphette
3392 2210 3637 2274 surgent,

2043 2310 2097 2358 et
2124 2303 2387 2358 seducent
2408 2303 2630 2358 multos.
2658 2303 2723 2357 Et
2751 2302 3006 2374 quoniam
3030 2300 3333 2356 abundavit
3357 2298 3639 2369 iniquitas,

2044 2398 2363 2470 refrigescet
2406 2398 2644 2454 charitas
2686 2400 3001 2454 multorum.
3046 2398 3150 2466 Qui
3179 2408 3358 2453 autem
3390 2410 3642 2467 perseve-

2044 2493 2253 2548 raverit
2281 2506 2451 2562 usque
2471 2491 2524 2547 in
2548 2489 2734 2558 ﬁnem,
2758 2491 2843 2545 hic
2865 2491 3048 2545 salvus
3072 2491 3193 2545 erit.
3225 2491 3456 2563 [ccum
3477 2488 3555 2559 6.]
3578 2490 3641 2544 Et

2044 2585 2427 2654 przedicabitur
2448 2584 2551 2640 hoc
2575 2585 2932 2654 Evangelium
2955 2584 3100 2654 regni
3128 2584 3179 2637 in
3203 2583 3461 2638 universo
3482 2581 3635 2647 orbe,

2044 2681 2095 2735 in
2145 2678 2515 2733 testimonium
2562 2678 2817 2734 omnibus
2865 2677 3117 2749 gentibus
3150 2691 3163 2730 :
3196 2686 3250 2731 et
3292 2686 3418 2731 tunc
3456 2675 3640 2729 veniet

2041 2774 2455 2831 consummatio.
2474 2773 2820 2848 [ccxcvtt,6.]
2842 2772 2975 2829 Cum
3000 2789 3128 2845 ergo
3156 2772 3404 2828 videritis
3431 2771 3637 2827 abomi-

2042 2871 2310 2927 nationem
2343 2869 2713 2937 desolationis,
2748 2884 2866 2940 qua}
2901 2868 3038 2923 dicta
3080 2876 3165 2922 est
3192 2880 3221 2921 a
3259 2866 3476 2921 Daniele
3506 2878 3636 2935 pro-

2040 2964 2221 3035 pheta,
2255 2972 2484 3018 stantem
2525 2962 2577 3016 in
2612 2961 2733 3016 loco
2777 2971 2986 3027 sancto,
3020 2959 3111 3030 qui
3146 2959 3293 3030 legit,
3321 2957 3587 3028 intelligat
3619 2975 3645 3012 τη

2043 3058 2317 3131 [ccxr.vm,
2364 3055 2444 3129 2.]
2487 3067 2613 3112 tunc
2663 3055 2753 3125 qui
2800 3055 2853 3108 in
2893 3054 3077 3109 .ludcca
3114 3062 3273 3119 sunt,
3318 3051 3522 3122 fugiant
3568 3048 3634 3105 ad

2038 3157 2251 3206 montes
2276 3166 2289 3203 :
2314 3159 2366 3205 et
2395 3150 2483 3221 qui
2508 3150 2561 3204 in
2585 3157 2746 3214 tecto,
2781 3162 2886 3203 non
2910 3145 3201 3203 descendat
3224 3145 3411 3200 tollere
3434 3143 3634 3213 aliquid

2038 3245 2107 3300 de
2135 3245 2296 3300 domo
2323 3258 2419 3299 sua
2454 3252 2544 3299 :et
2568 3242 2658 3314 qui
2690 3242 2741 3296 in
2772 3256 2925 3312 agro,
2972 3255 3076 3295 non
3119 3246 3421 3294 revertatur
3450 3238 3637 3293 tollere

337 3331 488 3385 intus
530 3340 712 3387 autem
770 3333 915 3403 pleni
971 3334 1103 3389 estis
1169 3333 1443 3406 hypocrisi
1514 3344 1568 3389 et
1628 3335 1930 3405 iniquitate.
1960 3330 2004 3393 C
2040 3337 2273 3393 tunicam
2306 3352 2480 3392 suam.
2517 3336 2749 3409 [cchtx,
2781 3334 2861 3406 2.]
2894 3334 2986 3389 Vae
3018 3344 3195 3389 autem
3230 3331 3637 3403 praegnantibus

342 3423 660 3495 [ccxxxvun
688 3426 765 3497 5.]
800 3425 892 3480 Va:
923 3426 1076 3481 vobis
1096 3468 1109 3493 ,
1143 3426 1349 3482 Scriba:
1378 3437 1429 3481 et
1471 3427 1727 3482 Pharisa-i
1757 3428 1932 3500 hypo-

338 3521 515 3586 crita),
538 3520 629 3589 qui
661 3520 946 3575 aediﬁcatis
977 3522 1225 3591 sepulcra
1250 3522 1667 3592 prophetarum,
1692 3531 1747 3577 et
1776 3537 1936 3578 orna-

334 3613 408 3667 tis
431 3624 784 3668 monumenta
815 3613 1108 3683 justorum,
1142 3625 1198 3671 et
1220 3615 1398 3670 dicitis
1429 3632 1442 3670 :
1475 3615 1530 3670 Si
1563 3615 1850 3671 fuissemus
1883 3618 1933 3672 in

335 3704 532 3760 diebus
548 3714 761 3776 patrum
783 3714 1113 3775 nostrorum,
1135 3723 1239 3762 non
1260 3722 1505 3763 essemus
1522 3708 1654 3762 socii
1670 3722 1859 3763 eorum
1878 3710 1929 3765 in

334 3799 606 3869 sanguine
621 3800 1032 3871 prophetarum.
1050 3801 1235 3872 Itaque
1261 3801 1573 3857 testimonio
1596 3803 1728 3857 estis
1749 3803 1933 3859 vobis-

336 3890 608 3961 metipsis,
630 3894 759 3963 quia
778 3891 869 3945 ﬁlii
895 3893 1025 3948 estis
1048 3909 1259 3960 eorum,
1281 3894 1373 3964 qui
1396 3893 1699 3965 PrOphetas
1718 3896 1933 3951 occide-

334 3993 483 4039 runt.
513 3984 917 4057 ιεοκχχιχβο]
944 3986 1007 4041 Et
1027 4002 1123 4041 vos
1141 3986 1361 4058 implete
1384 4000 1691 4041 mensuram
1716 3995 1931 4057 patrum

333 4086 669 4132 vestrorum.
696 4077 990 4150 Serpentes
1019 4080 1291 4150 genimina
1316 4080 1934 4151 viperarum,quomodo

332 4169 557 4241 fugietis
585 4186 614 4226 a
637 4170 845 4240 judicio
875 4172 1177 4243 gehennae?
1208 4172 1383 4244 fec“,
1412 4172 1489 4244 5.]
1522 4172 1647 4228 Ideo
1673 4187 1803 4229 ecce
1831 4187 1933 4243 ego

332 4264 492 4318 mitto
515 4264 582 4317 ad
613 4278 707 4321 vos
737 4264 1069 4335 Prophetas,
1105 4274 1159 4321 et
1188 4266 1492 4335 sapientes,
1526 4276 1581 4322 et
1608 4266 1849 4334 scribas,
1878 4274 1933 4323 et

332 4371 399 4413 ex
427 4357 537 4412 illis
569 4358 854 4426 occidetis,
885 4367 940 4414 et
980 4358 1333 4429 cruciﬁgetis,
1379 4369 1435 4414 et
1469 4374 1535 4414 ex
1577 4360 1655 4415 eis
1693 4359 1933 4431 ﬂagella-

330 4450 463 4507 bitis
497 4453 551 4504 in
582 4450 881 4524 Synagogis
911 4452 1141 4519 vestris,
1174 4461 1227 4507 et
1258 4452 1657 4523 persequemini
1689 4453 1756 4507 de
1795 4453 1930 4507 civi-

333 4551 448 4599 tate
488 4546 542 4598 in
588 4544 909 4599 civitatem:
943 4554 1002 4599 ut
1045 4544 1228 4599 veniat
1268 4560 1429 4615 super
1458 4558 1554 4600 vos
1596 4544 1772 4599 omnis
1808 4559 1933 4601 san-

330 4638 451 4708 guis
473 4638 675 4707 juStus,
707 4638 800 4709 qui
826 4638 1031 4693 eﬁ‘usus
1061 4646 1147 4693 est
1170 4652 1330 4708 super
1361 4646 1583 4705 terram,
1614 4652 1644 4692 a
1668 4639 1932 4708 sanguine

2037 3442 2090 3489 et
2124 3433 2491 3488 nutrientibus
2520 3433 2571 3487 in
2606 3431 2712 3487 illis
2737 3430 2950 3487 diebus.
2983 3430 3119 3503 [ceL,
3144 3427 3221 3498 6.]
3243 3428 3408 3483 Orate
3433 3437 3637 3493 autem,

2038 3536 2096 3580 ut
2152 3540 2255 3582 non
2317 3524 2404 3581 ﬁat
2467 3525 2584 3593 fuga
2639 3536 2819 3579 vestra
2874 3523 2927 3578 in
2981 3522 3196 3595 hyeme,
3254 3521 3337 3576 vel
3389 3520 3636 3576 sabbato.

2037 3618 2196 3690 [ccu,
2221 3617 2301 3689 2.]
2332 3615 2450 3672 Erit
2470 3617 2611 3671 enim
2645 3626 2771 3670 tunc
2795 3615 3067 3670 tribulatio
3095 3628 3305 3683 magna,
3331 3612 3504 3683 qualis
3528 3627 3633 3666 non

2036 3711 2135 3766 fuit
2161 3711 2229 3766 ab
2260 3711 2412 3765 initio
2453 3709 2637 3763 mundi
2674 3722 2844 3777 usque
2878 3706 3060 3771 modo,
3093 3721 3267 3777 neque
3292 3705 3404 3761 ﬁet.
3440 3704 3628 3776 [cet.u,

2036 3802 2114 3874 6.]
2148 3804 2209 3858 Et
2238 3803 2341 3857 nisi
2375 3800 2597 3857 breviati
2630 3799 2863 3854 fuissent
2890 3798 3008 3853 dies
3036 3798 3135 3864 illi,
3166 3811 3268 3851 non
3302 3795 3459 3851 ﬁeret
3488 3796 3633 3849 salva

2035 3898 2213 3953 omnis
2242 3911 2370 3953 caro
2401 3912 2415 3952 :
2443 3894 2537 3951 sed
2570 3904 2788 3965 propter
2832 3892 3037 3948 electos
3082 3889 3477 3946 breviabuntur
3517 3888 3635 3943 dies

2034 3993 2114 4049 illi
2139 3992 2339 4066 [ccum
2367 3990 2447 4063 2.]
2476 3989 2630 4045 Tunc
2656 3988 2701 4044 si
2747 3987 2868 4059 quis
2903 3986 3059 4041 vobis
3088 3982 3285 4039 dixerit
3318 4000 3332 4037 :
3366 3982 3507 4037 Ecce
3548 3980 3635 4037 hic

2035 4096 2119 4142 est
2162 4084 2432 4148 Christus,
2481 4091 2574 4137 aut
2618 4081 2751 4148 illic,
2807 4080 2978 4134 nolite
3024 4076 3268 4133 credere.
3316 4074 3522 4147 [ceuv,
3554 4072 3634 4145 6.]

2035 4179 2271 4249 Surgent
2299 4176 2443 4233 enim
2473 4173 2895 4246 pseudochristi,
2925 4180 2980 4227 et
3018 4168 3509 4242 pseudopropheta:
3538 4183 3553 4221 :
3582 4176 3637 4222 et

2034 4274 2243 4329 dabunt
2285 4272 2436 4342 signa
2467 4285 2683 4341 magna,
2725 4278 2781 4324 et
2814 4266 3079 4338 prodigia,
3114 4268 3187 4320 ita
3221 4272 3280 4319 ut
3310 4265 3361 4318 in
3394 4276 3635 4318 errorem

2036 4366 2365 4422 inducantur
2398 4365 2465 4436 (si
2505 4362 2623 4420 ﬁeri
2667 4360 2870 4433 petest)
2899 4361 3060 4417 etiam
3105 4359 3287 4416 electi.
3332 4357 3471 4412 Ecce
3502 4370 3641 4425 prat-

2035 4461 2143 4515 dixi
2172 4459 2341 4515 vobis.
2376 4460 2550 4532 [cccv,
2579 4456 2661 4530 5.]
2690 4458 2746 4513 Si
2774 4471 2904 4527 ergo
2932 4454 3171 4511 dixerint
3191 4453 3346 4509 vobis
3376 4470 3389 4507 :
3419 4453 3559 4507 Ecce
3585 4452 3639 4507 in

2036 4554 2255 4609 deserto
2284 4562 2393 4618 est,
2425 4552 2594 4605 nolite
2624 4550 2774 4606 exire
2804 4568 2815 4603 :
2849 4563 2978 4605 ecce
3010 4548 3063 4602 in
3107 4545 3511 4617 penetralibus,
3542 4559 3642 4599 no-

2038 4648 2131 4702 lite
2176 4646 2421 4701 credere.
2454 4644 2650 4716 [cccvr,
2696 4641 2778 4715 5.]
2822 4642 2975 4699 Sicut
3011 4640 3154 4697 enim
3206 4639 3383 4710 fulgur
3412 4638 3527 4692 exit
3570 4636 3637 4692 ab

331 4731 468 4786 Abel
492 4731 628 4801 jUSti
661 4746 835 4800 uSque
863 4732 930 4787 ad
961 4732 1277 4802 sanguinem
1310 4731 1606 4798 Zachariae,
1639 4732 1736 4786 lilii
1762 4732 1928 4787 Bara-
1958 4729 2008 4790 D
2037 4740 2273 4807 oriente,
2303 4746 2357 4793 et
2403 4748 2557 4807 paret
2603 4751 2772 4807 usque
2816 4735 2870 4790 in
2915 4733 3253 4789 occidentem
3286 4751 3297 4785 :
3328 4732 3401 4786 ita
3440 4730 3543 4786 erit
3584 4738 3641 4785 et

330 4822 490 4891 Chiae,
519 4840 679 4893 quem
704 4824 981 4881 occidistis
1007 4827 1145 4881 inter
1178 4827 1434 4896 templum
1458 4834 1512 4881 et
1533 4825 1723 4881 altare.
1755 4826 1927 4881 Amen

331 4916 455 4973 dico
500 4919 697 4987 vobis,
750 4920 972 4976 venient
1021 4922 1137 4977 haec
1189 4923 1373 4976 omnia
1427 4936 1591 4989 super
1628 4921 1933 4992 generatio-

328 5028 456 5069 nem
499 5013 682 5068 istam.
717 5012 929 5087 [ccxu,
976 5014 1058 5088 5.]
1098 5016 1426 5083 Jerusalem,
1459 5015 1777 5081 Jerusalem,
1809 5030 1932 5086 quas

329 5108 540 5165 occidis
587 5108 918 5180 Prophetas,
973 5118 1029 5166 et
1072 5110 1279 5181 lapidas
1327 5126 1422 5166 eos
1449 5112 1537 5181 qui
1570 5112 1636 5165 ad
1682 5122 1733 5168 te
1780 5112 1931 5167 missi

331 5216 481 5269 sunt,
534 5205 746 5276 quoties
791 5205 934 5260 volui
984 5220 1316 5278 congregare
1356 5206 1495 5261 ﬁlios
1539 5217 1678 5271 tuos,
1733 5222 1925 5278 quem-

327 5298 625 5353 admodum
663 5299 859 5370 gallina
905 5310 1197 5371 congregat
1239 5299 1420 5371 pullos
1466 5316 1594 5355 suos
1622 5300 1722 5355 sub
1772 5303 1922 5369 alas,

329 5403 386 5449 et
434 5394 700 5450 noluisti?
753 5395 891 5451 Ecce
944 5397 1279 5466 relinquetur
1322 5396 1474 5451 vobis
1521 5396 1716 5451 domus
1746 5405 1927 5453 vestra

330 5487 573 5542 deserta.
617 5488 747 5542 Dico
777 5489 919 5543 enim
951 5489 1126 5557 vobis,
1160 5504 1265 5545 non
1296 5504 1382 5545 me
1412 5489 1663 5545 videbitis
1695 5490 1924 5556 amodo,

328 5580 509 5635 donec
550 5578 742 5634 dicatis
791 5597 802 5636 :
851 5580 1175 5637 Benedictus
1204 5621 1220 5651 ,
1267 5583 1359 5653 qui
1402 5582 1551 5638 venit
1603 5582 1657 5637 in
1709 5583 1929 5639 nomine

329 5671 578 5727 Domini.

404 5769 562 5840 [ϐαρ.
587 5767 780 5836 XXIV,
812 5784 1009 5838 CCXLI],
1040 5770 1123 5845 2.]
1149 5772 1213 5828 Et
1241 5786 1489 5844 egressus
1519 5771 1677 5829 Jesus
1704 5772 1770 5829 de
1799 5781 1932 5829 tetu-

331 5864 425 5935 plo
457 5864 594 5918 ibat.
623 5865 691 5919 Et
724 5875 1082 5922 accesserunt
1122 5866 1371 5937 discipuli
1414 5869 1552 5936 ejus,
1583 5876 1643 5923 ut
1678 5868 1933 5924 ostende-

335 5966 461 6019 rent
489 5960 539 6015 ei
565 5958 955 6019 aediﬁcationes
987 5961 1194 6035 templi.
1224 5961 1344 6033 Ipse
1374 5969 1554 6019 autem
1597 5960 1931 6033 respondens

2040 4833 2304 4888 adventus
2333 4831 2455 4887 Filii
2482 4830 2736 4885 hominis.
2766 4827 3081 4902 [ccmtt,5.]
3106 4828 3445 4897 Ubicumque
3475 4823 3639 4879 fuerit

2039 4945 2254 4999 corpus,
2286 4928 2397 4984 illic
2428 4927 2907 4999 congregabuntur
2948 4935 3000 4982 et
3034 4925 3248 4996 aquilae.
3284 4920 3524 4994 [conn],
3555 4917 3637 4990 2.]

2040 5024 2237 5079 Statim
2262 5030 2441 5078 autem
2466 5030 2590 5093 post
2620 5021 3027 5077 tribulationem
3054 5020 3264 5074 dierum
3291 5015 3529 5079 illorum,
3557 5011 3637 5066 sol

2041 5118 2441 5185 obscurabitur,
2487 5125 2538 5171 et
2587 5116 2711 5171 luna
2763 5130 2868 5170 non
2913 5113 3063 5168 dabit
3110 5112 3293 5166 lumen
3342 5124 3538 5177 suum,
3586 5116 3641 5162 et

2039 5211 2213 5268 stellm
2242 5210 2439 5266 cadent
2465 5209 2533 5265 de
2563 5211 2736 5275 coelo,
2771 5218 2825 5265 et
2854 5209 3083 5263 virtutes
3109 5205 3370 5261 etnlorum
3397 5216 3641 5259 commo-

2035 5306 2303 5360 vebuntur
2332 5321 2344 5357 :
2374 5314 2429 5359 et
2476 5314 2602 5359 luuc
2649 5304 2861 5375 parebit
2898 5303 3107 5373 signum
3144 5301 3265 5356 Filii
3299 5300 3533 5356 hominis
3581 5300 3634 5354 in

2037 5399 2222 5455 caelo:
2266 5399 2464 5472 [δείλῃ
2510 5398 2590 5470 2.]
2639 5407 2693 5455 et
2741 5410 2865 5453 tunc
2915 5398 3175 5468 plangcnt
3219 5411 3410 5452 omnes
3465 5395 3635 5450 tribus

2040 5500 2243 5547 terrm:
2290 5501 2343 5547 et
2391 5490 2649 5546 videbunt
2698 5490 2890 5546 Filium
2943 5491 3179 5547 hominis
3227 5493 3535 5547 venientem
3581 5491 3634 5544 in

2040 5585 2273 5640 nubibus
2312 5585 2437 5640 (εωιὶ
2478 5600 2605 5640 cum
2651 5586 2850 5640 virtute
2899 5586 3088 5655 multa,
3133 5595 3187 5642 et
3229 5586 3533 5658 majestate.
3569 5587 3638 5642 Et

2040 5678 2218 5733 mittet
2249 5678 2472 5748 angelos
2498 5692 2626 5733 suos
2666 5693 2789 5734 eum
2841 5680 2991 5747 tuba,
3040 5686 3096 5735 et
3134 5693 3270 5735 voce
3315 5695 3507 5750 magna
3541 5698 3553 5733 :
3584 5688 3638 5734 et

2040 5771 2450 5843 eongregabunt
2491 5772 2696 5829 electos
2730 5773 2850 5844 ejus
2880 5789 2905 5827 a
2935 5782 3165 5844 quatuor
3193 5773 3387 5840 ventis,
3427 5790 3453 5825 a
3487 5788 3636 5827 sum-

2042 5864 2145 5919 mis
2175 5864 2441 5921 coelorum
2490 5879 2661 5936 usque
2688 5865 2756 5921 ad
2798 5865 3059 5921 terminos
3089 5880 3300 5922 eorum.
3331 5866 3413 5922 Ab
3442 5866 3638 5921 arbore

2039 5969 2223 6038 autem
2266 5961 2352 6022 ﬁci
2384 5961 2574 6023 discite
2606 5963 2919 6051 parabolatn
2955 5981 2967 6020 :
2996 5978 3119 6020 eum
3145 5963 3258 6035 jam
3295 5977 3483 6025 ramus
3522 5963 3641 6051 ejus
