4036 6326
539 402 645 462 575

1546 401 1603 462 S.
1647 400 2033 460 HIERONYMI
2075 400 2305 460 DIVINA
2345 400 2818 462 BIBLIOTHECA.

3695 409 3785 470 576

544 528 699 575 tener
746 514 931 587 fuerit,
979 524 1036 573 et
1091 514 1220 581 folia
1271 525 1419 585 nata,
1468 514 1622 572 scitis
1675 516 1799 587 quia
1850 529 2015 588 prope
2061 524 2143 571 est
2171 516 2385 578 Aram.
2448 516 2683 588 [ccum
2713 515 2795 589 2.]
2845 514 2998 573 Sicut
3042 516 3186 572 enim
3230 515 3392 573 homo
3420 531 3633 591 peregre
3652 521 3794 592 profl-

553 621 717 671 aastas
750 631 763 667 :
798 612 869 668 ita
898 622 955 669 et
989 627 1087 668 vos
1119 626 1242 668 cum
1270 610 1518 668 videritis
1559 610 1677 667 haec
1705 610 1911 679 omnia,
1950 609 2143 666 scitote

552 707 674 780 quia
702 722 872 780 prope
897 714 984 764 est
1011 707 1069 762 in
1092 705 1293 779 januis.
1328 706 1500 763 Amen
1524 704 1646 761 dico
1674 704 1848 770 vobis,
1877 703 2004 775 quia
2033 717 2139 757 non

547 798 851 869 przeteribit
897 799 1182 869 generatio
1212 797 1362 868 haec,
1396 796 1573 853 donec
1611 794 1792 851 omnia
1834 795 1947 850 haec
1989 794 2139 850 fiant.

548 889 759 947 Caelum
792 899 846 947 et
872 898 1015 947 terra
1066 890 1395 955 transibunt,
1434 889 1599 946 verba
1642 898 1823 944 autem
1868 903 1987 943 mea
2034 902 2141 943 non

559 984 939 1053 praeteribunt.
985 982 1165 1057 [cccx,
1199 982 1275 1056 6.]
1316 984 1393 1040 De
1432 982 1522 1039 die
1560 991 1738 1037 autem
1784 983 1871 1037 illa
1914 992 1970 1037 et
2012 984 2143 1037 hora

547 1091 711 1133 nemo
737 1076 863 1143 scit,
896 1092 1072 1149 neque
1094 1078 1273 1147 angeli
1309 1077 1598 1145 cartorum,
1642 1076 1747 1132 nisi
1779 1076 1929 1131 solus
1954 1074 2138 1130 Pater.

547 1169 745 1244 [(ςίιωι³
777 1170 858 1245 5.]
889 1170 1040 1227 Sicut
1066 1180 1250 1227 autem
1284 1171 1336 1227 in
1369 1171 1560 1229 diebus
1586 1171 1724 1238 Noe,
1750 1170 1823 1226 ita
1844 1171 1948 1227 erit
1972 1178 2026 1225 et
2050 1168 2146 1225 ad-

552 1273 749 1321 ventus
774 1264 893 1320 Filii
924 1264 1178 1321 hominis.
1208 1264 1360 1322 Sicut
1380 1265 1526 1319 enim
1549 1273 1710 1321 erant
1732 1265 1783 1318 in
1804 1263 1995 1319 diebus
2017 1273 2144 1317 ante

546 1358 806 1415 diluvium
829 1360 1183 1416 comedentcs
1206 1368 1263 1416 et
1280 1359 1553 1428 bibentes,
1571 1359 1858 1423 nubentes,
1874 1367 1928 1412 et
1954 1355 2143 1427 nuptui

546 1451 847 1521 tradentes,
882 1467 1053 1522 usque
1080 1455 1146 1508 ad
1177 1469 1299 1508 eum
1343 1453 1510 1521 diem,
1542 1468 1651 1524 quo
1690 1452 1912 1508 intravit
1942 1450 2057 1507 Noe
2088 1448 2145 1504 in

548 1558 758 1613 arcam,
786 1558 841 1602 et
871 1562 977 1602 non
1010 1556 1405 1618 cognoverunt,
1441 1547 1613 1600 donec
1665 1544 1812 1600 venit
1853 1543 2142 1610 diluvium,

552 1648 605 1695 et
636 1638 760 1694 tulit
798 1653 990 1695 omnes
1033 1656 1047 1695 :
1087 1641 1161 1696 ita
1196 1641 1303 1696 erit
1340 1649 1395 1696 et
1430 1640 1695 1694 adventus
1722 1636 1846 1693 Filii
1879 1634 2141 1690 hominis.

551 1732 773 1807 [ccum
806 1732 886 1807 5.]
918 1733 1071 1790 Tunc
1100 1735 1207 1790 duo
1237 1744 1399 1789 erunt
1427 1734 1480 1789 in
1511 1748 1643 1804 agro
1677 1750 1692 1787 :
1727 1745 1867 1787 unus
1902 1743 2146 1785 assume-

548 1835 658 1891 tur,
691 1834 747 1881 et
784 1840 924 1881 unus
971 1826 1331 1896 relinquetur.
1378 1825 1507 1880 Duae
1544 1824 1813 1879 molcntes
1845 1822 1898 1875 in
1944 1818 2087 1875 mola
2128 1835 2141 1872 :

2245 610 2477 677 ciscens,
2519 610 2735 667 vocavit
2776 626 2968 666 servos
3019 626 3168 681 suos,
3201 620 3255 667 et
3283 611 3497 668 tradidit
3543 614 3639 669 illis
3667 615 3790 673 bona

2246 720 2382 760 sua:
2417 703 2638 778 [cccxx,
2672 703 2751 777 5.]
2804 706 2870 760 Et
2906 706 2998 762 uni
3029 706 3180 763 dedit
3222 707 3454 778 quinque
3482 708 3688 780 talenta,
3716 711 3794 768 alii

2245 808 2426 855 autem
2447 799 2577 867 duo,
2593 798 2685 855 alii
2717 815 2845 856 vero
2868 817 3054 867 unum,
3079 802 3367 871 unicuique
3388 802 3664 859 secundum
3686 819 3790 876 pro-

2243 892 2416 963 priam
2448 893 2722 959 virtutem,
2753 901 2807 950 et
2832 893 3102 965 profectus
3133 904 3217 951 est
3237 896 3437 950 statim.
3468 894 3609 951 Abiit
3635 907 3793 955 autem

2243 984 2338 1054 qui
2363 986 2600 1056 quinque
2630 984 2829 1042 talenta
2858 996 3164 1056 acceperat,
3187 996 3244 1042 et
3262 996 3513 1057 Operatus
3537 997 3613 1044 est
3635 988 3683 1045 in
3705 990 3789 1060 eis,

2244 1088 2298 1133 et
2326 1076 2564 1132 lucratus
2593 1087 2679 1134 est
2706 1078 2811 1133 alia
2839 1079 3100 1151 quinque.
3128 1079 3394 1136 Similiter
3413 1091 3466 1136 et
3485 1082 3570 1152 qui
3597 1082 3695 1138 duo
3716 1099 3792 1138 ac-

2244 1184 2484 1243 ceperat,
2520 1173 2759 1229 lucratus
2780 1184 2861 1229 est
2887 1174 2991 1229 alia
3016 1174 3145 1230 duo.
3177 1175 3281 1244 Qui
3304 1184 3482 1231 autem
3532 1192 3682 1232 unum
3718 1193 3794 1233 ac-

2246 1281 2487 1341 ceperat,
2520 1270 2707 1328 abiens
2750 1269 2889 1327 fodit
2920 1272 2972 1325 in
3006 1281 3229 1339 terram,
3256 1281 3311 1327 ct
3338 1271 3614 1328 abscondit
3657 1288 3793 1344 pecu-

2245 1364 2388 1417 niam
2433 1362 2636 1418 domini
2683 1363 2788 1419 sui.
2821 1363 2949 1420 Post
2978 1365 3206 1420 multum
3237 1380 3367 1421 vero
3400 1367 3647 1436 temporis
3673 1368 3797 1423 venit

2244 1456 2496 1513 dominus
2528 1472 2808 1514 servorum
2841 1459 3081 1524 illorum,
3112 1469 3168 1515 et
3198 1460 3379 1529 posuit
3406 1461 3658 1516 rationem
3694 1476 3796 1517 cum

2246 1551 2345 1606 eis.
2377 1551 2443 1606 Et
2489 1550 2755 1607 accedens
2782 1552 2874 1623 qui
2903 1553 3142 1623 quinque
3170 1552 3377 1608 talenta
3405 1563 3691 1623 acceperat,
3720 1555 3802 1610 ob-

2249 1642 2368 1697 tulit
2402 1642 2504 1697 alia
2527 1646 2763 1715 quinque
2812 1643 3032 1714 talenta,
3060 1644 3250 1699 dicens
3279 1662 3293 1698 :
3325 1644 3571 1713 Domine,
3598 1646 3801 1716 quinque

2248 1735 2451 1792 talenta
2477 1736 2745 1792 tradidisti
2776 1736 2930 1805 mihi,
2956 1751 3085 1793 ecce
3106 1737 3209 1792 alia
3232 1738 3473 1809 quinque
3497 1738 3804 1809 superlucra-

2249 1838 2334 1883 tus
2360 1844 2501 1883 sum.
2533 1830 2619 1884 Ait
2644 1829 2719 1884 illi
2748 1828 3002 1885 dominus
3027 1830 3147 1899 ejus
3181 1848 3194 1885 :
3221 1830 3395 1902 Euge,
3439 1847 3591 1887 serve
3616 1830 3741 1886 bone
3759 1839 3806 1887 et

553 1934 659 1975 una
704 1930 1035 1987 assumetur,
1081 1928 1136 1976 et
1173 1936 1281 1975 una
1323 1920 1686 1990 relinquetur.
1731 1925 1757 1954 ι
1790 1916 2029 1990 [οειςιιῃ
2062 1912 2144 1987 6.]
2177 1905 2225 1968 Β
2252 1922 2449 1991 lidelis,
2483 1924 2605 1995 quia
2648 1940 2810 1995 super
2841 1940 3006 1995 pauca
3057 1923 3207 1980 fuisti
3253 1924 3451 1995 ﬁdelis,
3485 1940 3640 1995 super
3662 1924 3804 1980 multa

547 2013 781 2085 Vigilate
806 2032 959 2088 ergo,
989 2016 1115 2087 quia
1156 2016 1376 2073 nescitis
1396 2030 1501 2085 qua
1529 2014 1662 2070 hora
1689 2014 1948 2070 Dominus
1968 2020 2148 2068 vester

549 2117 813 2165 venturus
841 2111 933 2164 sit.
972 2110 1206 2184 [cccxtv,
1244 2108 1325 2182 2.]
1362 2108 1500 2164 Illud
1538 2117 1718 2164 autem
1757 2106 1973 2172 scitote,
2014 2119 2146 2176 quo-

546 2202 691 2259 niam
728 2203 775 2260 si
815 2203 981 2260 sciret
1023 2204 1409 2275 paterfamilias
1443 2219 1545 2275 qua
1584 2202 1715 2258 hora
1756 2200 1843 2256 fur
1885 2210 2147 2256 venturus

548 2306 717 2365 esset,
745 2296 994 2367 vigilaret
1013 2297 1221 2368 utique,
1253 2306 1308 2353 et
1338 2312 1448 2352 non
1469 2296 1669 2351 sineret
1702 2292 2145 2366 perfodidomum

548 2407 729 2448 suam.
758 2389 890 2448 Ideo
917 2401 975 2448 et
1017 2406 1115 2447 vos
1154 2400 1331 2447 estote
1373 2391 1542 2462 parati
1575 2409 1586 2445 :
1617 2389 1741 2460 quia
1779 2403 1882 2459 qua
1927 2387 2150 2443 nescitis

549 2486 682 2541 hora
721 2484 867 2540 filius
908 2485 1145 2541 hominis
1184 2493 1447 2540 venturus
1484 2491 1589 2540 est.
1627 2482 1843 2557 [cccxv,
1873 2480 1953 2555 5.]
1992 2480 2146 2550 Quis,

546 2586 726 2651 putas,
758 2586 843 2633 est
867 2576 1044 2633 fidelis
1072 2590 1286 2643 servus,
1312 2586 1369 2631 et
1393 2574 1654 2645 prudens,
1678 2590 1838 2646 quem
1865 2572 2151 2630 constituit

546 2670 804 2727 dominus
834 2684 970 2725 suus
999 2683 1165 2740 super
1194 2666 1454 2723 familiam
1496 2682 1649 2723 suam
1669 2709 1683 2732 ,
1717 2676 1776 2723 ut
1818 2667 1909 2723 det
1940 2667 2048 2723 illis
2073 2667 2151 2723 ci-

550 2764 681 2821 bum
724 2764 779 2819 in
809 2762 1102 2834 tempore?
1139 2760 1376 2835 [ccum
1425 2761 1507 2833 5.]
1550 2759 1748 2817 Beatus
1792 2759 1885 2816 ille
1932 2774 2146 2827 servus,

549 2875 713 2933 quem
754 2873 877 2916 cum
919 2858 1133 2915 venerit
1166 2856 1417 2913 dominus
1466 2856 1605 2926 ejus,
1643 2855 1912 2912 invenerit
1950 2854 2031 2911 sic
2070 2853 2151 2909 fa-

553 2955 810 3012 cientem.
857 2952 1032 3011 Amen
1077 2952 1200 3008 dico
1245 2952 1423 3018 vobis,
1472 2950 1727 3022 quoniam
1768 2964 1930 3017 super
1969 2948 2148 3004 omnia

557 3049 699 3105 bona
748 3063 844 3105 sua
894 3046 1191 3104 constituet
1242 3062 1389 3101 eum.
1439 3044 1695 3117 [cccxvm
1742 3043 1822 3117 5.]
1859 3043 1914 3099 Si
1964 3052 2146 3099 autem

550 3144 753 3201 dixerit
781 3142 957 3199 malus
986 3155 1176 3197 servus
1204 3141 1296 3197 ille
1325 3140 1381 3195 in
1409 3138 1575 3195 corde
1609 3152 1708 3194 suo
1742 3137 1986 3193 :Moram
2020 3136 2149 3191 facit

548 3236 807 3293 dominus
829 3250 982 3291 meus
1006 3234 1194 3290 venire
1227 3252 1239 3289 :
1272 3240 1327 3289 et
1350 3232 1581 3303 cmperit
1610 3241 1895 3303 percutere
1924 3244 2147 3286 conser-

2253 2029 2305 2075 te
2333 2018 2654 2075 constituam
2683 2034 2699 2085 ;
2724 2019 2863 2072 intra
2892 2018 2946 2073 in
2968 2017 3221 2089 gaudium
3244 2018 3452 2074 domini
3476 2019 3571 2074 tui.
3596 2018 3807 2074 Accessit

2250 2124 2430 2169 autem
2452 2120 2507 2166 et
2533 2112 2624 2181 qui
2652 2111 2761 2166 duo
2787 2112 2987 2167 talenta
3014 2121 3321 2181 acceperat,
3350 2120 3408 2168 et
3433 2113 3507 2168 ait
3544 2130 3556 2167 :
3588 2111 3806 2177 Domine,

2250 2202 2359 2259 duo
2406 2202 2603 2257 talenta
2637 2202 2905 2259 tradidisti
2943 2204 3097 2269 mihi,
3137 2218 3268 2260 ecce
3298 2204 3406 2260 alia
3449 2204 3554 2261 duo
3603 2203 3807 2260 lucratus

2251 2310 2393 2351 sum.
2426 2296 2515 2351 Ait
2544 2295 2619 2350 illi
2652 2294 2904 2351 dominus
2926 2296 3044 2366 ejus
3079 2313 3092 2350 :
3127 2296 3295 2368 Euge,
3333 2311 3494 2353 serve
3523 2296 3657 2352 bone
3681 2305 3728 2351 et
3750 2294 3804 2350 ti-

2251 2389 2410 2457 delis,
2442 2388 2567 2459 quia
2593 2404 2758 2460 super
2785 2403 2953 2459 pauca
2980 2388 3126 2445 fuisti
3169 2390 3368 2459 fidelis,
3410 2407 3570 2462 super
3593 2391 3740 2446 multa
3764 2400 3805 2445 te

2251 2483 2609 2549 constituam;
2644 2481 2784 2537 intra
2829 2483 2882 2538 in
2911 2483 3165 2552 gaudium
3197 2483 3406 2540 domini
3434 2485 3527 2539 tui.
3560 2484 3817 2541 Accedens

2251 2584 2431 2632 autem
2465 2586 2519 2632 et
2547 2576 2635 2647 qui
2690 2591 2855 2631 unum
2906 2577 3163 2633 talentum
3212 2589 3523 2648 acceperat,
3577 2580 3685 2633 ait:
3716 2579 3806 2632 Do-

2250 2668 2419 2735 mine,
2451 2666 2564 2723 scio
2583 2668 2707 2739 quia
2735 2668 2897 2724 homo
2936 2668 3105 2723 durus
3124 2684 3205 2739 es,
3235 2670 3399 2725 metis
3422 2670 3509 2725 ubi
3538 2685 3637 2725 non
3670 2669 3808 2724 semi-

2252 2762 2415 2830 nasti,
2446 2770 2500 2818 et
2526 2777 2822 2834 congregas
2855 2761 2945 2818 tibi
2970 2778 3074 2819 non
3103 2764 3353 2833 sparsisti
3375 2782 3388 2819 :
3412 2773 3466 2820 et
3490 2765 3675 2819 timens
3694 2764 3804 2831 abii,

2250 2867 2302 2911 et
2331 2857 2588 2913 abscondi
2608 2857 2868 2914 talentum
2896 2868 3042 2914 tuum
3068 2859 3119 2913 in
3153 2870 3295 2914 terra
3319 2876 3331 2913 :
3352 2874 3479 2916 ecce
3508 2858 3663 2914 habes
3689 2855 3809 2928 quod

2252 2958 2402 3006 tuum
2427 2960 2531 3007 est.
2559 2951 2918 3021 Respondeas
2940 2962 3116 3008 autem
3141 2952 3399 3010 dominus
3427 2954 3563 3025 ejus,
3589 2953 3712 3008 dixit
3736 2952 3805 3007 ei:

2251 3046 2420 3105 Serve
2451 3047 2594 3102 male
2624 3057 2679 3102 et
2700 3047 2869 3118 piger,
2900 3047 3111 3103 sciebas
3140 3047 3268 3117 quia
3302 3058 3453 3104 meto
3493 3047 3578 3103 ubi
3609 3062 3705 3102 non
3739 3060 3811 3101 se-

2252 3140 2419 3206 mino,
2455 3149 2509 3194 et
2533 3153 2803 3210 congrego
2846 3138 2944 3193 ubi
2981 3153 3088 3193 non
3118 3139 3293 3209 sparsi
3326 3157 3339 3193 :
3371 3141 3608 3211 oportuit
3631 3154 3744 3209 ergo
3767 3145 3810 3192 te

2250 3232 2590 3289 committere
2612 3233 2893 3304 pecuniam
2919 3247 3093 3288 meam
3123 3233 3467 3301 numulariis,
3515 3241 3568 3288 et
3614 3230 3811 3287 veniens

557 3346 657 3387 vos
701 3344 850 3394 suos,
894 3329 1186 3385 manducet
1218 3335 1403 3382 autem
1435 3334 1490 3381 et
1533 3324 1681 3381 bibat
1711 3339 1832 3381 cum
1867 3322 2098 3379 ebriosis
2129 3340 2141 3378 :
2174 3293 2220 3359 ο
2251 3342 2353 3398 ego
2385 3326 2707 3394 recepissem
2743 3325 2926 3397 utique
2972 3324 3115 3396 quod
3164 3341 3344 3382 meum
3400 3334 3484 3383 est
3509 3341 3626 3382 cum
3648 3337 3805 3381 usura.

553 3424 741 3480 veniet
768 3421 1025 3478 dominus
1055 3422 1198 3477 servi
1231 3421 1403 3488 illius,
1434 3421 1488 3475 in
1522 3419 1612 3476 die
1648 3436 1752 3491 qua
1786 3435 1892 3475 non
1938 3429 2141 3490 sperat,

549 3526 606 3575 et
648 3518 779 3573 hora
819 3532 925 3587 qua
970 3515 1186 3586 ignorat
1226 3526 1328 3570 :et
1372 3513 1577 3570 dividet
1619 3529 1775 3579 eum,
1826 3524 2145 3585 partemque

549 3611 668 3682 ejus
699 3620 865 3683 ponet
890 3625 1014 3666 cum
1045 3608 1345 3682 bypocritis
1376 3626 1389 3663 :
1424 3608 1536 3664 illic
1562 3608 1667 3664 erit
1696 3607 1886 3675 fletus,
1919 3616 1975 3665 et
2015 3608 2144 3665 atri.

550 3703 653 3761 dor
676 3704 945 3762 dentium.

627 3795 964 3869 [Cap.XXV,
988 3794 1373 3869 cccxvut,i0.]
1397 3794 1549 3851 Tunc
1577 3794 1755 3851 simile
1782 3797 1885 3851 erit
1917 3809 2142 3865 regnum

544 3889 807 3947 ctelorum
831 3887 1017 3945 decem
1040 3888 1367 3959 virginibus,
1418 3903 1538 3958 qua:
1559 3887 1890 3958 accipientes
1936 3889 2143 3957 lampa-

546 3983 647 4040 des
676 3997 825 4053 suas,
865 3983 1115 4039 exierunt
1153 3982 1365 4037 obviam
1400 3995 1602 4052 sponso
1633 3993 1686 4036 et
1710 3995 1944 4051 sponsae.
1972 3979 2143 4047 Quin-

543 4092 650 4147 que
680 4084 864 4132 autem
886 4090 953 4131 ex
973 4076 1055 4130 eis
1083 4085 1237 4130 erant
1261 4073 1446 4142 fatuae,
1468 4084 1522 4130 et
1550 4073 1789 4143 quinque
1820 4073 2139 4143 prudentes.

541 4168 651 4225 Sed
683 4168 925 4239 quinque
955 4166 1139 4233 fatum,
1175 4168 1413 4238 acceptis
1454 4166 1814 4236 lampadibus,
1850 4182 1954 4220 non
1989 4182 2139 4221 sum-

545 4270 768 4332 pserunt
816 4260 996 4316 oleum
1051 4275 1233 4316 secum
1267 4279 1281 4317 :
1316 4260 1610 4330 prudentes
1639 4275 1769 4315 vero
1805 4272 2137 4330 acceperunt

542 4352 723 4409 oleunt
751 4353 805 4409 in
833 4354 977 4409 vasis
998 4354 1114 4408 suis
1151 4369 1274 4409 cum
1307 4353 1666 4423 lampadibus.
1699 4354 1905 4410 Moram
1952 4366 2137 4411 autem

540 4445 772 4501 faciente
802 4460 1025 4515 sponso,
1067 4446 1502 4502 dormitaveruut
1531 4460 1746 4515 omnes,
1794 4456 1849 4502 et
1893 4447 2137 4505 dormie-

540 4548 688 4594 runt.
733 4537 909 4594 Media
958 4548 1138 4595 autem
1181 4552 1341 4595 nocte
1378 4539 1585 4596 clamor
1627 4539 1802 4596 factus
1830 4551 1959 4597 est:
1994 4542 2135 4600 Ecce

537 4646 774 4701 sponsus
828 4632 995 4698 venit,
1049 4633 1194 4689 exite
1237 4632 1453 4689 obviam
1498 4634 1570 4690 ei.
1599 4632 1751 4689 Tunc
1777 4644 2136 4693 surrexerunt

2249 3420 2447 3477 Tollite
2472 3420 2650 3491 itaque
2672 3419 2741 3474 ab
2762 3434 2829 3475 eo
2859 3418 3355 3485 talentum,etdate
3383 3420 3436 3476 ei
3457 3420 3545 3491 qui
3575 3418 3721 3474 habet
3739 3415 3811 3471 de

2248 3528 2365 3570 cem
2400 3512 2873 3585 talenta.[cccxxt,
2895 3510 3149 3584 2.]οηιηί
3177 3512 3324 3567 enim
3350 3512 3567 3569 habenti
3598 3510 3807 3574 dabitur,

2248 3615 2304 3663 et
2336 3605 2631 3661 abundabit
2666 3606 2751 3661 :ei
2781 3613 2957 3660 autem
2989 3604 3084 3675 qui
3141 3621 3244 3660 non
3287 3603 3477 3672 habet,
3507 3616 3557 3660 et
3588 3602 3718 3674 quod
3746 3600 3811 3655 vi-

2246 3700 2406 3757 detur
2433 3700 2656 3767 habere,
2686 3700 2960 3756 auferetur
2984 3699 3052 3754 ab
3079 3714 3163 3755 eo.
3192 3698 3457 3772 [cocum
3489 3698 3566 3771 5.]
3590 3698 3649 3754 Et
3669 3696 3811 3752 inuti-

2246 3796 2351 3852 lem
2374 3810 2590 3851 servum
2619 3794 2797 3863 ejicite
2832 3795 2885 3849 in
2922 3793 3173 3850 tenebras
3202 3796 3552 3849 exteriores:
3580 3791 3681 3847 illic
3722 3788 3811 3844 erit

2244 3886 2408 3944 ﬂetus
2438 3898 2489 3943 et
2512 3887 2714 3941 stridor
2741 3886 3008 3942 dentium.
3043 3886 3317 3958 [cccxxuu
3344 3885 3462 3959 10.]
3493 3884 3622 3942 Cum
3652 3893 3809 3939 autem

2244 3978 2458 4036 venerit
2483 3978 2649 4034 Filius
2673 3978 2911 4034 hominis
2934 3980 2985 4034 in
3010 3980 3298 4049 majestate
3330 3996 3451 4047 sua,
3472 3990 3714 4036 etomnes
3736 3989 3811 4029 an-

2244 4072 2347 4142 geli
2377 4088 2499 4126 eum
2532 4087 2618 4139 eo,
2659 4081 2785 4127 tunc
2839 4071 3051 4128 sedebit
3092 4086 3253 4142 super
3292 4072 3480 4128 sedem
3536 4068 3811 4141 majestatis

2244 4182 2358 4223 sum
2392 4186 2405 4222 ε
2437 4177 2491 4221 ει
2518 4166 2997 4237 congregabunlur
3020 4176 3148 4222 ante
3179 4182 3301 4222 eum
3328 4182 3519 4222 omnes
3549 4173 3741 4236 gentes.
3764 4168 3812 4216 ει

2243 4260 2517 4329 separabit
2545 4274 2641 4315 eos
2657 4260 2726 4314 ab
2757 4259 3010 4327 invicem,
3037 4259 3178 4314 sicut
3209 4268 3397 4330 pastor
3427 4267 3669 4330 segregat
3700 4266 3810 4311 oves

2242 4355 2313 4410 ab
2337 4353 2537 4412 haedis:
2559 4363 2615 4409 et
2640 4363 2840 4410 statuet
2868 4368 3002 4409 oves
3029 4354 3245 4424 quidem
3270 4370 3299 4409 a
3328 4353 3537 4410 dextris
3560 4352 3686 4419 suis,
3719 4350 3812 4403 b.12-

2244 4447 2344 4502 dos
2372 4458 2554 4501 au'em
2595 4461 2624 4501 a
2655 4446 2909 4501 sinistris.
2943 4446 3095 4501 Tunc
3121 4446 3263 4501 dicet
3289 4461 3388 4500 rex
3419 4446 3501 4500 his
3530 4445 3618 4515 qui
3647 4459 3674 4497 a
3699 4441 3812 4495 dex-

2245 4539 2340 4595 tris
2360 4540 2479 4609 ejus
2499 4549 2659 4597 erunt
2686 4556 2701 4594 :
2728 4538 2941 4603 Venite,
2988 4537 3259 4595 benedicti
3282 4538 3461 4594 Patris
3486 4537 3611 4603 mei,
3658 4532 3809 4605 possi-

2242 4632 2367 4689 dete
2409 4643 2652 4703 paratum
2682 4632 2833 4687 vobis
2872 4647 3098 4703 regnum
3131 4648 3158 4686 a
3188 4632 3580 4688 constitutione
3624 4628 3806 4685 mundi.

539 4738 731 4780 omnes
763 4723 1006 4796 virgines
1044 4725 1174 4791 illa),
1221 4734 1277 4780 et
1305 4734 1640 4782 ornaverunt
1678 4727 1954 4797 lampades
1980 4744 2128 4785 suas.
2162 4696 2212 4756 Β
2240 4728 2454 4785 Esurivi
2484 4729 2650 4793 enim,
2675 4738 2729 4783 et
2755 4727 2989 4784 dediSliS
3011 4728 3142 4783 mihi
3184 4728 3554 4785 manducare:
3586 4725 3745 4788 sitivi,
3766 4728 3811 4775 et

539 4816 724 4874 Fatua:
770 4827 950 4875 autem
1001 4819 1336 4890 sapientibus
1383 4818 1674 4877 dixerunt:
1705 4822 1834 4877 Date
1883 4822 2040 4880 nobis
2067 4824 2136 4882 de

535 4911 661 4968 oleo
692 4924 896 4982 vestro,
942 4914 1066 4986 quia
1118 4914 1395 4985 lampades
1446 4925 1649 4970 nostra:
1692 4916 2130 4987 exstinguuntur.

536 5002 954 5074 Responderunt
976 5006 1287 5077 prudentes,
1321 5006 1597 5063 dicentes:
1619 5007 1696 5063 Ne
1725 5009 1861 5064 forte
1886 5024 1993 5065 non
2025 5010 2136 5065 suf-

534 5094 682 5153 ficiat
719 5099 878 5155 nobis
933 5108 989 5156 et
1037 5100 1226 5168 vobis,
1268 5100 1343 5157 ite
1398 5099 1576 5171 potius
1623 5101 1689 5157 ad
1736 5103 2055 5173 vendentes,
2082 5116 2137 5163 et

533 5192 700 5247 emite
724 5192 904 5250 vobis.
928 5193 1064 5251 Dum
1090 5204 1270 5251 autem
1302 5198 1440 5251 irent
1464 5210 1672 5263 emere,
1690 5198 1840 5253 venit
1864 5213 2128 5267 sponsus:

532 5294 586 5340 et
606 5300 727 5355 qua:
758 5298 960 5357 paratae
984 5299 1159 5359 erant,
1192 5289 1536 5346 intraverunt
1562 5305 1685 5346 cum
1712 5306 1778 5346 eo
1803 5292 1870 5348 ad
1893 5293 2126 5365 nuptias,

531 5385 586 5433 et
618 5377 803 5433 clausa
833 5392 914 5435 est
953 5381 1138 5452 janua.
1172 5381 1478 5439 Novissime
1510 5398 1641 5440 vero
1671 5385 1898 5441 veniunt
1927 5395 1981 5441 ct
2006 5387 2130 5442 reli-

529 5481 651 5537 qua:
677 5467 942 5540 virgines,
965 5471 1206 5529 dicentes
1241 5492 1254 5529 :
1289 5474 1542 5542 Domine,
1578 5476 1824 5542 Domine,
1855 5478 2005 5550 aperi
2034 5494 2133 5533 no-

528 5558 635 5617 bis.
668 5560 739 5617 At
765 5562 857 5619 ille
888 5566 1221 5637 respondens
1242 5569 1319 5625 ait
1350 5585 1365 5624 ε
1396 5569 1569 5627 Amen
1595 5571 1718 5629 dico
1743 5573 1920 5639 vobis,
1945 5574 2131 5631 nescio

530 5667 647 5712 vos.
702 5654 936 5728 Vigilate
990 5659 1193 5732 itaque,
1232 5664 1358 5734 quia
1391 5665 1610 5723 nescitis
1630 5666 1799 5737 diem,
1825 5683 2000 5741 neque
2031 5668 2129 5725 ho-

602 5851 623 5879 ι
651 5840 871 5899 Addunt
900 5844 1141 5900 nonnulli
1159 5845 1383 5918 vulgati
1405 5846 1554 5915 libri,
1584 5848 1702 5904 Duo
1721 5851 1773 5905 in
1797 5852 1951 5916 lecto,
1976 5870 2110 5911 unus

520 5924 834 5985 assumetur,
866 5925 1070 5972 σίνηαι
1091 5917 1410 5989 relinquetur
1439 5936 1597 5991 :quae
1620 5931 1674 5979 et
1702 5920 1889 5983 Graece
1918 5924 2119 5981 habent

2239 4823 2465 4880 dedistis
2495 4823 2626 4878 mihi
2647 4822 3081 4892 biberezhospes
3100 4837 3274 4889 eram,
3308 4831 3362 4877 et
3384 4820 3679 4891 eollegistis
3709 4830 3807 4870 me:

2241 4918 2504 4987 nudus,et
2533 4917 2897 4988 cooperuistis
2921 4931 3007 4971 me
3028 4934 3040 4968 :
3061 4915 3325 4982 infirmus,
3352 4926 3408 4971 et
3436 4914 3690 4971 visitastis
3706 4923 3807 4965 me:

2242 5011 2297 5067 in
2326 5026 2547 5067 carcere
2568 5025 2737 5075 eram,
2771 5018 2827 5066 et
2869 5010 3095 5065 venistis
3124 5009 3191 5064 ad
3222 5024 3327 5065 me.
3355 5009 3508 5064 Tunc
3537 5004 3811 5077 responde-

2241 5106 2373 5161 hunt
2401 5106 2449 5161 ei
2474 5104 2627 5175 justi,
2660 5104 2906 5160 dicentes
2936 5121 2949 5158 :
2983 5104 3233 5170 Domine,
3268 5103 3487 5174 quando
3519 5114 3569 5159 te
3597 5100 3806 5155 vidimus

2241 5201 2591 5268 esurientem,
2607 5211 2660 5255 et
2690 5198 2936 5269 pavimus
2963 5209 3013 5254 te
3036 5199 3361 5269 :siticntem,
3384 5207 3441 5254 et
3468 5197 3703 5253 dedimus
3724 5189 3806 5247 tibi

2236 5296 2458 5365 potum?
2486 5294 2719 5363 Quando
2747 5301 2927 5348 autem
2958 5302 3008 5348 te
3038 5292 3271 5348 vidimus
3301 5291 3589 5361 hospitem,
3620 5298 3671 5344 et
3708 5285 3805 5342 col-

2233 5388 2464 5459 legimus
2514 5396 2566 5444 te
2600 5406 2611 5442 :
2650 5395 2745 5443 aut
2787 5385 3018 5452 nudum,
3058 5396 3112 5441 et
3151 5383 3532 5456 cooperuimus
3579 5382 3667 5438 te?
3714 5381 3807 5434 Aut

2233 5482 2449 5552 quando
2478 5490 2530 5537 te
2560 5480 2796 5536 vidimus
2829 5478 3127 5545 infirmum,
3151 5488 3244 5534 aut
3264 5478 3316 5533 in
3339 5492 3576 5545 carcere,
3602 5485 3655 5529 et
3674 5470 3807 5527 veni-

2236 5589 2355 5631 mus
2373 5574 2439 5629 ad
2471 5574 2559 5631 te?
2581 5573 2651 5630 Et
2672 5572 3009 5643 respondens
3033 5588 3150 5638 rex,
3176 5570 3322 5627 dicet
3351 5570 3457 5625 illis
3476 5586 3492 5625 :
3511 5569 3679 5624 Amen
3698 5564 3805 5620 dico

2233 5667 2411 5737 vobis,
2443 5666 2705 5739 quamdiu
2736 5665 2942 5722 fecistis
2956 5664 3050 5721 uni
3074 5679 3140 5720 ex
3172 5664 3255 5720 his
3283 5663 3539 5720 fratribus
3561 5659 3688 5715 meis
3713 5655 3805 5711 mi-

2220 5854 2423 5923 aliquot
2452 5853 2784 5925 exemplaria
2818 5851 2943 5910 ζόύο
2976 5853 3060 5909 ἐπὶ
3090 5854 3256 5914 κλίνης
3287 5858 3425 5925 μιᾶς-⁸
3458 5848 3528 5913 εἷς
3555 5846 3803 5921 παραλαμ-

2228 5922 2433 5984 ϐάνεται
2454 5967 2467 5994 ,
2497 5929 2582 5982 καὶ
2607 5922 2678 5987 εἷς
2703 5928 2921 5998 ἀφίεται.
