  <div class='ocr_page' id='page_1' title='image "/cluster/home/n/w/nwhite01/storage/ocr_20150623/29/hvd.32044015471428/294.png"; bbox 0 0 4166 6336; ppageno 0'>
   <div class='ocr_carea' id='block_1_1' title="bbox 348 307 457 364">
    <p class='ocr_par' dir='ltr' id='par_1_1' title="bbox 348 307 457 364">
     <span class='ocr_line' id='line_1_1' title="bbox 348 307 457 364; baseline -0.009 0"><span class='ocrx_word' id='word_1_1' title='bbox 348 307 457 364; x_wconf 79' lang='grc'><strong>577</strong></span> 
     </span>
    </p>
   </div>
   <div class='ocr_carea' id='block_1_2' title="bbox 1324 256 2669 366">
    <p class='ocr_par' dir='ltr' id='par_1_2' title="bbox 1324 256 2669 366">
     <span class='ocr_line' id='line_1_2' title="bbox 1324 256 2669 366; baseline -0.001 -1"><span class='ocrx_word' id='word_1_2' title='bbox 1324 307 1778 366; x_wconf 80' lang='lat' dir='ltr'><strong>EVANGELIUM</strong></span> <span class='ocrx_word' id='word_1_3' title='bbox 1817 304 2193 366; x_wconf 75' lang='lat' dir='ltr'><strong>SECUNDUM</strong></span> <span class='ocrx_word' id='word_1_4' title='bbox 2232 305 2669 366; x_wconf 62' lang='lat' dir='ltr'><strong>MATTHIEUM.</strong></span> 
     </span>
    </p>
   </div>
   <div class='ocr_carea' id='block_1_3' title="bbox 3543 311 3648 371">
    <p class='ocr_par' dir='ltr' id='par_1_3' title="bbox 3543 311 3648 371">
     <span class='ocr_line' id='line_1_3' title="bbox 3543 311 3648 371; baseline 0.01 -2"><span class='ocrx_word' id='word_1_5' title='bbox 3543 311 3648 371; x_wconf 80' lang='lat'><strong>578</strong></span> 
     </span>
    </p>
   </div>
   <div class='ocr_carea' id='block_1_4' title="bbox 350 418 3652 499">
    <p class='ocr_par' dir='ltr' id='par_1_4' title="bbox 350 418 3652 499">
     <span class='ocr_line' id='line_1_4' title="bbox 350 418 3652 499; baseline 0.003 -24"><span class='ocrx_word' id='word_1_6' title='bbox 350 418 541 487; x_wconf 84' lang='lat' dir='ltr'><strong>nimis,</strong></span> <span class='ocrx_word' id='word_1_7' title='bbox 564 418 696 476; x_wconf 91' lang='lat' dir='ltr'><strong>mihi</strong></span> <span class='ocrx_word' id='word_1_8' title='bbox 725 418 951 478; x_wconf 74' lang='lat' dir='ltr'><strong>fecistis.</strong></span> <span class='ocrx_word' id='word_1_9' title='bbox 984 420 1136 478; x_wconf 88' lang='lat' dir='ltr'><strong>Tunc</strong></span> <span class='ocrx_word' id='word_1_10' title='bbox 1163 421 1311 479; x_wconf 80' lang='lat' dir='ltr'><strong>dicet</strong></span> <span class='ocrx_word' id='word_1_11' title='bbox 1340 432 1394 481; x_wconf 88' lang='lat' dir='ltr'><strong>et</strong></span> <span class='ocrx_word' id='word_1_12' title='bbox 1417 422 1503 479; x_wconf 91' lang='lat' dir='ltr'><strong>his</strong></span> <span class='ocrx_word' id='word_1_13' title='bbox 1531 423 1677 493; x_wconf 89' lang='lat' dir='ltr'><strong>quia</strong></span> <span class='ocrx_word' id='word_1_14' title='bbox 1708 423 1946 481; x_wconf 77' lang='lat' dir='ltr'><strong>sinistris</strong></span> <span class='ocrx_word' id='word_1_15' title='bbox 1973 424 2029 485; x_wconf 77' lang='grc' dir='ltr'><strong>Α</strong></span> <span class='ocrx_word' id='word_1_16' title='bbox 2051 423 2191 480; x_wconf 89' lang='lat' dir='ltr'><strong>sicut</strong></span> <span class='ocrx_word' id='word_1_17' title='bbox 2221 424 2488 496; x_wconf 86' lang='lat' dir='ltr'><strong>scriptum</strong></span> <span class='ocrx_word' id='word_1_18' title='bbox 2517 434 2602 481; x_wconf 92' lang='lat' dir='ltr'><strong>est</strong></span> <span class='ocrx_word' id='word_1_19' title='bbox 2627 424 2697 482; x_wconf 94' lang='lat' dir='ltr'><strong>de</strong></span> <span class='ocrx_word' id='word_1_20' title='bbox 2718 422 2816 481; x_wconf 89' lang='lat' dir='ltr'><strong>illo</strong></span> <span class='ocrx_word' id='word_1_21' title='bbox 2834 439 2850 481; x_wconf 89' lang='lat'><strong>:</strong></span> <span class='ocrx_word' id='word_1_22' title='bbox 2870 437 2951 481; x_wconf 66' lang='lat' dir='ltr'><strong>vas</strong></span> <span class='ocrx_word' id='word_1_23' title='bbox 2978 433 3158 483; x_wconf 87' lang='lat' dir='ltr'><strong>autem</strong></span> <span class='ocrx_word' id='word_1_24' title='bbox 3185 425 3393 484; x_wconf 98' lang='lat' dir='ltr'><strong>homini</strong></span> <span class='ocrx_word' id='word_1_25' title='bbox 3421 426 3524 495; x_wconf 91' lang='lat' dir='ltr'><strong>illi,</strong></span> <span class='ocrx_word' id='word_1_26' title='bbox 3552 443 3652 499; x_wconf 85' lang='lat' dir='ltr'><strong>per</strong></span> 
     </span>
    </p>
   </div>
   <div class='ocr_carea' id='block_1_5' title="bbox 348 512 1947 591">
    <p class='ocr_par' dir='ltr' id='par_1_5' title="bbox 348 512 1947 591">
     <span class='ocr_line' id='line_1_5' title="bbox 348 512 1947 591; baseline 0.004 -23"><span class='ocrx_word' id='word_1_27' title='bbox 348 524 542 568; x_wconf 89' lang='lat' dir='ltr'><strong>erunt:</strong></span> <span class='ocrx_word' id='word_1_28' title='bbox 569 512 847 571; x_wconf 89' lang='lat' dir='ltr'><strong>Discedite</strong></span> <span class='ocrx_word' id='word_1_29' title='bbox 873 529 903 570; x_wconf 94' lang='lat' dir='ltr'><strong>a</strong></span> <span class='ocrx_word' id='word_1_30' title='bbox 926 530 1034 581; x_wconf 91' lang='lat' dir='ltr'><strong>me,</strong></span> <span class='ocrx_word' id='word_1_31' title='bbox 1060 515 1354 585; x_wconf 78' lang='lat' dir='ltr'><strong>maledicti,</strong></span> <span class='ocrx_word' id='word_1_32' title='bbox 1387 519 1438 573; x_wconf 91' lang='lat' dir='ltr'><strong>in</strong></span> <span class='ocrx_word' id='word_1_33' title='bbox 1461 519 1639 591; x_wconf 82' lang='lat' dir='ltr'><strong>ignem</strong></span> <span class='ocrx_word' id='word_1_34' title='bbox 1661 528 1947 587; x_wconf 66' lang='lat' dir='ltr'><strong>aeternum,</strong></span> 
     </span>
    </p>
   </div>
   <div class='ocr_carea' id='block_1_6' title="bbox 346 607 1944 683">
    <p class='ocr_par' dir='ltr' id='par_1_6' title="bbox 346 607 1944 683">
     <span class='ocr_line' id='line_1_6' title="bbox 346 607 1944 683; baseline 0.006 -23"><span class='ocrx_word' id='word_1_35' title='bbox 346 607 443 677; x_wconf 86' lang='lat' dir='ltr'><strong>qui</strong></span> <span class='ocrx_word' id='word_1_36' title='bbox 466 616 696 678; x_wconf 89' lang='lat' dir='ltr'><strong>paratus</strong></span> <span class='ocrx_word' id='word_1_37' title='bbox 716 616 800 663; x_wconf 88' lang='lat' dir='ltr'><strong>est</strong></span> <span class='ocrx_word' id='word_1_38' title='bbox 816 608 1033 664; x_wconf 87' lang='lat' dir='ltr'><strong>diabolo</strong></span> <span class='ocrx_word' id='word_1_39' title='bbox 1063 618 1120 665; x_wconf 91' lang='lat' dir='ltr'><strong>et</strong></span> <span class='ocrx_word' id='word_1_40' title='bbox 1142 610 1355 683; x_wconf 87' lang='lat' dir='ltr'><strong>angelis</strong></span> <span class='ocrx_word' id='word_1_41' title='bbox 1380 610 1521 683; x_wconf 88' lang='lat' dir='ltr'><strong>ejus.</strong></span> <span class='ocrx_word' id='word_1_42' title='bbox 1541 612 1751 669; x_wconf 88' lang='lat' dir='ltr'><strong>Esurivi</strong></span> <span class='ocrx_word' id='word_1_43' title='bbox 1774 614 1944 682; x_wconf 92' lang='lat' dir='ltr'><strong>enim,</strong></span> 
     </span>
    </p>
   </div>
   <div class='ocr_carea' id='block_1_7' title="bbox 344 699 1947 772">
    <p class='ocr_par' dir='ltr' id='par_1_7' title="bbox 344 699 1947 772">
     <span class='ocr_line' id='line_1_7' title="bbox 344 699 1947 772; baseline 0.004 -16"><span class='ocrx_word' id='word_1_44' title='bbox 344 710 407 756; x_wconf 87' lang='lat' dir='ltr'><strong>et</strong></span> <span class='ocrx_word' id='word_1_45' title='bbox 435 716 543 756; x_wconf 89' lang='lat' dir='ltr'><strong>non</strong></span> <span class='ocrx_word' id='word_1_46' title='bbox 573 699 802 758; x_wconf 74' lang='lat' dir='ltr'><strong>dedistis</strong></span> <span class='ocrx_word' id='word_1_47' title='bbox 825 702 959 758; x_wconf 90' lang='lat' dir='ltr'><strong>mihi</strong></span> <span class='ocrx_word' id='word_1_48' title='bbox 991 703 1320 760; x_wconf 84' lang='lat' dir='ltr'><strong>manducare</strong></span> <span class='ocrx_word' id='word_1_49' title='bbox 1352 722 1366 760; x_wconf 94' lang='lat'><strong>:</strong></span> <span class='ocrx_word' id='word_1_50' title='bbox 1401 705 1574 772; x_wconf 92' lang='lat' dir='ltr'><strong>sitivi,</strong></span> <span class='ocrx_word' id='word_1_51' title='bbox 1605 714 1661 763; x_wconf 89' lang='lat' dir='ltr'><strong>et</strong></span> <span class='ocrx_word' id='word_1_52' title='bbox 1690 721 1798 762; x_wconf 94' lang='lat' dir='ltr'><strong>non</strong></span> <span class='ocrx_word' id='word_1_53' title='bbox 1846 706 1947 763; x_wconf 86' lang='lat' dir='ltr'><strong>de-</strong></span> 
     </span>
    </p>
   </div>
   <div class='ocr_carea' id='block_1_8' title="bbox 346 791 1949 871">
    <p class='ocr_par' dir='ltr' id='par_1_8' title="bbox 346 791 1949 871">
     <span class='ocr_line' id='line_1_8' title="bbox 346 791 1949 871; baseline 0.005 -23"><span class='ocrx_word' id='word_1_54' title='bbox 346 791 508 849; x_wconf 91' lang='lat' dir='ltr'><strong>distis</strong></span> <span class='ocrx_word' id='word_1_55' title='bbox 535 792 666 848; x_wconf 88' lang='lat' dir='ltr'><strong>mihi</strong></span> <span class='ocrx_word' id='word_1_56' title='bbox 698 802 918 865; x_wconf 85' lang='lat' dir='ltr'><strong>potum:</strong></span> <span class='ocrx_word' id='word_1_57' title='bbox 952 794 1148 867; x_wconf 85' lang='lat' dir='ltr'><strong>hospes</strong></span> <span class='ocrx_word' id='word_1_58' title='bbox 1175 812 1347 865; x_wconf 90' lang='lat' dir='ltr'><strong>eram,</strong></span> <span class='ocrx_word' id='word_1_59' title='bbox 1384 806 1443 854; x_wconf 90' lang='lat' dir='ltr'><strong>et</strong></span> <span class='ocrx_word' id='word_1_60' title='bbox 1485 813 1596 855; x_wconf 92' lang='lat' dir='ltr'><strong>non</strong></span> <span class='ocrx_word' id='word_1_61' title='bbox 1648 800 1949 871; x_wconf 89' lang='lat' dir='ltr'><strong>eollegistis</strong></span> 
     </span>
    </p>
   </div>
   <div class='ocr_carea' id='block_1_9' title="bbox 347 887 1943 961">
    <p class='ocr_par' dir='ltr' id='par_1_9' title="bbox 347 887 1943 961">
     <span class='ocr_line' id='line_1_9' title="bbox 347 887 1943 961; baseline 0.003 -17"><span class='ocrx_word' id='word_1_62' title='bbox 347 902 439 944; x_wconf 89' lang='lat' dir='ltr'><strong>me</strong></span> <span class='ocrx_word' id='word_1_63' title='bbox 466 905 478 942; x_wconf 93' lang='lat'><strong>:</strong></span> <span class='ocrx_word' id='word_1_64' title='bbox 505 887 703 953; x_wconf 90' lang='lat' dir='ltr'><strong>nudus,</strong></span> <span class='ocrx_word' id='word_1_65' title='bbox 731 898 786 944; x_wconf 91' lang='lat' dir='ltr'><strong>et</strong></span> <span class='ocrx_word' id='word_1_66' title='bbox 825 902 931 946; x_wconf 91' lang='lat' dir='ltr'><strong>non</strong></span> <span class='ocrx_word' id='word_1_67' title='bbox 958 890 1319 961; x_wconf 90' lang='lat' dir='ltr'><strong>cooperuistis</strong></span> <span class='ocrx_word' id='word_1_68' title='bbox 1342 906 1427 947; x_wconf 90' lang='lat' dir='ltr'><strong>me</strong></span> <span class='ocrx_word' id='word_1_69' title='bbox 1457 907 1485 955; x_wconf 89' lang='lat'><strong>:_</strong></span> <span class='ocrx_word' id='word_1_70' title='bbox 1504 891 1772 961; x_wconf 90' lang='lat' dir='ltr'><strong>inﬁrmus,</strong></span> <span class='ocrx_word' id='word_1_71' title='bbox 1798 902 1851 948; x_wconf 90' lang='lat' dir='ltr'><strong>et</strong></span> <span class='ocrx_word' id='word_1_72' title='bbox 1890 892 1943 949; x_wconf 91' lang='lat' dir='ltr'><strong>in</strong></span> 
     </span>
    </p>
   </div>
   <div class='ocr_carea' id='block_1_10' title="bbox 346 981 1944 1056">
    <p class='ocr_par' dir='ltr' id='par_1_10' title="bbox 346 981 1944 1056">
     <span class='ocr_line' id='line_1_10' title="bbox 346 981 1944 1056; baseline 0.004 -20"><span class='ocrx_word' id='word_1_73' title='bbox 346 994 591 1047; x_wconf 82' lang='lat' dir='ltr'><strong>carcere,</strong></span> <span class='ocrx_word' id='word_1_74' title='bbox 625 991 682 1037; x_wconf 90' lang='lat' dir='ltr'><strong>et</strong></span> <span class='ocrx_word' id='word_1_75' title='bbox 710 996 818 1037; x_wconf 91' lang='lat' dir='ltr'><strong>non</strong></span> <span class='ocrx_word' id='word_1_76' title='bbox 846 981 1108 1039; x_wconf 81' lang='lat' dir='ltr'><strong>visitastis</strong></span> <span class='ocrx_word' id='word_1_77' title='bbox 1137 998 1243 1041; x_wconf 90' lang='lat' dir='ltr'><strong>me.</strong></span> <span class='ocrx_word' id='word_1_78' title='bbox 1277 983 1429 1041; x_wconf 91' lang='lat' dir='ltr'><strong>Tunc</strong></span> <span class='ocrx_word' id='word_1_79' title='bbox 1457 985 1871 1056; x_wconf 85' lang='lat' dir='ltr'><strong>respondebunt</strong></span> <span class='ocrx_word' id='word_1_80' title='bbox 1896 986 1944 1042; x_wconf 92' lang='lat' dir='ltr'><strong>ei</strong></span> 
     </span>
    </p>
   </div>
   <div class='ocr_carea' id='block_1_11' title="bbox 348 1072 1947 1149">
    <p class='ocr_par' dir='ltr' id='par_1_11' title="bbox 348 1072 1947 1149">
     <span class='ocr_line' id='line_1_11' title="bbox 348 1072 1947 1149; baseline 0.002 -20"><span class='ocrx_word' id='word_1_81' title='bbox 348 1080 411 1129; x_wconf 89' lang='lat' dir='ltr'><strong>et</strong></span> <span class='ocrx_word' id='word_1_82' title='bbox 445 1072 573 1144; x_wconf 89' lang='lat' dir='ltr'><strong>ipsi,</strong></span> <span class='ocrx_word' id='word_1_83' title='bbox 604 1072 893 1130; x_wconf 86' lang='lat' dir='ltr'><strong>dicentes:</strong></span> <span class='ocrx_word' id='word_1_84' title='bbox 928 1074 1179 1143; x_wconf 89' lang='lat' dir='ltr'><strong>Domine,</strong></span> <span class='ocrx_word' id='word_1_85' title='bbox 1211 1076 1427 1149; x_wconf 87' lang='lat' dir='ltr'><strong>quando</strong></span> <span class='ocrx_word' id='word_1_86' title='bbox 1475 1089 1527 1134; x_wconf 91' lang='lat' dir='ltr'><strong>te</strong></span> <span class='ocrx_word' id='word_1_87' title='bbox 1573 1077 1804 1133; x_wconf 81' lang='lat' dir='ltr'><strong>vidimus</strong></span> <span class='ocrx_word' id='word_1_88' title='bbox 1823 1091 1947 1134; x_wconf 89' lang='lat' dir='ltr'><strong>esu-</strong></span> 
     </span>
    </p>
   </div>
   <div class='ocr_carea' id='block_1_12' title="bbox 348 1166 1942 1239">
    <p class='ocr_par' dir='ltr' id='par_1_12' title="bbox 348 1166 1942 1239">
     <span class='ocr_line' id='line_1_12' title="bbox 348 1166 1942 1239; baseline 0.001 -18"><span class='ocrx_word' id='word_1_89' title='bbox 348 1166 609 1230; x_wconf 85' lang='lat' dir='ltr'><strong>rientem,</strong></span> <span class='ocrx_word' id='word_1_90' title='bbox 658 1176 751 1223; x_wconf 89' lang='lat' dir='ltr'><strong>aut</strong></span> <span class='ocrx_word' id='word_1_91' title='bbox 799 1168 1100 1237; x_wconf 89' lang='lat' dir='ltr'><strong>sitientem,</strong></span> <span class='ocrx_word' id='word_1_92' title='bbox 1149 1178 1243 1226; x_wconf 91' lang='lat' dir='ltr'><strong>aut</strong></span> <span class='ocrx_word' id='word_1_93' title='bbox 1272 1169 1566 1239; x_wconf 78' lang='lat' dir='ltr'><strong>hOSpilem,</strong></span> <span class='ocrx_word' id='word_1_94' title='bbox 1599 1179 1691 1225; x_wconf 91' lang='lat' dir='ltr'><strong>aut</strong></span> <span class='ocrx_word' id='word_1_95' title='bbox 1719 1169 1942 1237; x_wconf 90' lang='lat' dir='ltr'><strong>nudum,</strong></span> 
     </span>
    </p>
   </div>
   <div class='ocr_carea' id='block_1_13' title="bbox 344 1258 1946 1329">
    <p class='ocr_par' dir='ltr' id='par_1_13' title="bbox 344 1258 1946 1329">
     <span class='ocr_line' id='line_1_13' title="bbox 344 1258 1946 1329; baseline 0.002 -15"><span class='ocrx_word' id='word_1_96' title='bbox 344 1268 441 1314; x_wconf 89' lang='lat' dir='ltr'><strong>aut</strong></span> <span class='ocrx_word' id='word_1_97' title='bbox 485 1258 786 1327; x_wconf 91' lang='lat' dir='ltr'><strong>inﬁrmum,</strong></span> <span class='ocrx_word' id='word_1_98' title='bbox 815 1271 908 1317; x_wconf 91' lang='lat' dir='ltr'><strong>aut</strong></span> <span class='ocrx_word' id='word_1_99' title='bbox 939 1261 992 1316; x_wconf 92' lang='lat' dir='ltr'><strong>in</strong></span> <span class='ocrx_word' id='word_1_100' title='bbox 1037 1276 1277 1329; x_wconf 86' lang='lat' dir='ltr'><strong>carcere,</strong></span> <span class='ocrx_word' id='word_1_101' title='bbox 1307 1272 1363 1319; x_wconf 92' lang='lat' dir='ltr'><strong>et</strong></span> <span class='ocrx_word' id='word_1_102' title='bbox 1385 1279 1492 1318; x_wconf 89' lang='lat' dir='ltr'><strong>non</strong></span> <span class='ocrx_word' id='word_1_103' title='bbox 1522 1264 1946 1319; x_wconf 89' lang='lat' dir='ltr'><strong>ministravimus</strong></span> 
     </span>
    </p>
   </div>
   <div class='ocr_carea' id='block_1_14' title="bbox 349 1349 1946 1423">
    <p class='ocr_par' dir='ltr' id='par_1_14' title="bbox 349 1349 1946 1423">
     <span class='ocr_line' id='line_1_14' title="bbox 349 1349 1946 1423; baseline 0.004 -18"><span class='ocrx_word' id='word_1_104' title='bbox 349 1349 485 1407; x_wconf 77' lang='lat' dir='ltr'><strong>tibi?</strong></span> <span class='ocrx_word' id='word_1_105' title='bbox 513 1351 665 1408; x_wconf 90' lang='lat' dir='ltr'><strong>Tunc</strong></span> <span class='ocrx_word' id='word_1_106' title='bbox 695 1354 1045 1423; x_wconf 85' lang='lat' dir='ltr'><strong>respondebit</strong></span> <span class='ocrx_word' id='word_1_107' title='bbox 1071 1355 1202 1422; x_wconf 91' lang='lat' dir='ltr'><strong>illis,</strong></span> <span class='ocrx_word' id='word_1_108' title='bbox 1234 1355 1422 1413; x_wconf 91' lang='lat' dir='ltr'><strong>dicens</strong></span> <span class='ocrx_word' id='word_1_109' title='bbox 1456 1374 1472 1414; x_wconf 92' lang='lat'><strong>:</strong></span> <span class='ocrx_word' id='word_1_110' title='bbox 1498 1354 1668 1412; x_wconf 84' lang='lat' dir='ltr'><strong>Amen</strong></span> <span class='ocrx_word' id='word_1_111' title='bbox 1696 1355 1822 1412; x_wconf 90' lang='lat' dir='ltr'><strong>dico</strong></span> <span class='ocrx_word' id='word_1_112' title='bbox 1854 1371 1946 1412; x_wconf 84' lang='lat' dir='ltr'><strong>vo-</strong></span> 
     </span>
    </p>
   </div>
   <div class='ocr_carea' id='block_1_15' title="bbox 342 1444 1946 1517">
    <p class='ocr_par' dir='ltr' id='par_1_15' title="bbox 342 1444 1946 1517">
     <span class='ocr_line' id='line_1_15' title="bbox 342 1444 1946 1517; baseline 0.005 -18"><span class='ocrx_word' id='word_1_113' title='bbox 342 1444 455 1514; x_wconf 86' lang='lat' dir='ltr'><strong>bis,</strong></span> <span class='ocrx_word' id='word_1_114' title='bbox 480 1445 739 1517; x_wconf 87' lang='lat' dir='ltr'><strong>quamdiu</strong></span> <span class='ocrx_word' id='word_1_115' title='bbox 783 1464 891 1502; x_wconf 90' lang='lat' dir='ltr'><strong>non</strong></span> <span class='ocrx_word' id='word_1_116' title='bbox 926 1447 1131 1504; x_wconf 83' lang='lat' dir='ltr'><strong>fecistis</strong></span> <span class='ocrx_word' id='word_1_117' title='bbox 1161 1450 1251 1505; x_wconf 92' lang='lat' dir='ltr'><strong>uni</strong></span> <span class='ocrx_word' id='word_1_118' title='bbox 1292 1450 1358 1506; x_wconf 90' lang='lat' dir='ltr'><strong>de</strong></span> <span class='ocrx_word' id='word_1_119' title='bbox 1386 1450 1686 1506; x_wconf 90' lang='lat' dir='ltr'><strong>minoribus</strong></span> <span class='ocrx_word' id='word_1_120' title='bbox 1717 1452 1819 1515; x_wconf 85' lang='lat' dir='ltr'><strong>his,</strong></span> <span class='ocrx_word' id='word_1_121' title='bbox 1846 1466 1946 1507; x_wconf 91' lang='lat' dir='ltr'><strong>nec</strong></span> 
     </span>
    </p>
   </div>
   <div class='ocr_carea' id='block_1_16' title="bbox 345 1537 1945 1615">
    <p class='ocr_par' dir='ltr' id='par_1_16' title="bbox 345 1537 1945 1615">
     <span class='ocr_line' id='line_1_16' title="bbox 345 1537 1945 1615; baseline 0.003 -21"><span class='ocrx_word' id='word_1_122' title='bbox 345 1537 483 1594; x_wconf 88' lang='lat' dir='ltr'><strong>mihi</strong></span> <span class='ocrx_word' id='word_1_123' title='bbox 516 1538 741 1595; x_wconf 80' lang='lat' dir='ltr'><strong>fecistis.</strong></span> <span class='ocrx_word' id='word_1_124' title='bbox 763 1540 833 1596; x_wconf 86' lang='lat' dir='ltr'><strong>Et</strong></span> <span class='ocrx_word' id='word_1_125' title='bbox 855 1541 1013 1599; x_wconf 91' lang='lat' dir='ltr'><strong>ibunt</strong></span> <span class='ocrx_word' id='word_1_126' title='bbox 1041 1542 1095 1597; x_wconf 93' lang='lat' dir='ltr'><strong>hi</strong></span> <span class='ocrx_word' id='word_1_127' title='bbox 1128 1543 1179 1597; x_wconf 90' lang='lat' dir='ltr'><strong>in</strong></span> <span class='ocrx_word' id='word_1_128' title='bbox 1201 1544 1525 1615; x_wconf 88' lang='lat' dir='ltr'><strong>supplicium</strong></span> <span class='ocrx_word' id='word_1_129' title='bbox 1549 1553 1834 1613; x_wconf 64' lang='lat' dir='ltr'><strong>aiternutn,</strong></span> <span class='ocrx_word' id='word_1_130' title='bbox 1859 1544 1945 1615; x_wconf 85' lang='lat' dir='ltr'><strong>ju-</strong></span> 
     </span>
    </p>
   </div>
   <div class='ocr_carea' id='block_1_17' title="bbox 340 1634 1207 1693">
    <p class='ocr_par' dir='ltr' id='par_1_17' title="bbox 340 1634 1207 1693">
     <span class='ocr_line' id='line_1_17' title="bbox 340 1634 1207 1693; baseline 0.001 -3"><span class='ocrx_word' id='word_1_131' title='bbox 340 1635 415 1690; x_wconf 91' lang='lat' dir='ltr'><strong>sti</strong></span> <span class='ocrx_word' id='word_1_132' title='bbox 446 1643 628 1691; x_wconf 88' lang='lat' dir='ltr'><strong>autem</strong></span> <span class='ocrx_word' id='word_1_133' title='bbox 652 1634 706 1690; x_wconf 89' lang='lat' dir='ltr'><strong>in</strong></span> <span class='ocrx_word' id='word_1_134' title='bbox 730 1636 897 1691; x_wconf 84' lang='lat' dir='ltr'><strong>vitam</strong></span> <span class='ocrx_word' id='word_1_135' title='bbox 924 1645 1207 1693; x_wconf 79' lang='lat' dir='ltr'><strong>aeternam.</strong></span> 
     </span>
    </p>
   </div>
   <div class='ocr_carea' id='block_1_18' title="bbox 418 1727 1941 1805">
    <p class='ocr_par' dir='ltr' id='par_1_18' title="bbox 418 1727 1941 1805">
     <span class='ocr_line' id='line_1_18' title="bbox 418 1727 1941 1805; baseline 0.002 -21"><span class='ocrx_word' id='word_1_136' title='bbox 418 1727 571 1804; x_wconf 79' lang='lat' dir='ltr'><strong>[Cap.</strong></span> <span class='ocrx_word' id='word_1_137' title='bbox 619 1729 814 1787; x_wconf 81' lang='lat' dir='ltr'><strong>XXVI.</strong></span> <span class='ocrx_word' id='word_1_138' title='bbox 860 1747 1108 1803; x_wconf 70' lang='lat' dir='ltr'><strong>CCLXXIV,</strong></span> <span class='ocrx_word' id='word_1_139' title='bbox 1152 1730 1229 1805; x_wconf 95' lang='lat'><strong>1.]</strong></span> <span class='ocrx_word' id='word_1_140' title='bbox 1277 1732 1346 1790; x_wconf 87' lang='lat' dir='ltr'><strong>Et</strong></span> <span class='ocrx_word' id='word_1_141' title='bbox 1404 1732 1609 1790; x_wconf 89' lang='lat' dir='ltr'><strong>factum</strong></span> <span class='ocrx_word' id='word_1_142' title='bbox 1655 1744 1761 1802; x_wconf 92' lang='lat' dir='ltr'><strong>est,</strong></span> <span class='ocrx_word' id='word_1_143' title='bbox 1816 1748 1941 1789; x_wconf 89' lang='lat' dir='ltr'><strong>cum</strong></span> 
     </span>
    </p>
   </div>
   <div class='ocr_carea' id='block_1_19' title="bbox 2053 517 3650 595">
    <p class='ocr_par' dir='ltr' id='par_1_19' title="bbox 2053 517 3650 595">
     <span class='ocr_line' id='line_1_19' title="bbox 2053 517 3650 595; baseline 0.004 -24"><span class='ocrx_word' id='word_1_144' title='bbox 2053 532 2213 588; x_wconf 88' lang='lat' dir='ltr'><strong>quem</strong></span> <span class='ocrx_word' id='word_1_145' title='bbox 2242 517 2413 574; x_wconf 84' lang='lat' dir='ltr'><strong>Filius</strong></span> <span class='ocrx_word' id='word_1_146' title='bbox 2443 518 2679 575; x_wconf 86' lang='lat' dir='ltr'><strong>hominis</strong></span> <span class='ocrx_word' id='word_1_147' title='bbox 2706 517 2953 577; x_wconf 88' lang='lat' dir='ltr'><strong>tradetur</strong></span> <span class='ocrx_word' id='word_1_148' title='bbox 2981 537 2995 574; x_wconf 92' lang='lat'><strong>:</strong></span> <span class='ocrx_word' id='word_1_149' title='bbox 3026 519 3318 595; x_wconf 66' lang='lat' dir='ltr'><strong>[cauum</strong></span> <span class='ocrx_word' id='word_1_150' title='bbox 3344 517 3423 592; x_wconf 90' lang='lat'><strong>6.]</strong></span> <span class='ocrx_word' id='word_1_151' title='bbox 3450 519 3650 577; x_wconf 89' lang='lat' dir='ltr'><strong>bonum</strong></span> 
     </span>
    </p>
   </div>
   <div class='ocr_carea' id='block_1_20' title="bbox 2052 610 3647 692">
    <p class='ocr_par' dir='ltr' id='par_1_20' title="bbox 2052 610 3647 692">
     <span class='ocr_line' id='line_1_20' title="bbox 2052 610 3647 692; baseline 0.006 -26"><span class='ocrx_word' id='word_1_152' title='bbox 2052 619 2169 666; x_wconf 89' lang='lat' dir='ltr'><strong>erat</strong></span> <span class='ocrx_word' id='word_1_153' title='bbox 2193 610 2242 667; x_wconf 94' lang='lat' dir='ltr'><strong>ei</strong></span> <span class='ocrx_word' id='word_1_154' title='bbox 2274 611 2320 665; x_wconf 93' lang='lat' dir='ltr'><strong>si</strong></span> <span class='ocrx_word' id='word_1_155' title='bbox 2348 622 2505 667; x_wconf 84' lang='lat' dir='ltr'><strong>natus</strong></span> <span class='ocrx_word' id='word_1_156' title='bbox 2531 626 2637 667; x_wconf 91' lang='lat' dir='ltr'><strong>non</strong></span> <span class='ocrx_word' id='word_1_157' title='bbox 2663 610 2851 669; x_wconf 91' lang='lat' dir='ltr'><strong>fuisset</strong></span> <span class='ocrx_word' id='word_1_158' title='bbox 2868 611 3030 669; x_wconf 94' lang='lat' dir='ltr'><strong>homo</strong></span> <span class='ocrx_word' id='word_1_159' title='bbox 3053 612 3168 671; x_wconf 90' lang='lat' dir='ltr'><strong>ille.</strong></span> <span class='ocrx_word' id='word_1_160' title='bbox 3193 612 3516 689; x_wconf 80' lang='lat' dir='ltr'><strong>[ccuxxnt,</strong></span> <span class='ocrx_word' id='word_1_161' title='bbox 3533 614 3647 692; x_wconf 87' lang='lat'><strong>10.]</strong></span> 
     </span>
    </p>
   </div>
   <div class='ocr_carea' id='block_1_21' title="bbox 2054 702 3645 779">
    <p class='ocr_par' dir='ltr' id='par_1_21' title="bbox 2054 702 3645 779">
     <span class='ocr_line' id='line_1_21' title="bbox 2054 702 3645 779; baseline 0.006 -21"><span class='ocrx_word' id='word_1_162' title='bbox 2054 702 2413 775; x_wconf 79' lang='lat' dir='ltr'><strong>Respondens</strong></span> <span class='ocrx_word' id='word_1_163' title='bbox 2438 715 2623 761; x_wconf 89' lang='lat' dir='ltr'><strong>autem</strong></span> <span class='ocrx_word' id='word_1_164' title='bbox 2649 705 2843 776; x_wconf 82' lang='lat' dir='ltr'><strong>Judas,</strong></span> <span class='ocrx_word' id='word_1_165' title='bbox 2876 707 2967 779; x_wconf 92' lang='lat' dir='ltr'><strong>qui</strong></span> <span class='ocrx_word' id='word_1_166' title='bbox 2999 707 3222 765; x_wconf 82' lang='lat' dir='ltr'><strong>tradidit</strong></span> <span class='ocrx_word' id='word_1_167' title='bbox 3274 725 3423 779; x_wconf 91' lang='lat' dir='ltr'><strong>eum,</strong></span> <span class='ocrx_word' id='word_1_168' title='bbox 3455 710 3590 767; x_wconf 82' lang='lat' dir='ltr'><strong>dixit</strong></span> <span class='ocrx_word' id='word_1_169' title='bbox 3632 729 3645 767; x_wconf 91' lang='lat'><strong>:</strong></span> 
     </span>
    </p>
   </div>
   <div class='ocr_carea' id='block_1_22' title="bbox 2050 793 3642 869">
    <p class='ocr_par' dir='ltr' id='par_1_22' title="bbox 2050 793 3642 869">
     <span class='ocr_line' id='line_1_22' title="bbox 2050 793 3642 869; baseline 0.006 -19"><span class='ocrx_word' id='word_1_170' title='bbox 2050 793 2319 867; x_wconf 85' lang='lat' dir='ltr'><strong>Numquid</strong></span> <span class='ocrx_word' id='word_1_171' title='bbox 2370 812 2472 869; x_wconf 90' lang='lat' dir='ltr'><strong>ego</strong></span> <span class='ocrx_word' id='word_1_172' title='bbox 2497 813 2639 868; x_wconf 91' lang='lat' dir='ltr'><strong>sum,</strong></span> <span class='ocrx_word' id='word_1_173' title='bbox 2691 798 2904 856; x_wconf 76' lang='lat' dir='ltr'><strong>Rabbi?</strong></span> <span class='ocrx_word' id='word_1_174' title='bbox 2961 801 3051 857; x_wconf 86' lang='lat' dir='ltr'><strong>Ait</strong></span> <span class='ocrx_word' id='word_1_175' title='bbox 3108 800 3189 858; x_wconf 88' lang='lat' dir='ltr'><strong>illi</strong></span> <span class='ocrx_word' id='word_1_176' title='bbox 3231 820 3243 857; x_wconf 90' lang='lat'><strong>:</strong></span> <span class='ocrx_word' id='word_1_177' title='bbox 3295 802 3376 860; x_wconf 86' lang='lat' dir='ltr'><strong>Tu</strong></span> <span class='ocrx_word' id='word_1_178' title='bbox 3437 803 3642 861; x_wconf 80' lang='lat' dir='ltr'><strong>dixisti.</strong></span> 
     </span>
    </p>
   </div>
   <div class='ocr_carea' id='block_1_23' title="bbox 2051 891 3645 966">
    <p class='ocr_par' dir='ltr' id='par_1_23' title="bbox 2051 891 3645 966">
     <span class='ocr_line' id='line_1_23' title="bbox 2051 891 3645 966; baseline 0.004 -20"><span class='ocrx_word' id='word_1_179' title='bbox 2051 891 2362 965; x_wconf 64' lang='lat' dir='ltr'><strong>[cccxxxm</strong></span> <span class='ocrx_word' id='word_1_180' title='bbox 2394 891 2468 964; x_wconf 91' lang='lat'><strong>1.]</strong></span> <span class='ocrx_word' id='word_1_181' title='bbox 2497 892 2853 950; x_wconf 82' lang='lat' dir='ltr'><strong>C(enantibus</strong></span> <span class='ocrx_word' id='word_1_182' title='bbox 2881 901 3061 951; x_wconf 89' lang='lat' dir='ltr'><strong>autem</strong></span> <span class='ocrx_word' id='word_1_183' title='bbox 3091 895 3193 965; x_wconf 91' lang='lat' dir='ltr'><strong>eis,</strong></span> <span class='ocrx_word' id='word_1_184' title='bbox 3242 894 3454 966; x_wconf 89' lang='lat' dir='ltr'><strong>accepit</strong></span> <span class='ocrx_word' id='word_1_185' title='bbox 3489 894 3645 953; x_wconf 87' lang='lat' dir='ltr'><strong>Jesus</strong></span> 
     </span>
    </p>
   </div>
   <div class='ocr_carea' id='block_1_24' title="bbox 2051 985 3647 1062">
    <p class='ocr_par' dir='ltr' id='par_1_24' title="bbox 2051 985 3647 1062">
     <span class='ocr_line' id='line_1_24' title="bbox 2051 985 3647 1062; baseline 0.005 -24"><span class='ocrx_word' id='word_1_186' title='bbox 2051 998 2266 1056; x_wconf 90' lang='lat' dir='ltr'><strong>panem,</strong></span> <span class='ocrx_word' id='word_1_187' title='bbox 2307 994 2363 1040; x_wconf 92' lang='lat' dir='ltr'><strong>et</strong></span> <span class='ocrx_word' id='word_1_188' title='bbox 2419 985 2715 1055; x_wconf 80' lang='lat' dir='ltr'><strong>benedixit,</strong></span> <span class='ocrx_word' id='word_1_189' title='bbox 2758 1001 2823 1043; x_wconf 90' lang='lat' dir='ltr'><strong>ac</strong></span> <span class='ocrx_word' id='word_1_190' title='bbox 2865 986 3049 1058; x_wconf 87' lang='lat' dir='ltr'><strong>fregit,</strong></span> <span class='ocrx_word' id='word_1_191' title='bbox 3081 988 3339 1061; x_wconf 89' lang='lat' dir='ltr'><strong>deditque</strong></span> <span class='ocrx_word' id='word_1_192' title='bbox 3360 989 3647 1062; x_wconf 81' lang='lat' dir='ltr'><strong>discipulis</strong></span> 
     </span>
    </p>
   </div>
   <div class='ocr_carea' id='block_1_25' title="bbox 2049 1075 3647 1155">
    <p class='ocr_par' dir='ltr' id='par_1_25' title="bbox 2049 1075 3647 1155">
     <span class='ocr_line' id='line_1_25' title="bbox 2049 1075 3647 1155; baseline 0.005 -24"><span class='ocrx_word' id='word_1_193' title='bbox 2049 1075 2185 1145; x_wconf 79' lang='lat' dir='ltr'><strong>suis,</strong></span> <span class='ocrx_word' id='word_1_194' title='bbox 2221 1086 2278 1132; x_wconf 93' lang='lat' dir='ltr'><strong>et</strong></span> <span class='ocrx_word' id='word_1_195' title='bbox 2301 1078 2378 1133; x_wconf 87' lang='lat' dir='ltr'><strong>ait</strong></span> <span class='ocrx_word' id='word_1_196' title='bbox 2429 1096 2443 1133; x_wconf 89' lang='lat'><strong>:</strong></span> <span class='ocrx_word' id='word_1_197' title='bbox 2485 1078 2754 1150; x_wconf 86' lang='lat' dir='ltr'><strong>Accipite,</strong></span> <span class='ocrx_word' id='word_1_198' title='bbox 2793 1087 2848 1135; x_wconf 92' lang='lat' dir='ltr'><strong>et</strong></span> <span class='ocrx_word' id='word_1_199' title='bbox 2872 1080 3141 1138; x_wconf 91' lang='lat' dir='ltr'><strong>comedite</strong></span> <span class='ocrx_word' id='word_1_200' title='bbox 3175 1080 3321 1139; x_wconf 90' lang='lat' dir='ltr'><strong>:hoc</strong></span> <span class='ocrx_word' id='word_1_201' title='bbox 3339 1091 3422 1140; x_wconf 86' lang='lat' dir='ltr'><strong>est</strong></span> <span class='ocrx_word' id='word_1_202' title='bbox 3449 1098 3647 1155; x_wconf 90' lang='lat' dir='ltr'><strong>corpus</strong></span> 
     </span>
    </p>
   </div>
   <div class='ocr_carea' id='block_1_26' title="bbox 2049 1169 3647 1247">
    <p class='ocr_par' dir='ltr' id='par_1_26' title="bbox 2049 1169 3647 1247">
     <span class='ocr_line' id='line_1_26' title="bbox 2049 1169 3647 1247; baseline 0.004 -22"><span class='ocrx_word' id='word_1_203' title='bbox 2049 1183 2254 1225; x_wconf 90' lang='lat' dir='ltr'><strong>meum.</strong></span> <span class='ocrx_word' id='word_1_204' title='bbox 2306 1169 2596 1244; x_wconf 70' lang='lat' dir='ltr'><strong>[ccsxxxv,</strong></span> <span class='ocrx_word' id='word_1_205' title='bbox 2635 1170 2715 1244; x_wconf 75' lang='grc'>2.]</span> <span class='ocrx_word' id='word_1_206' title='bbox 2769 1171 2839 1227; x_wconf 82' lang='lat' dir='ltr'><strong>Et</strong></span> <span class='ocrx_word' id='word_1_207' title='bbox 2865 1170 3139 1243; x_wconf 90' lang='lat' dir='ltr'><strong>accipiens</strong></span> <span class='ocrx_word' id='word_1_208' title='bbox 3163 1172 3413 1244; x_wconf 89' lang='lat' dir='ltr'><strong>calicem,</strong></span> <span class='ocrx_word' id='word_1_209' title='bbox 3445 1173 3647 1247; x_wconf 89' lang='lat' dir='ltr'><strong>gratias</strong></span> 
     </span>
    </p>
   </div>
   <div class='ocr_carea' id='block_1_27' title="bbox 2049 1262 3643 1334">
    <p class='ocr_par' dir='ltr' id='par_1_27' title="bbox 2049 1262 3643 1334">
     <span class='ocr_line' id='line_1_27' title="bbox 2049 1262 3643 1334; baseline 0.003 -17"><span class='ocrx_word' id='word_1_210' title='bbox 2049 1263 2181 1334; x_wconf 89' lang='lat' dir='ltr'><strong>egit,</strong></span> <span class='ocrx_word' id='word_1_211' title='bbox 2196 1271 2250 1318; x_wconf 91' lang='lat' dir='ltr'><strong>et</strong></span> <span class='ocrx_word' id='word_1_212' title='bbox 2278 1262 2426 1318; x_wconf 89' lang='lat' dir='ltr'><strong>dedit</strong></span> <span class='ocrx_word' id='word_1_213' title='bbox 2452 1262 2585 1331; x_wconf 89' lang='lat' dir='ltr'><strong>illis,</strong></span> <span class='ocrx_word' id='word_1_214' title='bbox 2609 1264 2835 1320; x_wconf 90' lang='lat' dir='ltr'><strong>dicens:</strong></span> <span class='ocrx_word' id='word_1_215' title='bbox 2865 1263 3039 1321; x_wconf 89' lang='lat' dir='ltr'><strong>Bibite</strong></span> <span class='ocrx_word' id='word_1_216' title='bbox 3064 1280 3131 1323; x_wconf 90' lang='lat' dir='ltr'><strong>ex</strong></span> <span class='ocrx_word' id='word_1_217' title='bbox 3157 1264 3262 1322; x_wconf 91' lang='lat' dir='ltr'><strong>hoc</strong></span> <span class='ocrx_word' id='word_1_218' title='bbox 3290 1280 3481 1322; x_wconf 85' lang='lat' dir='ltr'><strong>omnes</strong></span> <span class='ocrx_word' id='word_1_219' title='bbox 3515 1265 3643 1322; x_wconf 90' lang='lat' dir='ltr'><strong>:hic</strong></span> 
     </span>
    </p>
   </div>
   <div class='ocr_carea' id='block_1_28' title="bbox 2048 1355 3640 1430">
    <p class='ocr_par' dir='ltr' id='par_1_28' title="bbox 2048 1355 3640 1430">
     <span class='ocr_line' id='line_1_28' title="bbox 2048 1355 3640 1430; baseline 0.002 -19"><span class='ocrx_word' id='word_1_220' title='bbox 2048 1362 2133 1411; x_wconf 88' lang='lat' dir='ltr'><strong>est</strong></span> <span class='ocrx_word' id='word_1_221' title='bbox 2152 1355 2296 1411; x_wconf 91' lang='lat' dir='ltr'><strong>enim</strong></span> <span class='ocrx_word' id='word_1_222' title='bbox 2318 1356 2538 1426; x_wconf 83' lang='lat' dir='ltr'><strong>sanguis</strong></span> <span class='ocrx_word' id='word_1_223' title='bbox 2567 1371 2719 1413; x_wconf 91' lang='lat' dir='ltr'><strong>meus</strong></span> <span class='ocrx_word' id='word_1_224' title='bbox 2742 1356 2869 1412; x_wconf 90' lang='lat' dir='ltr'><strong>novi</strong></span> <span class='ocrx_word' id='word_1_225' title='bbox 2893 1358 3226 1427; x_wconf 87' lang='lat' dir='ltr'><strong>testamenti,</strong></span> <span class='ocrx_word' id='word_1_226' title='bbox 3258 1359 3349 1430; x_wconf 88' lang='lat' dir='ltr'><strong>qui</strong></span> <span class='ocrx_word' id='word_1_227' title='bbox 3373 1373 3472 1430; x_wconf 91' lang='lat' dir='ltr'><strong>pro</strong></span> <span class='ocrx_word' id='word_1_228' title='bbox 3498 1358 3640 1414; x_wconf 90' lang='lat' dir='ltr'><strong>mul-</strong></span> 
     </span>
    </p>
   </div>
   <div class='ocr_carea' id='block_1_29' title="bbox 2050 1447 3646 1520">
    <p class='ocr_par' dir='ltr' id='par_1_29' title="bbox 2050 1447 3646 1520">
     <span class='ocr_line' id='line_1_29' title="bbox 2050 1447 3646 1520; baseline 0.002 -17"><span class='ocrx_word' id='word_1_229' title='bbox 2050 1447 2118 1503; x_wconf 91' lang='lat' dir='ltr'><strong>tis</strong></span> <span class='ocrx_word' id='word_1_230' title='bbox 2166 1447 2471 1504; x_wconf 85' lang='lat' dir='ltr'><strong>eil&#39;undetur</strong></span> <span class='ocrx_word' id='word_1_231' title='bbox 2500 1449 2553 1503; x_wconf 92' lang='lat' dir='ltr'><strong>in</strong></span> <span class='ocrx_word' id='word_1_232' title='bbox 2576 1448 2953 1506; x_wconf 84' lang='lat' dir='ltr'><strong>remissionem</strong></span> <span class='ocrx_word' id='word_1_233' title='bbox 2988 1460 3356 1520; x_wconf 85' lang='lat' dir='ltr'><strong>peccatorum.</strong></span> <span class='ocrx_word' id='word_1_234' title='bbox 3389 1451 3520 1506; x_wconf 92' lang='lat' dir='ltr'><strong>Dico</strong></span> <span class='ocrx_word' id='word_1_235' title='bbox 3548 1465 3646 1506; x_wconf 89' lang='lat' dir='ltr'><strong>au-</strong></span> 
     </span>
    </p>
   </div>
   <div class='ocr_carea' id='block_1_30' title="bbox 2050 1541 3644 1617">
    <p class='ocr_par' dir='ltr' id='par_1_30' title="bbox 2050 1541 3644 1617">
     <span class='ocr_line' id='line_1_30' title="bbox 2050 1541 3644 1617; baseline 0.003 -21"><span class='ocrx_word' id='word_1_236' title='bbox 2050 1548 2159 1597; x_wconf 92' lang='lat' dir='ltr'><strong>tem</strong></span> <span class='ocrx_word' id='word_1_237' title='bbox 2185 1541 2341 1597; x_wconf 82' lang='lat' dir='ltr'><strong>vobis</strong></span> <span class='ocrx_word' id='word_1_238' title='bbox 2360 1559 2374 1596; x_wconf 94' lang='lat'><strong>:</strong></span> <span class='ocrx_word' id='word_1_239' title='bbox 2392 1541 2510 1599; x_wconf 84' lang='lat' dir='ltr'><strong>Non</strong></span> <span class='ocrx_word' id='word_1_240' title='bbox 2543 1542 2724 1598; x_wconf 88' lang='lat' dir='ltr'><strong>bibam</strong></span> <span class='ocrx_word' id='word_1_241' title='bbox 2748 1543 2945 1599; x_wconf 90' lang='lat' dir='ltr'><strong>amodo</strong></span> <span class='ocrx_word' id='word_1_242' title='bbox 2968 1542 3035 1599; x_wconf 92' lang='lat' dir='ltr'><strong>de</strong></span> <span class='ocrx_word' id='word_1_243' title='bbox 3062 1543 3163 1601; x_wconf 91' lang='lat' dir='ltr'><strong>hoc</strong></span> <span class='ocrx_word' id='word_1_244' title='bbox 3187 1545 3467 1617; x_wconf 88' lang='lat' dir='ltr'><strong>genimine</strong></span> <span class='ocrx_word' id='word_1_245' title='bbox 3496 1546 3644 1614; x_wconf 82' lang='lat' dir='ltr'><strong>vitis,</strong></span> 
     </span>
    </p>
   </div>
   <div class='ocr_carea' id='block_1_31' title="bbox 2049 1634 3641 1705">
    <p class='ocr_par' dir='ltr' id='par_1_31' title="bbox 2049 1634 3641 1705">
     <span class='ocr_line' id='line_1_31' title="bbox 2049 1634 3641 1705; baseline 0.004 -17"><span class='ocrx_word' id='word_1_246' title='bbox 2049 1648 2218 1705; x_wconf 87' lang='lat' dir='ltr'><strong>usque</strong></span> <span class='ocrx_word' id='word_1_247' title='bbox 2240 1635 2292 1690; x_wconf 92' lang='lat' dir='ltr'><strong>in</strong></span> <span class='ocrx_word' id='word_1_248' title='bbox 2314 1634 2460 1691; x_wconf 92' lang='lat' dir='ltr'><strong>diem</strong></span> <span class='ocrx_word' id='word_1_249' title='bbox 2484 1635 2637 1691; x_wconf 89' lang='lat' dir='ltr'><strong>illum</strong></span> <span class='ocrx_word' id='word_1_250' title='bbox 2655 1650 2779 1692; x_wconf 91' lang='lat' dir='ltr'><strong>cum</strong></span> <span class='ocrx_word' id='word_1_251' title='bbox 2805 1635 2935 1692; x_wconf 91' lang='lat' dir='ltr'><strong>illud</strong></span> <span class='ocrx_word' id='word_1_252' title='bbox 2951 1635 3133 1694; x_wconf 86' lang='lat' dir='ltr'><strong>bibam</strong></span> <span class='ocrx_word' id='word_1_253' title='bbox 3150 1637 3428 1695; x_wconf 81' lang='lat' dir='ltr'><strong>vobiscum</strong></span> <span class='ocrx_word' id='word_1_254' title='bbox 3441 1653 3641 1695; x_wconf 89' lang='lat' dir='ltr'><strong>novum</strong></span> 
     </span>
    </p>
   </div>
   <div class='ocr_carea' id='block_1_32' title="bbox 2047 1726 3642 1803">
    <p class='ocr_par' dir='ltr' id='par_1_32' title="bbox 2047 1726 3642 1803">
     <span class='ocr_line' id='line_1_32' title="bbox 2047 1726 3642 1803; baseline 0.004 -22"><span class='ocrx_word' id='word_1_255' title='bbox 2047 1726 2102 1781; x_wconf 92' lang='lat' dir='ltr'><strong>in</strong></span> <span class='ocrx_word' id='word_1_256' title='bbox 2142 1742 2308 1799; x_wconf 91' lang='lat' dir='ltr'><strong>regno</strong></span> <span class='ocrx_word' id='word_1_257' title='bbox 2343 1727 2524 1784; x_wconf 87' lang='lat' dir='ltr'><strong>Patris</strong></span> <span class='ocrx_word' id='word_1_258' title='bbox 2551 1729 2678 1785; x_wconf 89' lang='lat' dir='ltr'><strong>mei.</strong></span> <span class='ocrx_word' id='word_1_259' title='bbox 2706 1728 3016 1801; x_wconf 54' lang='lat' dir='ltr'><strong>[cccxxxvn</strong></span> <span class='ocrx_word' id='word_1_260' title='bbox 3040 1729 3121 1801; x_wconf 89' lang='lat'><strong>6.]</strong></span> <span class='ocrx_word' id='word_1_261' title='bbox 3149 1728 3218 1786; x_wconf 83' lang='lat' dir='ltr'><strong>Et</strong></span> <span class='ocrx_word' id='word_1_262' title='bbox 3238 1729 3443 1803; x_wconf 85' lang='lat' dir='ltr'><strong>hymno</strong></span> <span class='ocrx_word' id='word_1_263' title='bbox 3471 1730 3642 1801; x_wconf 91' lang='lat' dir='ltr'><strong>dicto,</strong></span> 
     </span>
    </p>
   </div>
   <div class='ocr_carea' id='block_1_33' title="bbox 338 1820 3646 1897">
    <p class='ocr_par' dir='ltr' id='par_1_33' title="bbox 338 1820 3646 1897">
     <span class='ocr_line' id='line_1_33' title="bbox 338 1820 3646 1897; baseline 0.001 -19"><span class='ocrx_word' id='word_1_264' title='bbox 338 1835 780 1880; x_wconf 88' lang='lat' dir='ltr'><strong>consummasset</strong></span> <span class='ocrx_word' id='word_1_265' title='bbox 800 1824 960 1881; x_wconf 83' lang='lat' dir='ltr'><strong>Jesus</strong></span> <span class='ocrx_word' id='word_1_266' title='bbox 989 1840 1271 1882; x_wconf 88' lang='lat' dir='ltr'><strong>sermones</strong></span> <span class='ocrx_word' id='word_1_267' title='bbox 1321 1826 1418 1882; x_wconf 91' lang='lat' dir='ltr'><strong>hos</strong></span> <span class='ocrx_word' id='word_1_268' title='bbox 1445 1841 1655 1893; x_wconf 91' lang='lat' dir='ltr'><strong>omnes,</strong></span> <span class='ocrx_word' id='word_1_269' title='bbox 1685 1827 1823 1881; x_wconf 82' lang='lat' dir='ltr'><strong>dixit</strong></span> <span class='ocrx_word' id='word_1_270' title='bbox 1852 1826 1936 1882; x_wconf 88' lang='lat' dir='ltr'><strong>di-</strong></span> <span class='ocrx_word' id='word_1_271' title='bbox 1969 1825 2019 1887; x_wconf 89' lang='lat' dir='ltr'><strong>B</strong></span> <span class='ocrx_word' id='word_1_272' title='bbox 2044 1820 2295 1877; x_wconf 85' lang='lat' dir='ltr'><strong>exierunt</strong></span> <span class='ocrx_word' id='word_1_273' title='bbox 2335 1820 2390 1876; x_wconf 89' lang='lat' dir='ltr'><strong>iu</strong></span> <span class='ocrx_word' id='word_1_274' title='bbox 2436 1834 2676 1879; x_wconf 84' lang='lat' dir='ltr'><strong>montem</strong></span> <span class='ocrx_word' id='word_1_275' title='bbox 2709 1822 2936 1879; x_wconf 88' lang='lat' dir='ltr'><strong>Oliveti.</strong></span> <span class='ocrx_word' id='word_1_276' title='bbox 2994 1824 3326 1896; x_wconf 65' lang='lat' dir='ltr'><strong>[cccxxxvm</strong></span> <span class='ocrx_word' id='word_1_277' title='bbox 3366 1823 3446 1897; x_wconf 78' lang='grc'><strong>4.]</strong></span> <span class='ocrx_word' id='word_1_278' title='bbox 3491 1824 3646 1881; x_wconf 88' lang='lat' dir='ltr'><strong>Tunc</strong></span> 
     </span>
    </p>
   </div>
   <div class='ocr_carea' id='block_1_34' title="bbox 335 1917 1937 1990">
    <p class='ocr_par' dir='ltr' id='par_1_34' title="bbox 335 1917 1937 1990">
     <span class='ocr_line' id='line_1_34' title="bbox 335 1917 1937 1990; baseline 0.001 -18"><span class='ocrx_word' id='word_1_279' title='bbox 335 1917 568 1987; x_wconf 91' lang='lat' dir='ltr'><strong>scipulis</strong></span> <span class='ocrx_word' id='word_1_280' title='bbox 611 1918 725 1974; x_wconf 90' lang='lat' dir='ltr'><strong>suis</strong></span> <span class='ocrx_word' id='word_1_281' title='bbox 772 1935 787 1974; x_wconf 92' lang='lat'><strong>:</strong></span> <span class='ocrx_word' id='word_1_282' title='bbox 821 1917 984 1975; x_wconf 91' lang='lat' dir='ltr'><strong>Scitis</strong></span> <span class='ocrx_word' id='word_1_283' title='bbox 1004 1920 1128 1990; x_wconf 89' lang='lat' dir='ltr'><strong>quia</strong></span> <span class='ocrx_word' id='word_1_284' title='bbox 1160 1929 1283 1989; x_wconf 92' lang='lat' dir='ltr'><strong>post</strong></span> <span class='ocrx_word' id='word_1_285' title='bbox 1325 1919 1551 1975; x_wconf 89' lang='lat' dir='ltr'><strong>biduum</strong></span> <span class='ocrx_word' id='word_1_286' title='bbox 1585 1919 1792 1976; x_wconf 84' lang='lat' dir='ltr'><strong>Pascha</strong></span> <span class='ocrx_word' id='word_1_287' title='bbox 1825 1919 1937 1988; x_wconf 84' lang='lat' dir='ltr'><strong>ﬁet,</strong></span> 
     </span>
    </p>
   </div>
   <div class='ocr_carea' id='block_1_35' title="bbox 334 2008 1940 2085">
    <p class='ocr_par' dir='ltr' id='par_1_35' title="bbox 334 2008 1940 2085">
     <span class='ocr_line' id='line_1_35' title="bbox 334 2008 1940 2085; baseline 0.001 -19"><span class='ocrx_word' id='word_1_288' title='bbox 334 2019 395 2066; x_wconf 90' lang='lat' dir='ltr'><strong>et</strong></span> <span class='ocrx_word' id='word_1_289' title='bbox 418 2009 564 2067; x_wconf 89' lang='lat' dir='ltr'><strong>ﬁlius</strong></span> <span class='ocrx_word' id='word_1_290' title='bbox 584 2008 821 2066; x_wconf 88' lang='lat' dir='ltr'><strong>hominis</strong></span> <span class='ocrx_word' id='word_1_291' title='bbox 841 2010 1107 2078; x_wconf 90' lang='lat' dir='ltr'><strong>tradetur,</strong></span> <span class='ocrx_word' id='word_1_292' title='bbox 1124 2023 1181 2069; x_wconf 90' lang='lat' dir='ltr'><strong>ut</strong></span> <span class='ocrx_word' id='word_1_293' title='bbox 1201 2012 1571 2084; x_wconf 88' lang='lat' dir='ltr'><strong>cruciﬁgatur.</strong></span> <span class='ocrx_word' id='word_1_294' title='bbox 1595 2014 1839 2085; x_wconf 70' lang='lat' dir='ltr'><strong>[cccxxv,</strong></span> <span class='ocrx_word' id='word_1_295' title='bbox 1861 2013 1940 2085; x_wconf 83' lang='lat'><strong>6.]</strong></span> 
     </span>
    </p>
   </div>
   <div class='ocr_carea' id='block_1_36' title="bbox 336 2102 1943 2177">
    <p class='ocr_par' dir='ltr' id='par_1_36' title="bbox 336 2102 1943 2177">
     <span class='ocr_line' id='line_1_36' title="bbox 336 2102 1943 2177; baseline 0.003 -19"><span class='ocrx_word' id='word_1_296' title='bbox 336 2102 496 2159; x_wconf 87' lang='lat' dir='ltr'><strong>Tune</strong></span> <span class='ocrx_word' id='word_1_297' title='bbox 522 2105 833 2176; x_wconf 86' lang='lat' dir='ltr'><strong>congregati</strong></span> <span class='ocrx_word' id='word_1_298' title='bbox 865 2116 995 2162; x_wconf 90' lang='lat' dir='ltr'><strong>sunt</strong></span> <span class='ocrx_word' id='word_1_299' title='bbox 1024 2104 1299 2177; x_wconf 85' lang='lat' dir='ltr'><strong>principes</strong></span> <span class='ocrx_word' id='word_1_300' title='bbox 1321 2106 1665 2163; x_wconf 80' lang='lat' dir='ltr'><strong>sacerdomm</strong></span> <span class='ocrx_word' id='word_1_301' title='bbox 1681 2116 1733 2164; x_wconf 92' lang='lat' dir='ltr'><strong>et</strong></span> <span class='ocrx_word' id='word_1_302' title='bbox 1762 2107 1943 2163; x_wconf 83' lang='lat' dir='ltr'><strong>senio-</strong></span> 
     </span>
    </p>
   </div>
   <div class='ocr_carea' id='block_1_37' title="bbox 336 2197 1942 2273">
    <p class='ocr_par' dir='ltr' id='par_1_37' title="bbox 336 2197 1942 2273">
     <span class='ocr_line' id='line_1_37' title="bbox 336 2197 1942 2273; baseline 0.002 -19"><span class='ocrx_word' id='word_1_303' title='bbox 336 2211 431 2254; x_wconf 85' lang='lat' dir='ltr'><strong>res</strong></span> <span class='ocrx_word' id='word_1_304' title='bbox 459 2198 648 2269; x_wconf 90' lang='lat' dir='ltr'><strong>populi</strong></span> <span class='ocrx_word' id='word_1_305' title='bbox 676 2197 730 2254; x_wconf 92' lang='lat' dir='ltr'><strong>in</strong></span> <span class='ocrx_word' id='word_1_306' title='bbox 761 2201 956 2254; x_wconf 90' lang='lat' dir='ltr'><strong>atrium</strong></span> <span class='ocrx_word' id='word_1_307' title='bbox 994 2200 1255 2271; x_wconf 87' lang='lat' dir='ltr'><strong>principis</strong></span> <span class='ocrx_word' id='word_1_308' title='bbox 1280 2200 1645 2267; x_wconf 88' lang='lat' dir='ltr'><strong>sacerdotum,</strong></span> <span class='ocrx_word' id='word_1_309' title='bbox 1674 2202 1764 2273; x_wconf 93' lang='lat' dir='ltr'><strong>qui</strong></span> <span class='ocrx_word' id='word_1_310' title='bbox 1794 2201 1942 2257; x_wconf 90' lang='lat' dir='ltr'><strong>dice-</strong></span> 
     </span>
    </p>
   </div>
   <div class='ocr_carea' id='block_1_38' title="bbox 333 2290 1941 2363">
    <p class='ocr_par' dir='ltr' id='par_1_38' title="bbox 333 2290 1941 2363">
     <span class='ocr_line' id='line_1_38' title="bbox 333 2290 1941 2363; baseline 0.002 -17"><span class='ocrx_word' id='word_1_311' title='bbox 333 2291 498 2346; x_wconf 84' lang='lat' dir='ltr'><strong>batur</strong></span> <span class='ocrx_word' id='word_1_312' title='bbox 516 2290 753 2363; x_wconf 89' lang='lat' dir='ltr'><strong>Caiphas</strong></span> <span class='ocrx_word' id='word_1_313' title='bbox 774 2308 788 2346; x_wconf 90' lang='lat'><strong>:</strong></span> <span class='ocrx_word' id='word_1_314' title='bbox 812 2301 867 2348; x_wconf 92' lang='lat' dir='ltr'><strong>et</strong></span> <span class='ocrx_word' id='word_1_315' title='bbox 895 2292 1187 2348; x_wconf 91' lang='lat' dir='ltr'><strong>consilium</strong></span> <span class='ocrx_word' id='word_1_316' title='bbox 1218 2294 1480 2363; x_wconf 88' lang='lat' dir='ltr'><strong>fecerunt,</strong></span> <span class='ocrx_word' id='word_1_317' title='bbox 1519 2302 1577 2349; x_wconf 92' lang='lat' dir='ltr'><strong>ut</strong></span> <span class='ocrx_word' id='word_1_318' title='bbox 1601 2292 1789 2350; x_wconf 83' lang='lat' dir='ltr'><strong>Jesum</strong></span> <span class='ocrx_word' id='word_1_319' title='bbox 1817 2293 1941 2349; x_wconf 89' lang='lat' dir='ltr'><strong>dolo</strong></span> 
     </span>
    </p>
   </div>
   <div class='ocr_carea' id='block_1_39' title="bbox 336 2384 1942 2451">
    <p class='ocr_par' dir='ltr' id='par_1_39' title="bbox 336 2384 1942 2451">
     <span class='ocr_line' id='line_1_39' title="bbox 336 2384 1942 2451; baseline 0.002 -12"><span class='ocrx_word' id='word_1_320' title='bbox 336 2392 613 2451; x_wconf 89' lang='lat' dir='ltr'><strong>tenerent,</strong></span> <span class='ocrx_word' id='word_1_321' title='bbox 636 2394 693 2442; x_wconf 89' lang='lat' dir='ltr'><strong>et</strong></span> <span class='ocrx_word' id='word_1_322' title='bbox 721 2384 1053 2441; x_wconf 90' lang='lat' dir='ltr'><strong>occiderent.</strong></span> <span class='ocrx_word' id='word_1_323' title='bbox 1086 2386 1346 2443; x_wconf 88' lang='lat' dir='ltr'><strong>Dicebant</strong></span> <span class='ocrx_word' id='word_1_324' title='bbox 1373 2396 1551 2443; x_wconf 89' lang='lat' dir='ltr'><strong>autem</strong></span> <span class='ocrx_word' id='word_1_325' title='bbox 1580 2405 1591 2441; x_wconf 89' lang='lat'><strong>:</strong></span> <span class='ocrx_word' id='word_1_326' title='bbox 1625 2386 1738 2442; x_wconf 88' lang='lat' dir='ltr'><strong>Non</strong></span> <span class='ocrx_word' id='word_1_327' title='bbox 1766 2386 1819 2441; x_wconf 92' lang='lat' dir='ltr'><strong>in</strong></span> <span class='ocrx_word' id='word_1_328' title='bbox 1850 2387 1942 2443; x_wconf 91' lang='lat' dir='ltr'><strong>die</strong></span> 
     </span>
    </p>
   </div>
   <div class='ocr_carea' id='block_1_40' title="bbox 332 2477 1937 2555">
    <p class='ocr_par' dir='ltr' id='par_1_40' title="bbox 332 2477 1937 2555">
     <span class='ocr_line' id='line_1_40' title="bbox 332 2477 1937 2555; baseline 0.001 -21"><span class='ocrx_word' id='word_1_329' title='bbox 332 2477 504 2547; x_wconf 86' lang='lat' dir='ltr'><strong>festo,</strong></span> <span class='ocrx_word' id='word_1_330' title='bbox 546 2494 617 2536; x_wconf 89' lang='lat' dir='ltr'><strong>ne</strong></span> <span class='ocrx_word' id='word_1_331' title='bbox 657 2480 796 2536; x_wconf 91' lang='lat' dir='ltr'><strong>forte</strong></span> <span class='ocrx_word' id='word_1_332' title='bbox 843 2482 1109 2537; x_wconf 90' lang='lat' dir='ltr'><strong>tumultus</strong></span> <span class='ocrx_word' id='word_1_333' title='bbox 1139 2482 1293 2537; x_wconf 90' lang='lat' dir='ltr'><strong>ﬁeret</strong></span> <span class='ocrx_word' id='word_1_334' title='bbox 1325 2484 1378 2537; x_wconf 91' lang='lat' dir='ltr'><strong>in</strong></span> <span class='ocrx_word' id='word_1_335' title='bbox 1410 2483 1632 2553; x_wconf 88' lang='lat' dir='ltr'><strong>populo.</strong></span> <span class='ocrx_word' id='word_1_336' title='bbox 1668 2482 1937 2555; x_wconf 66' lang='lat' dir='ltr'><strong>iscum,</strong></span> 
     </span>
    </p>
   </div>
   <div class='ocr_carea' id='block_1_41' title="bbox 336 2567 1941 2643">
    <p class='ocr_par' dir='ltr' id='par_1_41' title="bbox 336 2567 1941 2643">
     <span class='ocr_line' id='line_1_41' title="bbox 336 2567 1941 2643; baseline 0.001 -16"><span class='ocrx_word' id='word_1_337' title='bbox 336 2569 418 2643; x_wconf 79' lang='lat'><strong>1.]</strong></span> <span class='ocrx_word' id='word_1_338' title='bbox 448 2567 587 2626; x_wconf 89' lang='lat' dir='ltr'><strong>Cum</strong></span> <span class='ocrx_word' id='word_1_339' title='bbox 614 2581 794 2628; x_wconf 89' lang='lat' dir='ltr'><strong>autem</strong></span> <span class='ocrx_word' id='word_1_340' title='bbox 826 2571 981 2628; x_wconf 82' lang='lat' dir='ltr'><strong>Jesus</strong></span> <span class='ocrx_word' id='word_1_341' title='bbox 1007 2580 1155 2629; x_wconf 83' lang='lat' dir='ltr'><strong>esset</strong></span> <span class='ocrx_word' id='word_1_342' title='bbox 1185 2574 1237 2628; x_wconf 90' lang='lat' dir='ltr'><strong>in</strong></span> <span class='ocrx_word' id='word_1_343' title='bbox 1268 2573 1549 2639; x_wconf 86' lang='lat' dir='ltr'><strong>Bethania,</strong></span> <span class='ocrx_word' id='word_1_344' title='bbox 1583 2572 1636 2627; x_wconf 91' lang='lat' dir='ltr'><strong>in</strong></span> <span class='ocrx_word' id='word_1_345' title='bbox 1658 2572 1823 2628; x_wconf 91' lang='lat' dir='ltr'><strong>domo</strong></span> <span class='ocrx_word' id='word_1_346' title='bbox 1855 2572 1941 2629; x_wconf 91' lang='lat' dir='ltr'><strong>Si-</strong></span> 
     </span>
    </p>
   </div>
   <div class='ocr_carea' id='block_1_42' title="bbox 331 2666 1943 2738">
    <p class='ocr_par' dir='ltr' id='par_1_42' title="bbox 331 2666 1943 2738">
     <span class='ocr_line' id='line_1_42' title="bbox 331 2666 1943 2738; baseline 0.001 -17"><span class='ocrx_word' id='word_1_347' title='bbox 331 2666 517 2722; x_wconf 88' lang='lat' dir='ltr'><strong>monis</strong></span> <span class='ocrx_word' id='word_1_348' title='bbox 547 2666 774 2738; x_wconf 83' lang='lat' dir='ltr'><strong>leprosi,</strong></span> <span class='ocrx_word' id='word_1_349' title='bbox 801 2669 1028 2723; x_wconf 83' lang='lat' dir='ltr'><strong>accessit</strong></span> <span class='ocrx_word' id='word_1_350' title='bbox 1050 2666 1115 2722; x_wconf 86' lang='lat' dir='ltr'><strong>ad</strong></span> <span class='ocrx_word' id='word_1_351' title='bbox 1154 2683 1276 2723; x_wconf 93' lang='lat' dir='ltr'><strong>eum</strong></span> <span class='ocrx_word' id='word_1_352' title='bbox 1306 2667 1500 2723; x_wconf 89' lang='lat' dir='ltr'><strong>mulier</strong></span> <span class='ocrx_word' id='word_1_353' title='bbox 1526 2667 1731 2723; x_wconf 87' lang='lat' dir='ltr'><strong>habens</strong></span> <span class='ocrx_word' id='word_1_354' title='bbox 1757 2668 1943 2723; x_wconf 84' lang='lat' dir='ltr'><strong>alaba-</strong></span> 
     </span>
    </p>
   </div>
   <div class='ocr_carea' id='block_1_43' title="bbox 332 2759 1941 2833">
    <p class='ocr_par' dir='ltr' id='par_1_43' title="bbox 332 2759 1941 2833">
     <span class='ocr_line' id='line_1_43' title="bbox 332 2759 1941 2833; baseline 0.002 -19"><span class='ocrx_word' id='word_1_355' title='bbox 332 2768 512 2814; x_wconf 89' lang='lat' dir='ltr'><strong>strum</strong></span> <span class='ocrx_word' id='word_1_356' title='bbox 540 2759 804 2831; x_wconf 90' lang='lat' dir='ltr'><strong>unguenti</strong></span> <span class='ocrx_word' id='word_1_357' title='bbox 827 2760 1074 2830; x_wconf 89' lang='lat' dir='ltr'><strong>pretiosi,</strong></span> <span class='ocrx_word' id='word_1_358' title='bbox 1099 2768 1153 2816; x_wconf 91' lang='lat' dir='ltr'><strong>et</strong></span> <span class='ocrx_word' id='word_1_359' title='bbox 1175 2759 1365 2816; x_wconf 79' lang='lat' dir='ltr'><strong>eﬁ‘udit</strong></span> <span class='ocrx_word' id='word_1_360' title='bbox 1394 2775 1558 2831; x_wconf 89' lang='lat' dir='ltr'><strong>super</strong></span> <span class='ocrx_word' id='word_1_361' title='bbox 1578 2770 1741 2831; x_wconf 89' lang='lat' dir='ltr'><strong>caput</strong></span> <span class='ocrx_word' id='word_1_362' title='bbox 1770 2761 1941 2833; x_wconf 86' lang='lat' dir='ltr'><strong>ipsius</strong></span> 
     </span>
    </p>
   </div>
   <div class='ocr_carea' id='block_1_44' title="bbox 336 2850 1936 2927">
    <p class='ocr_par' dir='ltr' id='par_1_44' title="bbox 336 2850 1936 2927">
     <span class='ocr_line' id='line_1_44' title="bbox 336 2850 1936 2927; baseline 0.003 -21"><span class='ocrx_word' id='word_1_363' title='bbox 336 2850 727 2909; x_wconf 89' lang='lat' dir='ltr'><strong>recumbentis.</strong></span> <span class='ocrx_word' id='word_1_364' title='bbox 748 2851 1002 2909; x_wconf 84' lang='lat' dir='ltr'><strong>Videntes</strong></span> <span class='ocrx_word' id='word_1_365' title='bbox 1026 2865 1208 2909; x_wconf 90' lang='lat' dir='ltr'><strong>autem</strong></span> <span class='ocrx_word' id='word_1_366' title='bbox 1224 2854 1475 2924; x_wconf 91' lang='lat' dir='ltr'><strong>discipuli</strong></span> <span class='ocrx_word' id='word_1_367' title='bbox 1499 2852 1607 2927; x_wconf 81' lang='lat' dir='ltr'><strong>[AL</strong></span> <span class='ocrx_word' id='word_1_368' title='bbox 1630 2854 1754 2909; x_wconf 87' lang='lat' dir='ltr'><strong>add.</strong></span> <span class='ocrx_word' id='word_1_369' title='bbox 1774 2853 1936 2925; x_wconf 86' lang='lat' dir='ltr'><strong>ejus],</strong></span> 
     </span>
    </p>
   </div>
   <div class='ocr_carea' id='block_1_45' title="bbox 336 2944 1939 3020">
    <p class='ocr_par' dir='ltr' id='par_1_45' title="bbox 336 2944 1939 3020">
     <span class='ocr_line' id='line_1_45' title="bbox 336 2944 1939 3020; baseline 0.003 -20"><span class='ocrx_word' id='word_1_370' title='bbox 336 2944 604 3016; x_wconf 87' lang='lat' dir='ltr'><strong>indignati</strong></span> <span class='ocrx_word' id='word_1_371' title='bbox 629 2954 774 3013; x_wconf 91' lang='lat' dir='ltr'><strong>sunt,</strong></span> <span class='ocrx_word' id='word_1_372' title='bbox 802 2945 1047 3003; x_wconf 87' lang='lat' dir='ltr'><strong>dicentes</strong></span> <span class='ocrx_word' id='word_1_373' title='bbox 1080 2965 1093 3001; x_wconf 93' lang='lat'><strong>:</strong></span> <span class='ocrx_word' id='word_1_374' title='bbox 1125 2947 1193 3003; x_wconf 89' lang='lat' dir='ltr'><strong>Ut</strong></span> <span class='ocrx_word' id='word_1_375' title='bbox 1226 2946 1353 3017; x_wconf 87' lang='lat' dir='ltr'><strong>quid</strong></span> <span class='ocrx_word' id='word_1_376' title='bbox 1389 2947 1623 3018; x_wconf 82' lang='lat' dir='ltr'><strong>perditio</strong></span> <span class='ocrx_word' id='word_1_377' title='bbox 1652 2947 1803 3005; x_wconf 70' lang='lat' dir='ltr'><strong>hrec?</strong></span> <span class='ocrx_word' id='word_1_378' title='bbox 1843 2965 1939 3020; x_wconf 91' lang='lat' dir='ltr'><strong>po-</strong></span> 
     </span>
    </p>
   </div>
   <div class='ocr_carea' id='block_1_46' title="bbox 336 3038 1935 3113">
    <p class='ocr_par' dir='ltr' id='par_1_46' title="bbox 336 3038 1935 3113">
     <span class='ocr_line' id='line_1_46' title="bbox 336 3038 1935 3113; baseline 0.005 -22"><span class='ocrx_word' id='word_1_379' title='bbox 336 3039 442 3092; x_wconf 91' lang='lat' dir='ltr'><strong>tuit</strong></span> <span class='ocrx_word' id='word_1_380' title='bbox 462 3038 609 3093; x_wconf 89' lang='lat' dir='ltr'><strong>enim</strong></span> <span class='ocrx_word' id='word_1_381' title='bbox 632 3038 775 3095; x_wconf 89' lang='lat' dir='ltr'><strong>istud</strong></span> <span class='ocrx_word' id='word_1_382' title='bbox 804 3038 1123 3095; x_wconf 91' lang='lat' dir='ltr'><strong>venumdari</strong></span> <span class='ocrx_word' id='word_1_383' title='bbox 1152 3041 1417 3105; x_wconf 90' lang='lat' dir='ltr'><strong>multo,et</strong></span> <span class='ocrx_word' id='word_1_384' title='bbox 1438 3040 1555 3096; x_wconf 91' lang='lat' dir='ltr'><strong>dari</strong></span> <span class='ocrx_word' id='word_1_385' title='bbox 1584 3042 1935 3113; x_wconf 85' lang='lat' dir='ltr'><strong>pauperibus.</strong></span> 
     </span>
    </p>
   </div>
   <div class='ocr_carea' id='block_1_47' title="bbox 336 3130 1940 3200">
    <p class='ocr_par' dir='ltr' id='par_1_47' title="bbox 336 3130 1940 3200">
     <span class='ocr_line' id='line_1_47' title="bbox 336 3130 1940 3200; baseline 0.002 -13"><span class='ocrx_word' id='word_1_386' title='bbox 336 3131 532 3187; x_wconf 88' lang='lat' dir='ltr'><strong>Sciens</strong></span> <span class='ocrx_word' id='word_1_387' title='bbox 563 3141 743 3188; x_wconf 91' lang='lat' dir='ltr'><strong>autem</strong></span> <span class='ocrx_word' id='word_1_388' title='bbox 772 3130 952 3198; x_wconf 80' lang='lat' dir='ltr'><strong>Jesus,</strong></span> <span class='ocrx_word' id='word_1_389' title='bbox 985 3133 1059 3187; x_wconf 90' lang='lat' dir='ltr'><strong>ait</strong></span> <span class='ocrx_word' id='word_1_390' title='bbox 1085 3131 1223 3188; x_wconf 90' lang='lat' dir='ltr'><strong>illis:</strong></span> <span class='ocrx_word' id='word_1_391' title='bbox 1243 3133 1380 3200; x_wconf 81' lang='lat' dir='ltr'><strong>Quid</strong></span> <span class='ocrx_word' id='word_1_392' title='bbox 1404 3134 1622 3190; x_wconf 89' lang='lat' dir='ltr'><strong>molesti</strong></span> <span class='ocrx_word' id='word_1_393' title='bbox 1649 3134 1784 3190; x_wconf 92' lang='lat' dir='ltr'><strong>estis</strong></span> <span class='ocrx_word' id='word_1_394' title='bbox 1817 3135 1940 3192; x_wconf 91' lang='lat' dir='ltr'><strong>huic</strong></span> 
     </span>
    </p>
   </div>
   <div class='ocr_carea' id='block_1_48' title="bbox 2042 1911 3643 1985">
    <p class='ocr_par' dir='ltr' id='par_1_48' title="bbox 2042 1911 3643 1985">
     <span class='ocr_line' id='line_1_48' title="bbox 2042 1911 3643 1985; baseline 0.002 -17"><span class='ocrx_word' id='word_1_395' title='bbox 2042 1911 2177 1969; x_wconf 88' lang='lat' dir='ltr'><strong>dicit</strong></span> <span class='ocrx_word' id='word_1_396' title='bbox 2202 1913 2308 1969; x_wconf 89' lang='lat' dir='ltr'><strong>illis</strong></span> <span class='ocrx_word' id='word_1_397' title='bbox 2333 1913 2493 1970; x_wconf 84' lang='lat' dir='ltr'><strong>Jesus</strong></span> <span class='ocrx_word' id='word_1_398' title='bbox 2520 1930 2535 1968; x_wconf 92' lang='lat'><strong>:</strong></span> <span class='ocrx_word' id='word_1_399' title='bbox 2588 1914 2791 1971; x_wconf 88' lang='lat' dir='ltr'><strong>Omnes</strong></span> <span class='ocrx_word' id='word_1_400' title='bbox 2814 1930 2909 1971; x_wconf 89' lang='lat' dir='ltr'><strong>vos</strong></span> <span class='ocrx_word' id='word_1_401' title='bbox 2940 1915 3255 1971; x_wconf 88' lang='lat' dir='ltr'><strong>scandalum</strong></span> <span class='ocrx_word' id='word_1_402' title='bbox 3279 1915 3558 1985; x_wconf 88' lang='lat' dir='ltr'><strong>patiemini</strong></span> <span class='ocrx_word' id='word_1_403' title='bbox 3587 1916 3643 1973; x_wconf 92' lang='lat' dir='ltr'><strong>in</strong></span> 
     </span>
    </p>
   </div>
   <div class='ocr_carea' id='block_1_49' title="bbox 2045 2006 3639 2080">
    <p class='ocr_par' dir='ltr' id='par_1_49' title="bbox 2045 2006 3639 2080">
     <span class='ocr_line' id='line_1_49' title="bbox 2045 2006 3639 2080; baseline 0.003 -18"><span class='ocrx_word' id='word_1_404' title='bbox 2045 2021 2132 2062; x_wconf 81' lang='lat' dir='ltr'><strong>me</strong></span> <span class='ocrx_word' id='word_1_405' title='bbox 2156 2008 2209 2062; x_wconf 93' lang='lat' dir='ltr'><strong>in</strong></span> <span class='ocrx_word' id='word_1_406' title='bbox 2233 2006 2333 2062; x_wconf 90' lang='lat' dir='ltr'><strong>ista</strong></span> <span class='ocrx_word' id='word_1_407' title='bbox 2363 2015 2541 2064; x_wconf 90' lang='lat' dir='ltr'><strong>nocte.</strong></span> <span class='ocrx_word' id='word_1_408' title='bbox 2560 2008 2912 2080; x_wconf 74' lang='lat' dir='ltr'><strong>[ccuxxvm,</strong></span> <span class='ocrx_word' id='word_1_409' title='bbox 2940 2006 3018 2080; x_wconf 85' lang='lat'><strong>6.]</strong></span> <span class='ocrx_word' id='word_1_410' title='bbox 3042 2007 3313 2079; x_wconf 87' lang='lat' dir='ltr'><strong>Scriptum</strong></span> <span class='ocrx_word' id='word_1_411' title='bbox 3336 2018 3420 2066; x_wconf 91' lang='lat' dir='ltr'><strong>est</strong></span> <span class='ocrx_word' id='word_1_412' title='bbox 3448 2008 3594 2065; x_wconf 89' lang='lat' dir='ltr'><strong>enim</strong></span> <span class='ocrx_word' id='word_1_413' title='bbox 3622 2025 3639 2066; x_wconf 92' lang='lat'><strong>:</strong></span> 
     </span>
    </p>
   </div>
   <div class='ocr_carea' id='block_1_50' title="bbox 2043 2099 3639 2173">
    <p class='ocr_par' dir='ltr' id='par_1_50' title="bbox 2043 2099 3639 2173">
     <span class='ocr_line' id='line_1_50' title="bbox 2043 2099 3639 2173; baseline 0.001 -18"><span class='ocrx_word' id='word_1_414' title='bbox 2043 2099 2350 2157; x_wconf 90' lang='lat' dir='ltr'><strong>Perculiam</strong></span> <span class='ocrx_word' id='word_1_415' title='bbox 2400 2112 2697 2172; x_wconf 87' lang='lat' dir='ltr'><strong>pastorem,</strong></span> <span class='ocrx_word' id='word_1_416' title='bbox 2746 2109 2801 2157; x_wconf 89' lang='lat' dir='ltr'><strong>et</strong></span> <span class='ocrx_word' id='word_1_417' title='bbox 2837 2101 3216 2172; x_wconf 86' lang='lat' dir='ltr'><strong>dispergentur</strong></span> <span class='ocrx_word' id='word_1_418' title='bbox 3265 2115 3397 2158; x_wconf 88' lang='lat' dir='ltr'><strong>oves</strong></span> <span class='ocrx_word' id='word_1_419' title='bbox 3434 2100 3639 2173; x_wconf 88' lang='lat' dir='ltr'><strong>gregis.</strong></span> 
     </span>
    </p>
   </div>
   <div class='ocr_carea' id='block_1_51' title="bbox 2043 2189 3643 2264">
    <p class='ocr_par' dir='ltr' id='par_1_51' title="bbox 2043 2189 3643 2264">
     <span class='ocr_line' id='line_1_51' title="bbox 2043 2189 3643 2264; baseline 0.001 -20"><span class='ocrx_word' id='word_1_420' title='bbox 2043 2189 2334 2263; x_wconf 90' lang='lat' dir='ltr'><strong>Postquam</strong></span> <span class='ocrx_word' id='word_1_421' title='bbox 2365 2199 2547 2249; x_wconf 89' lang='lat' dir='ltr'><strong>autem</strong></span> <span class='ocrx_word' id='word_1_422' title='bbox 2573 2208 2944 2261; x_wconf 88' lang='lat' dir='ltr'><strong>resurrexero,</strong></span> <span class='ocrx_word' id='word_1_423' title='bbox 2987 2191 3291 2264; x_wconf 70' lang='lat' dir='ltr'><strong>praecedam</strong></span> <span class='ocrx_word' id='word_1_424' title='bbox 3322 2206 3420 2249; x_wconf 89' lang='lat' dir='ltr'><strong>vos</strong></span> <span class='ocrx_word' id='word_1_425' title='bbox 3451 2193 3505 2247; x_wconf 92' lang='lat' dir='ltr'><strong>in</strong></span> <span class='ocrx_word' id='word_1_426' title='bbox 3535 2192 3643 2249; x_wconf 85' lang='lat' dir='ltr'><strong>Ga-</strong></span> 
     </span>
    </p>
   </div>
   <div class='ocr_carea' id='block_1_52' title="bbox 2044 2285 3643 2360">
    <p class='ocr_par' dir='ltr' id='par_1_52' title="bbox 2044 2285 3643 2360">
     <span class='ocr_line' id='line_1_52' title="bbox 2044 2285 3643 2360; baseline 0.003 -21"><span class='ocrx_word' id='word_1_427' title='bbox 2044 2285 2265 2341; x_wconf 64' lang='lat' dir='ltr'><strong>lilaeam.</strong></span> <span class='ocrx_word' id='word_1_428' title='bbox 2319 2287 2628 2360; x_wconf 79' lang='lat' dir='ltr'><strong>[ccuxxtx,</strong></span> <span class='ocrx_word' id='word_1_429' title='bbox 2662 2286 2739 2359; x_wconf 92' lang='lat'><strong>1.]</strong></span> <span class='ocrx_word' id='word_1_430' title='bbox 2790 2286 3151 2358; x_wconf 85' lang='lat' dir='ltr'><strong>Respondens</strong></span> <span class='ocrx_word' id='word_1_431' title='bbox 3186 2299 3373 2345; x_wconf 90' lang='lat' dir='ltr'><strong>autem</strong></span> <span class='ocrx_word' id='word_1_432' title='bbox 3424 2286 3643 2357; x_wconf 90' lang='lat' dir='ltr'><strong>Petrus,</strong></span> 
     </span>
    </p>
   </div>
   <div class='ocr_carea' id='block_1_53' title="bbox 2044 2378 3648 2452">
    <p class='ocr_par' dir='ltr' id='par_1_53' title="bbox 2044 2378 3648 2452">
     <span class='ocr_line' id='line_1_53' title="bbox 2044 2378 3648 2452; baseline 0.002 -20"><span class='ocrx_word' id='word_1_433' title='bbox 2044 2378 2221 2435; x_wconf 91' lang='lat' dir='ltr'><strong>aitilli</strong></span> <span class='ocrx_word' id='word_1_434' title='bbox 2253 2398 2266 2435; x_wconf 90' lang='lat'><strong>:</strong></span> <span class='ocrx_word' id='word_1_435' title='bbox 2294 2378 2410 2436; x_wconf 86' lang='lat' dir='ltr'><strong>Etsi</strong></span> <span class='ocrx_word' id='word_1_436' title='bbox 2449 2395 2640 2438; x_wconf 88' lang='lat' dir='ltr'><strong>omnes</strong></span> <span class='ocrx_word' id='word_1_437' title='bbox 2678 2380 3029 2437; x_wconf 86' lang='lat' dir='ltr'><strong>scandalizati</strong></span> <span class='ocrx_word' id='word_1_438' title='bbox 3086 2380 3289 2437; x_wconf 90' lang='lat' dir='ltr'><strong>fuerint</strong></span> <span class='ocrx_word' id='word_1_439' title='bbox 3326 2381 3382 2437; x_wconf 94' lang='lat' dir='ltr'><strong>in</strong></span> <span class='ocrx_word' id='word_1_440' title='bbox 3430 2390 3504 2450; x_wconf 92' lang='lat' dir='ltr'><strong>te,</strong></span> <span class='ocrx_word' id='word_1_441' title='bbox 3546 2395 3648 2452; x_wconf 88' lang='lat' dir='ltr'><strong>ego</strong></span> 
     </span>
    </p>
   </div>
   <div class='ocr_carea' id='block_1_54' title="bbox 2044 2473 3642 2547">
    <p class='ocr_par' dir='ltr' id='par_1_54' title="bbox 2044 2473 3642 2547">
     <span class='ocr_line' id='line_1_54' title="bbox 2044 2473 3642 2547; baseline 0.002 -18"><span class='ocrx_word' id='word_1_442' title='bbox 2044 2490 2338 2547; x_wconf 89' lang='lat' dir='ltr'><strong>numquam</strong></span> <span class='ocrx_word' id='word_1_443' title='bbox 2358 2473 2795 2532; x_wconf 89' lang='lat' dir='ltr'><strong>scandalizabor.</strong></span> <span class='ocrx_word' id='word_1_444' title='bbox 2829 2475 2919 2531; x_wconf 85' lang='lat' dir='ltr'><strong>Ait</strong></span> <span class='ocrx_word' id='word_1_445' title='bbox 2946 2475 3027 2530; x_wconf 92' lang='lat' dir='ltr'><strong>illi</strong></span> <span class='ocrx_word' id='word_1_446' title='bbox 3055 2473 3216 2531; x_wconf 82' lang='lat' dir='ltr'><strong>Jesus</strong></span> <span class='ocrx_word' id='word_1_447' title='bbox 3245 2491 3259 2529; x_wconf 92' lang='lat'><strong>:</strong></span> <span class='ocrx_word' id='word_1_448' title='bbox 3292 2476 3468 2531; x_wconf 82' lang='lat' dir='ltr'><strong>Amen</strong></span> <span class='ocrx_word' id='word_1_449' title='bbox 3518 2473 3642 2532; x_wconf 89' lang='lat' dir='ltr'><strong>dico</strong></span> 
     </span>
    </p>
   </div>
   <div class='ocr_carea' id='block_1_55' title="bbox 2046 2566 3644 2642">
    <p class='ocr_par' dir='ltr' id='par_1_55' title="bbox 2046 2566 3644 2642">
     <span class='ocr_line' id='line_1_55' title="bbox 2046 2566 3644 2642; baseline 0.002 -19"><span class='ocrx_word' id='word_1_450' title='bbox 2046 2566 2163 2634; x_wconf 90' lang='lat' dir='ltr'><strong>tibi,</strong></span> <span class='ocrx_word' id='word_1_451' title='bbox 2206 2569 2335 2639; x_wconf 92' lang='lat' dir='ltr'><strong>quia</strong></span> <span class='ocrx_word' id='word_1_452' title='bbox 2367 2570 2421 2625; x_wconf 91' lang='lat' dir='ltr'><strong>in</strong></span> <span class='ocrx_word' id='word_1_453' title='bbox 2445 2569 2547 2626; x_wconf 83' lang='lat' dir='ltr'><strong>hac</strong></span> <span class='ocrx_word' id='word_1_454' title='bbox 2570 2577 2749 2636; x_wconf 92' lang='lat' dir='ltr'><strong>nocte,</strong></span> <span class='ocrx_word' id='word_1_455' title='bbox 2795 2578 3082 2641; x_wconf 89' lang='lat' dir='ltr'><strong>antequam</strong></span> <span class='ocrx_word' id='word_1_456' title='bbox 3112 2569 3289 2642; x_wconf 87' lang='lat' dir='ltr'><strong>gallus</strong></span> <span class='ocrx_word' id='word_1_457' title='bbox 3323 2578 3525 2640; x_wconf 90' lang='lat' dir='ltr'><strong>cantet,</strong></span> <span class='ocrx_word' id='word_1_458' title='bbox 3557 2579 3644 2628; x_wconf 90' lang='lat' dir='ltr'><strong>ter</strong></span> 
     </span>
    </p>
   </div>
   <div class='ocr_carea' id='block_1_56' title="bbox 2045 2662 3648 2738">
    <p class='ocr_par' dir='ltr' id='par_1_56' title="bbox 2045 2662 3648 2738">
     <span class='ocr_line' id='line_1_56' title="bbox 2045 2662 3648 2738; baseline 0.001 -21"><span class='ocrx_word' id='word_1_459' title='bbox 2045 2678 2133 2718; x_wconf 93' lang='lat' dir='ltr'><strong>me</strong></span> <span class='ocrx_word' id='word_1_460' title='bbox 2174 2663 2416 2735; x_wconf 88' lang='lat' dir='ltr'><strong>negabis.</strong></span> <span class='ocrx_word' id='word_1_461' title='bbox 2450 2662 2643 2738; x_wconf 84' lang='lat' dir='ltr'><strong>[ccxc,</strong></span> <span class='ocrx_word' id='word_1_462' title='bbox 2669 2662 2766 2735; x_wconf 84' lang='lat'><strong>6.]</strong></span> <span class='ocrx_word' id='word_1_463' title='bbox 2818 2664 2908 2720; x_wconf 80' lang='lat' dir='ltr'><strong>Ait</strong></span> <span class='ocrx_word' id='word_1_464' title='bbox 2945 2663 3025 2720; x_wconf 93' lang='lat' dir='ltr'><strong>illi</strong></span> <span class='ocrx_word' id='word_1_465' title='bbox 3081 2665 3279 2721; x_wconf 88' lang='lat' dir='ltr'><strong>Petrus</strong></span> <span class='ocrx_word' id='word_1_466' title='bbox 3321 2683 3336 2720; x_wconf 92' lang='lat'><strong>:</strong></span> <span class='ocrx_word' id='word_1_467' title='bbox 3369 2665 3546 2721; x_wconf 88' lang='lat' dir='ltr'><strong>Etiam</strong></span> <span class='ocrx_word' id='word_1_468' title='bbox 3600 2664 3648 2720; x_wconf 88' lang='lat' dir='ltr'><strong>si</strong></span> 
     </span>
    </p>
   </div>
   <div class='ocr_carea' id='block_1_57' title="bbox 2043 2756 3651 2830">
    <p class='ocr_par' dir='ltr' id='par_1_57' title="bbox 2043 2756 3651 2830">
     <span class='ocr_line' id='line_1_57' title="bbox 2043 2756 3651 2830; baseline 0.003 -21"><span class='ocrx_word' id='word_1_469' title='bbox 2043 2756 2346 2825; x_wconf 84' lang='lat' dir='ltr'><strong>Oportuerit</strong></span> <span class='ocrx_word' id='word_1_470' title='bbox 2379 2771 2466 2811; x_wconf 92' lang='lat' dir='ltr'><strong>me</strong></span> <span class='ocrx_word' id='word_1_471' title='bbox 2495 2756 2632 2811; x_wconf 92' lang='lat' dir='ltr'><strong>mori</strong></span> <span class='ocrx_word' id='word_1_472' title='bbox 2672 2764 2872 2825; x_wconf 90' lang='lat' dir='ltr'><strong>tecum,</strong></span> <span class='ocrx_word' id='word_1_473' title='bbox 2923 2772 3033 2813; x_wconf 92' lang='lat' dir='ltr'><strong>non</strong></span> <span class='ocrx_word' id='word_1_474' title='bbox 3080 2766 3132 2813; x_wconf 87' lang='lat' dir='ltr'><strong>te</strong></span> <span class='ocrx_word' id='word_1_475' title='bbox 3164 2758 3395 2830; x_wconf 88' lang='lat' dir='ltr'><strong>negabo.</strong></span> <span class='ocrx_word' id='word_1_476' title='bbox 3439 2756 3651 2814; x_wconf 87' lang='lat' dir='ltr'><strong>Simili-</strong></span> 
     </span>
    </p>
   </div>
   <div class='ocr_carea' id='block_1_58' title="bbox 2044 2848 3651 2924">
    <p class='ocr_par' dir='ltr' id='par_1_58' title="bbox 2044 2848 3651 2924">
     <span class='ocr_line' id='line_1_58' title="bbox 2044 2848 3651 2924; baseline 0.004 -22"><span class='ocrx_word' id='word_1_477' title='bbox 2044 2859 2126 2904; x_wconf 91' lang='lat' dir='ltr'><strong>ter</strong></span> <span class='ocrx_word' id='word_1_478' title='bbox 2149 2855 2206 2903; x_wconf 91' lang='lat' dir='ltr'><strong>et</strong></span> <span class='ocrx_word' id='word_1_479' title='bbox 2229 2863 2422 2905; x_wconf 91' lang='lat' dir='ltr'><strong>omnes</strong></span> <span class='ocrx_word' id='word_1_480' title='bbox 2452 2848 2704 2920; x_wconf 89' lang='lat' dir='ltr'><strong>discipuli</strong></span> <span class='ocrx_word' id='word_1_481' title='bbox 2730 2848 3008 2906; x_wconf 87' lang='lat' dir='ltr'><strong>dixerunt.</strong></span> <span class='ocrx_word' id='word_1_482' title='bbox 3040 2851 3241 2924; x_wconf 76' lang='lat' dir='ltr'><strong>[ccxcr,</strong></span> <span class='ocrx_word' id='word_1_483' title='bbox 3277 2850 3354 2923; x_wconf 80' lang='lat'><strong>1.]</strong></span> <span class='ocrx_word' id='word_1_484' title='bbox 3382 2849 3535 2907; x_wconf 89' lang='lat' dir='ltr'><strong>Tunc</strong></span> <span class='ocrx_word' id='word_1_485' title='bbox 3555 2865 3651 2908; x_wconf 86' lang='lat' dir='ltr'><strong>ve-</strong></span> 
     </span>
    </p>
   </div>
   <div class='ocr_carea' id='block_1_59' title="bbox 2044 2940 3650 3019">
    <p class='ocr_par' dir='ltr' id='par_1_59' title="bbox 2044 2940 3650 3019">
     <span class='ocr_line' id='line_1_59' title="bbox 2044 2940 3650 3019; baseline 0.004 -25"><span class='ocrx_word' id='word_1_486' title='bbox 2044 2940 2126 2997; x_wconf 92' lang='lat' dir='ltr'><strong>nit</strong></span> <span class='ocrx_word' id='word_1_487' title='bbox 2166 2941 2327 2998; x_wconf 82' lang='lat' dir='ltr'><strong>Jesus</strong></span> <span class='ocrx_word' id='word_1_488' title='bbox 2357 2956 2481 2997; x_wconf 90' lang='lat' dir='ltr'><strong>eum</strong></span> <span class='ocrx_word' id='word_1_489' title='bbox 2516 2940 2629 2997; x_wconf 88' lang='lat' dir='ltr'><strong>illis</strong></span> <span class='ocrx_word' id='word_1_490' title='bbox 2668 2942 2723 2997; x_wconf 91' lang='lat' dir='ltr'><strong>in</strong></span> <span class='ocrx_word' id='word_1_491' title='bbox 2757 2941 2977 3019; x_wconf 89' lang='lat' dir='ltr'><strong>villam,</strong></span> <span class='ocrx_word' id='word_1_492' title='bbox 3010 2958 3129 3014; x_wconf 84' lang='lat' dir='ltr'><strong>quae</strong></span> <span class='ocrx_word' id='word_1_493' title='bbox 3174 2942 3373 2999; x_wconf 91' lang='lat' dir='ltr'><strong>dicitur</strong></span> <span class='ocrx_word' id='word_1_494' title='bbox 3417 2942 3650 3001; x_wconf 84' lang='lat' dir='ltr'><strong>Getbse-</strong></span> 
     </span>
    </p>
   </div>
   <div class='ocr_carea' id='block_1_60' title="bbox 2044 3033 3649 3108">
    <p class='ocr_par' dir='ltr' id='par_1_60' title="bbox 2044 3033 3649 3108">
     <span class='ocr_line' id='line_1_60' title="bbox 2044 3033 3649 3108; baseline 0.004 -19"><span class='ocrx_word' id='word_1_495' title='bbox 2044 3034 2214 3103; x_wconf 89' lang='lat' dir='ltr'><strong>mani,</strong></span> <span class='ocrx_word' id='word_1_496' title='bbox 2244 3033 2565 3108; x_wconf 46' lang='grc' dir='ltr'><strong>[δεκαπλᾶ]</strong></span> <span class='ocrx_word' id='word_1_497' title='bbox 2593 3046 2648 3090; x_wconf 92' lang='lat' dir='ltr'><strong>et</strong></span> <span class='ocrx_word' id='word_1_498' title='bbox 2672 3034 2811 3091; x_wconf 80' lang='lat' dir='ltr'><strong>dixit</strong></span> <span class='ocrx_word' id='word_1_499' title='bbox 2830 3034 3115 3107; x_wconf 89' lang='lat' dir='ltr'><strong>discipulis</strong></span> <span class='ocrx_word' id='word_1_500' title='bbox 3136 3036 3249 3092; x_wconf 89' lang='lat' dir='ltr'><strong>suis</strong></span> <span class='ocrx_word' id='word_1_501' title='bbox 3275 3050 3290 3091; x_wconf 92' lang='lat'><strong>:</strong></span> <span class='ocrx_word' id='word_1_502' title='bbox 3316 3035 3515 3094; x_wconf 90' lang='lat' dir='ltr'><strong>Sedete</strong></span> <span class='ocrx_word' id='word_1_503' title='bbox 3536 3035 3649 3107; x_wconf 90' lang='lat' dir='ltr'><strong>hic,</strong></span> 
     </span>
    </p>
   </div>
   <div class='ocr_carea' id='block_1_61' title="bbox 2045 3125 3653 3199">
    <p class='ocr_par' dir='ltr' id='par_1_61' title="bbox 2045 3125 3653 3199">
     <span class='ocr_line' id='line_1_61' title="bbox 2045 3125 3653 3199; baseline 0.002 -18"><span class='ocrx_word' id='word_1_504' title='bbox 2045 3125 2219 3183; x_wconf 89' lang='lat' dir='ltr'><strong>donec</strong></span> <span class='ocrx_word' id='word_1_505' title='bbox 2248 3127 2442 3183; x_wconf 91' lang='lat' dir='ltr'><strong>vadam</strong></span> <span class='ocrx_word' id='word_1_506' title='bbox 2474 3127 2625 3195; x_wconf 90' lang='lat' dir='ltr'><strong>illuc,</strong></span> <span class='ocrx_word' id='word_1_507' title='bbox 2659 3137 2715 3184; x_wconf 91' lang='lat' dir='ltr'><strong>et</strong></span> <span class='ocrx_word' id='word_1_508' title='bbox 2744 3142 2922 3185; x_wconf 91' lang='lat' dir='ltr'><strong>orem.</strong></span> <span class='ocrx_word' id='word_1_509' title='bbox 2955 3127 3022 3183; x_wconf 87' lang='lat' dir='ltr'><strong>Et</strong></span> <span class='ocrx_word' id='word_1_510' title='bbox 3066 3136 3351 3199; x_wconf 92' lang='lat' dir='ltr'><strong>assumpto</strong></span> <span class='ocrx_word' id='word_1_511' title='bbox 3374 3127 3564 3197; x_wconf 87' lang='lat' dir='ltr'><strong>Petro,</strong></span> <span class='ocrx_word' id='word_1_512' title='bbox 3594 3136 3653 3186; x_wconf 90' lang='lat' dir='ltr'><strong>et</strong></span> 
     </span>
    </p>
   </div>
   <div class='ocr_carea' id='block_1_62' title="bbox 336 3221 3652 3297">
    <p class='ocr_par' dir='ltr' id='par_1_62' title="bbox 336 3221 3652 3297">
     <span class='ocr_line' id='line_1_62' title="bbox 336 3221 3652 3297; baseline 0.002 -18"><span class='ocrx_word' id='word_1_513' title='bbox 336 3224 595 3280; x_wconf 84' lang='lat' dir='ltr'><strong>mulieri?</strong></span> <span class='ocrx_word' id='word_1_514' title='bbox 629 3238 766 3296; x_wconf 92' lang='lat' dir='ltr'><strong>opus</strong></span> <span class='ocrx_word' id='word_1_515' title='bbox 787 3225 933 3281; x_wconf 91' lang='lat' dir='ltr'><strong>enim</strong></span> <span class='ocrx_word' id='word_1_516' title='bbox 961 3224 1161 3280; x_wconf 91' lang='lat' dir='ltr'><strong>bonum</strong></span> <span class='ocrx_word' id='word_1_517' title='bbox 1200 3236 1424 3297; x_wconf 89' lang='lat' dir='ltr'><strong>operata</strong></span> <span class='ocrx_word' id='word_1_518' title='bbox 1452 3236 1535 3283; x_wconf 92' lang='lat' dir='ltr'><strong>est</strong></span> <span class='ocrx_word' id='word_1_519' title='bbox 1564 3227 1617 3282; x_wconf 94' lang='lat' dir='ltr'><strong>in</strong></span> <span class='ocrx_word' id='word_1_520' title='bbox 1648 3243 1754 3283; x_wconf 89' lang='lat' dir='ltr'><strong>me.</strong></span> <span class='ocrx_word' id='word_1_521' title='bbox 1798 3228 1934 3284; x_wconf 85' lang='lat' dir='ltr'><strong>Nam</strong></span> <span class='ocrx_word' id='word_1_522' title='bbox 1964 3221 2009 3286; x_wconf 88' lang='lat' dir='ltr'><strong><em>C</em></strong></span> <span class='ocrx_word' id='word_1_523' title='bbox 2042 3221 2255 3277; x_wconf 73' lang='lat' dir='ltr'><strong>duobus</strong></span> <span class='ocrx_word' id='word_1_524' title='bbox 2283 3221 2413 3277; x_wconf 62' lang='lat' dir='ltr'><strong>ﬁliis</strong></span> <span class='ocrx_word' id='word_1_525' title='bbox 2441 3221 2724 3290; x_wconf 61' lang='lat' dir='ltr'><strong>Zebedmi,</strong></span> <span class='ocrx_word' id='word_1_526' title='bbox 2759 3222 2926 3294; x_wconf 74' lang='grc' dir='ltr'><strong>εωρίῑ</strong></span> <span class='ocrx_word' id='word_1_527' title='bbox 2961 3222 3314 3292; x_wconf 68' lang='lat' dir='ltr'><strong>conll‘istnl&#39;i.</strong></span> <span class='ocrx_word' id='word_1_528' title='bbox 3342 3234 3397 3281; x_wconf 82' lang='lat' dir='ltr'><strong>el</strong></span> <span class='ocrx_word' id='word_1_529' title='bbox 3423 3232 3652 3281; x_wconf 69' lang='grc' dir='ltr'><strong>ωωειιιε</strong></span> 
     </span>
    </p>
   </div>
   <div class='ocr_carea' id='block_1_63' title="bbox 338 3318 1938 3388">
    <p class='ocr_par' dir='ltr' id='par_1_63' title="bbox 338 3318 1938 3388">
     <span class='ocr_line' id='line_1_63' title="bbox 338 3318 1938 3388; baseline 0.004 -16"><span class='ocrx_word' id='word_1_530' title='bbox 338 3331 560 3386; x_wconf 88' lang='lat' dir='ltr'><strong>semper</strong></span> <span class='ocrx_word' id='word_1_531' title='bbox 584 3331 853 3388; x_wconf 88' lang='lat' dir='ltr'><strong>pauperes</strong></span> <span class='ocrx_word' id='word_1_532' title='bbox 899 3318 1113 3375; x_wconf 91' lang='lat' dir='ltr'><strong>habetis</strong></span> <span class='ocrx_word' id='word_1_533' title='bbox 1140 3318 1422 3375; x_wconf 86' lang='lat' dir='ltr'><strong>vobiscum</strong></span> <span class='ocrx_word' id='word_1_534' title='bbox 1458 3338 1471 3374; x_wconf 92' lang='lat'><strong>:</strong></span> <span class='ocrx_word' id='word_1_535' title='bbox 1507 3336 1595 3377; x_wconf 90' lang='lat' dir='ltr'><strong>me</strong></span> <span class='ocrx_word' id='word_1_536' title='bbox 1618 3332 1800 3378; x_wconf 89' lang='lat' dir='ltr'><strong>autem</strong></span> <span class='ocrx_word' id='word_1_537' title='bbox 1830 3338 1938 3379; x_wconf 91' lang='lat' dir='ltr'><strong>non</strong></span> 
     </span>
    </p>
   </div>
   <div class='ocr_carea' id='block_1_64' title="bbox 337 3410 1941 3487">
    <p class='ocr_par' dir='ltr' id='par_1_64' title="bbox 337 3410 1941 3487">
     <span class='ocr_line' id='line_1_64' title="bbox 337 3410 1941 3487; baseline 0.004 -22"><span class='ocrx_word' id='word_1_538' title='bbox 337 3425 559 3481; x_wconf 89' lang='lat' dir='ltr'><strong>semper</strong></span> <span class='ocrx_word' id='word_1_539' title='bbox 592 3420 618 3449; x_wconf 69' lang='grc'>⁸</span> <span class='ocrx_word' id='word_1_540' title='bbox 652 3410 886 3468; x_wconf 88' lang='lat' dir='ltr'><strong>habetis.</strong></span> <span class='ocrx_word' id='word_1_541' title='bbox 919 3413 1220 3487; x_wconf 70' lang='lat' dir='ltr'><strong>[ccuxvtL</strong></span> <span class='ocrx_word' id='word_1_542' title='bbox 1253 3413 1334 3486; x_wconf 76' lang='grc'><strong>4.]</strong></span> <span class='ocrx_word' id='word_1_543' title='bbox 1375 3413 1592 3471; x_wconf 85' lang='lat' dir='ltr'><strong>Mittens</strong></span> <span class='ocrx_word' id='word_1_544' title='bbox 1631 3415 1776 3471; x_wconf 88' lang='lat' dir='ltr'><strong>enim</strong></span> <span class='ocrx_word' id='word_1_545' title='bbox 1823 3415 1941 3471; x_wconf 66' lang='lat' dir='ltr'><strong>haec</strong></span> 
     </span>
    </p>
   </div>
   <div class='ocr_carea' id='block_1_65' title="bbox 340 3505 1938 3579">
    <p class='ocr_par' dir='ltr' id='par_1_65' title="bbox 340 3505 1938 3579">
     <span class='ocr_line' id='line_1_65' title="bbox 340 3505 1938 3579; baseline 0.004 -20"><span class='ocrx_word' id='word_1_546' title='bbox 340 3513 675 3575; x_wconf 82' lang='lat' dir='ltr'><strong>unguentum</strong></span> <span class='ocrx_word' id='word_1_547' title='bbox 699 3505 876 3563; x_wconf 88' lang='lat' dir='ltr'><strong>hocin</strong></span> <span class='ocrx_word' id='word_1_548' title='bbox 907 3522 1106 3578; x_wconf 90' lang='lat' dir='ltr'><strong>corpus</strong></span> <span class='ocrx_word' id='word_1_549' title='bbox 1131 3522 1335 3574; x_wconf 91' lang='lat' dir='ltr'><strong>meum,</strong></span> <span class='ocrx_word' id='word_1_550' title='bbox 1359 3508 1426 3563; x_wconf 89' lang='lat' dir='ltr'><strong>ad</strong></span> <span class='ocrx_word' id='word_1_551' title='bbox 1453 3508 1828 3579; x_wconf 87' lang='lat' dir='ltr'><strong>sepeliendum</strong></span> <span class='ocrx_word' id='word_1_552' title='bbox 1851 3524 1938 3566; x_wconf 91' lang='lat' dir='ltr'><strong>me</strong></span> 
     </span>
    </p>
   </div>
   <div class='ocr_carea' id='block_1_66' title="bbox 334 3599 1940 3672">
    <p class='ocr_par' dir='ltr' id='par_1_66' title="bbox 334 3599 1940 3672">
     <span class='ocr_line' id='line_1_66' title="bbox 334 3599 1940 3672; baseline 0.002 -18"><span class='ocrx_word' id='word_1_553' title='bbox 334 3599 681 3656; x_wconf 79' lang='lat' dir='ltr'><strong>fecit.Amen</strong></span> <span class='ocrx_word' id='word_1_554' title='bbox 701 3600 825 3656; x_wconf 90' lang='lat' dir='ltr'><strong>dico</strong></span> <span class='ocrx_word' id='word_1_555' title='bbox 850 3600 1028 3670; x_wconf 83' lang='lat' dir='ltr'><strong>vobis,</strong></span> <span class='ocrx_word' id='word_1_556' title='bbox 1056 3600 1383 3672; x_wconf 90' lang='lat' dir='ltr'><strong>ubicumque</strong></span> <span class='ocrx_word' id='word_1_557' title='bbox 1404 3600 1752 3672; x_wconf 54' lang='lat' dir='ltr'><strong>praedicatum</strong></span> <span class='ocrx_word' id='word_1_558' title='bbox 1778 3602 1940 3658; x_wconf 91' lang='lat' dir='ltr'><strong>fuerit</strong></span> 
     </span>
    </p>
   </div>
   <div class='ocr_carea' id='block_1_67' title="bbox 336 3690 1939 3766">
    <p class='ocr_par' dir='ltr' id='par_1_67' title="bbox 336 3690 1939 3766">
     <span class='ocr_line' id='line_1_67' title="bbox 336 3690 1939 3766; baseline 0.002 -19"><span class='ocrx_word' id='word_1_559' title='bbox 336 3691 444 3747; x_wconf 86' lang='lat' dir='ltr'><strong>hoc</strong></span> <span class='ocrx_word' id='word_1_560' title='bbox 472 3690 823 3763; x_wconf 85' lang='lat' dir='ltr'><strong>Evangelium</strong></span> <span class='ocrx_word' id='word_1_561' title='bbox 858 3692 912 3747; x_wconf 92' lang='lat' dir='ltr'><strong>in</strong></span> <span class='ocrx_word' id='word_1_562' title='bbox 941 3701 1053 3748; x_wconf 88' lang='lat' dir='ltr'><strong>t0to</strong></span> <span class='ocrx_word' id='word_1_563' title='bbox 1072 3692 1296 3760; x_wconf 90' lang='lat' dir='ltr'><strong>mundo,</strong></span> <span class='ocrx_word' id='word_1_564' title='bbox 1330 3692 1541 3749; x_wconf 91' lang='lat' dir='ltr'><strong>dicetur</strong></span> <span class='ocrx_word' id='word_1_565' title='bbox 1566 3702 1621 3749; x_wconf 93' lang='lat' dir='ltr'><strong>et</strong></span> <span class='ocrx_word' id='word_1_566' title='bbox 1647 3693 1793 3766; x_wconf 80' lang='lat' dir='ltr'><strong>quod</strong></span> <span class='ocrx_word' id='word_1_567' title='bbox 1825 3694 1939 3751; x_wconf 59' lang='lat' dir='ltr'><strong>haec</strong></span> 
     </span>
    </p>
   </div>
   <div class='ocr_carea' id='block_1_68' title="bbox 337 3785 1941 3859">
    <p class='ocr_par' dir='ltr' id='par_1_68' title="bbox 337 3785 1941 3859">
     <span class='ocr_line' id='line_1_68' title="bbox 337 3785 1941 3859; baseline 0.002 -18"><span class='ocrx_word' id='word_1_568' title='bbox 337 3785 470 3841; x_wconf 87' lang='lat' dir='ltr'><strong>fecit</strong></span> <span class='ocrx_word' id='word_1_569' title='bbox 500 3785 554 3841; x_wconf 92' lang='lat' dir='ltr'><strong>in</strong></span> <span class='ocrx_word' id='word_1_570' title='bbox 589 3787 909 3841; x_wconf 88' lang='lat' dir='ltr'><strong>memoriam</strong></span> <span class='ocrx_word' id='word_1_571' title='bbox 965 3787 1106 3856; x_wconf 88' lang='lat' dir='ltr'><strong>ejus.</strong></span> <span class='ocrx_word' id='word_1_572' title='bbox 1157 3787 1471 3859; x_wconf 72' lang='lat' dir='ltr'><strong>[ceuxvnt,</strong></span> <span class='ocrx_word' id='word_1_573' title='bbox 1501 3785 1582 3859; x_wconf 77' lang='lat'><strong>2.]</strong></span> <span class='ocrx_word' id='word_1_574' title='bbox 1609 3786 1764 3845; x_wconf 86' lang='lat' dir='ltr'><strong>Tunc</strong></span> <span class='ocrx_word' id='word_1_575' title='bbox 1809 3788 1941 3846; x_wconf 88' lang='lat' dir='ltr'><strong>abiit</strong></span> 
     </span>
    </p>
   </div>
   <div class='ocr_carea' id='block_1_69' title="bbox 340 3880 1939 3952">
    <p class='ocr_par' dir='ltr' id='par_1_69' title="bbox 340 3880 1939 3952">
     <span class='ocr_line' id='line_1_69' title="bbox 340 3880 1939 3952; baseline 0.004 -17"><span class='ocrx_word' id='word_1_576' title='bbox 340 3896 485 3936; x_wconf 90' lang='lat' dir='ltr'><strong>unus</strong></span> <span class='ocrx_word' id='word_1_577' title='bbox 509 3880 579 3935; x_wconf 90' lang='lat' dir='ltr'><strong>de</strong></span> <span class='ocrx_word' id='word_1_578' title='bbox 602 3880 889 3936; x_wconf 90' lang='lat' dir='ltr'><strong>duodecim</strong></span> <span class='ocrx_word' id='word_1_579' title='bbox 914 3880 1006 3952; x_wconf 92' lang='lat' dir='ltr'><strong>qui</strong></span> <span class='ocrx_word' id='word_1_580' title='bbox 1036 3880 1319 3937; x_wconf 90' lang='lat' dir='ltr'><strong>dicebatur</strong></span> <span class='ocrx_word' id='word_1_581' title='bbox 1338 3881 1505 3938; x_wconf 71' lang='lat' dir='ltr'><strong>ludas</strong></span> <span class='ocrx_word' id='word_1_582' title='bbox 1535 3881 1844 3952; x_wconf 89' lang='lat' dir='ltr'><strong>Iseariotes,</strong></span> <span class='ocrx_word' id='word_1_583' title='bbox 1872 3887 1939 3941; x_wconf 89' lang='lat' dir='ltr'><strong>ad</strong></span> 
     </span>
    </p>
   </div>
   <div class='ocr_carea' id='block_1_70' title="bbox 340 3973 1941 4044">
    <p class='ocr_par' dir='ltr' id='par_1_70' title="bbox 340 3973 1941 4044">
     <span class='ocr_line' id='line_1_70' title="bbox 340 3973 1941 4044; baseline 0.003 -16"><span class='ocrx_word' id='word_1_584' title='bbox 340 3973 622 4044; x_wconf 86' lang='lat' dir='ltr'><strong>principes</strong></span> <span class='ocrx_word' id='word_1_585' title='bbox 642 3974 1007 4043; x_wconf 86' lang='lat' dir='ltr'><strong>sacerdotum,</strong></span> <span class='ocrx_word' id='word_1_586' title='bbox 1043 3985 1096 4029; x_wconf 91' lang='lat' dir='ltr'><strong>et</strong></span> <span class='ocrx_word' id='word_1_587' title='bbox 1124 3974 1199 4030; x_wconf 91' lang='lat' dir='ltr'><strong>ait</strong></span> <span class='ocrx_word' id='word_1_588' title='bbox 1221 3975 1327 4030; x_wconf 92' lang='lat' dir='ltr'><strong>illis</strong></span> <span class='ocrx_word' id='word_1_589' title='bbox 1357 3993 1371 4030; x_wconf 92' lang='lat'><strong>:</strong></span> <span class='ocrx_word' id='word_1_590' title='bbox 1402 3975 1545 4043; x_wconf 85' lang='lat' dir='ltr'><strong>Quid</strong></span> <span class='ocrx_word' id='word_1_591' title='bbox 1598 3976 1760 4032; x_wconf 88' lang='lat' dir='ltr'><strong>vultis</strong></span> <span class='ocrx_word' id='word_1_592' title='bbox 1806 3977 1941 4033; x_wconf 91' lang='lat' dir='ltr'><strong>mihi</strong></span> 
     </span>
    </p>
   </div>
   <div class='ocr_carea' id='block_1_71' title="bbox 340 4065 1941 4138">
    <p class='ocr_par' dir='ltr' id='par_1_71' title="bbox 340 4065 1941 4138">
     <span class='ocr_line' id='line_1_71' title="bbox 340 4065 1941 4138; baseline 0.006 -18"><span class='ocrx_word' id='word_1_593' title='bbox 340 4065 499 4131; x_wconf 84' lang='lat' dir='ltr'><strong>dare,</strong></span> <span class='ocrx_word' id='word_1_594' title='bbox 529 4074 586 4121; x_wconf 91' lang='lat' dir='ltr'><strong>et</strong></span> <span class='ocrx_word' id='word_1_595' title='bbox 604 4081 706 4138; x_wconf 90' lang='lat' dir='ltr'><strong>ego</strong></span> <span class='ocrx_word' id='word_1_596' title='bbox 730 4066 888 4122; x_wconf 80' lang='lat' dir='ltr'><strong>vobis</strong></span> <span class='ocrx_word' id='word_1_597' title='bbox 910 4082 1033 4123; x_wconf 92' lang='lat' dir='ltr'><strong>eum</strong></span> <span class='ocrx_word' id='word_1_598' title='bbox 1067 4067 1311 4124; x_wconf 83' lang='lat' dir='ltr'><strong>tradam?</strong></span> <span class='ocrx_word' id='word_1_599' title='bbox 1331 4068 1403 4124; x_wconf 85' lang='lat' dir='ltr'><strong>At</strong></span> <span class='ocrx_word' id='word_1_600' title='bbox 1431 4069 1512 4125; x_wconf 93' lang='lat' dir='ltr'><strong>illi</strong></span> <span class='ocrx_word' id='word_1_601' title='bbox 1536 4071 1941 4129; x_wconf 91' lang='lat' dir='ltr'><strong>constituerunt</strong></span> 
     </span>
    </p>
   </div>
   <div class='ocr_carea' id='block_1_72' title="bbox 341 4157 1938 4236">
    <p class='ocr_par' dir='ltr' id='par_1_72' title="bbox 341 4157 1938 4236">
     <span class='ocr_line' id='line_1_72' title="bbox 341 4157 1938 4236; baseline 0.004 -21"><span class='ocrx_word' id='word_1_602' title='bbox 341 4157 393 4215; x_wconf 91' lang='lat' dir='ltr'><strong>ei</strong></span> <span class='ocrx_word' id='word_1_603' title='bbox 416 4158 636 4229; x_wconf 86' lang='lat' dir='ltr'><strong>triginta</strong></span> <span class='ocrx_word' id='word_1_604' title='bbox 659 4168 970 4230; x_wconf 87' lang='lat' dir='ltr'><strong>argenteos.</strong></span> <span class='ocrx_word' id='word_1_605' title='bbox 1002 4160 1067 4215; x_wconf 85' lang='lat' dir='ltr'><strong>Et</strong></span> <span class='ocrx_word' id='word_1_606' title='bbox 1088 4160 1285 4219; x_wconf 82' lang='lat' dir='ltr'><strong>exinde</strong></span> <span class='ocrx_word' id='word_1_607' title='bbox 1315 4164 1596 4232; x_wconf 73' lang='lat' dir='ltr'><strong>quazrebat</strong></span> <span class='ocrx_word' id='word_1_608' title='bbox 1619 4166 1938 4236; x_wconf 83' lang='lat' dir='ltr'><strong>opportuni-</strong></span> 
     </span>
    </p>
   </div>
   <div class='ocr_carea' id='block_1_73' title="bbox 342 4251 1936 4330">
    <p class='ocr_par' dir='ltr' id='par_1_73' title="bbox 342 4251 1936 4330">
     <span class='ocr_line' id='line_1_73' title="bbox 342 4251 1936 4330; baseline 0.005 -24"><span class='ocrx_word' id='word_1_609' title='bbox 342 4258 533 4319; x_wconf 84' lang='lat' dir='ltr'><strong>tatem,</strong></span> <span class='ocrx_word' id='word_1_610' title='bbox 553 4260 613 4306; x_wconf 91' lang='lat' dir='ltr'><strong>ut</strong></span> <span class='ocrx_word' id='word_1_611' title='bbox 631 4267 755 4307; x_wconf 91' lang='lat' dir='ltr'><strong>eum</strong></span> <span class='ocrx_word' id='word_1_612' title='bbox 782 4251 1038 4309; x_wconf 89' lang='lat' dir='ltr'><strong>traderet.</strong></span> <span class='ocrx_word' id='word_1_613' title='bbox 1065 4253 1247 4311; x_wconf 91' lang='lat' dir='ltr'><strong>Prima</strong></span> <span class='ocrx_word' id='word_1_614' title='bbox 1268 4265 1449 4313; x_wconf 89' lang='lat' dir='ltr'><strong>autem</strong></span> <span class='ocrx_word' id='word_1_615' title='bbox 1471 4256 1559 4314; x_wconf 93' lang='lat' dir='ltr'><strong>die</strong></span> <span class='ocrx_word' id='word_1_616' title='bbox 1580 4257 1936 4330; x_wconf 84' lang='lat' dir='ltr'><strong>Azymorum,</strong></span> 
     </span>
    </p>
   </div>
   <div class='ocr_carea' id='block_1_74' title="bbox 343 4347 1937 4426">
    <p class='ocr_par' dir='ltr' id='par_1_74' title="bbox 343 4347 1937 4426">
     <span class='ocr_line' id='line_1_74' title="bbox 343 4347 1937 4426; baseline 0.005 -26"><span class='ocrx_word' id='word_1_617' title='bbox 343 4355 699 4402; x_wconf 86' lang='lat' dir='ltr'><strong>accesserunt</strong></span> <span class='ocrx_word' id='word_1_618' title='bbox 716 4347 964 4418; x_wconf 90' lang='lat' dir='ltr'><strong>discipuli</strong></span> <span class='ocrx_word' id='word_1_619' title='bbox 984 4348 1051 4404; x_wconf 90' lang='lat' dir='ltr'><strong>ad</strong></span> <span class='ocrx_word' id='word_1_620' title='bbox 1073 4348 1278 4419; x_wconf 89' lang='lat' dir='ltr'><strong>Jesum,</strong></span> <span class='ocrx_word' id='word_1_621' title='bbox 1297 4349 1542 4407; x_wconf 88' lang='lat' dir='ltr'><strong>dicentes</strong></span> <span class='ocrx_word' id='word_1_622' title='bbox 1567 4370 1580 4408; x_wconf 90' lang='lat'><strong>:</strong></span> <span class='ocrx_word' id='word_1_623' title='bbox 1607 4352 1708 4409; x_wconf 90' lang='lat' dir='ltr'><strong>Ubi</strong></span> <span class='ocrx_word' id='word_1_624' title='bbox 1730 4354 1811 4410; x_wconf 88' lang='lat' dir='ltr'><strong>vis</strong></span> <span class='ocrx_word' id='word_1_625' title='bbox 1840 4369 1937 4426; x_wconf 85' lang='lat' dir='ltr'><strong>pa-</strong></span> 
     </span>
    </p>
   </div>
   <div class='ocr_carea' id='block_1_75' title="bbox 343 4439 1940 4504">
    <p class='ocr_par' dir='ltr' id='par_1_75' title="bbox 343 4439 1940 4504">
     <span class='ocr_line' id='line_1_75' title="bbox 343 4439 1940 4504; baseline 0.005 -9"><span class='ocrx_word' id='word_1_626' title='bbox 343 4454 531 4496; x_wconf 88' lang='lat' dir='ltr'><strong>remus</strong></span> <span class='ocrx_word' id='word_1_627' title='bbox 565 4439 662 4496; x_wconf 93' lang='lat' dir='ltr'><strong>tibi</strong></span> <span class='ocrx_word' id='word_1_628' title='bbox 692 4441 980 4497; x_wconf 86' lang='lat' dir='ltr'><strong>comedere</strong></span> <span class='ocrx_word' id='word_1_629' title='bbox 1008 4441 1248 4498; x_wconf 88' lang='lat' dir='ltr'><strong>Pascha?</strong></span> <span class='ocrx_word' id='word_1_630' title='bbox 1276 4444 1348 4499; x_wconf 87' lang='lat' dir='ltr'><strong>At</strong></span> <span class='ocrx_word' id='word_1_631' title='bbox 1374 4442 1534 4500; x_wconf 83' lang='lat' dir='ltr'><strong>Jesus</strong></span> <span class='ocrx_word' id='word_1_632' title='bbox 1558 4444 1692 4501; x_wconf 88' lang='lat' dir='ltr'><strong>dixit</strong></span> <span class='ocrx_word' id='word_1_633' title='bbox 1720 4464 1731 4497; x_wconf 90' lang='lat'><strong>:</strong></span> <span class='ocrx_word' id='word_1_634' title='bbox 1766 4446 1841 4504; x_wconf 89' lang='lat' dir='ltr'><strong>Ite</strong></span> <span class='ocrx_word' id='word_1_635' title='bbox 1885 4448 1940 4503; x_wconf 92' lang='lat' dir='ltr'><strong>in</strong></span> 
     </span>
    </p>
   </div>
   <div class='ocr_carea' id='block_1_76' title="bbox 341 4531 1935 4608">
    <p class='ocr_par' dir='ltr' id='par_1_76' title="bbox 341 4531 1935 4608">
     <span class='ocr_line' id='line_1_76' title="bbox 341 4531 1935 4608; baseline 0.004 -21"><span class='ocrx_word' id='word_1_636' title='bbox 341 4531 644 4599; x_wconf 84' lang='lat' dir='ltr'><strong>civitatem,</strong></span> <span class='ocrx_word' id='word_1_637' title='bbox 674 4532 741 4587; x_wconf 88' lang='lat' dir='ltr'><strong>ad</strong></span> <span class='ocrx_word' id='word_1_638' title='bbox 771 4532 1083 4604; x_wconf 88' lang='lat' dir='ltr'><strong>quemdam,</strong></span> <span class='ocrx_word' id='word_1_639' title='bbox 1106 4543 1161 4589; x_wconf 93' lang='lat' dir='ltr'><strong>et</strong></span> <span class='ocrx_word' id='word_1_640' title='bbox 1181 4534 1345 4592; x_wconf 91' lang='lat' dir='ltr'><strong>dicite</strong></span> <span class='ocrx_word' id='word_1_641' title='bbox 1370 4538 1419 4592; x_wconf 91' lang='lat' dir='ltr'><strong>ei</strong></span> <span class='ocrx_word' id='word_1_642' title='bbox 1450 4537 1738 4608; x_wconf 81' lang='lat' dir='ltr'><strong>:Magister</strong></span> <span class='ocrx_word' id='word_1_643' title='bbox 1766 4537 1935 4595; x_wconf 91' lang='lat' dir='ltr'><strong>dicit:</strong></span> 
     </span>
    </p>
   </div>
   <div class='ocr_carea' id='block_1_77' title="bbox 2042 3312 3651 3387">
    <p class='ocr_par' dir='ltr' id='par_1_77' title="bbox 2042 3312 3651 3387">
     <span class='ocr_line' id='line_1_77' title="bbox 2042 3312 3651 3387; baseline 0.003 -18"><span class='ocrx_word' id='word_1_644' title='bbox 2042 3329 2185 3371; x_wconf 89' lang='lat' dir='ltr'><strong>esse.</strong></span> <span class='ocrx_word' id='word_1_645' title='bbox 2222 3312 2463 3387; x_wconf 83' lang='lat' dir='ltr'><strong>[ccxcm,</strong></span> <span class='ocrx_word' id='word_1_646' title='bbox 2497 3314 2578 3387; x_wconf 74' lang='grc'>4.]</span> <span class='ocrx_word' id='word_1_647' title='bbox 2625 3314 2778 3371; x_wconf 83' lang='lat' dir='ltr'><strong>Tunc</strong></span> <span class='ocrx_word' id='word_1_648' title='bbox 2823 3315 2901 3371; x_wconf 90' lang='lat' dir='ltr'><strong>ait</strong></span> <span class='ocrx_word' id='word_1_649' title='bbox 2945 3315 3055 3371; x_wconf 91' lang='lat' dir='ltr'><strong>illis</strong></span> <span class='ocrx_word' id='word_1_650' title='bbox 3086 3332 3102 3371; x_wconf 92' lang='lat'><strong>:</strong></span> <span class='ocrx_word' id='word_1_651' title='bbox 3131 3315 3326 3373; x_wconf 85' lang='lat' dir='ltr'><strong>Tristis</strong></span> <span class='ocrx_word' id='word_1_652' title='bbox 3355 3325 3438 3373; x_wconf 91' lang='lat' dir='ltr'><strong>est</strong></span> <span class='ocrx_word' id='word_1_653' title='bbox 3467 3315 3651 3374; x_wconf 82' lang='lat' dir='ltr'><strong>anima</strong></span> 
     </span>
    </p>
   </div>
   <div class='ocr_carea' id='block_1_78' title="bbox 2046 3410 3652 3484">
    <p class='ocr_par' dir='ltr' id='par_1_78' title="bbox 2046 3410 3652 3484">
     <span class='ocr_line' id='line_1_78' title="bbox 2046 3410 3652 3484; baseline 0.001 -17"><span class='ocrx_word' id='word_1_654' title='bbox 2046 3426 2168 3468; x_wconf 91' lang='lat' dir='ltr'><strong>mea</strong></span> <span class='ocrx_word' id='word_1_655' title='bbox 2201 3425 2373 3483; x_wconf 91' lang='lat' dir='ltr'><strong>usque</strong></span> <span class='ocrx_word' id='word_1_656' title='bbox 2407 3411 2490 3481; x_wconf 81' lang='lat' dir='ltr'><strong>ad</strong></span> <span class='ocrx_word' id='word_1_657' title='bbox 2530 3422 2763 3468; x_wconf 89' lang='lat' dir='ltr'><strong>mortem</strong></span> <span class='ocrx_word' id='word_1_658' title='bbox 2795 3428 2808 3466; x_wconf 92' lang='lat'><strong>:</strong></span> <span class='ocrx_word' id='word_1_659' title='bbox 2845 3410 3114 3468; x_wconf 83' lang='lat' dir='ltr'><strong>sustinete</strong></span> <span class='ocrx_word' id='word_1_660' title='bbox 3146 3410 3234 3468; x_wconf 93' lang='lat' dir='ltr'><strong>hic</strong></span> <span class='ocrx_word' id='word_1_661' title='bbox 3258 3452 3275 3480; x_wconf 92' lang='lat'><strong>,</strong></span> <span class='ocrx_word' id='word_1_662' title='bbox 3326 3419 3388 3468; x_wconf 91' lang='lat' dir='ltr'><strong>et</strong></span> <span class='ocrx_word' id='word_1_663' title='bbox 3434 3410 3652 3484; x_wconf 81' lang='lat' dir='ltr'><strong>vigilate</strong></span> 
     </span>
    </p>
   </div>
   <div class='ocr_carea' id='block_1_79' title="bbox 2044 3500 3652 3576">
    <p class='ocr_par' dir='ltr' id='par_1_79' title="bbox 2044 3500 3652 3576">
     <span class='ocr_line' id='line_1_79' title="bbox 2044 3500 3652 3576; baseline 0.001 -17"><span class='ocrx_word' id='word_1_664' title='bbox 2044 3518 2254 3559; x_wconf 90' lang='lat' dir='ltr'><strong>mecum</strong></span> <span class='ocrx_word' id='word_1_665' title='bbox 2280 3518 2295 3561; x_wconf 88' lang='lat'><strong>:</strong></span> <span class='ocrx_word' id='word_1_666' title='bbox 2319 3503 2548 3576; x_wconf 84' lang='lat' dir='ltr'><strong>[ccxcrv,</strong></span> <span class='ocrx_word' id='word_1_667' title='bbox 2577 3501 2652 3576; x_wconf 92' lang='lat'><strong>1.]</strong></span> <span class='ocrx_word' id='word_1_668' title='bbox 2678 3503 2744 3558; x_wconf 87' lang='lat' dir='ltr'><strong>Et</strong></span> <span class='ocrx_word' id='word_1_669' title='bbox 2769 3517 3090 3574; x_wconf 90' lang='lat' dir='ltr'><strong>progressus</strong></span> <span class='ocrx_word' id='word_1_670' title='bbox 3112 3501 3393 3573; x_wconf 89' lang='lat' dir='ltr'><strong>pusillum,</strong></span> <span class='ocrx_word' id='word_1_671' title='bbox 3418 3500 3652 3574; x_wconf 85' lang='lat' dir='ltr'><strong>procidit</strong></span> 
     </span>
    </p>
   </div>
   <div class='ocr_carea' id='block_1_80' title="bbox 2043 3594 3649 3669">
    <p class='ocr_par' dir='ltr' id='par_1_80' title="bbox 2043 3594 3649 3669">
     <span class='ocr_line' id='line_1_80' title="bbox 2043 3594 3649 3669; baseline 0 -17"><span class='ocrx_word' id='word_1_672' title='bbox 2043 3596 2098 3652; x_wconf 94' lang='lat' dir='ltr'><strong>in</strong></span> <span class='ocrx_word' id='word_1_673' title='bbox 2128 3595 2323 3653; x_wconf 85' lang='lat' dir='ltr'><strong>faciem</strong></span> <span class='ocrx_word' id='word_1_674' title='bbox 2354 3611 2510 3652; x_wconf 89' lang='lat' dir='ltr'><strong>suam</strong></span> <span class='ocrx_word' id='word_1_675' title='bbox 2538 3610 2726 3665; x_wconf 90' lang='lat' dir='ltr'><strong>orans,</strong></span> <span class='ocrx_word' id='word_1_676' title='bbox 2756 3604 2815 3653; x_wconf 91' lang='lat' dir='ltr'><strong>et</strong></span> <span class='ocrx_word' id='word_1_677' title='bbox 2844 3596 3036 3653; x_wconf 88' lang='lat' dir='ltr'><strong>dicens</strong></span> <span class='ocrx_word' id='word_1_678' title='bbox 3064 3614 3076 3651; x_wconf 90' lang='lat'><strong>:</strong></span> <span class='ocrx_word' id='word_1_679' title='bbox 3107 3595 3269 3652; x_wconf 91' lang='lat' dir='ltr'><strong>Pater</strong></span> <span class='ocrx_word' id='word_1_680' title='bbox 3309 3594 3407 3665; x_wconf 90' lang='lat' dir='ltr'><strong>mi,</strong></span> <span class='ocrx_word' id='word_1_681' title='bbox 3436 3597 3485 3653; x_wconf 93' lang='lat' dir='ltr'><strong>si</strong></span> <span class='ocrx_word' id='word_1_682' title='bbox 3516 3611 3649 3669; x_wconf 82' lang='lat' dir='ltr'><strong>pos-</strong></span> 
     </span>
    </p>
   </div>
   <div class='ocr_carea' id='block_1_81' title="bbox 2042 3686 3652 3761">
    <p class='ocr_par' dir='ltr' id='par_1_81' title="bbox 2042 3686 3652 3761">
     <span class='ocr_line' id='line_1_81' title="bbox 2042 3686 3652 3761; baseline 0.002 -18"><span class='ocrx_word' id='word_1_683' title='bbox 2042 3688 2202 3745; x_wconf 91' lang='lat' dir='ltr'><strong>sibile</strong></span> <span class='ocrx_word' id='word_1_684' title='bbox 2247 3696 2369 3755; x_wconf 91' lang='lat' dir='ltr'><strong>est,</strong></span> <span class='ocrx_word' id='word_1_685' title='bbox 2417 3696 2658 3745; x_wconf 89' lang='lat' dir='ltr'><strong>transeat</strong></span> <span class='ocrx_word' id='word_1_686' title='bbox 2696 3703 2725 3742; x_wconf 92' lang='lat' dir='ltr'><strong>a</strong></span> <span class='ocrx_word' id='word_1_687' title='bbox 2755 3703 2843 3745; x_wconf 92' lang='lat' dir='ltr'><strong>me</strong></span> <span class='ocrx_word' id='word_1_688' title='bbox 2883 3688 3027 3744; x_wconf 87' lang='lat' dir='ltr'><strong>calix</strong></span> <span class='ocrx_word' id='word_1_689' title='bbox 3064 3688 3191 3745; x_wconf 88' lang='lat' dir='ltr'><strong>iste.</strong></span> <span class='ocrx_word' id='word_1_690' title='bbox 3224 3686 3526 3761; x_wconf 87' lang='lat' dir='ltr'><strong>[ccxcv,1.]</strong></span> <span class='ocrx_word' id='word_1_691' title='bbox 3549 3688 3652 3746; x_wconf 83' lang='lat' dir='ltr'><strong>Ve-</strong></span> 
     </span>
    </p>
   </div>
   <div class='ocr_carea' id='block_1_82' title="bbox 2042 3780 3648 3857">
    <p class='ocr_par' dir='ltr' id='par_1_82' title="bbox 2042 3780 3648 3857">
     <span class='ocr_line' id='line_1_82' title="bbox 2042 3780 3648 3857; baseline -0.002 -17"><span class='ocrx_word' id='word_1_692' title='bbox 2042 3794 2350 3840; x_wconf 85' lang='lat' dir='ltr'><strong>rumtamen</strong></span> <span class='ocrx_word' id='word_1_693' title='bbox 2378 3798 2488 3839; x_wconf 93' lang='lat' dir='ltr'><strong>non</strong></span> <span class='ocrx_word' id='word_1_694' title='bbox 2509 3783 2763 3855; x_wconf 90' lang='lat' dir='ltr'><strong>sicutego</strong></span> <span class='ocrx_word' id='word_1_695' title='bbox 2777 3782 2924 3851; x_wconf 92' lang='lat' dir='ltr'><strong>volo,</strong></span> <span class='ocrx_word' id='word_1_696' title='bbox 2941 3782 3037 3839; x_wconf 91' lang='lat' dir='ltr'><strong>sed</strong></span> <span class='ocrx_word' id='word_1_697' title='bbox 3060 3783 3204 3838; x_wconf 90' lang='lat' dir='ltr'><strong>sicut</strong></span> <span class='ocrx_word' id='word_1_698' title='bbox 3226 3789 3304 3837; x_wconf 91' lang='lat' dir='ltr'><strong>tu.</strong></span> <span class='ocrx_word' id='word_1_699' title='bbox 3327 3780 3648 3857; x_wconf 78' lang='lat' dir='ltr'><strong>[ccxcvt,2.]</strong></span> 
     </span>
    </p>
   </div>
   <div class='ocr_carea' id='block_1_83' title="bbox 2045 3874 3652 3946">
    <p class='ocr_par' dir='ltr' id='par_1_83' title="bbox 2045 3874 3652 3946">
     <span class='ocr_line' id='line_1_83' title="bbox 2045 3874 3652 3946; baseline -0.001 -14"><span class='ocrx_word' id='word_1_700' title='bbox 2045 3877 2113 3932; x_wconf 84' lang='lat' dir='ltr'><strong>Et</strong></span> <span class='ocrx_word' id='word_1_701' title='bbox 2144 3876 2382 3932; x_wconf 86' lang='lat' dir='ltr'><strong>venitad</strong></span> <span class='ocrx_word' id='word_1_702' title='bbox 2413 3876 2707 3946; x_wconf 90' lang='lat' dir='ltr'><strong>discipulos</strong></span> <span class='ocrx_word' id='word_1_703' title='bbox 2735 3890 2886 3943; x_wconf 92' lang='lat' dir='ltr'><strong>suos,</strong></span> <span class='ocrx_word' id='word_1_704' title='bbox 2920 3882 2976 3930; x_wconf 91' lang='lat' dir='ltr'><strong>et</strong></span> <span class='ocrx_word' id='word_1_705' title='bbox 3015 3874 3223 3930; x_wconf 87' lang='lat' dir='ltr'><strong>invenit</strong></span> <span class='ocrx_word' id='word_1_706' title='bbox 3248 3888 3347 3930; x_wconf 88' lang='lat' dir='ltr'><strong>eos</strong></span> <span class='ocrx_word' id='word_1_707' title='bbox 3373 3874 3652 3931; x_wconf 88' lang='lat' dir='ltr'><strong>dormien-</strong></span> 
     </span>
    </p>
   </div>
   <div class='ocr_carea' id='block_1_84' title="bbox 2045 3966 3652 4040">
    <p class='ocr_par' dir='ltr' id='par_1_84' title="bbox 2045 3966 3652 4040">
     <span class='ocr_line' id='line_1_84' title="bbox 2045 3966 3652 4040; baseline -0.001 -16"><span class='ocrx_word' id='word_1_708' title='bbox 2045 3978 2147 4038; x_wconf 87' lang='lat' dir='ltr'><strong>tes,</strong></span> <span class='ocrx_word' id='word_1_709' title='bbox 2178 3978 2233 4026; x_wconf 91' lang='lat' dir='ltr'><strong>et</strong></span> <span class='ocrx_word' id='word_1_710' title='bbox 2270 3968 2404 4025; x_wconf 91' lang='lat' dir='ltr'><strong>dicit</strong></span> <span class='ocrx_word' id='word_1_711' title='bbox 2433 3968 2602 4024; x_wconf 89' lang='lat' dir='ltr'><strong>Petro</strong></span> <span class='ocrx_word' id='word_1_712' title='bbox 2634 3985 2650 4024; x_wconf 93' lang='lat'><strong>:</strong></span> <span class='ocrx_word' id='word_1_713' title='bbox 2682 3968 2772 4024; x_wconf 88' lang='lat' dir='ltr'><strong>Sic</strong></span> <span class='ocrx_word' id='word_1_714' title='bbox 2798 3984 2905 4024; x_wconf 92' lang='lat' dir='ltr'><strong>non</strong></span> <span class='ocrx_word' id='word_1_715' title='bbox 2937 3969 3190 4040; x_wconf 90' lang='lat' dir='ltr'><strong>potuistis</strong></span> <span class='ocrx_word' id='word_1_716' title='bbox 3217 3982 3321 4023; x_wconf 91' lang='lat' dir='ltr'><strong>una</strong></span> <span class='ocrx_word' id='word_1_717' title='bbox 3351 3966 3486 4023; x_wconf 87' lang='lat' dir='ltr'><strong>hora</strong></span> <span class='ocrx_word' id='word_1_718' title='bbox 3516 3967 3652 4039; x_wconf 90' lang='lat' dir='ltr'><strong>vigi-</strong></span> 
     </span>
    </p>
   </div>
   <div class='ocr_carea' id='block_1_85' title="bbox 2044 4062 3651 4135">
    <p class='ocr_par' dir='ltr' id='par_1_85' title="bbox 2044 4062 3651 4135">
     <span class='ocr_line' id='line_1_85' title="bbox 2044 4062 3651 4135; baseline 0.001 -17"><span class='ocrx_word' id='word_1_719' title='bbox 2044 4064 2156 4120; x_wconf 89' lang='lat' dir='ltr'><strong>lare</strong></span> <span class='ocrx_word' id='word_1_720' title='bbox 2187 4065 2449 4120; x_wconf 80' lang='lat' dir='ltr'><strong>mecum?</strong></span> <span class='ocrx_word' id='word_1_721' title='bbox 2481 4063 2713 4135; x_wconf 74' lang='lat' dir='ltr'><strong>Vigilate</strong></span> <span class='ocrx_word' id='word_1_722' title='bbox 2738 4106 2754 4132; x_wconf 91' lang='lat'><strong>,</strong></span> <span class='ocrx_word' id='word_1_723' title='bbox 2803 4073 2859 4121; x_wconf 90' lang='lat' dir='ltr'><strong>et</strong></span> <span class='ocrx_word' id='word_1_724' title='bbox 2886 4072 3038 4119; x_wconf 89' lang='lat' dir='ltr'><strong>orate</strong></span> <span class='ocrx_word' id='word_1_725' title='bbox 3062 4107 3077 4130; x_wconf 94' lang='lat'><strong>,</strong></span> <span class='ocrx_word' id='word_1_726' title='bbox 3126 4073 3183 4119; x_wconf 92' lang='lat' dir='ltr'><strong>ut</strong></span> <span class='ocrx_word' id='word_1_727' title='bbox 3212 4077 3321 4118; x_wconf 91' lang='lat' dir='ltr'><strong>non</strong></span> <span class='ocrx_word' id='word_1_728' title='bbox 3354 4062 3565 4120; x_wconf 87' lang='lat' dir='ltr'><strong>intretis</strong></span> <span class='ocrx_word' id='word_1_729' title='bbox 3592 4062 3651 4120; x_wconf 88' lang='lat' dir='ltr'><strong>in</strong></span> 
     </span>
    </p>
   </div>
   <div class='ocr_carea' id='block_1_86' title="bbox 2045 4158 3648 4236">
    <p class='ocr_par' dir='ltr' id='par_1_86' title="bbox 2045 4158 3648 4236">
     <span class='ocr_line' id='line_1_86' title="bbox 2045 4158 3648 4236; baseline -0.001 -20"><span class='ocrx_word' id='word_1_730' title='bbox 2045 4162 2417 4218; x_wconf 89' lang='lat' dir='ltr'><strong>tentationem.</strong></span> <span class='ocrx_word' id='word_1_731' title='bbox 2471 4163 2742 4236; x_wconf 86' lang='lat' dir='ltr'><strong>[ccxcvn,</strong></span> <span class='ocrx_word' id='word_1_732' title='bbox 2775 4159 2856 4232; x_wconf 73' lang='grc'><strong>4.]</strong></span> <span class='ocrx_word' id='word_1_733' title='bbox 2908 4159 3144 4230; x_wconf 85' lang='lat' dir='ltr'><strong>Spiritus</strong></span> <span class='ocrx_word' id='word_1_734' title='bbox 3191 4158 3410 4231; x_wconf 91' lang='lat' dir='ltr'><strong>quidem</strong></span> <span class='ocrx_word' id='word_1_735' title='bbox 3466 4173 3648 4229; x_wconf 88' lang='lat' dir='ltr'><strong>prom-</strong></span> 
     </span>
    </p>
   </div>
   <div class='ocr_carea' id='block_1_87' title="bbox 2046 4252 3651 4328">
    <p class='ocr_par' dir='ltr' id='par_1_87' title="bbox 2046 4252 3651 4328">
     <span class='ocr_line' id='line_1_87' title="bbox 2046 4252 3651 4328; baseline -0.001 -16"><span class='ocrx_word' id='word_1_736' title='bbox 2046 4267 2167 4328; x_wconf 89' lang='lat' dir='ltr'><strong>ptus</strong></span> <span class='ocrx_word' id='word_1_737' title='bbox 2192 4266 2298 4324; x_wconf 93' lang='lat' dir='ltr'><strong>est,</strong></span> <span class='ocrx_word' id='word_1_738' title='bbox 2321 4271 2450 4313; x_wconf 90' lang='lat' dir='ltr'><strong>caro</strong></span> <span class='ocrx_word' id='word_1_739' title='bbox 2470 4267 2652 4313; x_wconf 90' lang='lat' dir='ltr'><strong>autem</strong></span> <span class='ocrx_word' id='word_1_740' title='bbox 2680 4254 2919 4310; x_wconf 87' lang='lat' dir='ltr'><strong>inﬁrma.</strong></span> <span class='ocrx_word' id='word_1_741' title='bbox 2946 4252 3317 4327; x_wconf 86' lang='lat' dir='ltr'><strong>[ccxcvnt,6.]</strong></span> <span class='ocrx_word' id='word_1_742' title='bbox 3342 4253 3539 4310; x_wconf 90' lang='lat' dir='ltr'><strong>lterum</strong></span> <span class='ocrx_word' id='word_1_743' title='bbox 3563 4267 3651 4310; x_wconf 87' lang='lat' dir='ltr'><strong>se-</strong></span> 
     </span>
    </p>
   </div>
   <div class='ocr_carea' id='block_1_88' title="bbox 2042 4348 3653 4420">
    <p class='ocr_par' dir='ltr' id='par_1_88' title="bbox 2042 4348 3653 4420">
     <span class='ocr_line' id='line_1_88' title="bbox 2042 4348 3653 4420; baseline -0.002 -13"><span class='ocrx_word' id='word_1_744' title='bbox 2042 4351 2222 4407; x_wconf 91' lang='lat' dir='ltr'><strong>cundo</strong></span> <span class='ocrx_word' id='word_1_745' title='bbox 2250 4350 2405 4417; x_wconf 93' lang='lat' dir='ltr'><strong>abiit,</strong></span> <span class='ocrx_word' id='word_1_746' title='bbox 2431 4360 2487 4407; x_wconf 92' lang='lat' dir='ltr'><strong>et</strong></span> <span class='ocrx_word' id='word_1_747' title='bbox 2516 4351 2716 4419; x_wconf 91' lang='lat' dir='ltr'><strong>oravit,</strong></span> <span class='ocrx_word' id='word_1_748' title='bbox 2750 4348 2940 4406; x_wconf 88' lang='lat' dir='ltr'><strong>dicens</strong></span> <span class='ocrx_word' id='word_1_749' title='bbox 2972 4366 2985 4402; x_wconf 94' lang='lat'><strong>:</strong></span> <span class='ocrx_word' id='word_1_750' title='bbox 3015 4348 3176 4404; x_wconf 86' lang='lat' dir='ltr'><strong>Pater</strong></span> <span class='ocrx_word' id='word_1_751' title='bbox 3201 4348 3273 4403; x_wconf 90' lang='lat' dir='ltr'><strong>mi</strong></span> <span class='ocrx_word' id='word_1_752' title='bbox 3293 4390 3310 4416; x_wconf 94' lang='lat'><strong>,</strong></span> <span class='ocrx_word' id='word_1_753' title='bbox 3337 4348 3380 4402; x_wconf 88' lang='lat' dir='ltr'><strong>si</strong></span> <span class='ocrx_word' id='word_1_754' title='bbox 3414 4362 3522 4404; x_wconf 90' lang='lat' dir='ltr'><strong>non</strong></span> <span class='ocrx_word' id='word_1_755' title='bbox 3552 4361 3653 4420; x_wconf 81' lang='lat' dir='ltr'><strong>po-</strong></span> 
     </span>
    </p>
   </div>
   <div class='ocr_carea' id='block_1_89' title="bbox 2045 4440 3652 4508">
    <p class='ocr_par' dir='ltr' id='par_1_89' title="bbox 2045 4440 3652 4508">
     <span class='ocr_line' id='line_1_89' title="bbox 2045 4440 3652 4508; baseline -0.001 -8"><span class='ocrx_word' id='word_1_756' title='bbox 2045 4454 2148 4501; x_wconf 92' lang='lat' dir='ltr'><strong>test</strong></span> <span class='ocrx_word' id='word_1_757' title='bbox 2178 4444 2265 4500; x_wconf 91' lang='lat' dir='ltr'><strong>hic</strong></span> <span class='ocrx_word' id='word_1_758' title='bbox 2293 4443 2435 4500; x_wconf 92' lang='lat' dir='ltr'><strong>calix</strong></span> <span class='ocrx_word' id='word_1_759' title='bbox 2465 4444 2702 4499; x_wconf 90' lang='lat' dir='ltr'><strong>transire</strong></span> <span class='ocrx_word' id='word_1_760' title='bbox 2735 4442 2837 4498; x_wconf 88' lang='lat' dir='ltr'><strong>nisi</strong></span> <span class='ocrx_word' id='word_1_761' title='bbox 2867 4442 3053 4498; x_wconf 87' lang='lat' dir='ltr'><strong>bibam</strong></span> <span class='ocrx_word' id='word_1_762' title='bbox 3084 4441 3262 4508; x_wconf 93' lang='lat' dir='ltr'><strong>illum,</strong></span> <span class='ocrx_word' id='word_1_763' title='bbox 3289 4441 3382 4496; x_wconf 89' lang='lat' dir='ltr'><strong>ﬁat</strong></span> <span class='ocrx_word' id='word_1_764' title='bbox 3400 4440 3652 4499; x_wconf 85' lang='lat' dir='ltr'><strong>voluntas</strong></span> 
     </span>
    </p>
   </div>
   <div class='ocr_carea' id='block_1_90' title="bbox 2043 4532 3646 4603">
    <p class='ocr_par' dir='ltr' id='par_1_90' title="bbox 2043 4532 3646 4603">
     <span class='ocr_line' id='line_1_90' title="bbox 2043 4532 3646 4603; baseline -0.003 -12"><span class='ocrx_word' id='word_1_765' title='bbox 2043 4544 2153 4591; x_wconf 85' lang='lat' dir='ltr'><strong>tua.</strong></span> <span class='ocrx_word' id='word_1_766' title='bbox 2189 4534 2257 4590; x_wconf 89' lang='lat' dir='ltr'><strong>Et</strong></span> <span class='ocrx_word' id='word_1_767' title='bbox 2280 4535 2433 4591; x_wconf 91' lang='lat' dir='ltr'><strong>venit</strong></span> <span class='ocrx_word' id='word_1_768' title='bbox 2478 4535 2713 4603; x_wconf 89' lang='lat' dir='ltr'><strong>iterum,</strong></span> <span class='ocrx_word' id='word_1_769' title='bbox 2756 4543 2811 4590; x_wconf 92' lang='lat' dir='ltr'><strong>et</strong></span> <span class='ocrx_word' id='word_1_770' title='bbox 2858 4534 3070 4589; x_wconf 87' lang='lat' dir='ltr'><strong>invenit</strong></span> <span class='ocrx_word' id='word_1_771' title='bbox 3117 4547 3214 4589; x_wconf 91' lang='lat' dir='ltr'><strong>eos</strong></span> <span class='ocrx_word' id='word_1_772' title='bbox 3265 4532 3646 4589; x_wconf 89' lang='lat' dir='ltr'><strong>dormientes:</strong></span> 
     </span>
    </p>
   </div>
   <div class='ocr_carea' id='block_1_91' title="bbox 339 4621 3646 4699">
    <p class='ocr_par' dir='ltr' id='par_1_91' title="bbox 339 4621 3646 4699">
     <span class='ocr_line' id='line_1_91' title="bbox 339 4621 3646 4699; baseline -0.001 -18"><span class='ocrx_word' id='word_1_773' title='bbox 339 4624 584 4696; x_wconf 81' lang='lat' dir='ltr'><strong>Tempus</strong></span> <span class='ocrx_word' id='word_1_774' title='bbox 612 4641 792 4682; x_wconf 90' lang='lat' dir='ltr'><strong>meum</strong></span> <span class='ocrx_word' id='word_1_775' title='bbox 823 4642 993 4697; x_wconf 92' lang='lat' dir='ltr'><strong>prope</strong></span> <span class='ocrx_word' id='word_1_776' title='bbox 1030 4636 1136 4693; x_wconf 90' lang='lat' dir='ltr'><strong>est,</strong></span> <span class='ocrx_word' id='word_1_777' title='bbox 1162 4630 1302 4699; x_wconf 87' lang='lat' dir='ltr'><strong>apud</strong></span> <span class='ocrx_word' id='word_1_778' title='bbox 1336 4638 1387 4685; x_wconf 91' lang='lat' dir='ltr'><strong>te</strong></span> <span class='ocrx_word' id='word_1_779' title='bbox 1418 4630 1556 4687; x_wconf 85' lang='lat' dir='ltr'><strong>facio</strong></span> <span class='ocrx_word' id='word_1_780' title='bbox 1586 4630 1791 4688; x_wconf 92' lang='lat' dir='ltr'><strong>Pascha</strong></span> <span class='ocrx_word' id='word_1_781' title='bbox 1814 4648 1937 4688; x_wconf 92' lang='lat' dir='ltr'><strong>cum</strong></span> <span class='ocrx_word' id='word_1_782' title='bbox 1968 4621 2018 4682; x_wconf 87' lang='lat' dir='ltr'><strong>D</strong></span> <span class='ocrx_word' id='word_1_783' title='bbox 2045 4634 2202 4682; x_wconf 89' lang='lat' dir='ltr'><strong>erant</strong></span> <span class='ocrx_word' id='word_1_784' title='bbox 2258 4624 2405 4681; x_wconf 88' lang='lat' dir='ltr'><strong>enim</strong></span> <span class='ocrx_word' id='word_1_785' title='bbox 2452 4625 2598 4680; x_wconf 88' lang='lat' dir='ltr'><strong>oculi</strong></span> <span class='ocrx_word' id='word_1_786' title='bbox 2649 4639 2840 4681; x_wconf 91' lang='lat' dir='ltr'><strong>eorum</strong></span> <span class='ocrx_word' id='word_1_787' title='bbox 2889 4625 3119 4697; x_wconf 84' lang='lat' dir='ltr'><strong>gravati.</strong></span> <span class='ocrx_word' id='word_1_788' title='bbox 3155 4624 3222 4679; x_wconf 86' lang='lat' dir='ltr'><strong>Et</strong></span> <span class='ocrx_word' id='word_1_789' title='bbox 3274 4623 3483 4680; x_wconf 88' lang='lat' dir='ltr'><strong>relictis</strong></span> <span class='ocrx_word' id='word_1_790' title='bbox 3513 4622 3646 4694; x_wconf 90' lang='lat' dir='ltr'><strong>illis,</strong></span> 
     </span>
    </p>
   </div>
   <div class='ocr_carea' id='block_1_92' title="bbox 340 4716 1940 4792">
    <p class='ocr_par' dir='ltr' id='par_1_92' title="bbox 340 4716 1940 4792">
     <span class='ocr_line' id='line_1_92' title="bbox 340 4716 1940 4792; baseline 0.005 -19"><span class='ocrx_word' id='word_1_791' title='bbox 340 4716 625 4789; x_wconf 91' lang='lat' dir='ltr'><strong>discipulis</strong></span> <span class='ocrx_word' id='word_1_792' title='bbox 644 4719 802 4776; x_wconf 90' lang='lat' dir='ltr'><strong>meis.</strong></span> <span class='ocrx_word' id='word_1_793' title='bbox 834 4718 902 4774; x_wconf 84' lang='lat' dir='ltr'><strong>Et</strong></span> <span class='ocrx_word' id='word_1_794' title='bbox 931 4718 1179 4776; x_wconf 89' lang='lat' dir='ltr'><strong>fecerunt</strong></span> <span class='ocrx_word' id='word_1_795' title='bbox 1203 4720 1455 4792; x_wconf 84' lang='lat' dir='ltr'><strong>discipuli</strong></span> <span class='ocrx_word' id='word_1_796' title='bbox 1482 4723 1624 4779; x_wconf 85' lang='lat' dir='ltr'><strong>sicut</strong></span> <span class='ocrx_word' id='word_1_797' title='bbox 1651 4726 1940 4781; x_wconf 76' lang='lat' dir='ltr'><strong>consuluit</strong></span> 
     </span>
    </p>
   </div>
   <div class='ocr_carea' id='block_1_93' title="bbox 338 4811 1937 4888">
    <p class='ocr_par' dir='ltr' id='par_1_93' title="bbox 338 4811 1937 4888">
     <span class='ocr_line' id='line_1_93' title="bbox 338 4811 1937 4888; baseline 0.003 -18"><span class='ocrx_word' id='word_1_798' title='bbox 338 4811 451 4870; x_wconf 89' lang='lat' dir='ltr'><strong>illis</strong></span> <span class='ocrx_word' id='word_1_799' title='bbox 478 4812 657 4875; x_wconf 82' lang='lat' dir='ltr'><strong>Jesus.</strong></span> <span class='ocrx_word' id='word_1_800' title='bbox 701 4823 757 4870; x_wconf 91' lang='lat' dir='ltr'><strong>et</strong></span> <span class='ocrx_word' id='word_1_801' title='bbox 794 4823 1124 4886; x_wconf 87' lang='lat' dir='ltr'><strong>paraverunt</strong></span> <span class='ocrx_word' id='word_1_802' title='bbox 1174 4814 1407 4872; x_wconf 88' lang='lat' dir='ltr'><strong>Pascha.</strong></span> <span class='ocrx_word' id='word_1_803' title='bbox 1458 4816 1696 4888; x_wconf 78' lang='lat' dir='ltr'><strong>Vespere</strong></span> <span class='ocrx_word' id='word_1_804' title='bbox 1756 4828 1937 4874; x_wconf 86' lang='lat' dir='ltr'><strong>autem</strong></span> 
     </span>
    </p>
   </div>
   <div class='ocr_carea' id='block_1_94' title="bbox 336 4904 1934 4981">
    <p class='ocr_par' dir='ltr' id='par_1_94' title="bbox 336 4904 1934 4981">
     <span class='ocr_line' id='line_1_94' title="bbox 336 4904 1934 4981; baseline 0.003 -20"><span class='ocrx_word' id='word_1_805' title='bbox 336 4904 508 4972; x_wconf 86' lang='lat' dir='ltr'><strong>facto,</strong></span> <span class='ocrx_word' id='word_1_806' title='bbox 556 4906 935 4964; x_wconf 85' lang='lat' dir='ltr'><strong>discumbebat</strong></span> <span class='ocrx_word' id='word_1_807' title='bbox 978 4923 1101 4963; x_wconf 90' lang='lat' dir='ltr'><strong>cum</strong></span> <span class='ocrx_word' id='word_1_808' title='bbox 1141 4908 1431 4965; x_wconf 89' lang='lat' dir='ltr'><strong>duodecim</strong></span> <span class='ocrx_word' id='word_1_809' title='bbox 1471 4908 1749 4981; x_wconf 91' lang='lat' dir='ltr'><strong>discipulis</strong></span> <span class='ocrx_word' id='word_1_810' title='bbox 1800 4912 1934 4967; x_wconf 92' lang='lat' dir='ltr'><strong>suis.</strong></span> 
     </span>
    </p>
   </div>
   <div class='ocr_carea' id='block_1_95' title="bbox 339 4997 1937 5073">
    <p class='ocr_par' dir='ltr' id='par_1_95' title="bbox 339 4997 1937 5073">
     <span class='ocr_line' id='line_1_95' title="bbox 339 4997 1937 5073; baseline 0.001 -17"><span class='ocrx_word' id='word_1_811' title='bbox 339 4997 618 5073; x_wconf 72' lang='lat' dir='ltr'><strong>[CCLXXIX,</strong></span> <span class='ocrx_word' id='word_1_812' title='bbox 650 4998 729 5071; x_wconf 77' lang='grc'><strong>4.]</strong></span> <span class='ocrx_word' id='word_1_813' title='bbox 759 5000 824 5055; x_wconf 82' lang='grc' dir='ltr'><strong>Ει</strong></span> <span class='ocrx_word' id='word_1_814' title='bbox 844 4998 1130 5057; x_wconf 90' lang='lat' dir='ltr'><strong>edentibus</strong></span> <span class='ocrx_word' id='word_1_815' title='bbox 1161 5000 1291 5068; x_wconf 91' lang='lat' dir='ltr'><strong>illis,</strong></span> <span class='ocrx_word' id='word_1_816' title='bbox 1316 5001 1447 5058; x_wconf 86' lang='lat' dir='ltr'><strong>dixit</strong></span> <span class='ocrx_word' id='word_1_817' title='bbox 1469 5004 1673 5060; x_wconf 90' lang='lat' dir='ltr'><strong>:Amen</strong></span> <span class='ocrx_word' id='word_1_818' title='bbox 1704 5002 1827 5059; x_wconf 89' lang='lat' dir='ltr'><strong>dico</strong></span> <span class='ocrx_word' id='word_1_819' title='bbox 1844 5019 1937 5058; x_wconf 84' lang='lat' dir='ltr'><strong>vo-</strong></span> 
     </span>
    </p>
   </div>
   <div class='ocr_carea' id='block_1_96' title="bbox 335 5092 1934 5169">
    <p class='ocr_par' dir='ltr' id='par_1_96' title="bbox 335 5092 1934 5169">
     <span class='ocr_line' id='line_1_96' title="bbox 335 5092 1934 5169; baseline 0.002 -20"><span class='ocrx_word' id='word_1_820' title='bbox 335 5092 449 5161; x_wconf 90' lang='lat' dir='ltr'><strong>bis,</strong></span> <span class='ocrx_word' id='word_1_821' title='bbox 492 5094 618 5164; x_wconf 87' lang='lat' dir='ltr'><strong>quia</strong></span> <span class='ocrx_word' id='word_1_822' title='bbox 662 5107 801 5148; x_wconf 91' lang='lat' dir='ltr'><strong>unus</strong></span> <span class='ocrx_word' id='word_1_823' title='bbox 828 5102 1066 5150; x_wconf 89' lang='lat' dir='ltr'><strong>vestrum</strong></span> <span class='ocrx_word' id='word_1_824' title='bbox 1098 5109 1186 5150; x_wconf 89' lang='lat' dir='ltr'><strong>me</strong></span> <span class='ocrx_word' id='word_1_825' title='bbox 1213 5093 1514 5152; x_wconf 89' lang='lat' dir='ltr'><strong>traditurus</strong></span> <span class='ocrx_word' id='word_1_826' title='bbox 1541 5105 1646 5153; x_wconf 91' lang='lat' dir='ltr'><strong>est.</strong></span> <span class='ocrx_word' id='word_1_827' title='bbox 1681 5097 1934 5169; x_wconf 80' lang='lat' dir='ltr'><strong>[cetxxx,</strong></span> 
     </span>
    </p>
   </div>
   <div class='ocr_carea' id='block_1_97' title="bbox 341 5184 1934 5260">
    <p class='ocr_par' dir='ltr' id='par_1_97' title="bbox 341 5184 1934 5260">
     <span class='ocr_line' id='line_1_97' title="bbox 341 5184 1934 5260; baseline 0.003 -20"><span class='ocrx_word' id='word_1_828' title='bbox 341 5184 422 5257; x_wconf 87' lang='lat'><strong>1.]</strong></span> <span class='ocrx_word' id='word_1_829' title='bbox 451 5184 521 5241; x_wconf 87' lang='lat' dir='ltr'><strong>Et</strong></span> <span class='ocrx_word' id='word_1_830' title='bbox 555 5186 865 5242; x_wconf 83' lang='lat' dir='ltr'><strong>contristati</strong></span> <span class='ocrx_word' id='word_1_831' title='bbox 901 5186 1081 5253; x_wconf 88' lang='lat' dir='ltr'><strong>valde,</strong></span> <span class='ocrx_word' id='word_1_832' title='bbox 1136 5198 1422 5258; x_wconf 72' lang='lat' dir='ltr'><strong>coeperunt</strong></span> <span class='ocrx_word' id='word_1_833' title='bbox 1471 5188 1667 5260; x_wconf 89' lang='lat' dir='ltr'><strong>singuli</strong></span> <span class='ocrx_word' id='word_1_834' title='bbox 1698 5189 1885 5247; x_wconf 90' lang='lat' dir='ltr'><strong>dicere</strong></span> <span class='ocrx_word' id='word_1_835' title='bbox 1919 5209 1934 5244; x_wconf 90' lang='lat'><strong>:</strong></span> 
     </span>
    </p>
   </div>
   <div class='ocr_carea' id='block_1_98' title="bbox 336 5278 1937 5355">
    <p class='ocr_par' dir='ltr' id='par_1_98' title="bbox 336 5278 1937 5355">
     <span class='ocr_line' id='line_1_98' title="bbox 336 5278 1937 5355; baseline 0.003 -20"><span class='ocrx_word' id='word_1_836' title='bbox 336 5278 614 5351; x_wconf 72' lang='lat' dir='ltr'><strong>Numquid</strong></span> <span class='ocrx_word' id='word_1_837' title='bbox 638 5294 741 5351; x_wconf 91' lang='lat' dir='ltr'><strong>ego</strong></span> <span class='ocrx_word' id='word_1_838' title='bbox 770 5295 914 5345; x_wconf 89' lang='lat' dir='ltr'><strong>sum,</strong></span> <span class='ocrx_word' id='word_1_839' title='bbox 942 5280 1203 5336; x_wconf 83' lang='lat' dir='ltr'><strong>Domine?</strong></span> <span class='ocrx_word' id='word_1_840' title='bbox 1226 5280 1500 5355; x_wconf 56' lang='lat' dir='ltr'><strong>[cccxxxn</strong></span> <span class='ocrx_word' id='word_1_841' title='bbox 1521 5281 1599 5354; x_wconf 72' lang='lat'><strong>2.]</strong></span> <span class='ocrx_word' id='word_1_842' title='bbox 1624 5284 1819 5354; x_wconf 83' lang='lat' dir='ltr'><strong>Atipse</strong></span> <span class='ocrx_word' id='word_1_843' title='bbox 1847 5300 1937 5341; x_wconf 81' lang='lat' dir='ltr'><strong>re-</strong></span> 
     </span>
    </p>
   </div>
   <div class='ocr_carea' id='block_1_99' title="bbox 337 5370 1941 5449">
    <p class='ocr_par' dir='ltr' id='par_1_99' title="bbox 337 5370 1941 5449">
     <span class='ocr_line' id='line_1_99' title="bbox 337 5370 1941 5449; baseline 0.003 -21"><span class='ocrx_word' id='word_1_844' title='bbox 337 5370 644 5443; x_wconf 90' lang='lat' dir='ltr'><strong>spondens,</strong></span> <span class='ocrx_word' id='word_1_845' title='bbox 675 5373 749 5430; x_wconf 84' lang='lat' dir='ltr'><strong>ait</strong></span> <span class='ocrx_word' id='word_1_846' title='bbox 781 5374 922 5441; x_wconf 84' lang='lat' dir='ltr'><strong>:Qui</strong></span> <span class='ocrx_word' id='word_1_847' title='bbox 955 5374 1169 5446; x_wconf 90' lang='lat' dir='ltr'><strong>intingit</strong></span> <span class='ocrx_word' id='word_1_848' title='bbox 1211 5390 1422 5432; x_wconf 90' lang='lat' dir='ltr'><strong>mecum</strong></span> <span class='ocrx_word' id='word_1_849' title='bbox 1456 5391 1674 5432; x_wconf 91' lang='lat' dir='ltr'><strong>manum</strong></span> <span class='ocrx_word' id='word_1_850' title='bbox 1700 5377 1751 5432; x_wconf 89' lang='lat' dir='ltr'><strong>in</strong></span> <span class='ocrx_word' id='word_1_851' title='bbox 1782 5392 1941 5449; x_wconf 87' lang='lat' dir='ltr'><strong>paro-</strong></span> 
     </span>
    </p>
   </div>
   <div class='ocr_carea' id='block_1_100' title="bbox 338 5465 1938 5547">
    <p class='ocr_par' dir='ltr' id='par_1_100' title="bbox 338 5465 1938 5547">
     <span class='ocr_line' id='line_1_100' title="bbox 338 5465 1938 5547; baseline 0.008 -25"><span class='ocrx_word' id='word_1_852' title='bbox 338 5465 520 5538; x_wconf 85' lang='lat' dir='ltr'><strong>pside,</strong></span> <span class='ocrx_word' id='word_1_853' title='bbox 550 5467 638 5523; x_wconf 88' lang='lat' dir='ltr'><strong>hic</strong></span> <span class='ocrx_word' id='word_1_854' title='bbox 687 5481 775 5525; x_wconf 89' lang='lat' dir='ltr'><strong>me</strong></span> <span class='ocrx_word' id='word_1_855' title='bbox 807 5474 1008 5531; x_wconf 88' lang='lat' dir='ltr'><strong>tradet.</strong></span> <span class='ocrx_word' id='word_1_856' title='bbox 1050 5473 1221 5531; x_wconf 84' lang='lat' dir='ltr'><strong>Filius</strong></span> <span class='ocrx_word' id='word_1_857' title='bbox 1258 5472 1477 5545; x_wconf 90' lang='lat' dir='ltr'><strong>quidem</strong></span> <span class='ocrx_word' id='word_1_858' title='bbox 1508 5474 1745 5533; x_wconf 87' lang='lat' dir='ltr'><strong>hominis</strong></span> <span class='ocrx_word' id='word_1_859' title='bbox 1769 5477 1938 5547; x_wconf 89' lang='lat' dir='ltr'><strong>vadit,</strong></span> 
     </span>
    </p>
   </div>
   <div class='ocr_carea' id='block_1_101' title="bbox 340 5679 1936 5758">
    <p class='ocr_par' dir='ltr' id='par_1_101' title="bbox 340 5679 1936 5758">
     <span class='ocr_line' id='line_1_101' title="bbox 340 5679 1936 5758; baseline 0 -19"><span class='ocrx_word' id='word_1_860' title='bbox 415 5689 441 5718; x_wconf 74' lang='grc' dir='ltr'><strong>ίι</strong></span> <span class='ocrx_word' id='word_1_861' title='bbox 464 5679 521 5737; x_wconf 86' lang='lat' dir='ltr'><strong>In</strong></span> <span class='ocrx_word' id='word_1_862' title='bbox 550 5681 732 5758; x_wconf 77' lang='lat' dir='ltr'><strong>futuro</strong></span> <span class='ocrx_word' id='word_1_863' title='bbox 758 5683 1006 5742; x_wconf 79' lang='lat' dir='ltr'><strong>habebitis</strong></span> <span class='ocrx_word' id='word_1_864' title='bbox 1032 5685 1228 5758; x_wconf 88' lang='lat' dir='ltr'><strong>legitur</strong></span> <span class='ocrx_word' id='word_1_865' title='bbox 1248 5688 1301 5742; x_wconf 91' lang='lat' dir='ltr'><strong>in</strong></span> <span class='ocrx_word' id='word_1_866' title='bbox 1328 5686 1545 5758; x_wconf 65' lang='lat' dir='ltr'><strong>Reginae</strong></span> <span class='ocrx_word' id='word_1_867' title='bbox 1572 5698 1702 5742; x_wconf 88' lang='lat' dir='ltr'><strong>mss.</strong></span> <span class='ocrx_word' id='word_1_868' title='bbox 1728 5700 1792 5741; x_wconf 90' lang='lat' dir='ltr'><strong>ac</strong></span> <span class='ocrx_word' id='word_1_869' title='bbox 1812 5682 1936 5739; x_wconf 82' lang='lat' dir='ltr'><strong>Six-</strong></span> 
     </span>
    </p>
   </div>
   <div class='ocr_carea' id='block_1_102' title="bbox 339 5752 1936 5840">
    <p class='ocr_par' dir='ltr' id='par_1_102' title="bbox 339 5752 1936 5840">
     <span class='ocr_line' id='line_1_102' title="bbox 339 5752 1936 5840; baseline 0.002 -32"><span class='ocrx_word' id='word_1_870' title='bbox 339 5752 456 5840; x_wconf 64' lang='lat' dir='ltr'><strong>tina</strong></span> <span class='ocrx_word' id='word_1_871' title='bbox 510 5753 791 5840; x_wconf 57' lang='lat' dir='ltr'><strong>editione:</strong></span> <span class='ocrx_word' id='word_1_872' title='bbox 841 5752 1295 5840; x_wconf 47' lang='lat' dir='ltr'><strong>quemadmodjtm</strong></span> <span class='ocrx_word' id='word_1_873' title='bbox 1350 5752 1509 5840; x_wconf 63' lang='lat' dir='ltr'><strong>et&#39;in_</strong></span> <span class='ocrx_word' id='word_1_874' title='bbox 1530 5774 1642 5814; x_wconf 91' lang='lat' dir='ltr'><strong>uno</strong></span> <span class='ocrx_word' id='word_1_875' title='bbox 1692 5757 1936 5840; x_wconf 84' lang='lat' dir='ltr'><strong>alterove</strong></span> 
     </span>
    </p>
   </div>
   <div class='ocr_carea' id='block_1_103' title="bbox 339 5824 1937 5905">
    <p class='ocr_par' dir='ltr' id='par_1_103' title="bbox 339 5824 1937 5905">
     <span class='ocr_line' id='line_1_103' title="bbox 339 5824 1937 5905; baseline 0 -21"><span class='ocrx_word' id='word_1_876' title='bbox 339 5824 539 5885; x_wconf 83' lang='lat' dir='ltr'><strong>Graeco</strong></span> <span class='ocrx_word' id='word_1_877' title='bbox 568 5824 871 5901; x_wconf 87' lang='lat' dir='ltr'><strong>exemplari</strong></span> <span class='ocrx_word' id='word_1_878' title='bbox 897 5829 1031 5898; x_wconf 75' lang='grc' dir='ltr'><strong>ῖξετι</strong></span> <span class='ocrx_word' id='word_1_879' title='bbox 1062 5845 1161 5905; x_wconf 91' lang='lat' dir='ltr'><strong>pro</strong></span> <span class='ocrx_word' id='word_1_880' title='bbox 1180 5828 1356 5903; x_wconf 77' lang='grc' dir='ltr'><strong>ἴχστι.</strong></span> <span class='ocrx_word' id='word_1_881' title='bbox 1378 5829 1548 5889; x_wconf 89' lang='lat' dir='ltr'><strong>Paulo</strong></span> <span class='ocrx_word' id='word_1_882' title='bbox 1571 5843 1787 5902; x_wconf 89' lang='lat' dir='ltr'><strong>quoque</strong></span> <span class='ocrx_word' id='word_1_883' title='bbox 1810 5835 1937 5902; x_wconf 89' lang='lat' dir='ltr'><strong>post</strong></span> 
     </span>
    </p>
   </div>
   <div class='ocr_carea' id='block_1_104' title="bbox 2043 4715 3650 4788">
    <p class='ocr_par' dir='ltr' id='par_1_104' title="bbox 2043 4715 3650 4788">
     <span class='ocr_line' id='line_1_104' title="bbox 2043 4715 3650 4788; baseline -0.002 -13"><span class='ocrx_word' id='word_1_884' title='bbox 2043 4719 2243 4775; x_wconf 90' lang='lat' dir='ltr'><strong>iterum</strong></span> <span class='ocrx_word' id='word_1_885' title='bbox 2275 4718 2431 4788; x_wconf 88' lang='lat' dir='ltr'><strong>abiit,</strong></span> <span class='ocrx_word' id='word_1_886' title='bbox 2456 4727 2510 4774; x_wconf 92' lang='lat' dir='ltr'><strong>et</strong></span> <span class='ocrx_word' id='word_1_887' title='bbox 2537 4719 2713 4774; x_wconf 87' lang='lat' dir='ltr'><strong>oravit</strong></span> <span class='ocrx_word' id='word_1_888' title='bbox 2740 4716 2929 4784; x_wconf 89' lang='lat' dir='ltr'><strong>tertio,</strong></span> <span class='ocrx_word' id='word_1_889' title='bbox 2961 4716 3212 4773; x_wconf 88' lang='lat' dir='ltr'><strong>eumdem</strong></span> <span class='ocrx_word' id='word_1_890' title='bbox 3234 4731 3543 4773; x_wconf 89' lang='lat' dir='ltr'><strong>sermonem</strong></span> <span class='ocrx_word' id='word_1_891' title='bbox 3566 4715 3650 4772; x_wconf 87' lang='lat' dir='ltr'><strong>di-</strong></span> 
     </span>
    </p>
   </div>
   <div class='ocr_carea' id='block_1_105' title="bbox 2043 4810 3645 4882">
    <p class='ocr_par' dir='ltr' id='par_1_105' title="bbox 2043 4810 3645 4882">
     <span class='ocr_line' id='line_1_105' title="bbox 2043 4810 3645 4882; baseline -0.001 -11"><span class='ocrx_word' id='word_1_892' title='bbox 2043 4827 2194 4871; x_wconf 91' lang='lat' dir='ltr'><strong>cens.</strong></span> <span class='ocrx_word' id='word_1_893' title='bbox 2224 4811 2378 4868; x_wconf 90' lang='lat' dir='ltr'><strong>Tunc</strong></span> <span class='ocrx_word' id='word_1_894' title='bbox 2424 4812 2578 4868; x_wconf 87' lang='lat' dir='ltr'><strong>venit</strong></span> <span class='ocrx_word' id='word_1_895' title='bbox 2605 4810 2673 4867; x_wconf 86' lang='lat' dir='ltr'><strong>ad</strong></span> <span class='ocrx_word' id='word_1_896' title='bbox 2704 4811 3005 4882; x_wconf 89' lang='lat' dir='ltr'><strong>discipulos</strong></span> <span class='ocrx_word' id='word_1_897' title='bbox 3034 4825 3188 4881; x_wconf 89' lang='lat' dir='ltr'><strong>suos,</strong></span> <span class='ocrx_word' id='word_1_898' title='bbox 3232 4818 3289 4868; x_wconf 90' lang='lat' dir='ltr'><strong>et</strong></span> <span class='ocrx_word' id='word_1_899' title='bbox 3328 4811 3460 4868; x_wconf 92' lang='lat' dir='ltr'><strong>dicit</strong></span> <span class='ocrx_word' id='word_1_900' title='bbox 3491 4810 3600 4868; x_wconf 91' lang='lat' dir='ltr'><strong>illis</strong></span> <span class='ocrx_word' id='word_1_901' title='bbox 3628 4827 3645 4869; x_wconf 87' lang='lat'><strong>:</strong></span> 
     </span>
    </p>
   </div>
   <div class='ocr_carea' id='block_1_106' title="bbox 2045 4903 3643 4977">
    <p class='ocr_par' dir='ltr' id='par_1_106' title="bbox 2045 4903 3643 4977">
     <span class='ocr_line' id='line_1_106' title="bbox 2045 4903 3643 4977; baseline 0 -14"><span class='ocrx_word' id='word_1_902' title='bbox 2045 4907 2289 4963; x_wconf 90' lang='lat' dir='ltr'><strong>Dormite</strong></span> <span class='ocrx_word' id='word_1_903' title='bbox 2335 4905 2471 4977; x_wconf 85' lang='lat' dir='ltr'><strong>jam,</strong></span> <span class='ocrx_word' id='word_1_904' title='bbox 2526 4913 2583 4961; x_wconf 93' lang='lat' dir='ltr'><strong>et</strong></span> <span class='ocrx_word' id='word_1_905' title='bbox 2637 4905 3017 4976; x_wconf 88' lang='lat' dir='ltr'><strong>requiescite:</strong></span> <span class='ocrx_word' id='word_1_906' title='bbox 3084 4903 3320 4977; x_wconf 84' lang='lat' dir='ltr'><strong>[ccxcrx,</strong></span> <span class='ocrx_word' id='word_1_907' title='bbox 3375 4904 3457 4976; x_wconf 70' lang='grc'><strong>4.]</strong></span> <span class='ocrx_word' id='word_1_908' title='bbox 3511 4920 3643 4963; x_wconf 85' lang='lat' dir='ltr'><strong>ecce</strong></span> 
     </span>
    </p>
   </div>
   <div class='ocr_carea' id='block_1_107' title="bbox 2041 4997 3645 5075">
    <p class='ocr_par' dir='ltr' id='par_1_107' title="bbox 2041 4997 3645 5075">
     <span class='ocr_line' id='line_1_107' title="bbox 2041 4997 3645 5075; baseline -0.002 -17"><span class='ocrx_word' id='word_1_909' title='bbox 2041 5001 2495 5075; x_wconf 88' lang='lat' dir='ltr'><strong>appropinquavit</strong></span> <span class='ocrx_word' id='word_1_910' title='bbox 2525 4999 2659 5056; x_wconf 90' lang='lat' dir='ltr'><strong>hora</strong></span> <span class='ocrx_word' id='word_1_911' title='bbox 2686 5040 2702 5067; x_wconf 90' lang='lat'><strong>,</strong></span> <span class='ocrx_word' id='word_1_912' title='bbox 2739 5008 2795 5056; x_wconf 91' lang='lat' dir='ltr'><strong>et</strong></span> <span class='ocrx_word' id='word_1_913' title='bbox 2838 4998 3010 5055; x_wconf 86' lang='lat' dir='ltr'><strong>Filius</strong></span> <span class='ocrx_word' id='word_1_914' title='bbox 3050 4998 3285 5057; x_wconf 90' lang='lat' dir='ltr'><strong>hominis</strong></span> <span class='ocrx_word' id='word_1_915' title='bbox 3316 4997 3560 5055; x_wconf 87' lang='lat' dir='ltr'><strong>tradetur</strong></span> <span class='ocrx_word' id='word_1_916' title='bbox 3590 4998 3645 5055; x_wconf 91' lang='lat' dir='ltr'><strong>in</strong></span> 
     </span>
    </p>
   </div>
   <div class='ocr_carea' id='block_1_108' title="bbox 2045 5093 3649 5170">
    <p class='ocr_par' dir='ltr' id='par_1_108' title="bbox 2045 5093 3649 5170">
     <span class='ocr_line' id='line_1_108' title="bbox 2045 5093 3649 5170; baseline -0.003 -15"><span class='ocrx_word' id='word_1_917' title='bbox 2045 5113 2239 5156; x_wconf 91' lang='lat' dir='ltr'><strong>manus</strong></span> <span class='ocrx_word' id='word_1_918' title='bbox 2274 5106 2639 5170; x_wconf 84' lang='lat' dir='ltr'><strong>peccatorum.</strong></span> <span class='ocrx_word' id='word_1_919' title='bbox 2664 5096 2906 5166; x_wconf 88' lang='lat' dir='ltr'><strong>Surgite,</strong></span> <span class='ocrx_word' id='word_1_920' title='bbox 2942 5109 3167 5151; x_wconf 89' lang='lat' dir='ltr'><strong>eamus:</strong></span> <span class='ocrx_word' id='word_1_921' title='bbox 3198 5108 3327 5151; x_wconf 91' lang='lat' dir='ltr'><strong>ecce</strong></span> <span class='ocrx_word' id='word_1_922' title='bbox 3355 5093 3649 5164; x_wconf 81' lang='lat' dir='ltr'><strong>apprOpin-</strong></span> 
     </span>
    </p>
   </div>
   <div class='ocr_carea' id='block_1_109' title="bbox 2044 5187 3646 5269">
    <p class='ocr_par' dir='ltr' id='par_1_109' title="bbox 2044 5187 3646 5269">
     <span class='ocr_line' id='line_1_109' title="bbox 2044 5187 3646 5269; baseline -0.006 -17"><span class='ocrx_word' id='word_1_923' title='bbox 2044 5194 2233 5269; x_wconf 88' lang='lat' dir='ltr'><strong>quavit</strong></span> <span class='ocrx_word' id='word_1_924' title='bbox 2261 5192 2355 5264; x_wconf 88' lang='lat' dir='ltr'><strong>qui</strong></span> <span class='ocrx_word' id='word_1_925' title='bbox 2380 5198 2485 5265; x_wconf 24' lang='lat' dir='ltr'><strong>gme</strong></span> <span class='ocrx_word' id='word_1_926' title='bbox 2515 5190 2715 5248; x_wconf 89' lang='lat' dir='ltr'><strong>tradet.</strong></span> <span class='ocrx_word' id='word_1_927' title='bbox 2747 5190 2889 5265; x_wconf 90' lang='lat' dir='ltr'><strong>[ccc,</strong></span> <span class='ocrx_word' id='word_1_928' title='bbox 2921 5188 2998 5261; x_wconf 92' lang='lat'><strong>1.]</strong></span> <span class='ocrx_word' id='word_1_929' title='bbox 3022 5188 3213 5244; x_wconf 82' lang='lat' dir='ltr'><strong>Adhuc</strong></span> <span class='ocrx_word' id='word_1_930' title='bbox 3257 5202 3325 5244; x_wconf 90' lang='lat' dir='ltr'><strong>eo</strong></span> <span class='ocrx_word' id='word_1_931' title='bbox 3366 5187 3646 5259; x_wconf 91' lang='lat' dir='ltr'><strong>loquente,</strong></span> 
     </span>
    </p>
   </div>
   <div class='ocr_carea' id='block_1_110' title="bbox 2040 5278 3648 5348">
    <p class='ocr_par' dir='ltr' id='par_1_110' title="bbox 2040 5278 3648 5348">
     <span class='ocr_line' id='line_1_110' title="bbox 2040 5278 3648 5348; baseline -0.007 0"><span class='ocrx_word' id='word_1_932' title='bbox 2040 5306 2171 5348; x_wconf 90' lang='lat' dir='ltr'><strong>ecce</strong></span> <span class='ocrx_word' id='word_1_933' title='bbox 2194 5288 2363 5346; x_wconf 83' lang='lat' dir='ltr'><strong>Judas</strong></span> <span class='ocrx_word' id='word_1_934' title='bbox 2391 5301 2533 5343; x_wconf 92' lang='lat' dir='ltr'><strong>unus</strong></span> <span class='ocrx_word' id='word_1_935' title='bbox 2560 5285 2629 5342; x_wconf 91' lang='lat' dir='ltr'><strong>de</strong></span> <span class='ocrx_word' id='word_1_936' title='bbox 2656 5283 2943 5341; x_wconf 89' lang='lat' dir='ltr'><strong>duodecim</strong></span> <span class='ocrx_word' id='word_1_937' title='bbox 2966 5281 3139 5348; x_wconf 89' lang='lat' dir='ltr'><strong>venit,</strong></span> <span class='ocrx_word' id='word_1_938' title='bbox 3168 5289 3224 5337; x_wconf 91' lang='lat' dir='ltr'><strong>et</strong></span> <span class='ocrx_word' id='word_1_939' title='bbox 3249 5294 3371 5336; x_wconf 90' lang='lat' dir='ltr'><strong>cum</strong></span> <span class='ocrx_word' id='word_1_940' title='bbox 3393 5294 3461 5336; x_wconf 93' lang='lat' dir='ltr'><strong>eo</strong></span> <span class='ocrx_word' id='word_1_941' title='bbox 3491 5278 3648 5338; x_wconf 84' lang='lat' dir='ltr'><strong>turba</strong></span> 
     </span>
    </p>
   </div>
   <div class='ocr_carea' id='block_1_111' title="bbox 2043 5370 3646 5451">
    <p class='ocr_par' dir='ltr' id='par_1_111' title="bbox 2043 5370 3646 5451">
     <span class='ocr_line' id='line_1_111' title="bbox 2043 5370 3646 5451; baseline -0.004 -13"><span class='ocrx_word' id='word_1_942' title='bbox 2043 5382 2244 5451; x_wconf 88' lang='lat' dir='ltr'><strong>multa,</strong></span> <span class='ocrx_word' id='word_1_943' title='bbox 2287 5395 2408 5437; x_wconf 88' lang='lat' dir='ltr'><strong>cum</strong></span> <span class='ocrx_word' id='word_1_944' title='bbox 2440 5378 2640 5451; x_wconf 91' lang='lat' dir='ltr'><strong>gladiis</strong></span> <span class='ocrx_word' id='word_1_945' title='bbox 2678 5384 2737 5433; x_wconf 90' lang='lat' dir='ltr'><strong>et</strong></span> <span class='ocrx_word' id='word_1_946' title='bbox 2763 5375 3018 5442; x_wconf 88' lang='lat' dir='ltr'><strong>fustibus,</strong></span> <span class='ocrx_word' id='word_1_947' title='bbox 3050 5372 3204 5430; x_wconf 90' lang='lat' dir='ltr'><strong>missi</strong></span> <span class='ocrx_word' id='word_1_948' title='bbox 3230 5387 3262 5429; x_wconf 92' lang='lat' dir='ltr'><strong>a</strong></span> <span class='ocrx_word' id='word_1_949' title='bbox 3305 5370 3646 5444; x_wconf 82' lang='lat' dir='ltr'><strong>principibus</strong></span> 
     </span>
    </p>
   </div>
   <div class='ocr_carea' id='block_1_112' title="bbox 2043 5464 3647 5544">
    <p class='ocr_par' dir='ltr' id='par_1_112' title="bbox 2043 5464 3647 5544">
     <span class='ocr_line' id='line_1_112' title="bbox 2043 5464 3647 5544; baseline -0.006 -10"><span class='ocrx_word' id='word_1_950' title='bbox 2043 5474 2413 5538; x_wconf 88' lang='lat' dir='ltr'><strong>sacerdotum,</strong></span> <span class='ocrx_word' id='word_1_951' title='bbox 2443 5483 2500 5530; x_wconf 89' lang='lat' dir='ltr'><strong>et</strong></span> <span class='ocrx_word' id='word_1_952' title='bbox 2527 5470 2841 5529; x_wconf 89' lang='lat' dir='ltr'><strong>senioribus</strong></span> <span class='ocrx_word' id='word_1_953' title='bbox 2868 5467 3075 5544; x_wconf 82' lang='lat' dir='ltr'><strong>pepuli.</strong></span> <span class='ocrx_word' id='word_1_954' title='bbox 3106 5466 3267 5542; x_wconf 88' lang='lat' dir='ltr'><strong>[ccct,</strong></span> <span class='ocrx_word' id='word_1_955' title='bbox 3294 5464 3376 5541; x_wconf 73' lang='lat'><strong>2.]</strong></span> <span class='ocrx_word' id='word_1_956' title='bbox 3402 5465 3511 5539; x_wconf 83' lang='lat' dir='ltr'><strong>Qui</strong></span> <span class='ocrx_word' id='word_1_957' title='bbox 3548 5481 3647 5525; x_wconf 88' lang='lat' dir='ltr'><strong>au-</strong></span> 
     </span>
    </p>
   </div>
   <div class='ocr_carea' id='block_1_113' title="bbox 2042 5672 3645 5748">
    <p class='ocr_par' dir='ltr' id='par_1_113' title="bbox 2042 5672 3645 5748">
     <span class='ocr_line' id='line_1_113' title="bbox 2042 5672 3645 5748; baseline -0.006 -10"><span class='ocrx_word' id='word_1_958' title='bbox 2042 5681 2206 5738; x_wconf 83' lang='lat' dir='ltr'><strong>iidem</strong></span> <span class='ocrx_word' id='word_1_959' title='bbox 2233 5692 2390 5744; x_wconf 87' lang='lat' dir='ltr'><strong>mss.,</strong></span> <span class='ocrx_word' id='word_1_960' title='bbox 2429 5679 2517 5748; x_wconf 83' lang='lat' dir='ltr'><strong>qui</strong></span> <span class='ocrx_word' id='word_1_961' title='bbox 2538 5677 2729 5733; x_wconf 80' lang='lat' dir='ltr'><strong>dicitur</strong></span> <span class='ocrx_word' id='word_1_962' title='bbox 2756 5673 2925 5733; x_wconf 75' lang='lat' dir='ltr'><strong>ludas</strong></span> <span class='ocrx_word' id='word_1_963' title='bbox 2958 5673 3226 5745; x_wconf 73' lang='lat' dir='ltr'><strong>Scarioth,</strong></span> <span class='ocrx_word' id='word_1_964' title='bbox 3254 5688 3357 5747; x_wconf 86' lang='lat' dir='ltr'><strong>pro</strong></span> <span class='ocrx_word' id='word_1_965' title='bbox 3376 5672 3645 5730; x_wconf 74' lang='lat' dir='ltr'><strong>dicebatur</strong></span> 
     </span>
    </p>
   </div>
   <div class='ocr_carea' id='block_1_114' title="bbox 2042 5749 2544 5809">
    <p class='ocr_par' dir='ltr' id='par_1_114' title="bbox 2042 5749 2544 5809">
     <span class='ocr_line' id='line_1_114' title="bbox 2042 5749 2544 5809; baseline -0.006 0"><span class='ocrx_word' id='word_1_966' title='bbox 2042 5752 2075 5809; x_wconf 76' lang='grc' dir='ltr'><em>Ι</em></span> <span class='ocrx_word' id='word_1_967' title='bbox 2083 5752 2214 5808; x_wconf 77' lang='lat' dir='ltr'><strong>udas</strong></span> <span class='ocrx_word' id='word_1_968' title='bbox 2244 5749 2544 5809; x_wconf 75' lang='lat' dir='ltr'><strong>Iscariotes.</strong></span> 
     </span>
    </p>
   </div>
  </div>
