4166 6336
579 296 683 360 1579

1583 296 1645 358 Βι
1683 286 2071 358 11181101⁵1ῗωί
2110 288 2344 353 DIVINA
2382 286 2861 351 BIBLIOTHECA.

3756 285 3868 351 880

580 422 688 469 tem
716 409 943 470 tradidit
970 416 1117 478 eum,
1150 408 1300 468 dedit
1330 409 1441 467 illis
1474 409 1708 482 signum,
1735 411 1951 467 dicens:
1983 409 2178 479 Qucm-
2205 405 2257 468 Α
2285 413 2374 462 tua
2422 405 2773 464 manifestum
2818 412 2871 461 te
2914 400 3064 460 facit.
3109 400 3265 459 Tunc
3299 399 3469 473 ctepit
3510 396 3772 458 detestari
3817 411 3877 461 et

579 521 811 578 cumque
844 506 1127 563 osculatus
1156 503 1335 574 fuero,
1383 504 1500 576 ipse
1540 512 1648 573 est,-
1705 513 1886 562 tenete
1912 516 2061 560 eum.
2108 502 2181 557 Et
2278 498 2466 570 jurare
2504 500 2631 570 quia
2683 512 2795 555 non
2842 496 3088 553 novisset
3133 494 3429 551 hominem.
3495 493 3567 549 Et
3614 490 3871 552 éontinuo

579 600 866 657 confestim
916 599 1183 656 accedens
1226 598 1294 655 ad
1342 597 1551 665 Jesum,
1599 598 1942 665 dixit:Ave,
1983 596 2177 653 Rabbi.

581 691 650 747 Et
677 692 960 748 osculatus
1008 700 1094 748 est
1119 706 1267 747 eum.
1318 690 1570 762 Dixitque
1610 691 1690 746 illi
1732 691 1891 748 Jesus
1921 706 1936 746 :
1966 689 2179 754 Amice,

579 782 649 840 ad
674 783 805 856 quid
829 784 1071 841 venisti?
1101 783 1255 841 Tunc
1280 791 1650 852 accesserunt,
1681 791 1736 838 et
1756 794 1949 838 manus
1978 782 2180 852 iniece-

580 882 707 934 runt
739 878 791 933 in
821 876 1032 945 Jesum,
1063 887 1119 933 et
1148 886 1444 934 tenuerunt
1466 891 1612 933 eum.
1644 875 1828 949 [cccu,
1858 873 1941 945 1.]
1969 874 2036 931 Et
2055 888 2182 931 ecce

584 987 724 1028 unus
754 987 818 1026 ex
849 970 935 1026 his
964 970 1057 1041 qui
1083 981 1242 1025 erant
1272 985 1396 1026 cum
1420 971 1573 1039 Jesu,
1604 967 1913 1026 extendens
1965 981 2177 1035 manus,

581 1064 787 1122 exemit
814 1063 1054 1136 gladium
1081 1078 1263 1128 suum,
1294 1073 1347 1117 et
1377 1063 1693 1133 percutiens
1717 1076 1939 1119 servum
1978 1058 2184 1132 princi—

587 1157 669 1229 pis
683 1155 1054 1219 sacerdotium
1070 1156 1367 1226 amputavit
1382 1162 1447 1210 au
1457 1155 1681 1211 riculam
1698 1154 1837 1225 ejus.
1858 1149 2181 1227 [cocm,10t]

587 1250 737 1307 Tunc
759 1252 837 1305 ait
864 1248 942 1304 illi
969 1248 1127 1304 .ietus
1152 1264 1168 1303 :
1195 1247 1470 1305 Converte
1491 1247 1733 1320 gladium
1756 1254 1906 1303 tuum
1926 1246 1983 1302 in
2004 1246 2182 1302 locum

586 1356 767 1400 suum.
801 1343 1003 1399 Omnes
1034 1343 1204 1411 enim,
1237 1342 1330 1413 qui
1366 1342 1680 1412 acceperint
1702 1339 1965 1413 gladium,
2003 1337 2185 1411 gladio

588 1437 861 1506 peribunt.
889 1437 971 1490 Au
1004 1444 1184 1505 putas,
1216 1434 1341 1505 quia
1364 1448 1475 1489 non
1499 1438 1718 1504 possum
1745 1445 1938 1503 rogare
1965 1429 2184 1486 Patrem

589 1547 769 1587 meum
790 1540 885 1597 ,,ct
905 1530 1188 1587 exhibebit
1213 1528 1344 1584 mihi
1376 1527 1538 1585 modo
1567 1528 1852 1599 plusquam
1892 1524 2183 1582 duodecim

588 1626 830 1697 legiones
876 1623 1241 1696 angelorum?
1285 1621 1574 1691 Quomodo
1629 1630 1759 1692 ergo
1808 1617 2185 1691 impiebuntur

588 1723 912 1794 Scriptum,
945 1722 1069 1795 quia
1102 1722 1182 1779 sic
1210 1729 1427 1792 oportet
1452 1716 1619 1775 ﬁeri?
1651 1717 1847 1791 [ccctv,
1878 1712 1959 1785 1.]
1990 1712 2048 1769 in
2091 1712 2184 1769 illa

2281 592 2457 665 gallus
2499 594 2756 649 cantavit.
2820 591 3088 666 [ευριπ.
3138 589 3228 663 2.]
3300 591 3366 645 Et
3415 589 3736 647 recordatus
3789 599 3876 648 est

2284 690 2477 744 Petrus
2524 688 2675 746 verbi
2701 687 2854 757 Jesu,
2885 686 3029 757 quod
3079 686 3330 742 dixerat:
3363 684 3520 740 Prius
3567 698 3730 756 quam
3759 684 3877 756 gal-

2284 782 2367 837 lus
2410 790 2616 851 cantet,
2646 791 2731 839 ter
2757 796 2844 839 me
2872 780 3119 854 negabis;
3152 781 3221 837 Et
3247 794 3505 853 egressus
3534 778 3682 836 foras
3724 777 3877 839 ﬂevit

2283 890 2493 932 amare.

2357 968 2509 1041 [Cap.
2568 968 2787 1025 XXVII.
2844 983 3080 1036 cccxvn,
3130 967 3213 1043 3.]
3255 967 3409 1026 Mane
3452 973 3636 1025 autem
3692 967 3875 1038 facto,

2284 1065 2575 1120 consilium
2623 1065 2864 1121 inierunt
2901 1079 3091 1122 omnes
3123 1065 3397 1137 principes
3429 1064 3775 1123 sacerdotum
3825 1072 3884 1122 et

2285 1155 2532 1211 seniores
2567 1155 2755 1225 populi
2784 1156 3047 1211 adversus
3080 1156 3291 1225 Jesum,
3329 1166 3386 1211 ut
3419 1170 3544 1212 eum
3571 1156 3733 1212 morti
3765 1164 3883 1212 tra-

2285 1245 2909 1321 derent.[cccxvut,1.]
2952 1249 3019 1305 Et
3046 1252 3290 1306 vinctum
3322 1250 3671 1307 adduxerunt
3716 1266 3840 1307 eum
3864 1290 3883 1319 ,

2286 1350 2344 1395 et
2373 1338 2715 1396 tradiderunt
2749 1340 2949 1397 Pontio
2979 1340 3152 1399 Pilato
3198 1342 3441 1413 prtesidi.
3490 1344 3725 1417 μυοίη,
3759 1339 3878 1415 10.]

2284 1434 2437 1491 Tunc
2463 1435 2655 1491 videns
2682 1435 2871 1502 Judas,
2898 1437 2989 1508 qui
3021 1451 3148 1493 eum
3182 1432 3439 1506 tradidit,
3474 1439 3620 1509 quod
3654 1439 3888 1496 damna-

2290 1537 2553 1593 tusesset,
2573 1529 2892 1598 pmztitentia
2904 1530 3118 1599 ductus,
3140 1533 3328 1588 retulit
3346 1533 3567 1605 triginta
3590 1540 3887 1607 argenteos

2289 1623 2623 1693 principibus
2649 1624 3019 1694 sacerdotum,
3044 1637 3101 1682 et
3122 1628 3455 1698 senioribus,
3478 1630 3669 1688 dicens
3703 1648 3715 1685 :
3744 1631 3892 1689 Pec-

2288 1716 2429 1781 cavi,
2464 1715 2684 1772 tradens
2712 1720 3034 1788 sanguinem
3075 1719 3305 1789 justum.
3336 1721 3406 1777 At
3452 1714 3531 1779 illi
3576 1724 3838 1781 dixerunt
3869 1741 3887 1779 :

587 1817 721 1873 liora
750 1817 887 1873 dixit
909 1816 1071 1873 Jesus
1098 1815 1272 1871 turbis
1304 1831 1315 1869 :
1346 1813 1647 1883 Tamquam
1677 1810 1743 1866 ad
1771 1810 2039 1865 latronem
2068 1804 2184 1861 exi-
2215 1804 2259 1867 B
2287 1808 2426 1877 Quid
2452 1809 2521 1865 ad
2558 1811 2703 1865 nos?
2743 1821 2799 1866 tu
2833 1810 3056 1867 videris.
3089 1813 3154 1869 Et
3202 1813 3466 1885 proiectis
3511 1816 3786 1887 argenteis
3832 1818 3893 1873 in

588 1913 688 1969 stis
740 1922 864 1968 cum
907 1910 1106 1982 gladiis
1153 1917 1209 1966 et
1252 1907 1488 1964 iustibus
1534 1902 2005 1977 comprehendere
2051 1913 2179 1956 me:

590 2009 833 2081 quotidie
858 2004 1001 2077 apud
1027 2019 1123 2062 vos
1147 2002 1407 2062 sedebam
1435 2002 1640 2059 docetis
1668 2000 1723 2055 in
1750 1998 1975 2069 templo,
2000 2005 2183 2053 etnon

592 2116 678 2159 tne
727 2102 979 2158 tenuistis
1006 2101 1030 2155 ἲ
1076 2101 1252 2175 [cccv,
1281 2096 1365 2171 0.]
1397 2096 1507 2153 Hoc
1557 2103 1739 2151 autem
1770 2101 1945 2149 totum
1981 2089 2184 2146 factum

587 2196 692 2262 est,
727 2202 784 2249 ut
812 2193 1247 2265 adimplerentur
1269 2191 1567 2261 Scriptum
1589 2186 2006 2256 Prophetarum.
2030 2183 2186 2239 Tunc

587 2286 843 2359 discipuli
871 2294 1084 2353 attines,
1117 2285 1308 2340 relicto
1337 2296 1425 2351 eo,
1463 2279 1736 2354 iugerum.
1779 2278 1975 2353 [eccm
2013 2278 2092 2349 1.]
2117 2272 2187 2333 At

588 2382 664 2439 illi
688 2389 938 2438 tenentes
965 2379 1178 2448 desum,
1205 2377 1477 2434 duxerum
1508 2376 1576 2432 ad
1600 2374 1863 2447 Caipham
1885 2372 2182 2445 principem

588 2474 964 2541 sacerdotum,
997 2474 1088 2529 ubi
1139 2471 1336 2529 scribas
1385 2481 1441 2527 et
1492 2470 1742 2527 seniores
1786 2474 2182 2525 convenerant.

587 2568 806 2643 [cccvtt,
835 2568 915 2641 4.]
959 2568 1155 2624 Petrus
1193 2572 1373 2621 autem
1412 2563 1744 2635 sequebatur
1786 2570 1913 2619 eum
1950 2573 1979 2614 a
2002 2559 2183 2631 longe,

589 2677 763 2735 usque
788 2662 842 2718 in
875 2662 1074 2716 atrium
1106 2656 1368 2731 principis
1403 2656 1772 2714 sacerdotum.
1813 2656 1881 2710 Et
1906 2653 2186 2725 ingressus

590 2752 761 2823 intro,
817 2752 1045 2811 sedebat
1100 2768 1225 2810 cum
1280 2751 1576 2819 ministris,
1610 2757 1691 2805 'ut
1735 2747 1949 2805 videret
2000 2746 2183 2803 tinem.

588 2853 829 2925 [coctum
862 2851 943 2923 3.]
976 2850 1261 2921 Principes
1307 2856 1490 2903 autem
1534 2842 1906 2912 sacerdotum,
1940 2851 1995 2899 et
2024 2854 2188 2896 omne

590 2947 911 3013 concilium,
957 2943 1277 3017 quaerebant
1329 2940 1526 2997 falsum
1582 2936 1958 2994 testimonium
1992 2943 2185 2991 contra

586 3038 797 3106 losum,
832 3044 889 3093 ut
912 3050 1040 3093 eum
1069 3038 1229 3092 morti
1262 3035 1543 3091 traderent
1571 3050 1583 3089 :
1608 3040 1664 3089 et
1691 3044 1802 3089 non
1832 3033 2183 3095 invenerunt,

588 3146 711 3187 cum
759 3131 915 3187 multi
966 3131 1087 3186 falsi
1134 3134 1304 3185 testes
1333 3129 1712 3183 secessissent.
1744 3126 1939 3198 [eccm
1963 3120 2042 3192 6.]
2072 3119 2181 3174 No-

589 3225 814 3280 vissime
843 3233 1024 3280 autem
1040 3220 1308 3279 venerunt
1334 3220 1442 3276 duo
1469 3217 1589 3273 falsi
1610 3195 1799 3281 testes,
1819 3223 1873 3271 et
1899 3212 2181 3270 dixerunt:
2211 3195 2256 3258 C

592 3316 722 3372 [iure
750 3317 890 3372 dixit
924 3334 936 3369 :
967 3315 1195 3371 Possum
1218 3312 1507 3371 destruere
1540 3310 1803 3382 templum
1838 3309 1955 3376 Dei,
1982 3316 2038 3363 et
2068 3315 2188 3378 post

589 3409 828 3467 triduum
861 3407 1200 3466 retediiicare
1240 3406 1397 3463 illttd.
1433 3408 1497 3461 Et
1539 3412 1767 3475 surgens
1797 3403 2048 3475 princeps
2092 3413 2182 3455 sa-

588 3503 898 3573 cerdOtum,
930 3503 1009 3558 ait
1040 3503 1117 3559 illi
1143 3520 1157 3557 :
1210 3500 1350 3558 Nihil
1381 3499 1681 3570 respondes
1708 3499 1775 3554 ad
1808 3506 1895 3566 ea,
1926 3510 2049 3568 quae
2097 3495 2181 3549 isti

589 3596 885 3655 adversam
918 3607 969 3654 te
999 3594 1411 3654 testiﬁcantur?
1438 3595 1601 3652 Iesus
1626 3601 1807 3649 autem
1846 3590 2080 3647 tacebat.
2120 3588 2184 3647 Et

589 3694 846 3767 princeps
873 3692 1222 3751 saderdotum
1268 3690 1343 3747 ait
1390 3690 1465 3747 illi
1499 3707 1514 3747 :
1552 3686 1757 3759 Adjuro
1802 3697 1854 3744 te
1886 3698 1983 3755 per
2012 3686 2181 3742 Deum

586 3785 767 3842 vivum
787 3831 802 3857 ,
838 3794 898 3843 ut
924 3784 1073 3841 dicas
1100 3782 1257 3841 nobis
1277 3825 1291 3851 ,
1323 3782 1368 3838 si
1401 3788 1457 3839 tu
1487 3797 1547 3839 es
1583 3780 1832 3837 Christus
1863 3779 2035 3835 Filius
2061 3777 2180 3834 Dei.

588 3878 731 3935 Dicit
756 3878 831 3935 illi
859 3878 1019 3935 Jesus
1046 3897 1059 3932 ε
1090 3877 1171 3934 Tu
1212 3876 1441 3934 dixisti:
1490 3879 1666 3951 μου,
1701 3873 1778 3947 1.]
1807 3881 2180 3930 verumtamen

585 3973 707 4031 dico
721 3974 902 4043 Vobis,
928 3972 1124 4031 amodo
1148 3973 1403 4031 videbitis
1429 3971 1623 4029 Filium
1647 3971 1883 4029 hominis
1901 3968 2181 4026 sedentem

587 4078 616 4121 a
652 4066 861 4123 dextris
891 4067 1112 4123 virtutis
1144 4066 1270 4134 Dei,
1302 4076 1355 4123 et
1371 4067 1676 4123 Venientcm
1698 4063 1751 4119 in
1771 4063 2003 4119 nubibus
2031 4061 2177 4118 caeli.

585 4158 786 4233 [ccoxt,
811 4160 892 4233 0.]
935 4154 1089 4217 'i‘unc
1135 4160 1387 4231 princeps
1437 4159 1782 4215 sacerdotum
1824 4155 1985 4213 scidit
2010 4154 2178 4211 vesti-

585 4258 770 4309 menta
803 4262 925 4320 sua,
953 4250 1143 4310 dicens
1169 4266 1185 4311 :
1213 4250 1644 4323 Blasphemavit,
1676 4249 1901 4322 [eccam
1929 4246 2013 4320 2.]
2050 4246 2180 4318 quid

585 4343 766 4400 adhuc
792 4356 1019 4417 egemus
1050 4340 1324 4402 testibus?
1348 4358 1475 4400 ecce
1506 4358 1652 4399 nunc
1671 4341 1900 4397 audistis
1925 4339 2181 4410 blasphe-

585 4438 749 4494 miam
780 4455 795 4491 :
822 4439 951 4510 quid
979 4437 1135 4496 vobis
1148 4436 1482 4494 videturiAt
1506 4436 1584 4493 illi
1615 4433 2010 4509 reSpondentes
2029 4433 2181 4491 dixe-

585 4538 749 4587 runt:
777 4530 930 4590 Reus
961 4540 1045 4590 est
1075 4534 1286 4589 mortis.
1310 4529 1823 4605 [cccxrn,1.]1‘unc
1843 4534 2178 4601 exspuerunt

585 4626 641 4682 in
672 4626 867 4683 faciem
900 4627 1043 4699 ejus,
1080 4636 1132 4684 et
1155 4626 1401 4697 eolapbis
1429 4640 1552 4682 eum
1583 4624 1923 4689 ceciderunt,
1956 4622 2047 4678 alii
2074 4636 2173 4678 aut
2203 4597 2255 4660 θ

585 4724 693 4777 tem
726 4721 932 4791 palmas
962 4720 1017 4776 in
1046 4721 1236 4777 faciem
1269 4719 1386 4792 ejus
1407 4718 1695 4787 dederunt,
1726 4717 1969 4774 dicentes
2000 4733 2014 4774 :
2046 4716 2176 4772 Prae

584 4815 797 4887 phetiza
845 4813 1024 4882 nobis,
1068 4815 1305 4882 Christe,
1362 4815 1482 4886 quis
1537 4822 1620 4871 est
1675 4815 1763 4886 qui
1796 4823 1849 4871 te
1874 4812 2177 4886 percussit?

583 4908 816 4980 locos",
855 4906 931 4980 1.]
960 4906 1158 4964 Petrus
1204 4910 1336 4963 vero
1365 4904 1596 4963 sedebat
1627 4905 1759 4962 toris
1787 4906 1841 4963 in
1881 4906 2067 4961 atrio:
2121 4913 2177 4963 et

583 5000 816 5058 accessit
840 4999 906 5057 ad
936 5014 1065 5058 eum
1094 5010 1201 5056 tina
1226 4996 1447 5067 ancilla,
1478 4997 1705 5055 dicens:
1735 5005 1792 5055 et
1815 5005 1873 5054 tu
1897 5010 2021 5054 cum
2041 4998 2173 5054 Jesu

581 5093 806 5150 Galilaeo
820 5106 967 5151 eras.
1003 5096 1073 5149 At
1101 5092 1195 5148 ille
1222 5090 2170 5163 negavitcoramomnibus,dicens:

581 5187 781 5245 Nescio
833 5187 963 5259 quid
999 5184 1156 5242 dicis.
1209 5184 1419 5259 [cocxv,
1455 5183 1534 5259 1.]
1574 5178 1824 5241 Exeunte
1865 5194 2049 5243 autem
2077 5186 2173 5243 illo

571 5279 820 5351 januam,
850 5280 989 5336 vidit
1012 5288 1137 5336 eum
1164 5279 1269 5335 alia
1300 5279 1522 5345 ancilla,
1553 5286 1610 5333 et
1639 5277 1710 5333 sit
1739 5276 1844 5345 bis,
1885 5276 1978 5349 qui
2016 5287 2175 5336 erant

574 5373 652 5431 ibi
682 5384 696 5431 ε
729 5374 796 5430 Et
829 5372 915 5430 liis
938 5376 1056 5430 erat
1083 5382 1210 5430 eum
1235 5372 1365 5430 desii
1394 5372 1707 5429 Nasaraeno.
1758 5372 1823 5428 Et
1850 5371 2046 5428 iterum
2078 5388 2173 5431 nes

576 5466 729 5537 gssit
773 5474 900 5523 cum
942 5468 1256 5537 iuramento
1286 5472 1303 5520 ἡ
1337 5466 1473 5534 Quis
1519 5478 1629 5521 non
1680 5465 1807 5521 novi
1865 5464 2165 5522 hominem.

575 5559 645 5616 Et
674 5568 797 5631 post
839 5560 1097 5631 pusillum
1141 5566 1496 5617 accesserunt
1518 5559 1611 5630 qui
1636 5558 1874 5629 stabant,
1922 5567 1977 5615 et
2006 5558 2163 5616 dixe-

2288 1902 2513 1972 tempio,
2544 1904 2806 1959 recessit:
2836 1913 2891 1960 ct
2918 1904 3106 1963 abiens
3133 1916 3160 1945 η
3188 1918 3250 1963 se
3277 1909 3580 1979 suspendit.
3605 1909 3893 1982 Principes

2288 2003 2468 2050 autem
2523 1997 2891 2064 sacerdotum,
2939 2001 3182 2071 acceptis
3231 2003 3540 2073 argenteis,
3580 2002 3890 2061 dixerunt:

2288 2088 2404 2143 Non
2454 2088 2582 2145 licet
2619 2105 2716 2145 eos
2757 2092 2976 2148 mittere
3006 2094 3061 2148 in
3095 2095 3395 2152 corbonam
3432 2115 3444 2151 :
3477 2098 3603 2168 quia
3653 2099 3891 2169 pretium

2288 2185 2566 2254 sanguinis
2597 2194 2700 2241 est.
2733 2184 2976 2243 Consilio
2999 2197 3179 2245 autem
3209 2190 3367 2259 inito,
3402 2201 3652 2249 emerunt
3679 2208 3748 2249 ex
3775 2192 3893 2249 iiiis

2287 2291 2474 2346 agrum
2507 2276 2688 2348 iigbli,
2722 2279 2774 2334 in
2821 2281 3158 2349 sepulturam
3190 2284 3625 2355 peregrinorum.
3660 2284 3895 2357 Propter

2290 2370 2393 2424 hoc
2420 2380 2645 2427 vocatus
2675 2382 2759 2429 est
2781 2388 2911 2444 ager
2942 2374 3055 2439 ille,
3088 2374 3434 2447 iiaceldama,
3481 2378 3583 2437 hoc
3621 2386 3727 2449 est,
3760 2370 3897 2451 ager

2288 2464 2590 2535 sanguinis,
2618 2481 2795 2538 usque
2822 2469 2873 2521 iu
2904 2468 3231 2525 hodiernum
3249 2470 3895 2543 diem.Tuncimpletum

2287 2566 2371 2614 est
2391 2557 2534 2629 quod
2561 2560 2768 2616 dictum
2790 2570 2872 2617 est
2896 2577 2992 2632 per
3013 2561 3303 2620 Jeremiam
3326 2566 3673 2638 prophetam,
3701 2558 3896 2622 dicen-

2290 2659 2396 2707 tem
2428 2669 2441 2707 :
2477 2652 2541 2707 Et
2569 2666 2897 2725 acceperunt
2926 2656 3145 2729 triginta
3179 2666 3469 2731 argenteos
3514 2662 3749 2732 pretium
3790 2670 3895 2733 ap-

2289 2745 2528 2816 pretiati,
2572 2763 2732 2818 quem
2764 2751 3208 2821 appretiawrunt
3253 2769 3283 2809 a
3314 2754 3435 2811 [iliis
3466 2753 3632 2811 lsrael
3663 2771 3678 2814 :
3706 2763 3761 2812 et
3788 2755 3896 2813 de-

2287 2838 2489 2896 derunt
2516 2857 2612 2897 eos
2645 2844 2697 2897 in
2727 2859 2915 2915 agrum
2944 2844 3113 2916 ﬁguli,
3146 2850 3289 2902 sicut
3316 2848 3599 2905 constituit
3624 2849 3756 2905 mihi
3783 2850 3899 2907 Do-

2288 2934 2490 2990 minus.
2514 2935 2726 3007 [cccxx,
2754 2936 3011 3011 1.]1εδυδ
3038 2950 3220 2998 autem
3250 2945 3397 2999 stetit
3420 2953 3550 3002 ante
3572 2945 3894 3016 praesidem,

2289 3037 2345 3085 et
2374 3030 2740 3103 interrogavit
2765 3048 2887 3090 eum
2906 3048 3130 3106 prteses,
3156 3036 3341 3094 dicens
3360 3037 3472 3095 :Tu
3490 3040 3549 3095 es
3562 3054 3657 3097 rex
3674 3039 3900 3098 Judaeu-

2288 3123 2457 3177 rum?
2486 3124 2623 3179 Dicit
2658 3120 2734 3181 illi
2763 3126 2922 3183 Jesus
2949 3146 2960 3182 :
2991 3128 3076 3185 Tu
3104 3130 3262 3186 dicis.
3301 3132 3535 3205 [cccxxn
3561 3130 3644 3205 4.]
3669 3132 3735 3189 Et
3765 3147 3898 3191 cum

2288 3226 2640 3273 accusaretur
2665 3235 2693 3273 a
2719 3221 3057 3290 principibus
3082 3224 3531 3295 sacerdotum,-et
3553 3223 3893 3297 senioribus,

2290 3308 2423 3363 nihil
2464 3309 2767 3380 respondit.
2802 3312 2957 3369 Tunc
2999 3312 3132 3370 dicit
3165 3315 3242 3371 illi
3274 3317 3481 3374 Pilatus
3514 3336 3528 3373 :
3559 3316 3677 3374 Non
3727 3317 3897 3375 audis

2287 3414 2488 3476 quanta
2531 3407 2820 3464 adversum
2852 3418 2904 3465 te
2941 3410 3131 3466 dicunt
3162 3412 3516 3467 testimonia?
3555 3411 3621 3467 Et
3650 3422 3756 3468 nun
3799 3426 3897 3468 re.

2287 3498 2510 3571 Spondit
2532 3502 2581 3556 ei
2611 3501 2678 3557 ad
2712 3503 2876 3558 ullum
2908 3505 3165 3576 verbum,
3192 3506 3336 3561 itaut
3363 3507 3659 3563 miraretur
3680 3516 3895 3578 prteses

2287 3591 2663 3650 vehementer.
2700 3595 2955 3667 [cccxxu,
2986 3596 3067 3669 2.]
3096 3594 3200 3653 Per
3220 3599 3365 3655 diem
3388 3606 3567 3654 autem
3583 3599 3895 3657 solemnem

2287 3698 2651 3742 consueverat
2683 3700 2888 3758 prteses
2905 3690 3103 3759 pepulo
3120 3690 3398 3747 dimittere
3424 3705 3590 3746 unum
3616 3690 3892 3759 vinctum,

2285 3792 2444 3847 quem
2477 3779 2802 3836 voluissent.
2829 3780 3217 3855 [occultat]
3252 3782 3492 3839 ilabcbat
3530 3790 3710 3839 autem
3755 3789 3895 3839 tunc

2286 3872 2527 3928 vinctum
2562 3872 2852 3946 insignem,
2883 3875 2973 3946 qui
3007 3875 3290 3933 dicebatttr
3319 3874 3620 3933 Barabbas.
3648 3875 3895 3947 Congre~

2283 3966 2424 4036 gatis
2458 3978 2588 4038 ergo
2616 3968 2750 4037 illis,
2779 3966 2921 4024 dixit
2948 3969 3154 4026 Pilatus
3181 3988 3194 4025 :
3226 3971 3397 4039 Quem
3427 3971 3590 4027 vultis
3613 3970 3893 4028 dimittam

2285 4059 2439 4116 vobis
2475 4060 2837 4128 :Barabbam,
2864 4078 2932 4119 an
2966 4064 3151 4120 Jesum
3173 4108 3187 4132 ,
3221 4065 3312 4136 qui
3341 4064 3544 4122 dicitur
3587 4060 3837 4122 Christus
3864 4064 3892 4121 ἲ

2286 4152 2509 4210 Sciebat
2539 4156 2685 4210 enim
2720 4156 2866 4227 quod
2908 4172 3005 4228 per
3048 4157 3309 4214 invidiam
3340 4156 3688 4215 tradidissent
3727 4162 3885 4215 eum.

2285 4245 2553 4319 [cccxxtv,
2580 4248 2690 4321 10.]
2716 4249 2954 4307 Sedente
2985 4259 3166 4307 autem
3189 4252 3282 4307 illo
3304 4267 3404 4324 pro
3428 4251 3705 4322 tribunali,
3733 4251 3892 4308 misit

2284 4342 2349 4397 ad
2382 4357 2504 4399 cum
2534 4359 2670 4399 uxor
2699 4345 2847 4415 ejus,
2880 4345 3069 4403 dicens
3105 4369 3119 4402 :
3161 4346 3304 4403 Nihil
3353 4347 3472 4417 tibi,
3506 4354 3561 4404 et
3592 4346 3740 4420 justo
3773 4346 3884 4405 illi.

2283 4432 2448 4489 Multa
2464 4434 2608 4491 enim
2635 4452 2793 4507 passa
2822 4453 2941 4493 sum
2971 4438 3129 4495 hodie
3157 4454 3252 4511 per
3280 4441 3453 4496 risum
3476 4447 3709 4513 propter
3730 4454 3881 4495 eum.

2284 4526 2534 4600 locans,
2560 4528 2674 4603 10.]
2701 4529 2984 4603 Principes
3015 4542 3196 4590 autem
3228 4533 3593 4603 sacerdotum,
3619 4542 3675 4589 et
3699 4533 3887 4589 senio-

2282 4636 2368 4677 res
2401 4630 2788 4692 persuaserunt
2812 4626 3046 4697 pepulis,
3076 4637 3136 4682 ut
3164 4634 3415 4699 peterent
3435 4626 3757 4697 Barabbam,
3781 4623 3884 4683 Je-

2279 4729 2398 4771 sum
2432 4728 2563 4772 vero
2592 4717 2905 4789 perderent.
2936 4718 3297 4791 Respondens
3328 4730 3512 4779 autem
3547 4732 3773 4793 praises,
3804 4717 3886 4777 ait

2279 4807 2387 4864 illis
2415 4826 2427 4862 :
2470 4808 2642 4878 Quem
2671 4809 2837 4867 vultis
2868 4813 3025 4870 vobis
3054 4813 3124 4870 de
3156 4813 3372 4871 duobus
3409 4813 3656 4871 dimitti?
3699 4812 3768 4869 At
3798 4808 3884 4870 illi

2277 4901 2571 4960 dixerunt:
2616 4904 2938 4961 Barabbam.
2984 4906 3253 4979 [cccxxvt,
3289 4906 3367 4981 1.]
3394 4906 3536 4964 Dicit
3584 4904 3691 4963 illis
3732 4904 3883 4963 Pila-

2278 5004 2365 5050 tus
2398 5012 2414 5052 :
2445 4994 2586 5064 Quid
2618 4997 2781 5068 igitur
2829 4998 3024 5055 faciam
3071 4998 3141 5057 de
3176 4998 3326 5069 Jesu,
3359 5000 3453 5073 qui
3484 5000 3688 5057 dicitur
3717 4997 3882 5057 Chiis

2277 5091 2428 5146 stus‘l
2455 5089 2655 5148 Dicunt
2682 5107 2874 5150 omnes
2910 5111 2922 5149 :
2957 5092 3341 5167 Cruciiigatur.
3378 5095 3469 5153 Ait
3490 5095 3596 5154 illis
3623 5104 3830 5167 praeses
3862 5113 3875 5152 :

2276 5184 2417 5253 Quid
2444 5187 2586 5242 enim
2620 5187 2750 5242 mali
2778 5187 2949 5245 fecit?
2974 5188 3045 5245 At
3066 5189 3146 5245 illi
3168 5190 3342 5263 magis
3362 5188 3670 5247 clamabant
3689 5180 3878 5246 dicen-

2276 5287 2359 5337 tes
2391 5297 2404 5335 :
2454 5279 2835 5354 Crucitigatur.
2872 5284 3167 5357 [cccxxvu,
3200 5283 3312 5358 10.]
3340 5282 3544 5342 Videtis
3574 5294 3757 5341 autem
3787 5280 3876 5342 P14

2277 5376 2418 5433 latus
2442 5380 2565 5449 quia
2612 5379 2748 5435 nihil
2779 5381 3091 5451 proﬁceret,
3125 5380 3220 5439 sed
3251 5383 3424 5455 magis
3463 5384 3730 5440 tumultus
3776 5383 3875 5440 fico

2276 5477 2360 5524 ret
2389 5486 2403 5524 :
2432 5478 2658 5541 accepta
2704 5480 2864 5544 aqua,
2906 5472 3035 5530 lavit
3084 5480 3278 5531 manus
3321 5480 3505 5533 coram
3539 5476 3758 5547 populo,
3791 5474 3873 5531 dis

2273 5575 2438 5619 cens:
2472 5564 2738 5622 lnnocens
2764 5580 2866 5639 ego
2897 5580 3018 5623 sum
3047 5582 3078 5623 a
3110 5568 3375 5640 sanguine
3396 5568 3528 5641 justi
3551 5568 3746 5640 hujus:
3770 5582 3870 5625 vos

571 5661 705 5710 runt
730 5652 892 5710 Petro
926 5651 1113 5711 tVsre'
1135 5662 1195 5710 et
1224 5660 1280 5710 tu
1325 5666 1395 5710 ex
1440 5652 1550 5710 iliis
1575 5665 1676 5711 es:
1708 5668 1832 5711 nam
1863 5661 1921 5711 et
1949 5653 2165 5726 loquela
2270 5654 2536 5715 videritis.
2570 5658 2638 5715 Et
2680 5659 3020 5733 respondens
3065 5661 3357 5720 universus
3404 5662 3658 5735 pepuius,
3688 5660 3867 5722 dixit:

642 5850 670 5886 ει
688 5841 746 5901 in
775 5839 995 5914 Reginae
1025 5853 1155 5910 ms.,
1178 5834 1359 5911 laqueo
1382 5853 1438 5896 se
1479 5836 1747 5913 suspendit
1774 5838 2005 5900 :Grtece
2030 5847 2240 5903 tantum
2266 5844 2353 5902 est
2375 5839 2662 5918 ἀπήγξατο.
