4166 6336
307 300 406 357 581

1290 292 1742 355 EVANGELIUM
1783 288 2157 354 SECUNDUM
2200 288 2631 355 ΜᾹΤΤΙΙιΕυΜ.

3503 304 3609 361 582

305 417 546 484 Sanguis
595 414 713 484 ejus
759 428 924 483 super
972 428 1094 479 nos,
1156 419 1211 468 et
1257 426 1419 482 super
1473 411 1618 469 ﬁlios
1670 420 1910 467 nostros.
1941 412 1995 473 Α
2022 408 2100 481 1.]
2154 407 2224 466 Et
2260 426 2387 468 ecce
2428 413 2610 469 velum
2654 410 2839 483 templi
2877 414 3107 470 scissum
3140 416 3305 472 estin
3334 416 3466 474 duas
3497 436 3620 489 par-

308 510 633 581 [cccxxvm,
670 507 742 580 1.]
769 507 921 563 Tunc
944 506 1152 563 dimisit
1198 505 1309 561 illis
1350 505 1655 562 Barabbam
1683 522 1696 561 :
1729 504 1913 562 Iesum

307 616 493 659 autem
544 602 872 673 ﬂagellatum
936 601 1159 657 tradidit
1214 600 1316 668 eis,
1363 609 1421 656 ut
1484 600 1914 672 cruciﬁgeretur.

310 698 587 771 [eccum
616 696 697 767 1.]
731 696 881 753 Tunc
907 695 1113 753 milites
1140 694 1389 768 praesidis
1433 696 1792 765 suscipientes
1820 694 1915 751 Je-

308 806 433 847 sum
463 792 515 845 in
548 790 885 861 prmiorium,
929 797 1397 860 congregaverant
1426 789 1491 844 ad
1546 804 1669 844 eum
1698 789 1915 844 univer-

309 900 429 941 sam
459 884 742 941 cohortem
771 901 785 937 :
816 893 874 939 et
900 892 1162 939 cxuentes
1184 898 1330 950 eum,
1362 882 1704 954 chlamydem
1732 882 1915 938 cocci-

309 993 472 1034 ncam
499 976 976 1033 circun‘idederunt
1004 980 1079 1044 ei,
1127 985 1182 1032 et
1226 976 1529 1046 plectentes
1558 989 1817 1031 coronam
1845 975 1915 1032 de

308 1072 501 1143 Spinis,
529 1081 828 1142 posuerunt
849 1085 1015 1141 super
1040 1079 1203 1140 caput
1230 1069 1372 1141 ejus,
1403 1079 1457 1126 et
1503 1070 1823 1125 arundinem
1858 1069 1914 1124 in

309 1164 537 1220 dextera
572 1166 709 1234 ejus.
743 1162 815 1219 Et
841 1178 983 1234 genu
1012 1160 1155 1217 ﬂexo
1187 1172 1314 1217 ante
1337 1177 1485 1227 eum,
1512 1161 1815 1217 illudebant
1836 1160 1910 1228 ei,

307 1258 558 1315 dicentes
586 1277 597 1311 :
631 1259 774 1327 Ave,
806 1272 905 1313 rex
931 1256 1266 1313 Judmorum.
1296 1255 1549 1328 [cccxxx,
1580 1252 1658 1326 6.]
1691 1253 1759 1309 Et
1810 1268 1915 1311 ex-

307 1361 571 1422 spuentes
592 1350 807 1419 incum,
834 1357 1165 1421 acceperunt
1183 1347 1530 1416 arundinem,
1560 1356 1616 1404 et
1644 1347 1915 1418 percutie-

308 1444 446 1503 bant
464 1455 627 1517 caput
653 1445 795 1516 ejus.
820 1444 888 1501 Et
908 1453 1195 1515 postquam
1226 1442 1513 1499 illuserunt
1540 1440 1614 1510 ei,
1646 1449 1915 1498 exuerunt

310 1555 437 1597 eum
456 1539 776 1613 chlamyde,
796 1549 852 1596 et
878 1538 1171 1595 induerunt
1197 1552 1321 1593 eum
1341 1535 1679 1593 vestimentis
1701 1534 1837 1605 ejus,
1859 1541 1915 1589 et

310 1632 587 1690 duxerunt
604 1648 752 1699 eum,
778 1641 838 1687 ut
865 1622 1265 1703 cruciﬁgerent.
1294 1629 1567 1702 [cccxxx1,
1593 1626 1671 1699 1.]
1697 1626 1912 1683 Exeun-

311 1736 395 1784 tes
442 1736 624 1783 autem
667 1729 992 1784 invenerunt
1042 1725 1318 1780 hominem
1360 1721 1704 1796 Cyrenaeum,
1736 1719 1912 1777 nomi-

2020 510 2103 559 tes
2136 519 2167 560 a
2193 518 2407 560 summo
2455 522 2627 578 usque
2656 506 2937 578 deorsum,
2967 509 3211 582 [ccchv,
3242 509 3353 583 10.]
3391 522 3441 568 et
3477 518 3621 569 terra

2019 607 2164 657 mota
2216 610 2333 668 est,
2392 612 2447 658 et
2487 611 2653 673 petrae
2706 604 2893 661 scissae
2946 612 3101 676 sunt,
3162 617 3215 662 et
3271 616 3622 664 monumenta

2023 702 2208 764 aperta
2233 704 2379 763 sunt,
2440 704 2493 752 et
2523 696 2689 752 multa
2720 711 2950 768 corpora
2980 707 3315 768 sanctorum,
3368 703 3457 771 qui
3491 702 3619 757 dor-

2020 787 2285 857 mierant,
2329 798 2706 847 surrexerunt.
2765 792 2832 848 Et
2863 805 3125 851 exeuntes
3155 794 3223 852 de
3253 797 3620 852 monumentis

2019 888 2143 948 post
2172 882 2629 938 resurrectionem
2653 883 2795 955 ejus,
2826 895 3094 942 venerunt
3121 887 3173 942 in
3208 898 3451 944 sanctam
3481 889 3617 945 civi-

2017 977 2207 1039 tatem,
2255 981 2313 1027 et
2338 984 2707 1044 apparuerunt
2736 978 2939 1033 multis.
2983 980 3247 1051 [ccchv1,
3277 979 3361 1052 2.]
3411 981 3612 1039 Centu-

2018 1063 2098 1120 rio
2147 1074 2361 1134 autem,
2416 1077 2470 1123 et
2517 1068 2758 1139 quicum
2786 1082 2854 1126 eo
2878 1080 3065 1135 erant,
3112 1073 3483 1132 custodientes
3527 1074 3618 1132 Je-

2016 1172 2134 1212 sum
2162 1198 2176 1225 ,
2205 1159 2326 1215 viso
2356 1168 2517 1215 terra:
2546 1170 2693 1218 motu
2714 1203 2729 1230 ,
2765 1172 2822 1220 et
2846 1163 2951 1231 his,
2984 1181 3103 1234 qua:
3130 1165 3331 1222 ﬁebant
3354 1208 3369 1235 ,
3423 1168 3621 1225 timue-

2016 1260 2144 1307 runt
2190 1253 2385 1321 valde,
2436 1254 2683 1313 dicentes
2724 1273 2737 1311 :
2787 1257 2925 1314 Vere
2973 1260 3116 1315 ﬁlius
3172 1261 3268 1317 Dei
3326 1270 3443 1318 erat
3491 1262 3613 1319 iste.

2017 1342 2304 1415 [ccchvu,
2335 1346 2414 1420 6.]
2447 1348 2617 1404 Erant
2647 1360 2826 1406 autem
2854 1351 2927 1406 ibi
2960 1352 3210 1409 mulieres
3238 1354 3425 1409 multa:
3448 1369 3480 1409 a
3501 1358 3621 1410 lon-

2014 1451 2081 1507 ge
2112 1438 2218 1511 [ΑΙ.
2243 1440 2368 1495 add.
2402 1443 2767 1515 spectantes],
2799 1460 2919 1515 quae
2946 1456 3149 1502 secutae
3188 1458 3342 1504 erant
3370 1447 3555 1504 Jesum
3586 1460 3617 1502 a

2015 1529 2235 1587 Galilzea
2256 1574 2270 1603 ,
2302 1534 2673 1592 ministrantes
2699 1537 2771 1605 ei,
2803 1537 2947 1594 inter
2974 1554 3107 1610 quas
3138 1549 3255 1596 erat
3278 1541 3443 1597 Maria
3472 1542 3619 1613 Mag-

2015 1622 2245 1693 dalene,
2279 1635 2334 1682 et
2376 1627 2541 1684 Maria
2578 1628 2765 1688 Jacobi
2810 1640 2866 1687 et
2914 1632 3115 1703 Juseph
3174 1646 3376 1703 mater,
3409 1645 3463 1691 et
3502 1652 3617 1693 ma-

2017 1726 2099 1773 ter
2149 1716 2382 1775 ﬁliorum
2431 1720 2696 1778 Zebedaei.
2772 1724 3079 1798 [cccxavrm
3114 1726 3190 1800 1.]
3243 1726 3381 1783 Cum
3433 1737 3612 1783 autem

307 1837 380 1878 ne
410 1820 692 1879 Simonem
721 1839 732 1874 :
768 1821 914 1876 hunc
956 1819 1396 1892 angariaverunt,
1431 1820 1486 1873 ut
1534 1815 1750 1872 tolleret
1788 1830 1913 1870 cru-
1943 1812 1989 1880 B
2016 1827 2140 1868 sero
2172 1814 2371 1869 factum
2399 1825 2566 1884 esset,
2598 1818 2747 1872 venit
2775 1819 2992 1889 quidam
3027 1821 3190 1877 homo
3220 1821 3372 1879 dives
3403 1822 3469 1878 ab
3494 1823 3617 1877 Ari-

305 1930 429 1972 cem
463 1916 600 1985 ejus.
636 1914 930 1987 [CCCXXXIL
977 1913 1053 1984 1.]
1085 1914 1155 1968 Ει
1182 1918 1455 1968 venerunt
1482 1910 1535 1965 in
1568 1909 1772 1974 locum,
1822 1907 1912 1978 qui

302 2009 507 2066 dicitur
528 2007 979 2080 Golgotha,quod
1004 2016 1087 2063 est
1106 2006 1373 2063 Calvarite
1405 2006 1580 2060 locus.
1599 2002 1910 2077 [cccxxxttt,

303 2105 388 2177 4.]
414 2104 482 2160 Et
511 2104 781 2161 dederunt
805 2104 855 2160 ei
882 2103 1065 2159 vinum
1108 2100 1298 2159 bibere
1345 2114 1467 2157 cum
1502 2097 1631 2156 l'elle
1661 2096 1910 2154 mixtum.

302 2200 526 2256 Etcum
554 2206 849 2270 gustasset,
878 2195 1054 2254 noluit
1080 2196 1291 2253 bibere.
1316 2192 1626 2267 [cccxxxtv,
1662 2187 1739 2263 1.]
1758 2192 1913 2247 Posta

304 2309 473 2366 quam
518 2294 699 2350 autem
745 2292 1141 2348 crucilixerunt
1186 2305 1339 2355 eum,
1384 2288 1688 2343 diviserunt
1749 2285 1915 2340 vesti-

305 2398 495 2445 menta
526 2392 667 2458 ejus,
694 2395 906 2443 sortem
938 2386 1218 2441 mittentes
1246 2401 1257 2437 :
1285 2392 1311 2421 α
1341 2390 1403 2437 ut
1434 2380 1752 2453 impleretur
1774 2377 1916 2449 quod

313 2483 520 2541 dictum
567 2491 653 2539 est
695 2498 790 2553 per
838 2480 1196 2552 Prophetam,
1249 2478 1523 2533 dicentem
1560 2493 1572 2529 :
1610 2472 1919 2530 Diviserunt

308 2575 419 2631 sibi
437 2575 762 2631 vestimenta
787 2588 929 2640 mea,
955 2581 1011 2630 et
1032 2586 1195 2643 super
1219 2579 1429 2627 vestem
1448 2583 1627 2626 meam
1654 2568 1922 2623 miserunt

305 2676 538 2723 sortem.
575 2667 641 2723 Et
688 2666 943 2724 sedentes
989 2664 1280 2721 servabant
1327 2678 1477 2720 eum.
1521 2661 1808 2734 [cccxxxv,
1839 2656 1921 2731 1.]

308 2760 382 2817 Et
432 2761 815 2831 imposuerunt
861 2774 1025 2828 super
1082 2766 1244 2828 caput
1290 2757 1411 2827 ejus
1478 2770 1698 2812 causam
1749 2753 1921 2824 ipsius

307 2855 573 2926 scriptam
602 2873 615 2910 :
642 2856 740 2911 ilic
761 2863 845 2911 est
864 2854 1025 2911 .lesus
1047 2870 1142 2909 rex
1165 2852 1501 2910 Judaaorum.
1531 2845 1922 2924 [cccxxxvt,1.]

309 2949 469 3007 Tunc
500 2950 745 3007 cruciﬁxi
797 2958 926 3007 sunt
961 2963 1084 3005 cum
1131 2962 1197 3004 eo
1227 2946 1338 3003 duo
1376 2946 1658 3002 latrones:
1703 2957 1844 2999 unus
1891 2957 1921 2996 a

311 3044 548 3116 dextris,
609 3052 666 3101 et
690 3059 830 3101 unus
858 3060 889 3099 a
917 3042 1179 3099 sinistris.
1215 3041 1544 3115 [cccxxxvrn
1578 3038 1662 3111 6.]
1686 3038 1921 3095 Praater-

313 3144 512 3193 euntes
566 3145 749 3193 autem
806 3134 1267 3208 blasphemabant
1324 3148 1449 3190 eum
1500 3140 1782 3188 moventes
1828 3146 1920 3186 ca-

2022 1905 2291 1972 mathaaa,
2361 1909 2581 1965 nomine
2627 1912 2860 1981 Joseph,
2913 1912 3004 1983 qui
3051 1924 3105 1969 et
3153 1915 3270 1985 ipse
3319 1915 3616 1986 discipulus

2016 2006 2138 2052 erat
2164 1996 2311 2053 Jesu.
2385 1998 2483 2054 Hie
2528 2004 2761 2058 accessit
2807 2004 2873 2057 ad
2925 2003 3187 2075 Pilatum,
3233 2016 3287 2062 et
3314 2007 3469 2077 petiit
3498 2022 3619 2063 cor—

2021 2109 2121 2165 pus
2150 2094 2299 2152 Jesu.
2335 2096 2486 2154 Tunc
2512 2099 2900 2172 Pilatusjussit
2921 2104 3074 2160 reddi
3099 2118 3317 2177 corpus.
3350 2109 3617 2182 [cccxux,

2020 2185 2095 2259 1.]
2154 2187 2216 2244 Et
2240 2197 2465 2262 accepto
2497 2208 2749 2265 corpore,
2778 2192 2981 2267 Joseph
3010 2196 3239 2255 involvit
3268 2200 3399 2256 illud
3433 2203 3486 2256 in
3510 2205 3621 2259 sin-

2019 2284 2161 2342 done
2190 2289 2412 2345 munda.
2469 2289 2538 2346 Et
2569 2294 2751 2363 posuit
2773 2294 2905 2351 illud
2937 2297 2987 2352 in
3015 2309 3367 2357 monumento
3396 2318 3495 2358 suo
3524 2317 3622 2358 no-

2022 2390 2109 2444 vo,
2142 2379 2286 2449 quod
2318 2382 2600 2439 exciderat
2627 2386 2680 2440 in
2714 2396 2888 2455 petra.
2932 2390 2997 2444 Et
3023 2391 3263 2449 advolvit
3287 2409 3476 2449 saxum
3507 2412 3623 2451 ma-

2022 2484 2189 2542 gnum
2228 2474 2296 2528 ad
2344 2478 2544 2533 ostium
2587 2483 2958 2550 monumenti,
3017 2495 3073 2542 et
3125 2489 3276 2543 abiit.
3338 2492 3509 2563 [eccm
3542 2486 3623 2562 6.]

2022 2565 2149 2621 Erat
2193 2577 2372 2625 autem
2419 2572 2492 2628 ibi
2533 2568 2697 2630 Maria
2728 2576 3063 2648 Magdalene,
3112 2591 3166 2637 et
3209 2582 3385 2639 altera
3432 2582 3619 2651 Maria,

2022 2659 2276 2719 sedentes
2304 2673 2494 2721 contra
2517 2667 2841 2738 sepulcrum.
2873 2670 3064 2749 [cccu,
3085 2671 3199 2744 10.]
3229 2676 3415 2731 Altera
3439 2684 3617 2732 autem

2022 2752 2134 2820 die,
2181 2770 2301 2826 qua:
2331 2765 2416 2813 est
2445 2768 2566 2828 post
2593 2776 2948 2833 parasceven,
3001 2774 3376 2823 convenerunt
3423 2769 3628 2839 princi-

2031 2863 2130 2919 pes
2158 2851 2503 2908 sacerdotuin
2534 2862 2591 2909 et
2638 2855 2896 2914 Pharismi
2940 2860 3007 2915 ad
3033 2858 3295 2930 Pilatum,
3343 2858 3623 2919 dicentes:

2028 2942 2279 3011 Domine,
2326 2945 2597 3001 recordati
2644 2962 2853 3017 sumus,
2909 2951 3032 3021 quia
3077 2951 3332 3009 seductor
3367 2954 3458 3010 ille
3491 2952 3629 3009 dixit

2026 3034 2204 3092 adhuc
2230 3039 2453 3096 vivens:
2502 3039 2631 3095 Post
2664 3051 2771 3097 tres
2818 3044 2935 3101 dies
2976 3061 3277 3119 resurgam.
3333 3047 3471 3105 Jubc
3496 3062 3627 3120 ergo

2032 3131 2294 3187 custodiri
2324 3135 2630 3204 sepulcrum
2662 3151 2830 3209 usque
2862 3140 2914 3194 in
2942 3140 3085 3195 diem
3112 3143 3363 3199 tertium:
3397 3158 3465 3200 ne
3486 3142 3629 3199 forte

314 3228 425 3298 pita
452 3242 577 3299 sua,
615 3238 671 3284 et
707 3227 952 3284 dicentes
984 3241 1000 3282 :
1038 3225 1184 3281 Vahl
1228 3225 1321 3297 qui
1353 3223 1593 3282 destruis
1629 3223 1917 3294 templum,
1948 3215 1994 3282 C
2026 3225 2245 3279 veniant
2287 3225 2535 3297 discipuli
2582 3231 2730 3298 ejus,
2785 3240 2838 3286 et
2867 3230 3117 3289 furentur
3143 3249 3299 3303 eum,
3353 3243 3409 3291 et
3448 3234 3631 3292 dicant

312 3322 342 3363 δ
374 3334 428 3381 et
462 3326 514 3379 in
562 3326 744 3382 triduo
776 3325 910 3381 illud
960 3324 1262 3381 reaediﬁcas
1291 3342 1304 3379 :
1347 3324 1494 3382 salva
1527 3324 1875 3394 temetipsum
1907 3339 1923 3378 :

313 3419 362 3474 si
393 3419 567 3476 Filius
596 3419 693 3477 Dei
732 3436 813 3489 es,
845 3418 1119 3476 descende
1146 3418 1215 3475 de
1244 3433 1429 3474 cruce.
1463 3417 1811 3490 [cccxxxvnt,
1844 3416 1927 3489 2.]

310 3509 588 3569 Similiter
636 3522 692 3568 et
738 3513 1015 3584 principes
1063 3512 1407 3569 sacerdotum
1464 3510 1752 3567 illudentes
1799 3525 1925 3567 cum

312 3605 516 3662 scribis
565 3613 620 3661 et
671 3605 981 3662 senioribus
1024 3605 1327 3663 dicebant:
1358 3603 1510 3661 Alios
1554 3604 1736 3661 salvos
1777 3602 1926 3671 fecit,

314 3698 561 3771 seipsum
613 3714 724 3755 non
776 3708 958 3770 potest
1010 3699 1215 3755 salvum
1262 3698 1443 3755 facere
1477 3714 1491 3753 :
1530 3698 1577 3753 si
1627 3712 1721 3753 rex
1761 3695 1927 3752 Israel

316 3804 436 3863 est,
467 3794 765 3851 descendat
794 3811 937 3852 nunc
966 3794 1036 3851 de
1062 3810 1246 3863 cruce,
1277 3804 1330 3850 ct
1358 3794 1632 3851 credimus
1660 3794 1743 3861 ei;
1797 3806 1931 3847 con-

317 3887 438 3943 ﬁdit
467 3890 519 3943 in
550 3888 695 3947 Deo:
738 3889 930 3945 liberet
963 3905 1128 3956 nunc,
1177 3891 1220 3945 si
1248 3888 1380 3954 vult,
1403 3902 1562 3944 eum:
1595 3886 1731 3943 dixit
1750 3886 1925 3942 enim:

316 3980 457 4050 Quia
481 3981 654 4039 Filius
678 3982 775 4039 Dei
796 3997 937 4038 sum.
972 3981 1374 4055 [cccxxxtx,2.]
1398 3982 1636 4054 ldipsum
1666 3989 1846 4037 autem
1877 3990 1932 4037 et

320 4074 601 4146 latrones,
650 4078 742 4150 qui
785 4078 1030 4134 cruciﬁxi
1071 4089 1226 4135 erant
1275 4093 1398 4135 cum
1447 4092 1544 4146 eo,
1596 4078 1933 4148 impropera-

320 4171 454 4229 bant
476 4174 550 4228 ei.

396 4266 609 4339 [ccch,
636 4266 720 4341 2.]
764 4269 811 4324 A
859 4277 1014 4325 sexta
1065 4278 1252 4326 autem
1307 4269 1443 4325 hora
1489 4268 1732 4325 tenebras
1775 4268 1934 4324 facta:

322 4371 451 4416 sunt
495 4375 663 4432 super
710 4361 1018 4418 universam
1067 4372 1268 4419 terram
1310 4377 1483 4432 usque
1521 4362 1590 4417 ad
1620 4361 1808 4417 horam
1837 4377 1938 4418 no-

322 4472 470 4510 nam.
528 4456 760 4528 [cccxu,
794 4455 871 4529 6.]
917 4456 985 4511 Et
1027 4458 1169 4512 circa
1211 4458 1401 4513 horam
1435 4471 1637 4513 nonam
1667 4456 1926 4512 clamavit

323 4549 487 4604 Jesus
516 4565 655 4605 voce
684 4566 903 4621 magna,
932 4551 1155 4607 dicens:
1210 4551 1319 4619 Eli,
1353 4551 1458 4617 Eli,
1493 4561 1515 4589 ο
1550 4551 1749 4606 lamma
1776 4549 1937 4605 saba-

2028 3316 2207 3385 plebi:
2258 3317 2511 3375 Surrexit
2537 3336 2565 3375 a
2594 3324 2847 3378 mortuis.
2894 3324 2960 3379 Et
2986 3326 3089 3381 erit
3115 3328 3441 3384 novissimus
3472 3344 3629 3385 error

2030 3408 2190 3479 pejor
2222 3410 2425 3480 priore.
2497 3411 2585 3467 Ait
2612 3413 2718 3470 illis
2749 3415 2989 3472 Pilatus:
3040 3418 3264 3476 Habetis
3297 3422 3629 3489 custodiam,

2030 3503 2126 3569 ite,
2179 3506 2450 3562 custodite
2489 3507 2629 3562 sicut
2668 3510 2839 3565 scitis.
2895 3508 2975 3565 Illi
3001 3520 3180 3567 autem
3208 3513 3474 3570 abeuntes
3504 3529 3629 3571 mu-

2032 3599 2251 3654 nierunt
2294 3603 2601 3671 sepulcrum
2624 3647 2637 3673 ,
2689 3606 2965 3677 signantes
2996 3606 3264 3679 lapidem,
3297 3622 3418 3667 cum
3447 3619 3632 3669 custo-

2033 3694 2211 3751 dibus.

2107 3788 2258 3862 [ϐαρ.
2289 3790 2524 3848 XXVIII.
2564 3806 2753 3864 cccut,
2796 3794 2876 3867 2.]
2924 3798 3161 3870 Vespere
3188 3810 3367 3859 autem
3399 3803 3634 3873 sabbati,

2034 3894 2156 3953 qum
2184 3883 2409 3940 lucescit
2438 3887 2489 3941 in
2522 3888 2694 3957 prima
2722 3889 2956 3960 sabbati,
2991 3894 3139 3949 venit
3168 3894 3333 3953 Maria
3362 3896 3633 3968 Magdale-

2041 3993 2130 4047 ne,
2179 3989 2232 4035 et
2273 3982 2443 4037 altera
2489 3983 2693 4055 Maria,
2743 3986 2927 4042 videre
2958 3989 3288 4059 sepulcrum.
3378 3991 3449 4047 Et
3504 4006 3634 4050 ecce

2038 4080 2194 4128 terra:
2236 4083 2415 4129 motus
2454 4074 2627 4132 factus
2673 4084 2756 4133 est
2786 4094 3031 4151 magnus.
3084 4083 3324 4155 Angelus
3357 4085 3499 4140 enim
3531 4085 3638 4141 Do-

2036 4166 2168 4222 mini
2203 4165 2486 4224 descendit
2533 4170 2601 4225 de
2631 4172 2809 4227 coelo:
2869 4176 2922 4228 et
2952 4176 3221 4233 accedens
3246 4177 3474 4234 rcVOlvit
3502 4179 3634 4249 lapi-

2037 4260 2160 4317 dem
2185 4303 2201 4329 ,
2248 4269 2303 4318 et
2341 4262 2567 4318 sedebat
2605 4280 2770 4336 super
2798 4280 2953 4322 eum:
3006 4278 3124 4325 erat
3165 4279 3346 4328 autem
3386 4280 3639 4343 aspectus

2038 4356 2155 4426 ejus
2183 4357 2323 4412 sicut
2366 4355 2577 4429 fulgur:
2632 4371 2685 4415 et
2731 4363 3116 4419 veStimentum
3164 4369 3282 4438 ejus
3328 4367 3469 4424 sicut
3516 4367 3637 4424 nix.

2042 4450 2277 4524 [cccmn,
2307 4450 2386 4524 2.]
2435 4451 2557 4508 Przn
2602 4453 2799 4511 timore
2847 4465 3026 4515 autem
3074 4460 3192 4531 ejus
3234 4463 3481 4519 exterriti
3516 4469 3641 4519 sunt

2042 4543 2319 4613 custodes,
2359 4553 2415 4601 et
2454 4543 2579 4601 facti
2621 4557 2746 4603 sunt
2791 4550 2940 4605 velut
2979 4556 3200 4608 mortui.
3285 4554 3640 4626 Respondcns

324 4642 507 4697 omni?
553 4644 655 4700 hoc
682 4652 799 4699 est;
837 4646 977 4701 Deus
1004 4660 1182 4714 meus,
1214 4643 1362 4701 Deus
1389 4659 1564 4713 meus,
1598 4654 1658 4700 ιιι
1686 4645 1813 4716 quid
1840 4645 1937 4701 de.
1958 4622 2013 4684 Ι)
2038 4646 2221 4693 autem
2244 4638 2471 4708 angelus
2500 4639 2635 4695 dixit
2665 4642 3017 4701 mulieribus:
3070 4645 3251 4703 Nolite
3285 4622 3476 4705 timere
3508 4665 3638 4706 vos:

326 4736 602 4808 reliquisti
642 4737 764 4794 me?
839 4738 1067 4807 Quidam
1095 4747 1279 4794 autem
1315 4740 1426 4795 illic
1455 4751 1695 4806 stantes,
1754 4748 1810 4796 et
1839 4751 1936 4794 auo

326 4829 543 4885 dientes
570 4829 856 4886 dicebant:
898 4831 1072 4887 Eliam
1104 4841 1265 4888 vocat
1295 4833 1417 4888 iste.
1453 4831 1703 4905 [eccum
1735 4830 1817 4902 2.]
1870 4830 1939 4887 Et

328 4926 594 4980 continuo
642 4941 873 4982 currens
926 4941 1065 4981 unus
1113 4942 1179 4983 ex
1214 4927 1297 4982 eis
1326 4937 1607 4997 acceptam
1654 4926 1937 4997 spongiam

333 5020 585 5090 implevit
631 5030 809 5089 aceto,
864 5029 917 5077 et
957 5022 1214 5093 imposuit
1241 5021 1517 5091 arundini,
1579 5029 1635 5076 et
1679 5021 1842 5077 dabat
1886 5020 1937 5076 ei

330 5113 545 5170 bibere.
580 5114 777 5171 Caeteri
804 5130 935 5173 vero
964 5115 1421 5179 dicebant:Sine,
1444 5114 1727 5171 videamus
1756 5130 1827 5169 an
1848 5130 1943 5170 ve-

331 5208 449 5262 niat
476 5207 629 5264 Elias
663 5208 902 5267 liberans
933 5225 1083 5266 eum.
1127 5210 1401 5283 [cccxuu,
1439 5208 1515 5280 1.]
1568 5208 1729 5263 Jesus
1762 5215 1944 5263 autem

331 5301 533 5360 iterum
557 5304 800 5362 clamans
811 5320 945 5363 voce
966 5321 1187 5378 magna,
1204 5300 1942 5379 emisitgspiritumicccxuv,

408 5526 436 5555 ει
462 5517 598 5590 Tota
623 5518 739 5575 haec
768 5519 1047 5590 pericope,
1074 5512 1143 5575 Ut
1168 5519 1465 5590 impleretur
1486 5515 1629 5590 quod
1652 5516 1849 5571 dictum
1874 5524 1948 5570 est

338 5606 428 5657 per
452 5588 783 5659 PrOphetam‘
823 5588 1117 5646 dicentem:
1167 5588 1460 5644 Dibiserunt
1511 5588 1608 5643 sibi
1656 5590 1951 5643 vestimenta

342 5678 480 5729 mea,
504 5674 553 5717 et
588 5678 745 5732 super
775 5674 962 5718 vestem
994 5680 1161 5718 nteant
1202 5663 1685 5732 miseruntfsortem,
1721 5660 1776 5715 in
1802 5659 1952 5732 nullo

344 5747 377 5787 e
408 5735 612 5789 nostris
642 5730 774 5790 mss.
819 5736 910 5789 hic
956 5737 1060 5791 loci
1106 5734 1364 5803 additur;
1416 5731 1571 5787 abest
1614 5745 1831 5803 quoque
1874 5730 1953 5803 fab

349 5806 473 5860 aliis
502 5808 781 5863 veteribus
808 5806 1041 5875 Latinis,
1069 5802 1387 5875 Graecisque
1411 5803 1621 5875 aliquot
1646 5802 1821 5875 libris,
1853 5802 1955 5858 de-

357 5890 507 5934 mum
525 5884 583 5936 et
610 5892 643 5936 a
664 5874 1043 5952 Comptetcnsi
1070 5874 1314 5940 editione
1337 5888 1401 5935 ac
1411 5874 1665 5935 versione
1688 5874 1915 5947 Syriaca
1939 5885 1953 5930 :

2039 4733 2155 4789 scio
2176 4734 2343 4799 enim,
2374 4734 2518 4805 quod
2548 4734 2755 4803 Jesum,
2787 4737 2879 4808 qui
2908 4738 3205 4796 cruciﬁxus
3222 4748 3325 4809 est,
3356 4742 3598 4814 quaeritis
3626 4759 3641 4799 :

2042 4844 2148 4885 non
2178 4836 2262 4885 est
2290 4829 2379 4886 hic
2427 4849 2438 4883 :
2472 4831 2712 4887 surrexit
2741 4833 2912 4899 enim,
2944 4836 3087 4891 sicut
3116 4835 3272 4892 dixit.
3312 4835 3538 4903 Venite,
3589 4846 3644 4893 et

2044 4922 2221 4979 videte
2266 4923 2482 4993 locum,
2534 4923 2627 4980 ubi
2684 4926 2894 4996 positus
2938 4935 3055 4983 erat
3102 4928 3383 4985 Dominus.
3443 4929 3644 4987 Etcito

2043 5030 2237 5076 euntes
2278 5019 2440 5077 dicite
2477 5018 2760 5092 discipulis
2788 5021 2906 5093 ejus
2936 5022 3063 5094 quia
3094 5026 3360 5080 surrexit:
3418 5031 3473 5080 et
3516 5040 3645 5082 ecce

2049 5114 2312 5185 prxcedit
2340 5126 2438 5169 vos
2469 5114 2523 5170 in
2553 5113 2851 5171 Galileam:
2890 5115 2960 5172 ibi
3002 5130 3126 5171 eum
3178 5115 3448 5172 videbitis.
3508 5116 3650 5176 Ecce

2052 5207 2275 5279 praedixi
2321 5207 2475 5262 vobis
2527 5207 2757 5281 [θεαῖν.
2789 5205 2872 5279 2.]
2923 5208 2992 5264 Et
3021 5212 3273 5266 exierunt
3299 5212 3407 5267 cito
3435 5211 3503 5267 de
3531 5228 3648 5268 mo-

2058 5310 2313 5358 numento
2360 5314 2483 5357 cum
2536 5303 2734 5360 timore
2785 5311 2841 5360 et
2876 5300 3074 5375 gaudio
3107 5320 3324 5377 magno,
3370 5314 3654 5363 currentes

2053 5524 2155 5581 qua
2187 5506 2257 5565 de
2280 5523 2340 5581 re
2368 5509 2517 5565 adito
2545 5509 2771 5567 Criticos
2795 5527 3004 5569 sacros.

2129 5582 2153 5619 δ
2186 5580 2409 5658 Addunt
2438 5581 2821 5658 Regimemss.
2848 5583 2948 5658 Dei
2980 5600 3199 5658 nomen,
3244 5586 3389 5658 quod
3418 5596 3598 5645 tamen
3625 5602 3657 5645 a

2055 5654 2248 5730 Grieco
2267 5651 2848 5730 archetypo,‘aliisque
2880 5656 3033 5730 libris
3065 5651 3300 5730 vulgatis
3329 5659 3506 5716 abest.

2133 5734 2155 5763 ε
2177 5724 2253 5805 1n
2280 5722 2565 5805 vetustiori
2591 5722 2815 5799 Reginae
2841 5725 2965 5785 cod.
3001 5722 3515 5805 paulo'corruptius,
3555 5730 3656 5789 Le-

2057 5810 2145 5854 ma
2170 5793 2416 5873 Zaptani.
