4166 6336
352 269 458 326 585

1390 269 1840 332 EVANGELIUM
1881 269 2257 330 SECUNDUM
2297 273 2615 332 MARCUM.

3549 279 3656 337 586

348 386 561 450 Simon.
595 395 651 443 et
695 387 787 459 qui
833 402 953 444 eum
1000 388 1094 445 illo
1131 398 1307 447 erant.
1336 390 1407 448 Et
1451 409 1574 449 cum
1616 392 1953 449 invenissent
1978 394 2028 455 Α
2055 390 2282 450 Joannis
2309 403 2362 451 et
2407 395 2660 465 pharisaai
2706 394 3016 467 jejunantes
3049 411 3064 452 :
3103 405 3160 453 et
3187 397 3449 467 veniunt,
3479 408 3535 455 et
3578 399 3660 455 di-

349 496 498 547 eum,
540 482 804 539 dixerunt
839 483 891 537 ei
932 502 945 538 :
975 483 1109 551 Quia
1156 499 1348 542 omnes
1383 496 1634 556 quierunt
1665 498 1734 542 te.
1770 488 1837 542 Et
1880 488 1956 542 ait

2058 498 2190 544 cunt
2235 489 2356 544 illi:
2405 490 2585 558 Quare
2613 490 2864 560 discipuli
2914 490 3139 548 Joannis
3167 503 3226 549 et
3272 493 3660 562 pharisaeorum

351 572 460 628 illis
493 591 506 626 :
557 573 760 630 Eamus
791 575 842 629 in
887 576 1161 644 proximos
1199 577 1370 640 vicos,
1410 587 1465 633 et
1504 578 1774 645 civitates,
1817 586 1958 633 utet
2055 577 2324 649 jejunant,
2364 581 2440 636 tui
2479 590 2661 637 autem
2711 580 2962 654 discipuli
2996 598 3102 640 non
3137 583 3423 653 jejunant?
3466 585 3536 640 Et
3588 585 3667 641 ait

353 665 424 721 ibi
459 666 753 737 praedicem
783 685 797 722 :
831 668 898 724 ad
928 669 1031 726 hoc
1056 669 1198 726 enim
1226 671 1373 725 veni.
1419 671 1484 725 Et
1513 681 1629 727 erat
1661 672 1958 741 praedicans

352 759 406 816 in
434 762 732 832 synagogis
755 776 968 829 eorum,
995 770 1051 819 ct
1078 761 1131 818 in
1160 764 1308 819 omni
1337 763 1578 832 Galilma,
1612 775 1667 820 et
1693 762 1958 818 daamonia

353 852 601 920 ejiciens.
636 853 816 927 [sum
840 853 920 927 2.]
956 855 1022 911 Et
1048 857 1200 913 venit
1230 856 1296 911 ad
1325 837 1453 912 eum
1492 858 1738 926 leprosus
1767 856 1962 926 depre-

352 965 487 1006 cans
508 965 636 1005 eum
663 966 677 1000 :
710 960 764 1007 et
791 967 930 1022 genu
962 951 1125 1020 ﬂexo,
1158 951 1294 1008 dixit
1325 953 1374 1008 ei
1408 969 1421 1008 :
1455 952 1513 1009 Si
1546 951 1646 1018 vis,
1683 960 1838 1022 potes
1875 966 1962 1005 me

353 1045 643 1102 mundare.
675 1045 834 1102 Jesus
879 1056 1060 1103 autem
1100 1048 1355 1103 misertus
1385 1047 1526 1117 ejus,
1557 1047 1802 1102 extendit
1851 1060 1964 1100 ma-

352 1155 480 1194 num
505 1155 686 1208 suam,
715 1150 770 1196 et
801 1149 1029 1212 tangens
1060 1156 1208 1209 eum,
1237 1141 1312 1195 ait
1335 1141 1411 1195 illi
1441 1159 1455 1197 :
1488 1140 1648 1195 Volo.
1681 1139 1960 1195 Mundare.

350 1231 419 1288 Et
443 1247 569 1288 cum
594 1232 844 1301 dixisset,
870 1235 1056 1288 statim
1085 1233 1339 1290 discessit
1362 1234 1430 1287 ab
1454 1248 1518 1289 eo
1541 1233 1712 1304 lepra,
1739 1241 1793 1288 et
1811 1247 1965 1286 mun-

352 1326 512 1382 datus
539 1335 642 1382 est.
699 1327 766 1382 Et
805 1328 1167 1384 comminatus
1202 1337 1288 1384 est
1329 1328 1410 1392 ei,
1457 1327 1754 1398 statimque
1805 1326 1966 1393 ejecit

351 1419 506 1474 illum
543 1438 555 1475 :
599 1429 656 1476 et
683 1421 817 1475 dicit
846 1423 893 1476 ei
927 1439 941 1476 :
976 1421 1114 1477 Vide
1143 1421 1346 1477 nemini
1381 1421 1580 1476 dixeris
1611 1438 1626 1478 :
1676 1419 1773 1475 sed
1806 1419 1963 1486 vade,

353 1513 584 1571 ostende
615 1523 670 1572 te
707 1516 939 1586 principi
983 1517 1352 1582 sacerdotum,
1397 1522 1452 1570 et
1493 1514 1627 1570 offer
1657 1530 1753 1583 pro
1779 1527 1969 1569 emun-

354 1605 580 1663 datione
616 1615 728 1674 tua,
782 1624 903 1679 qua:
935 1610 1191 1680 praecepit
1241 1609 1457 1680 Moyses
1503 1609 1554 1662 in
1600 1608 1967 1663 testimonium

358 1698 487 1754 illis.
524 1698 664 1771 ιω,
701 1699 813 1774 10.]
846 1700 916 1756 At
943 1702 1035 1757 ille
1064 1716 1323 1773 egressus
1351 1705 1518 1770 erepit
1543 1702 1840 1772 praedicare
1867 1742 1883 1768 ,
1916 1709 1972 1755 et

2061 672 2168 728 illis
2197 673 2394 730 Jesus:
2420 674 2690 746 Numquid
2725 684 2953 745 possunt
2981 675 3075 731 ﬁlii
3108 677 3442 747 nuptiarum,
3476 691 3666 746 quam-

2062 763 2154 820 diu
2181 781 2414 835 sponsus
2446 782 2569 822 eum
2598 768 2706 824 illis
2729 779 2834 834 est,
2859 769 3145 841 jejunare?
3174 770 3390 839 Quanto
3425 781 3668 840 tempore

2062 858 2271 916 habent
2309 876 2494 917 secum
2540 877 2823 933 speiisum,
2860 878 2966 918 non
3003 874 3234 934 possunt
3272 863 3540 934 jejunare.
3569 863 3673 920 V'e-

2064 952 2216 1007 nient
2258 965 2438 1009 autem
2468 955 2587 1010 dies
2615 970 2737 1010 cum
2770 956 3049 1012 auferetur
3078 956 3146 1010 ab
3171 955 3252 1012 eis
3295 971 3528 1026 sponsus
3557 973 3569 1010 :
3619 965 3676 1010 et

2067 1053 2195 1099 tunc
2221 1045 2546 1115 jejunabunl
2588 1047 2643 1102 in
2694 1046 2804 1102 illis
2832 1047 3048 1105 diebus.
3079 1047 3256 1104 Nemo
3295 1057 3676 1104 assumentum

2067 1138 2233 1208 panni
2277 1139 2428 1193 rudis
2471 1140 2642 1196 assuit
2691 1142 3023 1197 vestimento
3049 1142 3220 1197 veteri
3259 1158 3272 1196 :
3305 1143 3542 1213 alioquin
3582 1157 3680 1198 att-

2067 1232 2171 1288 fert
2201 1233 2644 1304 supplementum
2694 1251 2896 1291 novum
2927 1250 2955 1289 a
2995 1235 3190 1303 veteri,
3239 1245 3293 1291 et
3323 1237 3498 1308 major
3543 1237 3680 1292 scis-

2069 1340 2198 1381 sura
2230 1326 2312 1380 ﬁt.
2345 1327 2411 1381 Et
2435 1343 2598 1383 nemo
2623 1329 2791 1383 mittit
2818 1329 3004 1385 viuum
3032 1346 3232 1385 novum
3261 1330 3314 1385 iu
3350 1340 3498 1386 utres
3531 1341 3682 1387 vete-

2069 1433 2158 1474 res
2189 1439 2200 1473 :
2225 1420 2462 1492 alioquin
2489 1421 2765 1493 dirumpet
2788 1424 2976 1479 vinum
3008 1436 3181 1493 utres,
3212 1434 3265 1480 et
3294 1426 3478 1480 vinum
3507 1425 3684 1482 effun-

2070 1512 2250 1583 detur,
2281 1523 2338 1570 et
2362 1525 2514 1572 utres
2547 1517 2804 1584 peribunt
2834 1535 2847 1571 :
2878 1518 2974 1573 sed
3005 1520 3188 1575 vinum
3220 1535 3419 1575 novum
3448 1523 3500 1575 in
3537 1529 3684 1577 utres

2073 1620 2242 1662 novos
2272 1607 2412 1662 mitti
2445 1607 2627 1664 debet.
2676 1609 2852 1680 [xxtv,
2883 1608 2964 1681 2.]
3010 1611 3076 1666 Et
3114 1612 3316 1667 factum
3348 1621 3435 1668 est
3482 1613 3682 1668 iterum

2073 1713 2198 1754 cum
2230 1705 2256 1737 α
2293 1701 2559 1756 Dominus
2589 1702 2835 1760 sabbatis
2864 1704 3165 1762 ambularet
3209 1722 3305 1776 per
3334 1716 3473 1775 sata,
3515 1717 3572 1764 et
3605 1707 3688 1763 di-

360 1792 646 1850 diﬂ‘amare
674 1809 1010 1862 sermonem,
1041 1797 1111 1850 ita
1135 1796 1318 1865 utjam
1344 1809 1450 1849 non
1477 1804 1662 1865 posset
1689 1795 1973 1850 manifeste
2004 1794 2272 1863 Bscipuli
2317 1796 2436 1866 ejus
2481 1807 2769 1866 cteperunt
2815 1800 3089 1870 progredi,
3140 1810 3195 1856 et
3239 1801 3441 1856 vellere
3486 1801 3684 1872 Spicas.

359 1888 589 1943 introire
609 1888 664 1942 in
692 1889 968 1944 civitatem
993 1933 1007 1956 ,
1039 1891 1134 1946 sed
1167 1888 1300 1944 foris
1334 1891 1384 1943 in
1412 1890 1643 1945 desertis
1672 1890 1805 1945 locis
1832 1897 1977 1944 esset

365 1979 473 2054 [Αι.
506 1980 682 2053 esse],
716 1991 772 2037 et
800 1981 1207 2037 conveniebant
1235 1981 1318 2052 ad;
1344 1997 1470 2038 eum
1508 1982 1767 2052 undique.

435 2073 590 2148 [Cap.
641 2074 705 2129 Il.
740 2073 944 2147 xx,>l.]
977 2075 1042 2129 Et
1082 2075 1279 2130 iterum
1324 2073 1549 2129 intravit
1595 2072 1976 2144 Capharnaum

367 2168 644 2239 postdies,
671 2179 730 2224 et
755 2169 999 2225 auditum
1025 2180 1107 2225 est
1135 2171 1275 2239 quod
1309 2170 1363 2225 in
1391 2170 1556 2224 domo
1576 2178 1743 2238 esset,
1777 2178 1832 2225 et
1857 2185 1981 2224 con-

366 2275 634 2320 venerunt
663 2265 843 2330 multi,
870 2265 940 2319 ita
974 2273 1032 2320 ut
1063 2281 1168 2318 non
1197 2273 1417 2334 caperet
1441 2280 1616 2334 neque
1640 2263 1706 2318 ad
1728 2263 1974 2336 jauuam,

368 2367 424 2412 et
465 2356 788 2428 loquebatur
817 2357 897 2413 eis
931 2359 1180 2413 verbum.
1216 2361 1281 2412 Et
1313 2368 1577 2413 venerunt
1619 2357 1687 2411 ad
1727 2373 1852 2412 eum
1901 2355 1982 2413 fe-

371 2458 560 2505 rentes
609 2451 989 2522 paralyticum,
1035 2452 1126 2522 qui
1173 2466 1204 2506 a
1253 2461 1486 2522 quatuor
1532 2450 1870 2521 portabatur.
1912 2451 1981 2504 Et

372 2558 495 2599 cum
523 2560 634 2600 non
659 2554 884 2616 possent
910 2544 1109 2601 offerre
1135 2561 1258 2602 eum
1289 2545 1367 2601 illi
1395 2561 1507 2617 prze
1531 2546 1709 2612 turba,
1741 2545 1982 2602 nudave-

372 2647 500 2692 rnnt
529 2647 730 2694 tectum
776 2639 866 2694 ubi
915 2650 1034 2694 erat
1065 2658 1079 2694 :
1120 2649 1174 2696 et
1200 2639 1587 2710 patefacientes
1612 2640 1982 2696 submiserunt

372 2733 679 2801 grabatum,
731 2732 784 2788 in
818 2748 926 2803 quo
957 2733 1288 2804 paralyticus
1331 2733 1572 2805 jacebat.
1615 2734 1748 2788 Cum
1799 2743 1980 2789 autem

373 2823 604 2881 vidisset
628 2825 786 2881 Jesus
811 2825 970 2882 fidem
1003 2825 1246 2892 illorum,
1269 2826 1344 2880 ait
1375 2825 1672 2898 paralytico
1702 2841 1718 2884 :
1745 2825 1870 2893 Fili,
1899 2825 1984 2881 dio

374 2917 666 2973 mittuntur
689 2917 784 2974 tibi
827 2927 1044 2986 peccata
1078 2925 1104 2955 α
1137 2926 1251 2973 tua.
1284 2916 1452 2973 Erant
1487 2926 1670 2972 autem
1716 2917 1827 2972 illic
1865 2919 1983 2988 qui-

374 3011 502 3068 dam
532 3013 604 3068 de
641 3011 838 3068 scribis
879 3011 1156 3078 sedentes,
1193 3021 1250 3068 et
1289 3014 1594 3083 cogitantes
1630 3012 1683 3066 in
1727 3012 1982 3068 cordibus

376 3107 492 3162 suis
522 3124 537 3161 :
568 3105 707 3174 Quid
738 3104 828 3162 hic
851 3106 932 3161 sic
969 3105 1246 3176 loquitur?
1274 3105 1639 3176 blasphemat.
1667 3104 1774 3177 [AL
1813 3106 1985 3175 loqui-

2083 1885 2342 1941 Pbarisaai
2373 1895 2557 1944 autem
2580 1888 2839 1945 dicebant
2866 1891 2914 1945 ei
2947 1908 2962 1948 :
2995 1890 3160 1958 Ecce,
3185 1892 3312 1962 quid
3336 1891 3542 1949 faciunt
3565 1894 3692 1949 sab-

2082 1975 2222 2032 batis
2254 1978 2398 2047 quod
2432 1995 2539 2034 non
2570 1979 2738 2035 licet?
2785 1981 2850 2035 Et
2889 1983 2965 2036 ait
3005 1982 3113 2038 illis
3143 2001 3154 2037 :
3189 1982 3494 2055 Numquam
3531 1985 3696 2054 legis-

2083 2070 2176 2136 tis,
2206 2071 2337 2141 quid
2371 2071 2562 2128 fecerit
2595 2072 2785 2140 David,
2817 2075 3036 2145 quando
3072 2075 3452 2132 necessitatem
3484 2077 3690 2144 habuit,

2081 2170 2137 2218 et
2163 2163 2358 2220 esuriit
2382 2164 2523 2234 ipse,
2547 2175 2602 2221 et
2625 2167 2717 2237 qui
2745 2183 2868 2222 cum
2898 2183 2962 2223 eo
2987 2169 3187 2224 erant?
3209 2170 3482 2240 quomodo
3503 2170 3697 2226 introi-

2081 2257 2160 2313 vit
2189 2258 2245 2313 in
2267 2258 2488 2314 domum
2515 2260 2610 2315 Dei
2639 2261 2741 2317 sub
2766 2262 3029 2317 Abiatltar
3050 2263 3303 2334 principe
3325 2265 3696 2328 sacerdotum,

2083 2361 2140 2408 et
2169 2366 2338 2423 panes
2367 2354 2766 2426 propositionis
2798 2357 3168 2421 manducavit,
3199 2372 3337 2426 quos
3367 2373 3473 2412 non
3497 2357 3700 2414 licebat

2084 2446 2442 2510 manducare,
2479 2448 2580 2502 nisi
2612 2447 2994 2505 sacerdotibus
3017 2493 3030 2517 ,
3061 2459 3114 2505 et
3153 2448 3304 2506 dedit
3332 2452 3413 2505 eis
3442 2451 3534 2520 qui
3571 2465 3696 2506 cum

2085 2553 2151 2592 eo
2181 2539 2375 2593 erant?
2409 2539 2556 2610 μιν,
2604 2539 2685 2610 2.]
2717 2541 2786 2595 Ει
2826 2543 3041 2598 dicebat
3069 2545 3150 2598 eis
3184 2560 3198 2596 :
3229 2543 3524 2600 Sabbatum
3566 2558 3696 2614 pro-

2086 2639 2205 2700 pter
2231 2631 2505 2687 hominem
2535 2631 2738 2688 factutn
2766 2645 2868 2698 est,
2897 2645 2950 2689 et
2979 2651 3085 2689 non
3115 2635 3281 2690 homo
3316 2644 3540 2707 propter
3575 2635 3702 2690 sab-

2085 2725 2293 2782 batum.
2339 2726 2522 2799 Itaque
2575 2727 2831 2783 dominus
2877 2736 2962 2784 est
3009 2728 3182 2785 Filius
3223 2729 3481 2798 hominis,
3532 2732 3696 2788 etiam

2086 2819 2327 2875 sabbati.

2158 2913 2309 2987 [ϐαρ.
2345 2914 2456 2986 ΙΙΙ.]
2507 2914 2573 2969 Ει
2601 2914 2848 2970 introivit
2906 2915 3102 2972 iterum
3149 2916 3203 2970 in
3240 2932 3567 2990 syuagogam
3599 2935 3614 2974 :
3647 2927 3703 2974 ct

2087 3020 2204 3064 erat
2254 3008 2330 3064 ibi
2373 3007 2536 3064 homo
2591 3009 2801 3066 habens
2849 3026 3064 3065 manum
3113 3012 3344 3067 aridam.
3400 3014 3461 3067 Et
3510 3013 3704 3070 obser-

2091 3105 2293 3160 vabant
2319 3120 2470 3171 eum,
2500 3106 2545 3161 si
2572 3106 2813 3162 sabbatis
2834 3117 3078 3174 curaret,
3105 3117 3160 3162 ut
3181 3119 3506 3166 accusarent
3532 3111 3702 3166 illum.

377 3209 468 3256 tur
491 3200 912 3273 blasphemias?]
939 3199 1071 3269 Quis
1102 3208 1284 3271 potest
1309 3201 1585 3256 dimittere
1607 3207 1851 3270 peccata,
1885 3199 1987 3256 nisi
2015 3190 2061 3254 C
2099 3199 2164 3252 Et
2208 3199 2285 3253 ait
2334 3199 2541 3254 homini
2589 3198 2815 3255 habenti
2863 3216 3081 3256 manum
3135 3203 3347 3259 aridam
3382 3220 3396 3258 :
3447 3205 3618 3276 Surge
3648 3206 3704 3261 in
3751 3267 3758 3273 _

377 3293 531 3350 solus
576 3293 762 3348 Deus?
811 3293 929 3361 Quo
958 3293 1140 3347 statim
1187 3291 1403 3363 cognito
1447 3291 1607 3348 Jesus
1652 3291 1847 3364 spiritu
1889 3306 1988 3347 suo

377 3394 500 3465 quia
535 3393 616 3449 sic
647 3394 946 3462 cOgitarent
977 3392 1116 3448 intra
1148 3407 1228 3454 se,
1259 3392 1387 3446 dicit
1419 3392 1525 3447 illis
1559 3407 1572 3447 :
1602 3391 1743 3460 Quid
1769 3392 1870 3448 ista
1899 3406 1991 3446 co-

376 3486 566 3559 gitatis
595 3488 645 3540 in
688 3486 946 3542 cordibus
985 3487 1220 3541 vestris?
1263 3484 1403 3554 Quid
1441 3495 1526 3557 est
1553 3483 1768 3541 facilius
1810 3485 1990 3542 dicere

377 3580 683 3653 paralytico
725 3597 740 3636 :
795 3579 1154 3635 Dimittuntur
1205 3579 1302 3634 tibi
1351 3586 1604 3646 peccata;
1653 3593 1720 3631 an
1761 3576 1986 3632 dicere:

376 3674 580 3746 Surge,
613 3675 744 3730 tolle
776 3675 1059 3744 grabatum
1111 3681 1282 3737 tttum,
1315 3681 1370 3725 et
1401 3669 1656 3724 ambula?
1701 3668 1766 3725 Ut
1809 3677 1988 3724 autem

378 3768 572 3824 sciatis
599 3767 722 3836 quia
743 3764 913 3820 Filius
942 3765 1180 3820 hominis
1212 3763 1376 3818 habet
1405 3770 1731 3834 potestatem
1761 3761 1817 3816 in
1843 3770 1989 3816 terra

380 3860 692 3916 dimittendi
720 3870 937 3932 peccata
967 3859 1068 3932 (ait
1097 3855 1444 3930 paralytieo),
1473 3856 1566 3910 tibi
1589 3856 1715 3912 dico
1746 3875 1758 3910 :
1792 3857 1987 3926 Surge,

380 3955 515 4010 tolle
560 3954 846 4025 grabatum
881 3963 1052 4017 tuum,
1101 3962 1158 4008 et
1194 3951 1334 4007 vade
1364 3952 1417 4006 in
1449 3951 1668 4008 domum
1722 3962 1888 4007 tuam.
1923 3951 1993 4006 Et

379 4049 569 4103 statim
601 4047 845 4102 surrexit
874 4044 968 4099 ille
997 4061 1010 4097 :
1039 4053 1095 4099 et
1121 4044 1337 4099 sublato
1358 4043 1605 4115 grabato,
1638 4042 1772 4098 abiit
1801 4058 1988 4099 coram

381 4140 669 4205 omnibus,
696 4139 768 4195 ita
794 4147 854 4193 ut
885 4138 1216 4194 mirarentur
1242 4151 1458 4204 omnes,
1486 4147 1540 4192 et
1568 4136 1992 4193 honorificarent

384 4235 587 4302 Deum,
613 4233 885 4288 dicentes:
910 4231 1046 4298 Quia
1071 4245 1366 4300 numquam
1389 4230 1467 4285 sic
1491 4229 1721 4284 vidimus
1754 4228 1890 4302 [XXI,
1907 4226 1988 4300 2.]

383 4329 455 4386 Et
477 4341 730 4399 egressus
755 4333 844 4382 est
869 4339 1063 4381 rursus
1093 4324 1157 4379 ad
1187 4339 1338 4379 mare
1369 4341 1380 4352 ·
1405 4323 1690 4394 omnisque
1723 4322 1876 4377 turba
1903 4338 1991 4377 rc-

383 4419 575 4476 niebat
612 4419 680 4474 ad
707 4433 852 4487 eum,
902 4429 957 4473 et
986 4416 1220 4474 docebat
1247 4431 1364 4472 eos.
1403 4417 1466 4472 Et
1509 4432 1633 4470 eum
1666 4415 1986 4485 praeteriret,

383 4515 524 4572 vidit
560 4513 590 4553 δ
637 4514 770 4570 Levi
815 4512 1025 4582 Alphtei
1057 4513 1335 4569 sedentem
1367 4511 1433 4567 ad
1468 4512 1725 4567 telouium
1751 4554 1766 4578 ,
1821 4524 1873 4568 et
1917 4513 1993 4567 ait

2091 3292 2352 3348 medium.
2382 3293 2449 3348 Et
2481 3292 2614 3348 dicit
2640 3293 2721 3349 eis
2757 3311 2770 3348 :
2800 3293 2958 3349 Licet
2988 3295 3234 3352 sabbatis
3261 3296 3608 3366 benefacere,
3639 3314 3709 3354 an

2093 3385 2274 3442 male?
2313 3387 2548 3442 animam
2592 3387 2799 3443 salvam
2850 3387 3054 3458 facere,
3098 3406 3166 3444 au
3213 3391 3481 3460 perdere?
3512 3395 3582 3447 At
3627 3392 3706 3448 illi

2092 3483 2364 3540 tacebant.
2395 3484 2459 3538 Et
2479 3482 2934 3553 circumspiciens
2956 3499 3052 3540 eos
3075 3501 3202 3540 cum
3226 3485 3329 3554 ira,
3353 3486 3708 3543 contristatus

2091 3592 2256 3648 super
2276 3579 2524 3632 carcitate
2549 3577 2736 3631 cordis
2764 3591 2976 3640 eorum,
3007 3578 3143 3633 dicit
3173 3577 3385 3634 homini
3415 3596 3430 3635 :
3457 3578 3704 3636 Extende

2093 3686 2312 3726 manum
2368 3681 2537 3726 tuam.
2573 3671 2639 3726 Et
2682 3671 2950 3739 extendit,
2984 3682 3039 3728 et
3079 3674 3328 3728 restituta
3379 3685 3464 3729 est
3509 3690 3703 3731 manus

2093 3763 2196 3818 illi.
2226 3764 2396 3836 [xxw,
2422 3762 2500 3834 4.]
2535 3763 2809 3818 Exeuntes
2835 3776 3017 3820 autem
3049 3765 3326 3833 pharisaei,
3360 3768 3544 3822 statim
3574 3784 3698 3824 cum

2095 3856 2419 3913 l-lerodianis
2440 3856 2730 3912 consilium
2773 3857 3045 3913 faciebant
3075 3858 3340 3916 adversus
3383 3876 3530 3926 eum,
3564 3878 3702 3931 quo-

2094 3948 2255 4004 modo
2283 3965 2405 4005 eum
2436 3949 2745 4020 perderent.
2782 3948 2985 4020 [xxvn,
3022 3950 3097 4021 1.]
3137 3950 3296 4008 Jesus
3344 3963 3526 4008 autem
3576 3971 3696 4010 cum

2093 4039 2381 4109 discipulis
2427 4041 2539 4096 suis
2577 4041 2809 4096 secessit
2854 4041 2918 4094 ad
2955 4058 3104 4097 male
3137 4061 3149 4094 :
3184 4052 3239 4098 et
3277 4045 3444 4098 multa
3482 4046 3635 4102 turba
3667 4063 3698 4103 a

2094 4135 2315 4192 Galilwa
2346 4144 2400 4192 et
2425 4135 2610 4191 Judaea
2636 4144 2823 4191 secuta
2856 4145 2940 4190 est
2969 4151 3114 4201 eum,
3150 4146 3204 4192 et
3227 4138 3295 4193 ab
3321 4137 3699 4209 Jerosulymis,

2094 4236 2150 4284 et
2177 4228 2244 4283 ab
2271 4228 2506 4284 ldumaea
2533 4274 2546 4297 ,
2579 4237 2630 4283 et
2655 4237 2804 4283 trans
2832 4227 3129 4284 Iordanem
3169 4245 3182 4283 :
3212 4239 3266 4285 et
3296 4231 3387 4301 qui
3416 4231 3556 4286 circa
3587 4232 3698 4304 Ty-

2093 4338 2214 4378 rum
2246 4331 2300 4377 et
2329 4321 2622 4387 Sidunem,
2663 4321 2954 4376 multitudo
2987 4337 3205 4392 magna,
3251 4321 3540 4380 audientes
3578 4339 3699 4394 qua:

2093 4414 2348 4482 faciebat,
2383 4422 2652 4468 venerunt
2683 4413 2752 4466 ad
2783 4428 2932 4467 eum.
2967 4414 3034 4467 Et
3059 4413 3193 4468 dixit
3228 4413 3517 4485 discipulis
3561 4417 3699 4485 suis,

2096 4515 2153 4560 ut
2185 4507 2430 4561 navicula
2455 4506 2559 4560 sibi
2589 4504 2896 4560 deserviret
2929 4517 3153 4576 propter
3183 4505 3414 4574 turbam,
3452 4524 3520 4564 ne
3549 4525 3702 4564 com-

385 4608 512 4666 illi:
564 4607 804 4674 Sequere
855 4620 962 4660 me.
1022 4603 1092 4659 Et
1129 4619 1362 4675 surgens
1414 4612 1634 4658 secutus
1689 4612 1772 4658 est
1839 4619 1983 4658 eum.
2017 4587 2566 4670 Dprimerenteum.
2611 4597 2804 4652 Multus
2833 4599 2978 4653 enim
3012 4599 3262 4666 sanabat,
3310 4600 3382 4655 ita
3420 4610 3478 4654 ut
3523 4602 3702 4659 irrue-

386 4703 549 4777 [xxn,
576 4699 658 4773 2.]
691 4699 758 4754 Et
789 4700 989 4755 factum
1032 4709 1135 4766 est,
1189 4715 1317 4755 cum
1352 4698 1698 4754 accumberet
1738 4700 1792 4752 in
1823 4698 1985 4754 domo

386 4797 559 4863 illius,
591 4794 743 4850 multi
768 4792 1042 4864 publicani
1071 4802 1127 4849 et
1157 4802 1471 4862 peccatores
1498 4790 1658 4846 simul
1689 4791 1988 4847 discumbe-

384 4892 522 4949 bant
555 4906 677 4946 cum
703 4890 833 4946 Jesu
857 4899 912 4944 et
943 4888 1220 4958 discipulis
1243 4887 1360 4958 ejus
1400 4905 1413 4941 :
1445 4896 1602 4942 erant
1625 4887 1769 4942 enim
1795 4887 1945 4940 multi
1971 4928 1986 4953 ,

389 4987 484 5059 qui
509 4993 567 5041 et
587 4983 955 5056 sequebantur
975 4999 1120 5038 eum.
1147 4983 1211 5037 Et
1238 4982 1432 5038 scriba:
1453 4991 1508 5037 et
1529 4980 1781 5052 pharisazi
1804 4981 1990 5036 viden-

391 5089 479 5138 tes
496 5079 623 5151 quia
653 5077 1007 5133 manducaret
1030 5093 1150 5132 cum
1180 5075 1484 5148 publicanis
1505 5085 1561 5130 et
1586 5074 1953 5146 peccatoribus
1974 5120 1988 5144 ,

390 5172 648 5230 dicebant
679 5152 975 5241 discipulis
1031 5170 1149 5240 ejus
1180 5188 1190 5222 :
1221 5170 1402 5238 Quare
1441 5184 1564 5224 cum
1611 5169 1909 5238 publicanis
1937 5179 1993 5224 et

389 5265 776 5339 peccatoribus
834 5263 1146 5332 manducat,
1193 5273 1246 5318 et
1293 5261 1429 5318 bibit
1476 5262 1736 5332 magister
1780 5261 1991 5316 vester?

391 5359 574 5434 [xxtn,
603 5357 685 5431 2.]
734 5357 846 5412 Hoc
885 5356 1091 5425 audito,
1121 5355 1278 5412 Jesus
1324 5357 1398 5411 ait
1435 5355 1543 5410 illis
1571 5373 1583 5407 :
1613 5355 1731 5410 Non
1768 5370 1993 5411 necesse

390 5453 596 5511 habent
623 5453 740 5509 sani
769 5453 1000 5514 medico,
1034 5451 1128 5508 sed
1150 5453 1242 5522 qui
1270 5451 1412 5507 male
1443 5450 1646 5506 habent
1676 5468 1686 5502 :
1718 5465 1823 5505 non
1849 5449 1990 5505 enim

389 5550 517 5608 veni
537 5548 948 5620 vocarejusms,
984 5546 1080 5603 sed
1107 5555 1440 5617 peccatores.
1470 5546 1534 5602 Et
1559 5556 1716 5602 erant
1745 5546 1993 5618 discipuli

468 5697 495 5726 ι
522 5687 730 5744 Tacent
763 5684 872 5741 duo
900 5683 1123 5754 Reginae
1167 5697 1296 5739 mss.
1345 5696 1642 5753 pronomen
1683 5693 1806 5748 tua,
1854 5681 1998 5753 quod

395 5767 584 5819 tamen
622 5761 674 5814 in
705 5756 896 5814 Graeco
926 5765 1168 5811 resonat.

468 5831 498 5872 ι’
525 5831 653 5889 Mss.
677 5829 835 5886 Levia
860 5832 1079 5899 propius
1098 5827 1288 5884 Graeco
1314 5826 1481 5882 Λευΐν.

811 5925 1086 5987 ΡΑτειοι.
1127 5921 1370 5985 XXIX.

2093 4702 2218 4749 rent
2247 4693 2298 4747 in
2331 4707 2489 4758 eum,
2526 4702 2575 4744 ut
2609 4691 2763 4744 illum
2804 4699 3086 4760 tangerent
3123 4699 3388 4762 quotquot
3426 4691 3702 4750 habebant

2096 4787 2304 4858 plagas.
2336 4784 2544 4859 [λωηιιν
2579 4783 2657 4856 8.]
2697 4783 2765 4839 Et
2793 4784 3020 4854 spiritus
3055 4787 3340 4851 immundi,
3375 4803 3499 4842 cum
3541 4788 3694 4845 illum

2095 4883 2374 4943 videbant,
2423 4880 2781 4952 procidebant
2829 4882 2920 4935 ei:
2964 4891 3014 4936 et
3048 4882 3359 4938 clamabant
3407 4882 3694 4942 dicentes:

2096 4977 2175 5032 Tu
2207 4992 2268 5032 es
2301 4976 2470 5030 Filius
2503 4976 2618 5031 Dei.
2642 4975 2706 5029 Et
2741 4974 3096 5031 vehementer
3121 4977 3561 5033 comminabatur
3589 4982 3690 5049 eis,

2095 5088 2164 5128 ne
2230 5071 2646 5127 manifestarent
2706 5069 2878 5124 illum.
2927 5069 3109 5140 [χχιχ.
3158 5069 3237 5141 2.]
3280 5070 3350 5125 Ει
3391 5073 3696 5130 ascendens

2094 5169 2418 5230 inmontem
2457 5167 2673 5222 vocavit
2703 5165 2768 5220 ad
2802 5180 2861 5221 se
2887 5180 3023 5235 quos
3058 5164 3222 5219 volttit
3261 5166 3399 5236 ipse,
3431 5177 3486 5223 et
3530 5185 3697 5227 vene-

2094 5271 2222 5318 runt
2245 5263 2311 5316 ad
2335 5259 2480 5317 eum'.
2513 5260 2582 5314 Et
2613 5259 2762 5321 fecit,
2792 5270 2852 5313 ut
2874 5267 3058 5313 essent
3081 5258 3365 5315 duodecim
3397 5277 3520 5318 cum
3553 5264 3647 5320 illo
3679 5285 3693 5322 :

2096 5367 2150 5413 et
2179 5370 2237 5412 ut
2275 5358 2517 5412 mitteret
2545 5369 2640 5408 eos
2677 5351 2993 5423 praedicare.
3037 5353 3106 5408 Et
3130 5353 3278 5408 dedit
3309 5356 3418 5412 illis
3461 5369 3691 5428 potesta-

2101 5459 2207 5507 tem
2262 5449 2488 5505 curandi
2539 5446 2881 5503 infirmitates
2912 5488 2926 5512 ,
2988 5455 3042 5501 et
3093 5446 3346 5518 ejiciendi
3399 5449 3688 5511 daemonia.

2101 5545 2260 5618 μω,
2285 5543 2367 5616 2.]
2393 5543 2461 5600 Et
2490 5542 2754 5614 imposuit
2779 5541 2988 5598 Simoni
3019 5557 3215 5598 nomen
3249 5543 3443 5601 Petrus
3475 5565 3487 5601 :
3519 5556 3574 5603 et
3607 5548 3696 5606 Ja-

2182 5693 2203 5720 ε
2233 5681 2483 5758 Retieent
2515 5680 2688 5758 nostri
2719 5696 2851 5737 mss.
2893 5693 3089 5737 nomen
3125 5681 3377 5739 Dominus
3399 5728 3412 5752 ,
3466 5701 3562 5754 pro
3591 5704 3699 5758 quo

2105 5753 2327 5810 Graecus
2355 5753 2516 5810 habet
2543 5754 2718 5810 αὐτὸν.

3124 5922 3197 5980 19
