  <div class='ocr_page' id='page_1' title='image "/cluster/home/n/w/nwhite01/storage/ocr_20150623/29/hvd.32044015471428/300.png"; bbox 0 0 4166 6336; ppageno 0'>
   <div class='ocr_carea' id='block_1_1' title="bbox 1431 319 2648 448">
    <p class='ocr_par' dir='ltr' id='par_1_1' title="bbox 1431 319 2648 448">
     <span class='ocr_line' id='line_1_1' title="bbox 1431 319 2648 448; baseline 0.012 -16"><span class='ocrx_word' id='word_1_1' title='bbox 1431 371 1882 436; x_wconf 72' lang='grc' dir='ltr'><strong>ΕνΑΝσειιυιί</strong></span> <span class='ocrx_word' id='word_1_2' title='bbox 1925 319 2297 443; x_wconf 60' lang='lat' dir='ltr'><strong>SECUNDUM</strong></span> <span class='ocrx_word' id='word_1_3' title='bbox 2335 380 2648 448; x_wconf 78' lang='lat' dir='ltr'><strong>MARCUM.</strong></span> 
     </span>
    </p>
   </div>
   <div class='ocr_carea' id='block_1_2' title="bbox 3589 405 3695 466">
    <p class='ocr_par' dir='ltr' id='par_1_2' title="bbox 3589 405 3695 466">
     <span class='ocr_line' id='line_1_2' title="bbox 3589 405 3695 466; baseline 0.019 -2"><span class='ocrx_word' id='word_1_4' title='bbox 3589 405 3695 466; x_wconf 79' lang='lat'><strong>590</strong></span> 
     </span>
    </p>
   </div>
   <div class='ocr_carea' id='block_1_3' title="bbox 393 479 3689 590">
    <p class='ocr_par' dir='ltr' id='par_1_3' title="bbox 393 479 3689 590">
     <span class='ocr_line' id='line_1_3' title="bbox 393 479 3689 590; baseline 0.015 -58"><span class='ocrx_word' id='word_1_5' title='bbox 393 481 534 536; x_wconf 78' lang='lat' dir='ltr'><strong>facta</strong></span> <span class='ocrx_word' id='word_1_6' title='bbox 563 480 648 538; x_wconf 80' lang='lat' dir='ltr'><strong>est</strong></span> <span class='ocrx_word' id='word_1_7' title='bbox 672 479 912 552; x_wconf 81' lang='lat' dir='ltr'><strong>procella</strong></span> <span class='ocrx_word' id='word_1_8' title='bbox 945 493 1140 556; x_wconf 81' lang='lat' dir='ltr'><strong>magna</strong></span> <span class='ocrx_word' id='word_1_9' title='bbox 1165 488 1331 555; x_wconf 87' lang='lat' dir='ltr'><strong>venti,</strong></span> <span class='ocrx_word' id='word_1_10' title='bbox 1365 499 1421 546; x_wconf 89' lang='lat' dir='ltr'><strong>et</strong></span> <span class='ocrx_word' id='word_1_11' title='bbox 1446 490 1637 549; x_wconf 82' lang='lat' dir='ltr'><strong>tinctus</strong></span> <span class='ocrx_word' id='word_1_12' title='bbox 1665 497 1914 553; x_wconf 78' lang='lat' dir='ltr'><strong>mittebat</strong></span> <span class='ocrx_word' id='word_1_13' title='bbox 1935 497 1986 552; x_wconf 88' lang='lat' dir='ltr'><strong>in</strong></span> <span class='ocrx_word' id='word_1_14' title='bbox 2018 495 2067 558; x_wconf 76' lang='grc' dir='ltr'>Α</span> <span class='ocrx_word' id='word_1_15' title='bbox 2097 514 2252 569; x_wconf 68' lang='lat' dir='ltr'><strong>pessa</strong></span> <span class='ocrx_word' id='word_1_16' title='bbox 2282 515 2310 553; x_wconf 87' lang='lat' dir='ltr'><strong>a</strong></span> <span class='ocrx_word' id='word_1_17' title='bbox 2342 505 2719 575; x_wconf 79' lang='lat' dir='ltr'><strong>compluribus</strong></span> <span class='ocrx_word' id='word_1_18' title='bbox 2762 508 2988 568; x_wconf 86' lang='lat' dir='ltr'><strong>medicis</strong></span> <span class='ocrx_word' id='word_1_19' title='bbox 3015 527 3027 568; x_wconf 87' lang='lat'><strong>:</strong></span> <span class='ocrx_word' id='word_1_20' title='bbox 3057 520 3111 572; x_wconf 90' lang='lat' dir='ltr'><strong>et</strong></span> <span class='ocrx_word' id='word_1_21' title='bbox 3155 527 3477 590; x_wconf 84' lang='lat' dir='ltr'><strong>erogaverat</strong></span> <span class='ocrx_word' id='word_1_22' title='bbox 3508 528 3689 582; x_wconf 84' lang='lat' dir='ltr'><strong>omnia</strong></span> 
     </span>
    </p>
   </div>
   <div class='ocr_carea' id='block_1_4' title="bbox 393 577 1996 666">
    <p class='ocr_par' dir='ltr' id='par_1_4' title="bbox 393 577 1996 666">
     <span class='ocr_line' id='line_1_4' title="bbox 393 577 1996 666; baseline 0.012 -35"><span class='ocrx_word' id='word_1_23' title='bbox 393 577 609 646; x_wconf 82' lang='lat' dir='ltr'><strong>navim,</strong></span> <span class='ocrx_word' id='word_1_24' title='bbox 639 579 708 633; x_wconf 89' lang='lat' dir='ltr'><strong>ita</strong></span> <span class='ocrx_word' id='word_1_25' title='bbox 741 587 799 634; x_wconf 90' lang='lat' dir='ltr'><strong>ut</strong></span> <span class='ocrx_word' id='word_1_26' title='bbox 831 581 1150 652; x_wconf 82' lang='lat' dir='ltr'><strong>impleretur</strong></span> <span class='ocrx_word' id='word_1_27' title='bbox 1178 586 1350 646; x_wconf 84' lang='lat' dir='ltr'><strong>navis.</strong></span> <span class='ocrx_word' id='word_1_28' title='bbox 1379 589 1444 644; x_wconf 84' lang='lat' dir='ltr'><strong>Et</strong></span> <span class='ocrx_word' id='word_1_29' title='bbox 1465 599 1584 646; x_wconf 90' lang='lat' dir='ltr'><strong>crat</strong></span> <span class='ocrx_word' id='word_1_30' title='bbox 1608 593 1724 663; x_wconf 91' lang='lat' dir='ltr'><strong>ipse</strong></span> <span class='ocrx_word' id='word_1_31' title='bbox 1752 593 1804 648; x_wconf 92' lang='lat' dir='ltr'><strong>in</strong></span> <span class='ocrx_word' id='word_1_32' title='bbox 1831 593 1996 666; x_wconf 91' lang='lat' dir='ltr'><strong>puppi</strong></span> 
     </span>
    </p>
   </div>
   <div class='ocr_carea' id='block_1_5' title="bbox 393 672 1998 752">
    <p class='ocr_par' dir='ltr' id='par_1_5' title="bbox 393 672 1998 752">
     <span class='ocr_line' id='line_1_5' title="bbox 393 672 1998 752; baseline 0.012 -28"><span class='ocrx_word' id='word_1_33' title='bbox 393 683 562 735; x_wconf 83' lang='lat' dir='ltr'><strong>super</strong></span> <span class='ocrx_word' id='word_1_34' title='bbox 590 672 826 728; x_wconf 80' lang='lat' dir='ltr'><strong>cervical</strong></span> <span class='ocrx_word' id='word_1_35' title='bbox 857 675 1136 734; x_wconf 88' lang='lat' dir='ltr'><strong>dormiens</strong></span> <span class='ocrx_word' id='word_1_36' title='bbox 1171 696 1183 733; x_wconf 88' lang='lat'><strong>:</strong></span> <span class='ocrx_word' id='word_1_37' title='bbox 1214 689 1269 736; x_wconf 88' lang='lat' dir='ltr'><strong>et</strong></span> <span class='ocrx_word' id='word_1_38' title='bbox 1297 683 1536 739; x_wconf 83' lang='lat' dir='ltr'><strong>excitant</strong></span> <span class='ocrx_word' id='word_1_39' title='bbox 1563 701 1707 752; x_wconf 91' lang='lat' dir='ltr'><strong>eum,</strong></span> <span class='ocrx_word' id='word_1_40' title='bbox 1731 697 1787 743; x_wconf 90' lang='lat' dir='ltr'><strong>et</strong></span> <span class='ocrx_word' id='word_1_41' title='bbox 1807 688 1998 745; x_wconf 88' lang='lat' dir='ltr'><strong>dicunt</strong></span> 
     </span>
    </p>
   </div>
   <div class='ocr_carea' id='block_1_6' title="bbox 395 759 1996 850">
    <p class='ocr_par' dir='ltr' id='par_1_6' title="bbox 395 759 1996 850">
     <span class='ocr_line' id='line_1_6' title="bbox 395 759 1996 850; baseline 0.015 -35"><span class='ocrx_word' id='word_1_42' title='bbox 395 759 477 815; x_wconf 87' lang='lat' dir='ltr'><strong>illi</strong></span> <span class='ocrx_word' id='word_1_43' title='bbox 511 780 526 817; x_wconf 88' lang='lat'><strong>:</strong></span> <span class='ocrx_word' id='word_1_44' title='bbox 560 763 838 835; x_wconf 83' lang='lat' dir='ltr'><strong>Magister,</strong></span> <span class='ocrx_word' id='word_1_45' title='bbox 871 784 977 824; x_wconf 86' lang='lat' dir='ltr'><strong>non</strong></span> <span class='ocrx_word' id='word_1_46' title='bbox 1011 771 1076 825; x_wconf 86' lang='lat' dir='ltr'><strong>ad</strong></span> <span class='ocrx_word' id='word_1_47' title='bbox 1102 780 1153 828; x_wconf 90' lang='lat' dir='ltr'><strong>te</strong></span> <span class='ocrx_word' id='word_1_48' title='bbox 1185 773 1440 843; x_wconf 90' lang='lat' dir='ltr'><strong>pertinet,</strong></span> <span class='ocrx_word' id='word_1_49' title='bbox 1472 779 1596 848; x_wconf 86' lang='lat' dir='ltr'><strong>quia</strong></span> <span class='ocrx_word' id='word_1_50' title='bbox 1627 780 1904 850; x_wconf 88' lang='lat' dir='ltr'><strong>perimus?</strong></span> <span class='ocrx_word' id='word_1_51' title='bbox 1928 783 1996 838; x_wconf 85' lang='lat' dir='ltr'><strong>Et</strong></span> 
     </span>
    </p>
   </div>
   <div class='ocr_carea' id='block_1_7' title="bbox 393 867 1992 940">
    <p class='ocr_par' dir='ltr' id='par_1_7' title="bbox 393 867 1992 940">
     <span class='ocr_line' id='line_1_7' title="bbox 393 867 1992 940; baseline 0.014 -27"><span class='ocrx_word' id='word_1_52' title='bbox 393 872 700 931; x_wconf 75' lang='lat' dir='ltr'><strong>exsurgens</strong></span> <span class='ocrx_word' id='word_1_53' title='bbox 735 867 1100 923; x_wconf 89' lang='lat' dir='ltr'><strong>comminatus</strong></span> <span class='ocrx_word' id='word_1_54' title='bbox 1149 881 1231 925; x_wconf 90' lang='lat' dir='ltr'><strong>est</strong></span> <span class='ocrx_word' id='word_1_55' title='bbox 1289 882 1479 940; x_wconf 82' lang='lat' dir='ltr'><strong>vento,</strong></span> <span class='ocrx_word' id='word_1_56' title='bbox 1535 886 1590 930; x_wconf 87' lang='lat' dir='ltr'><strong>et</strong></span> <span class='ocrx_word' id='word_1_57' title='bbox 1646 876 1781 932; x_wconf 90' lang='lat' dir='ltr'><strong>dixit</strong></span> <span class='ocrx_word' id='word_1_58' title='bbox 1817 880 1992 935; x_wconf 89' lang='lat' dir='ltr'><strong>mari:</strong></span> 
     </span>
    </p>
   </div>
   <div class='ocr_carea' id='block_1_8' title="bbox 394 951 1994 1028">
    <p class='ocr_par' dir='ltr' id='par_1_8' title="bbox 394 951 1994 1028">
     <span class='ocr_line' id='line_1_8' title="bbox 394 951 1994 1028; baseline 0.013 -21"><span class='ocrx_word' id='word_1_59' title='bbox 394 951 562 1021; x_wconf 79' lang='lat' dir='ltr'><strong>Tace,</strong></span> <span class='ocrx_word' id='word_1_60' title='bbox 596 955 937 1014; x_wconf 76' lang='lat' dir='ltr'><strong>obmutesce.</strong></span> <span class='ocrx_word' id='word_1_61' title='bbox 998 961 1067 1016; x_wconf 84' lang='lat' dir='ltr'><strong>Et</strong></span> <span class='ocrx_word' id='word_1_62' title='bbox 1094 965 1326 1021; x_wconf 85' lang='lat' dir='ltr'><strong>cessavit</strong></span> <span class='ocrx_word' id='word_1_63' title='bbox 1358 975 1551 1024; x_wconf 85' lang='lat' dir='ltr'><strong>ventus</strong></span> <span class='ocrx_word' id='word_1_64' title='bbox 1584 987 1597 1024; x_wconf 90' lang='lat'><strong>:</strong></span> <span class='ocrx_word' id='word_1_65' title='bbox 1632 979 1686 1024; x_wconf 89' lang='lat' dir='ltr'><strong>et</strong></span> <span class='ocrx_word' id='word_1_66' title='bbox 1723 971 1861 1027; x_wconf 84' lang='lat' dir='ltr'><strong>facta</strong></span> <span class='ocrx_word' id='word_1_67' title='bbox 1913 981 1994 1028; x_wconf 91' lang='lat' dir='ltr'><strong>est</strong></span> 
     </span>
    </p>
   </div>
   <div class='ocr_carea' id='block_1_9' title="bbox 395 1050 1994 1131">
    <p class='ocr_par' dir='ltr' id='par_1_9' title="bbox 395 1050 1994 1131">
     <span class='ocr_line' id='line_1_9' title="bbox 395 1050 1994 1131; baseline 0.013 -29"><span class='ocrx_word' id='word_1_68' title='bbox 395 1050 760 1121; x_wconf 79' lang='lat' dir='ltr'><strong>tranquillitas</strong></span> <span class='ocrx_word' id='word_1_69' title='bbox 789 1070 1004 1125; x_wconf 79' lang='lat' dir='ltr'><strong>magna.</strong></span> <span class='ocrx_word' id='word_1_70' title='bbox 1051 1057 1121 1112; x_wconf 87' lang='lat' dir='ltr'><strong>Et</strong></span> <span class='ocrx_word' id='word_1_71' title='bbox 1159 1060 1234 1113; x_wconf 90' lang='lat' dir='ltr'><strong>ait</strong></span> <span class='ocrx_word' id='word_1_72' title='bbox 1266 1060 1368 1115; x_wconf 91' lang='lat' dir='ltr'><strong>illis</strong></span> <span class='ocrx_word' id='word_1_73' title='bbox 1399 1079 1410 1114; x_wconf 88' lang='lat'><strong>:</strong></span> <span class='ocrx_word' id='word_1_74' title='bbox 1437 1063 1577 1131; x_wconf 83' lang='lat' dir='ltr'><strong>Quid</strong></span> <span class='ocrx_word' id='word_1_75' title='bbox 1609 1064 1777 1120; x_wconf 90' lang='lat' dir='ltr'><strong>timidi</strong></span> <span class='ocrx_word' id='word_1_76' title='bbox 1823 1067 1994 1122; x_wconf 83' lang='lat' dir='ltr'><strong>estis?</strong></span> 
     </span>
    </p>
   </div>
   <div class='ocr_carea' id='block_1_10' title="bbox 391 1143 1989 1231">
    <p class='ocr_par' dir='ltr' id='par_1_10' title="bbox 391 1143 1989 1231">
     <span class='ocr_line' id='line_1_10' title="bbox 391 1143 1989 1231; baseline 0.013 -35"><span class='ocrx_word' id='word_1_77' title='bbox 391 1143 628 1198; x_wconf 83' lang='lat' dir='ltr'><strong>necdum</strong></span> <span class='ocrx_word' id='word_1_78' title='bbox 658 1143 868 1203; x_wconf 85' lang='lat' dir='ltr'><strong>habetis</strong></span> <span class='ocrx_word' id='word_1_79' title='bbox 898 1147 1097 1205; x_wconf 80' lang='lat' dir='ltr'><strong>fidem?</strong></span> <span class='ocrx_word' id='word_1_80' title='bbox 1123 1151 1192 1207; x_wconf 83' lang='lat' dir='ltr'><strong>Et</strong></span> <span class='ocrx_word' id='word_1_81' title='bbox 1219 1153 1515 1211; x_wconf 86' lang='lat' dir='ltr'><strong>timuerunt</strong></span> <span class='ocrx_word' id='word_1_82' title='bbox 1553 1158 1748 1216; x_wconf 87' lang='lat' dir='ltr'><strong>timore</strong></span> <span class='ocrx_word' id='word_1_83' title='bbox 1773 1176 1989 1231; x_wconf 87' lang='lat' dir='ltr'><strong>magno,</strong></span> 
     </span>
    </p>
   </div>
   <div class='ocr_carea' id='block_1_11' title="bbox 390 1237 1989 1329">
    <p class='ocr_par' dir='ltr' id='par_1_11' title="bbox 390 1237 1989 1329">
     <span class='ocr_line' id='line_1_11' title="bbox 390 1237 1989 1329; baseline 0.015 -39"><span class='ocrx_word' id='word_1_84' title='bbox 390 1245 447 1290; x_wconf 88' lang='lat' dir='ltr'><strong>et</strong></span> <span class='ocrx_word' id='word_1_85' title='bbox 476 1237 732 1296; x_wconf 90' lang='lat' dir='ltr'><strong>dicebant</strong></span> <span class='ocrx_word' id='word_1_86' title='bbox 757 1241 825 1296; x_wconf 87' lang='lat' dir='ltr'><strong>ad</strong></span> <span class='ocrx_word' id='word_1_87' title='bbox 852 1244 1175 1304; x_wconf 84' lang='lat' dir='ltr'><strong>alterutrum</strong></span> <span class='ocrx_word' id='word_1_88' title='bbox 1202 1250 1384 1319; x_wconf 87' lang='lat' dir='ltr'><strong>:Quis,</strong></span> <span class='ocrx_word' id='word_1_89' title='bbox 1409 1262 1588 1323; x_wconf 87' lang='lat' dir='ltr'><strong>putas,</strong></span> <span class='ocrx_word' id='word_1_90' title='bbox 1609 1266 1691 1311; x_wconf 89' lang='lat' dir='ltr'><strong>est</strong></span> <span class='ocrx_word' id='word_1_91' title='bbox 1713 1256 1835 1322; x_wconf 88' lang='lat' dir='ltr'><strong>iste,</strong></span> <span class='ocrx_word' id='word_1_92' title='bbox 1866 1259 1989 1329; x_wconf 84' lang='lat' dir='ltr'><strong>quia</strong></span> 
     </span>
    </p>
   </div>
   <div class='ocr_carea' id='block_1_12' title="bbox 388 1336 1345 1400">
    <p class='ocr_par' dir='ltr' id='par_1_12' title="bbox 388 1336 1345 1400">
     <span class='ocr_line' id='line_1_12' title="bbox 388 1336 1345 1400; baseline 0.017 -16"><span class='ocrx_word' id='word_1_93' title='bbox 388 1336 447 1384; x_wconf 81' lang='lat' dir='ltr'><strong>et</strong></span> <span class='ocrx_word' id='word_1_94' title='bbox 485 1340 684 1388; x_wconf 78' lang='lat' dir='ltr'><strong>ventus</strong></span> <span class='ocrx_word' id='word_1_95' title='bbox 708 1342 763 1389; x_wconf 89' lang='lat' dir='ltr'><strong>et</strong></span> <span class='ocrx_word' id='word_1_96' title='bbox 784 1351 932 1393; x_wconf 88' lang='lat' dir='ltr'><strong>mare</strong></span> <span class='ocrx_word' id='word_1_97' title='bbox 961 1338 1226 1397; x_wconf 89' lang='lat' dir='ltr'><strong>obediunt</strong></span> <span class='ocrx_word' id='word_1_98' title='bbox 1253 1342 1345 1400; x_wconf 84' lang='lat' dir='ltr'><strong>ei?</strong></span> 
     </span>
    </p>
   </div>
   <div class='ocr_carea' id='block_1_13' title="bbox 461 1422 1988 1500">
    <p class='ocr_par' dir='ltr' id='par_1_13' title="bbox 461 1422 1988 1500">
     <span class='ocr_line' id='line_1_13' title="bbox 461 1422 1988 1500; baseline 0.015 -23"><span class='ocrx_word' id='word_1_99' title='bbox 461 1422 617 1496; x_wconf 85' lang='lat' dir='ltr'><strong>[Cap.</strong></span> <span class='ocrx_word' id='word_1_100' title='bbox 649 1425 739 1499; x_wconf 86' lang='lat' dir='ltr'><strong>V.]</strong></span> <span class='ocrx_word' id='word_1_101' title='bbox 770 1429 837 1484; x_wconf 88' lang='lat' dir='ltr'><strong>Et</strong></span> <span class='ocrx_word' id='word_1_102' title='bbox 858 1444 1125 1490; x_wconf 87' lang='lat' dir='ltr'><strong>venerunt</strong></span> <span class='ocrx_word' id='word_1_103' title='bbox 1161 1445 1312 1494; x_wconf 89' lang='lat' dir='ltr'><strong>trans</strong></span> <span class='ocrx_word' id='word_1_104' title='bbox 1354 1439 1548 1496; x_wconf 89' lang='lat' dir='ltr'><strong>fretum</strong></span> <span class='ocrx_word' id='word_1_105' title='bbox 1592 1444 1758 1499; x_wconf 90' lang='lat' dir='ltr'><strong>maris</strong></span> <span class='ocrx_word' id='word_1_106' title='bbox 1803 1443 1855 1498; x_wconf 92' lang='lat' dir='ltr'><strong>in</strong></span> <span class='ocrx_word' id='word_1_107' title='bbox 1896 1459 1988 1500; x_wconf 88' lang='lat' dir='ltr'><strong>re-</strong></span> 
     </span>
    </p>
   </div>
   <div class='ocr_carea' id='block_1_14' title="bbox 385 1518 1987 1604">
    <p class='ocr_par' dir='ltr' id='par_1_14' title="bbox 385 1518 1987 1604">
     <span class='ocr_line' id='line_1_14' title="bbox 385 1518 1987 1604; baseline 0.014 -33"><span class='ocrx_word' id='word_1_108' title='bbox 385 1518 606 1589; x_wconf 74' lang='lat' dir='ltr'><strong>gionem</strong></span> <span class='ocrx_word' id='word_1_109' title='bbox 639 1521 1071 1584; x_wconf 89' lang='lat' dir='ltr'><strong>Gerasenorum.</strong></span> <span class='ocrx_word' id='word_1_110' title='bbox 1104 1530 1171 1586; x_wconf 88' lang='lat' dir='ltr'><strong>Et</strong></span> <span class='ocrx_word' id='word_1_111' title='bbox 1209 1534 1431 1590; x_wconf 84' lang='lat' dir='ltr'><strong>exeunti</strong></span> <span class='ocrx_word' id='word_1_112' title='bbox 1455 1533 1506 1590; x_wconf 86' lang='lat' dir='ltr'><strong>ei</strong></span> <span class='ocrx_word' id='word_1_113' title='bbox 1530 1535 1601 1591; x_wconf 82' lang='lat' dir='ltr'><strong>de</strong></span> <span class='ocrx_word' id='word_1_114' title='bbox 1627 1537 1773 1604; x_wconf 88' lang='lat' dir='ltr'><strong>navi,</strong></span> <span class='ocrx_word' id='word_1_115' title='bbox 1805 1537 1987 1593; x_wconf 82' lang='lat' dir='ltr'><strong>statim</strong></span> 
     </span>
    </p>
   </div>
   <div class='ocr_carea' id='block_1_15' title="bbox 384 1617 1986 1701">
    <p class='ocr_par' dir='ltr' id='par_1_15' title="bbox 384 1617 1986 1701">
     <span class='ocr_line' id='line_1_15' title="bbox 384 1617 1986 1701; baseline 0.014 -33"><span class='ocrx_word' id='word_1_116' title='bbox 384 1617 632 1671; x_wconf 87' lang='lat' dir='ltr'><strong>occurrit</strong></span> <span class='ocrx_word' id='word_1_117' title='bbox 656 1617 724 1672; x_wconf 89' lang='lat' dir='ltr'><strong>de</strong></span> <span class='ocrx_word' id='word_1_118' title='bbox 755 1625 1125 1681; x_wconf 84' lang='lat' dir='ltr'><strong>monumentis</strong></span> <span class='ocrx_word' id='word_1_119' title='bbox 1148 1627 1312 1684; x_wconf 90' lang='lat' dir='ltr'><strong>homo</strong></span> <span class='ocrx_word' id='word_1_120' title='bbox 1349 1630 1402 1684; x_wconf 92' lang='lat' dir='ltr'><strong>in</strong></span> <span class='ocrx_word' id='word_1_121' title='bbox 1440 1630 1632 1701; x_wconf 86' lang='lat' dir='ltr'><strong>spiritu</strong></span> <span class='ocrx_word' id='word_1_122' title='bbox 1685 1634 1986 1701; x_wconf 89' lang='lat' dir='ltr'><strong>innnundo,</strong></span> 
     </span>
    </p>
   </div>
   <div class='ocr_carea' id='block_1_16' title="bbox 385 1709 1989 1798">
    <p class='ocr_par' dir='ltr' id='par_1_16' title="bbox 385 1709 1989 1798">
     <span class='ocr_line' id='line_1_16' title="bbox 385 1709 1989 1798; baseline 0.012 -35"><span class='ocrx_word' id='word_1_123' title='bbox 385 1709 477 1778; x_wconf 88' lang='lat' dir='ltr'><strong>qui</strong></span> <span class='ocrx_word' id='word_1_124' title='bbox 523 1709 855 1770; x_wconf 84' lang='lat' dir='ltr'><strong>domicilium</strong></span> <span class='ocrx_word' id='word_1_125' title='bbox 906 1715 1140 1774; x_wconf 81' lang='lat' dir='ltr'><strong>habebat</strong></span> <span class='ocrx_word' id='word_1_126' title='bbox 1186 1721 1240 1775; x_wconf 90' lang='lat' dir='ltr'><strong>in</strong></span> <span class='ocrx_word' id='word_1_127' title='bbox 1288 1726 1676 1792; x_wconf 89' lang='lat' dir='ltr'><strong>monumentis,</strong></span> <span class='ocrx_word' id='word_1_128' title='bbox 1725 1735 1784 1781; x_wconf 90' lang='lat' dir='ltr'><strong>et</strong></span> <span class='ocrx_word' id='word_1_129' title='bbox 1811 1743 1989 1798; x_wconf 87' lang='lat' dir='ltr'><strong>neque</strong></span> 
     </span>
    </p>
   </div>
   <div class='ocr_carea' id='block_1_17' title="bbox 388 1805 1980 1892">
    <p class='ocr_par' dir='ltr' id='par_1_17' title="bbox 388 1805 1980 1892">
     <span class='ocr_line' id='line_1_17' title="bbox 388 1805 1980 1892; baseline 0.014 -37"><span class='ocrx_word' id='word_1_130' title='bbox 388 1805 603 1860; x_wconf 84' lang='lat' dir='ltr'><strong>catenis</strong></span> <span class='ocrx_word' id='word_1_131' title='bbox 626 1807 736 1877; x_wconf 86' lang='lat' dir='ltr'><strong>jam</strong></span> <span class='ocrx_word' id='word_1_132' title='bbox 762 1809 1049 1882; x_wconf 85' lang='lat' dir='ltr'><strong>quisquam</strong></span> <span class='ocrx_word' id='word_1_133' title='bbox 1079 1825 1288 1884; x_wconf 85' lang='lat' dir='ltr'><strong>poterat</strong></span> <span class='ocrx_word' id='word_1_134' title='bbox 1316 1833 1437 1873; x_wconf 92' lang='lat' dir='ltr'><strong>eum</strong></span> <span class='ocrx_word' id='word_1_135' title='bbox 1482 1819 1648 1890; x_wconf 82' lang='lat' dir='ltr'><strong>ligare</strong></span> <span class='ocrx_word' id='word_1_136' title='bbox 1680 1840 1692 1876; x_wconf 91' lang='lat'><strong>:</strong></span> <span class='ocrx_word' id='word_1_137' title='bbox 1727 1823 1980 1892; x_wconf 88' lang='lat' dir='ltr'><strong>quoniam</strong></span> 
     </span>
    </p>
   </div>
   <div class='ocr_carea' id='block_1_18' title="bbox 2099 599 3689 684">
    <p class='ocr_par' dir='ltr' id='par_1_18' title="bbox 2099 599 3689 684">
     <span class='ocr_line' id='line_1_18' title="bbox 2099 599 3689 684; baseline 0.018 -38"><span class='ocrx_word' id='word_1_138' title='bbox 2099 605 2218 657; x_wconf 88' lang='lat' dir='ltr'><strong>sua.</strong></span> <span class='ocrx_word' id='word_1_139' title='bbox 2277 609 2377 652; x_wconf 85' lang='lat' dir='ltr'><strong>nec</strong></span> <span class='ocrx_word' id='word_1_140' title='bbox 2400 599 2689 670; x_wconf 83' lang='lat' dir='ltr'><strong>quidquam</strong></span> <span class='ocrx_word' id='word_1_141' title='bbox 2735 603 3056 674; x_wconf 85' lang='lat' dir='ltr'><strong>profecerat,</strong></span> <span class='ocrx_word' id='word_1_142' title='bbox 3109 611 3202 665; x_wconf 89' lang='lat' dir='ltr'><strong>sed</strong></span> <span class='ocrx_word' id='word_1_143' title='bbox 3255 616 3422 684; x_wconf 89' lang='lat' dir='ltr'><strong>magis</strong></span> <span class='ocrx_word' id='word_1_144' title='bbox 3450 615 3689 675; x_wconf 87' lang='lat' dir='ltr'><strong>deterius</strong></span> 
     </span>
    </p>
   </div>
   <div class='ocr_carea' id='block_1_19' title="bbox 2097 682 3685 770">
    <p class='ocr_par' dir='ltr' id='par_1_19' title="bbox 2097 682 3685 770">
     <span class='ocr_line' id='line_1_19' title="bbox 2097 682 3685 770; baseline 0.02 -33"><span class='ocrx_word' id='word_1_145' title='bbox 2097 682 2371 742; x_wconf 87' lang='lat' dir='ltr'><strong>habebat:</strong></span> <span class='ocrx_word' id='word_1_146' title='bbox 2434 706 2555 746; x_wconf 90' lang='lat' dir='ltr'><strong>eum</strong></span> <span class='ocrx_word' id='word_1_147' title='bbox 2599 694 2838 751; x_wconf 88' lang='lat' dir='ltr'><strong>audisset</strong></span> <span class='ocrx_word' id='word_1_148' title='bbox 2870 697 2937 755; x_wconf 92' lang='lat' dir='ltr'><strong>de</strong></span> <span class='ocrx_word' id='word_1_149' title='bbox 2963 699 3118 770; x_wconf 89' lang='lat' dir='ltr'><strong>Jesu,</strong></span> <span class='ocrx_word' id='word_1_150' title='bbox 3149 705 3297 759; x_wconf 87' lang='lat' dir='ltr'><strong>venit</strong></span> <span class='ocrx_word' id='word_1_151' title='bbox 3321 682 3373 761; x_wconf 79' lang='lat' dir='ltr'><strong>in</strong></span> <span class='ocrx_word' id='word_1_152' title='bbox 3405 709 3556 763; x_wconf 81' lang='lat' dir='ltr'><strong>turba</strong></span> <span class='ocrx_word' id='word_1_153' title='bbox 3605 728 3685 767; x_wconf 87' lang='lat' dir='ltr'><strong>re-</strong></span> 
     </span>
    </p>
   </div>
   <div class='ocr_carea' id='block_1_20' title="bbox 2099 787 3686 867">
    <p class='ocr_par' dir='ltr' id='par_1_20' title="bbox 2099 787 3686 867">
     <span class='ocr_line' id='line_1_20' title="bbox 2099 787 3686 867; baseline 0.017 -33"><span class='ocrx_word' id='word_1_154' title='bbox 2099 788 2202 848; x_wconf 90' lang='lat' dir='ltr'><strong>tro,</strong></span> <span class='ocrx_word' id='word_1_155' title='bbox 2262 792 2316 838; x_wconf 90' lang='lat' dir='ltr'><strong>et</strong></span> <span class='ocrx_word' id='word_1_156' title='bbox 2373 787 2550 858; x_wconf 81' lang='lat' dir='ltr'><strong>tetigit</strong></span> <span class='ocrx_word' id='word_1_157' title='bbox 2581 791 2958 849; x_wconf 83' lang='lat' dir='ltr'><strong>veSIimentnm</strong></span> <span class='ocrx_word' id='word_1_158' title='bbox 3017 797 3180 867; x_wconf 91' lang='lat' dir='ltr'><strong>ejus:</strong></span> <span class='ocrx_word' id='word_1_159' title='bbox 3225 799 3439 856; x_wconf 85' lang='lat' dir='ltr'><strong>diccbat</strong></span> <span class='ocrx_word' id='word_1_160' title='bbox 3496 806 3686 862; x_wconf 88' lang='lat' dir='ltr'><strong>enim:</strong></span> 
     </span>
    </p>
   </div>
   <div class='ocr_carea' id='block_1_21' title="bbox 2097 876 3690 965">
    <p class='ocr_par' dir='ltr' id='par_1_21' title="bbox 2097 876 3690 965">
     <span class='ocr_line' id='line_1_21' title="bbox 2097 876 3690 965; baseline 0.018 -37"><span class='ocrx_word' id='word_1_161' title='bbox 2097 876 2252 944; x_wconf 85' lang='lat' dir='ltr'><strong>Quia,</strong></span> <span class='ocrx_word' id='word_1_162' title='bbox 2280 880 2321 933; x_wconf 91' lang='lat' dir='ltr'><strong>si</strong></span> <span class='ocrx_word' id='word_1_163' title='bbox 2351 883 2432 936; x_wconf 90' lang='lat' dir='ltr'><strong>vel</strong></span> <span class='ocrx_word' id='word_1_164' title='bbox 2465 886 2846 942; x_wconf 85' lang='lat' dir='ltr'><strong>vestimentum</strong></span> <span class='ocrx_word' id='word_1_165' title='bbox 2877 889 2992 959; x_wconf 86' lang='lat' dir='ltr'><strong>ejus</strong></span> <span class='ocrx_word' id='word_1_166' title='bbox 3020 894 3274 965; x_wconf 78' lang='lat' dir='ltr'><strong>tetigero,</strong></span> <span class='ocrx_word' id='word_1_167' title='bbox 3301 897 3447 953; x_wconf 86' lang='lat' dir='ltr'><strong>salva</strong></span> <span class='ocrx_word' id='word_1_168' title='bbox 3469 915 3586 955; x_wconf 89' lang='lat' dir='ltr'><strong>cro.</strong></span> <span class='ocrx_word' id='word_1_169' title='bbox 3623 900 3690 956; x_wconf 88' lang='lat' dir='ltr'><strong>Et</strong></span> 
     </span>
    </p>
   </div>
   <div class='ocr_carea' id='block_1_22' title="bbox 2097 972 3691 1059">
    <p class='ocr_par' dir='ltr' id='par_1_22' title="bbox 2097 972 3691 1059">
     <span class='ocr_line' id='line_1_22' title="bbox 2097 972 3691 1059; baseline 0.018 -37"><span class='ocrx_word' id='word_1_170' title='bbox 2097 972 2381 1026; x_wconf 77' lang='lat' dir='ltr'><strong>confestim</strong></span> <span class='ocrx_word' id='word_1_171' title='bbox 2407 975 2640 1032; x_wconf 90' lang='lat' dir='ltr'><strong>siccatus</strong></span> <span class='ocrx_word' id='word_1_172' title='bbox 2664 989 2749 1035; x_wconf 84' lang='lat' dir='ltr'><strong>est</strong></span> <span class='ocrx_word' id='word_1_173' title='bbox 2783 983 2904 1038; x_wconf 84' lang='lat' dir='ltr'><strong>fons</strong></span> <span class='ocrx_word' id='word_1_174' title='bbox 2926 988 3205 1055; x_wconf 79' lang='lat' dir='ltr'><strong>sanguinis</strong></span> <span class='ocrx_word' id='word_1_175' title='bbox 3229 991 3346 1059; x_wconf 89' lang='lat' dir='ltr'><strong>ejus</strong></span> <span class='ocrx_word' id='word_1_176' title='bbox 3379 1008 3390 1043; x_wconf 90' lang='lat'><strong>:</strong></span> <span class='ocrx_word' id='word_1_177' title='bbox 3440 1002 3492 1047; x_wconf 88' lang='lat' dir='ltr'><strong>et.</strong></span> <span class='ocrx_word' id='word_1_178' title='bbox 3524 995 3691 1050; x_wconf 80' lang='lat' dir='ltr'><strong>sensit</strong></span> 
     </span>
    </p>
   </div>
   <div class='ocr_carea' id='block_1_23' title="bbox 2096 1069 3686 1150">
    <p class='ocr_par' dir='ltr' id='par_1_23' title="bbox 2096 1069 3686 1150">
     <span class='ocr_line' id='line_1_23' title="bbox 2096 1069 3686 1150; baseline 0.016 -34"><span class='ocrx_word' id='word_1_179' title='bbox 2096 1076 2343 1133; x_wconf 90' lang='lat' dir='ltr'><strong>corpore,</strong></span> <span class='ocrx_word' id='word_1_180' title='bbox 2366 1069 2490 1137; x_wconf 86' lang='lat' dir='ltr'><strong>quia</strong></span> <span class='ocrx_word' id='word_1_181' title='bbox 2509 1081 2696 1127; x_wconf 88' lang='lat' dir='ltr'><strong>sanata</strong></span> <span class='ocrx_word' id='word_1_182' title='bbox 2719 1084 2866 1131; x_wconf 83' lang='lat' dir='ltr'><strong>esset</strong></span> <span class='ocrx_word' id='word_1_183' title='bbox 2896 1093 2922 1130; x_wconf 91' lang='lat' dir='ltr'><strong>a</strong></span> <span class='ocrx_word' id='word_1_184' title='bbox 2953 1077 3122 1150; x_wconf 82' lang='lat' dir='ltr'><strong>plaga.</strong></span> <span class='ocrx_word' id='word_1_185' title='bbox 3149 1083 3213 1135; x_wconf 77' lang='lat' dir='ltr'><strong>Et</strong></span> <span class='ocrx_word' id='word_1_186' title='bbox 3239 1084 3420 1139; x_wconf 87' lang='lat' dir='ltr'><strong>statim</strong></span> <span class='ocrx_word' id='word_1_187' title='bbox 3449 1085 3605 1141; x_wconf 75' lang='lat' dir='ltr'><strong>Jesus</strong></span> <span class='ocrx_word' id='word_1_188' title='bbox 3633 1087 3686 1142; x_wconf 90' lang='lat' dir='ltr'><strong>in</strong></span> 
     </span>
    </p>
   </div>
   <div class='ocr_carea' id='block_1_24' title="bbox 2094 1158 3684 1250">
    <p class='ocr_par' dir='ltr' id='par_1_24' title="bbox 2094 1158 3684 1250">
     <span class='ocr_line' id='line_1_24' title="bbox 2094 1158 3684 1250; baseline 0.014 -36"><span class='ocrx_word' id='word_1_189' title='bbox 2094 1158 2391 1229; x_wconf 78' lang='lat' dir='ltr'><strong>semetipso</strong></span> <span class='ocrx_word' id='word_1_190' title='bbox 2412 1177 2744 1233; x_wconf 79' lang='lat' dir='ltr'><strong>cognoscens</strong></span> <span class='ocrx_word' id='word_1_191' title='bbox 2771 1169 3045 1241; x_wconf 82' lang='lat' dir='ltr'><strong>virtutem,</strong></span> <span class='ocrx_word' id='word_1_192' title='bbox 3080 1191 3197 1243; x_wconf 73' lang='lat' dir='ltr'><strong>qum</strong></span> <span class='ocrx_word' id='word_1_193' title='bbox 3227 1178 3439 1233; x_wconf 84' lang='lat' dir='ltr'><strong>exierat</strong></span> <span class='ocrx_word' id='word_1_194' title='bbox 3467 1179 3534 1235; x_wconf 91' lang='lat' dir='ltr'><strong>de</strong></span> <span class='ocrx_word' id='word_1_195' title='bbox 3568 1181 3684 1250; x_wconf 89' lang='lat' dir='ltr'><strong>illo,</strong></span> 
     </span>
    </p>
   </div>
   <div class='ocr_carea' id='block_1_25' title="bbox 2095 1255 3688 1340">
    <p class='ocr_par' dir='ltr' id='par_1_25' title="bbox 2095 1255 3688 1340">
     <span class='ocr_line' id='line_1_25' title="bbox 2095 1255 3688 1340; baseline 0.018 -39"><span class='ocrx_word' id='word_1_196' title='bbox 2095 1262 2388 1308; x_wconf 83' lang='lat' dir='ltr'><strong>conversus</strong></span> <span class='ocrx_word' id='word_1_197' title='bbox 2413 1255 2478 1308; x_wconf 87' lang='lat' dir='ltr'><strong>ad</strong></span> <span class='ocrx_word' id='word_1_198' title='bbox 2513 1259 2745 1328; x_wconf 89' lang='lat' dir='ltr'><strong>turbam,</strong></span> <span class='ocrx_word' id='word_1_199' title='bbox 2767 1261 2942 1317; x_wconf 83' lang='lat' dir='ltr'><strong>aiebat</strong></span> <span class='ocrx_word' id='word_1_200' title='bbox 2971 1280 2984 1316; x_wconf 91' lang='lat'><strong>:</strong></span> <span class='ocrx_word' id='word_1_201' title='bbox 3014 1266 3142 1332; x_wconf 84' lang='lat' dir='ltr'><strong>Quis</strong></span> <span class='ocrx_word' id='word_1_202' title='bbox 3164 1269 3340 1340; x_wconf 85' lang='lat' dir='ltr'><strong>tetigit</strong></span> <span class='ocrx_word' id='word_1_203' title='bbox 3365 1272 3688 1330; x_wconf 86' lang='lat' dir='ltr'><strong>vestimenta</strong></span> 
     </span>
    </p>
   </div>
   <div class='ocr_carea' id='block_1_26' title="bbox 2093 1345 3686 1428">
    <p class='ocr_par' dir='ltr' id='par_1_26' title="bbox 2093 1345 3686 1428">
     <span class='ocr_line' id='line_1_26' title="bbox 2093 1345 3686 1428; baseline 0.017 -31"><span class='ocrx_word' id='word_1_204' title='bbox 2093 1345 2255 1399; x_wconf 85' lang='lat' dir='ltr'><strong>mea?</strong></span> <span class='ocrx_word' id='word_1_205' title='bbox 2297 1346 2364 1401; x_wconf 85' lang='lat' dir='ltr'><strong>Et</strong></span> <span class='ocrx_word' id='word_1_206' title='bbox 2410 1348 2661 1406; x_wconf 77' lang='lat' dir='ltr'><strong>dicebant</strong></span> <span class='ocrx_word' id='word_1_207' title='bbox 2704 1355 2751 1409; x_wconf 90' lang='lat' dir='ltr'><strong>ei</strong></span> <span class='ocrx_word' id='word_1_208' title='bbox 2801 1356 3052 1428; x_wconf 87' lang='lat' dir='ltr'><strong>discipuli</strong></span> <span class='ocrx_word' id='word_1_209' title='bbox 3109 1363 3232 1418; x_wconf 90' lang='lat' dir='ltr'><strong>sui:</strong></span> <span class='ocrx_word' id='word_1_210' title='bbox 3281 1363 3442 1421; x_wconf 81' lang='lat' dir='ltr'><strong>Vides</strong></span> <span class='ocrx_word' id='word_1_211' title='bbox 3477 1368 3686 1424; x_wconf 84' lang='lat' dir='ltr'><strong>turbam</strong></span> 
     </span>
    </p>
   </div>
   <div class='ocr_carea' id='block_1_27' title="bbox 2093 1439 3688 1528">
    <p class='ocr_par' dir='ltr' id='par_1_27' title="bbox 2093 1439 3688 1528">
     <span class='ocr_line' id='line_1_27' title="bbox 2093 1439 3688 1528; baseline 0.016 -39"><span class='ocrx_word' id='word_1_212' title='bbox 2093 1439 2544 1508; x_wconf 70' lang='lat' dir='ltr'><strong>comprimentem</strong></span> <span class='ocrx_word' id='word_1_213' title='bbox 2605 1456 2675 1514; x_wconf 89' lang='lat' dir='ltr'><strong>te,</strong></span> <span class='ocrx_word' id='word_1_214' title='bbox 2720 1449 2981 1506; x_wconf 87' lang='lat' dir='ltr'><strong>etdieis:</strong></span> <span class='ocrx_word' id='word_1_215' title='bbox 3026 1453 3158 1520; x_wconf 88' lang='lat' dir='ltr'><strong>Quis</strong></span> <span class='ocrx_word' id='word_1_216' title='bbox 3213 1473 3298 1512; x_wconf 92' lang='lat' dir='ltr'><strong>me</strong></span> <span class='ocrx_word' id='word_1_217' title='bbox 3345 1459 3570 1528; x_wconf 76' lang='lat' dir='ltr'><strong>tetigit?</strong></span> <span class='ocrx_word' id='word_1_218' title='bbox 3623 1463 3688 1516; x_wconf 78' lang='lat' dir='ltr'><strong>Et</strong></span> 
     </span>
    </p>
   </div>
   <div class='ocr_carea' id='block_1_28' title="bbox 2091 1529 3687 1616">
    <p class='ocr_par' dir='ltr' id='par_1_28' title="bbox 2091 1529 3687 1616">
     <span class='ocr_line' id='line_1_28' title="bbox 2091 1529 3687 1616; baseline 0.018 -33"><span class='ocrx_word' id='word_1_219' title='bbox 2091 1529 2564 1604; x_wconf 79' lang='lat' dir='ltr'><strong>cireumSpiciebat</strong></span> <span class='ocrx_word' id='word_1_220' title='bbox 2595 1540 2782 1596; x_wconf 89' lang='lat' dir='ltr'><strong>videre</strong></span> <span class='ocrx_word' id='word_1_221' title='bbox 2821 1557 2938 1598; x_wconf 76' lang='lat' dir='ltr'><strong>eam</strong></span> <span class='ocrx_word' id='word_1_222' title='bbox 2971 1561 3091 1616; x_wconf 83' lang='lat' dir='ltr'><strong>quae</strong></span> <span class='ocrx_word' id='word_1_223' title='bbox 3117 1549 3219 1604; x_wconf 92' lang='lat' dir='ltr'><strong>hoc</strong></span> <span class='ocrx_word' id='word_1_224' title='bbox 3244 1549 3466 1607; x_wconf 82' lang='lat' dir='ltr'><strong>fecerat.</strong></span> <span class='ocrx_word' id='word_1_225' title='bbox 3499 1552 3687 1610; x_wconf 81' lang='lat' dir='ltr'><strong>Mulier</strong></span> 
     </span>
    </p>
   </div>
   <div class='ocr_carea' id='block_1_29' title="bbox 2093 1628 3689 1715">
    <p class='ocr_par' dir='ltr' id='par_1_29' title="bbox 2093 1628 3689 1715">
     <span class='ocr_line' id='line_1_29' title="bbox 2093 1628 3689 1715; baseline 0.018 -38"><span class='ocrx_word' id='word_1_226' title='bbox 2093 1639 2223 1679; x_wconf 87' lang='lat' dir='ltr'><strong>vero</strong></span> <span class='ocrx_word' id='word_1_227' title='bbox 2255 1628 2475 1696; x_wconf 90' lang='lat' dir='ltr'><strong>timens,</strong></span> <span class='ocrx_word' id='word_1_228' title='bbox 2529 1642 2582 1688; x_wconf 91' lang='lat' dir='ltr'><strong>et</strong></span> <span class='ocrx_word' id='word_1_229' title='bbox 2614 1644 2878 1704; x_wconf 88' lang='lat' dir='ltr'><strong>tremens,</strong></span> <span class='ocrx_word' id='word_1_230' title='bbox 2915 1641 3095 1697; x_wconf 80' lang='lat' dir='ltr'><strong>sciens</strong></span> <span class='ocrx_word' id='word_1_231' title='bbox 3139 1646 3282 1715; x_wconf 90' lang='lat' dir='ltr'><strong>quod</strong></span> <span class='ocrx_word' id='word_1_232' title='bbox 3310 1633 3509 1702; x_wconf 85' lang='lat' dir='ltr'><strong>factum</strong></span> <span class='ocrx_word' id='word_1_233' title='bbox 3541 1659 3689 1708; x_wconf 80' lang='lat' dir='ltr'><strong>esset</strong></span> 
     </span>
    </p>
   </div>
   <div class='ocr_carea' id='block_1_30' title="bbox 2095 1717 3688 1804">
    <p class='ocr_par' dir='ltr' id='par_1_30' title="bbox 2095 1717 3688 1804">
     <span class='ocr_line' id='line_1_30' title="bbox 2095 1717 3688 1804; baseline 0.019 -33"><span class='ocrx_word' id='word_1_234' title='bbox 2095 1717 2145 1771; x_wconf 90' lang='lat' dir='ltr'><strong>in</strong></span> <span class='ocrx_word' id='word_1_235' title='bbox 2173 1733 2256 1783; x_wconf 88' lang='lat' dir='ltr'><strong>se,</strong></span> <span class='ocrx_word' id='word_1_236' title='bbox 2281 1723 2448 1786; x_wconf 82' lang='lat' dir='ltr'><strong>venit,</strong></span> <span class='ocrx_word' id='word_1_237' title='bbox 2483 1735 2536 1779; x_wconf 88' lang='lat' dir='ltr'><strong>et</strong></span> <span class='ocrx_word' id='word_1_238' title='bbox 2569 1730 2946 1796; x_wconf 85' lang='lat' dir='ltr'><strong>proeiditante</strong></span> <span class='ocrx_word' id='word_1_239' title='bbox 2973 1751 3117 1804; x_wconf 90' lang='lat' dir='ltr'><strong>eum,</strong></span> <span class='ocrx_word' id='word_1_240' title='bbox 3149 1747 3200 1793; x_wconf 91' lang='lat' dir='ltr'><strong>et</strong></span> <span class='ocrx_word' id='word_1_241' title='bbox 3231 1739 3367 1795; x_wconf 84' lang='lat' dir='ltr'><strong>dixit</strong></span> <span class='ocrx_word' id='word_1_242' title='bbox 3392 1743 3439 1796; x_wconf 91' lang='lat' dir='ltr'><strong>ei</strong></span> <span class='ocrx_word' id='word_1_243' title='bbox 3472 1757 3688 1802; x_wconf 90' lang='lat' dir='ltr'><strong>omnem</strong></span> 
     </span>
    </p>
   </div>
   <div class='ocr_carea' id='block_1_31' title="bbox 2093 1811 3690 1900">
    <p class='ocr_par' dir='ltr' id='par_1_31' title="bbox 2093 1811 3690 1900">
     <span class='ocr_line' id='line_1_31' title="bbox 2093 1811 3690 1900; baseline 0.021 -38"><span class='ocrx_word' id='word_1_244' title='bbox 2093 1811 2400 1869; x_wconf 76' lang='lat' dir='ltr'><strong>veritatem.</strong></span> <span class='ocrx_word' id='word_1_245' title='bbox 2429 1816 2522 1872; x_wconf 86' lang='lat' dir='ltr'><strong>Ille</strong></span> <span class='ocrx_word' id='word_1_246' title='bbox 2545 1828 2724 1877; x_wconf 91' lang='lat' dir='ltr'><strong>autem</strong></span> <span class='ocrx_word' id='word_1_247' title='bbox 2748 1823 2884 1881; x_wconf 84' lang='lat' dir='ltr'><strong>dixit</strong></span> <span class='ocrx_word' id='word_1_248' title='bbox 2908 1827 2954 1882; x_wconf 92' lang='lat' dir='ltr'><strong>ei</strong></span> <span class='ocrx_word' id='word_1_249' title='bbox 2992 1846 3004 1881; x_wconf 92' lang='lat'><strong>:</strong></span> <span class='ocrx_word' id='word_1_250' title='bbox 3041 1829 3197 1900; x_wconf 86' lang='lat' dir='ltr'><strong>Filia,</strong></span> <span class='ocrx_word' id='word_1_251' title='bbox 3231 1832 3366 1890; x_wconf 80' lang='lat' dir='ltr'><strong>ﬁdes</strong></span> <span class='ocrx_word' id='word_1_252' title='bbox 3386 1843 3474 1891; x_wconf 91' lang='lat' dir='ltr'><strong>tua</strong></span> <span class='ocrx_word' id='word_1_253' title='bbox 3506 1846 3558 1892; x_wconf 90' lang='lat' dir='ltr'><strong>te</strong></span> <span class='ocrx_word' id='word_1_254' title='bbox 3585 1839 3690 1894; x_wconf 88' lang='lat' dir='ltr'><strong>sal-</strong></span> 
     </span>
    </p>
   </div>
   <div class='ocr_carea' id='block_1_32' title="bbox 383 1899 3687 2003">
    <p class='ocr_par' dir='ltr' id='par_1_32' title="bbox 383 1899 3687 2003">
     <span class='ocr_line' id='line_1_32' title="bbox 383 1899 3687 2003; baseline 0.011 -52"><span class='ocrx_word' id='word_1_255' title='bbox 383 1909 533 1967; x_wconf 61' lang='lat' dir='ltr'><strong>sarpe</strong></span> <span class='ocrx_word' id='word_1_256' title='bbox 557 1903 915 1972; x_wconf 83' lang='lat' dir='ltr'><strong>compedibus</strong></span> <span class='ocrx_word' id='word_1_257' title='bbox 943 1915 998 1961; x_wconf 88' lang='lat' dir='ltr'><strong>et</strong></span> <span class='ocrx_word' id='word_1_258' title='bbox 1049 1911 1258 1966; x_wconf 88' lang='lat' dir='ltr'><strong>catenis</strong></span> <span class='ocrx_word' id='word_1_259' title='bbox 1304 1913 1540 1981; x_wconf 86' lang='lat' dir='ltr'><strong>vinctus,</strong></span> <span class='ocrx_word' id='word_1_260' title='bbox 1572 1913 1868 1986; x_wconf 87' lang='lat' dir='ltr'><strong>dirupisset</strong></span> <span class='ocrx_word' id='word_1_261' title='bbox 1897 1931 1986 1972; x_wconf 91' lang='lat' dir='ltr'><strong>ca-</strong></span> <span class='ocrx_word' id='word_1_262' title='bbox 2015 1899 2063 1965; x_wconf 79' lang='grc' dir='ltr'><em>Β</em></span> <span class='ocrx_word' id='word_1_263' title='bbox 2089 1919 2207 1960; x_wconf 71' lang='grc' dir='ltr'><strong>νδῐη</strong></span> <span class='ocrx_word' id='word_1_264' title='bbox 2235 1907 2364 1964; x_wconf 66' lang='lat' dir='ltr'><strong>feeit</strong></span> <span class='ocrx_word' id='word_1_265' title='bbox 2399 1927 2412 1963; x_wconf 89' lang='lat'><strong>:</strong></span> <span class='ocrx_word' id='word_1_266' title='bbox 2442 1914 2576 1970; x_wconf 81' lang='lat' dir='ltr'><strong>Vade</strong></span> <span class='ocrx_word' id='word_1_267' title='bbox 2605 1917 2654 1969; x_wconf 90' lang='lat' dir='ltr'><strong>in</strong></span> <span class='ocrx_word' id='word_1_268' title='bbox 2707 1934 2860 1989; x_wconf 86' lang='lat' dir='ltr'><strong>pace,</strong></span> <span class='ocrx_word' id='word_1_269' title='bbox 2894 1931 2948 1977; x_wconf 93' lang='lat' dir='ltr'><strong>ct</strong></span> <span class='ocrx_word' id='word_1_270' title='bbox 2976 1933 3094 1980; x_wconf 89' lang='lat' dir='ltr'><strong>esto</strong></span> <span class='ocrx_word' id='word_1_271' title='bbox 3147 1943 3278 1983; x_wconf 85' lang='lat' dir='ltr'><strong>sana</strong></span> <span class='ocrx_word' id='word_1_272' title='bbox 3324 1945 3353 1984; x_wconf 91' lang='lat' dir='ltr'><strong>a</strong></span> <span class='ocrx_word' id='word_1_273' title='bbox 3388 1933 3539 2003; x_wconf 81' lang='lat' dir='ltr'><strong>plaga</strong></span> <span class='ocrx_word' id='word_1_274' title='bbox 3573 1943 3687 1992; x_wconf 88' lang='lat' dir='ltr'><strong>tua.</strong></span> 
     </span>
    </p>
   </div>
   <div class='ocr_carea' id='block_1_33' title="bbox 385 2000 1986 2082">
    <p class='ocr_par' dir='ltr' id='par_1_33' title="bbox 385 2000 1986 2082">
     <span class='ocr_line' id='line_1_33' title="bbox 385 2000 1986 2082; baseline 0.012 -35"><span class='ocrx_word' id='word_1_275' title='bbox 385 2000 561 2060; x_wconf 77' lang='lat' dir='ltr'><strong>tenes,</strong></span> <span class='ocrx_word' id='word_1_276' title='bbox 597 2006 651 2051; x_wconf 92' lang='lat' dir='ltr'><strong>et</strong></span> <span class='ocrx_word' id='word_1_277' title='bbox 672 2003 970 2069; x_wconf 86' lang='lat' dir='ltr'><strong>compedes</strong></span> <span class='ocrx_word' id='word_1_278' title='bbox 999 2006 1436 2077; x_wconf 89' lang='lat' dir='ltr'><strong>eomminuisset,</strong></span> <span class='ocrx_word' id='word_1_279' title='bbox 1491 2017 1546 2065; x_wconf 88' lang='lat' dir='ltr'><strong>et</strong></span> <span class='ocrx_word' id='word_1_280' title='bbox 1585 2025 1744 2065; x_wconf 90' lang='lat' dir='ltr'><strong>nemo</strong></span> <span class='ocrx_word' id='word_1_281' title='bbox 1773 2020 1986 2082; x_wconf 89' lang='lat' dir='ltr'><strong>poterat</strong></span> 
     </span>
    </p>
   </div>
   <div class='ocr_carea' id='block_1_34' title="bbox 383 2088 1987 2167">
    <p class='ocr_par' dir='ltr' id='par_1_34' title="bbox 383 2088 1987 2167">
     <span class='ocr_line' id='line_1_34' title="bbox 383 2088 1987 2167; baseline 0.011 -25"><span class='ocrx_word' id='word_1_282' title='bbox 383 2100 507 2143; x_wconf 88' lang='lat' dir='ltr'><strong>eum</strong></span> <span class='ocrx_word' id='word_1_283' title='bbox 537 2088 786 2148; x_wconf 86' lang='lat' dir='ltr'><strong>domare.</strong></span> <span class='ocrx_word' id='word_1_284' title='bbox 823 2093 890 2149; x_wconf 84' lang='lat' dir='ltr'><strong>Et</strong></span> <span class='ocrx_word' id='word_1_285' title='bbox 913 2110 1131 2167; x_wconf 90' lang='lat' dir='ltr'><strong>semper</strong></span> <span class='ocrx_word' id='word_1_286' title='bbox 1159 2099 1250 2155; x_wconf 87' lang='lat' dir='ltr'><strong>die</strong></span> <span class='ocrx_word' id='word_1_287' title='bbox 1279 2115 1344 2158; x_wconf 89' lang='lat' dir='ltr'><strong>ac</strong></span> <span class='ocrx_word' id='word_1_288' title='bbox 1368 2112 1526 2156; x_wconf 89' lang='lat' dir='ltr'><strong>nocte</strong></span> <span class='ocrx_word' id='word_1_289' title='bbox 1558 2103 1609 2157; x_wconf 90' lang='lat' dir='ltr'><strong>in</strong></span> <span class='ocrx_word' id='word_1_290' title='bbox 1661 2118 1987 2160; x_wconf 89' lang='lat' dir='ltr'><strong>monumen-</strong></span> 
     </span>
    </p>
   </div>
   <div class='ocr_carea' id='block_1_35' title="bbox 387 2181 1986 2262">
    <p class='ocr_par' dir='ltr' id='par_1_35' title="bbox 387 2181 1986 2262">
     <span class='ocr_line' id='line_1_35' title="bbox 387 2181 1986 2262; baseline 0.013 -27"><span class='ocrx_word' id='word_1_291' title='bbox 387 2181 458 2236; x_wconf 88' lang='lat' dir='ltr'><strong>tis</strong></span> <span class='ocrx_word' id='word_1_292' title='bbox 487 2184 621 2240; x_wconf 87' lang='lat' dir='ltr'><strong>etin</strong></span> <span class='ocrx_word' id='word_1_293' title='bbox 676 2189 951 2246; x_wconf 81' lang='lat' dir='ltr'><strong>montibus</strong></span> <span class='ocrx_word' id='word_1_294' title='bbox 991 2201 1131 2259; x_wconf 88' lang='lat' dir='ltr'><strong>erat,</strong></span> <span class='ocrx_word' id='word_1_295' title='bbox 1170 2194 1435 2262; x_wconf 90' lang='lat' dir='ltr'><strong>clamans,</strong></span> <span class='ocrx_word' id='word_1_296' title='bbox 1471 2205 1527 2253; x_wconf 92' lang='lat' dir='ltr'><strong>et</strong></span> <span class='ocrx_word' id='word_1_297' title='bbox 1584 2198 1880 2254; x_wconf 89' lang='lat' dir='ltr'><strong>concidens</strong></span> <span class='ocrx_word' id='word_1_298' title='bbox 1925 2213 1986 2256; x_wconf 90' lang='lat' dir='ltr'><strong>se</strong></span> 
     </span>
    </p>
   </div>
   <div class='ocr_carea' id='block_1_36' title="bbox 384 2276 1989 2366">
    <p class='ocr_par' dir='ltr' id='par_1_36' title="bbox 384 2276 1989 2366">
     <span class='ocr_line' id='line_1_36' title="bbox 384 2276 1989 2366; baseline 0.014 -36"><span class='ocrx_word' id='word_1_299' title='bbox 384 2276 676 2347; x_wconf 80' lang='lat' dir='ltr'><strong>lapidibus.</strong></span> <span class='ocrx_word' id='word_1_300' title='bbox 705 2282 907 2342; x_wconf 81' lang='lat' dir='ltr'><strong>Videas</strong></span> <span class='ocrx_word' id='word_1_301' title='bbox 952 2297 1131 2344; x_wconf 88' lang='lat' dir='ltr'><strong>autem</strong></span> <span class='ocrx_word' id='word_1_302' title='bbox 1158 2290 1343 2347; x_wconf 91' lang='lat' dir='ltr'><strong>Jesum</strong></span> <span class='ocrx_word' id='word_1_303' title='bbox 1371 2308 1399 2348; x_wconf 89' lang='lat' dir='ltr'><strong>a</strong></span> <span class='ocrx_word' id='word_1_304' title='bbox 1441 2293 1620 2366; x_wconf 88' lang='lat' dir='ltr'><strong>longe,</strong></span> <span class='ocrx_word' id='word_1_305' title='bbox 1648 2297 1887 2351; x_wconf 89' lang='lat' dir='ltr'><strong>cucurrit</strong></span> <span class='ocrx_word' id='word_1_306' title='bbox 1934 2303 1989 2353; x_wconf 93' lang='lat' dir='ltr'><strong>et</strong></span> 
     </span>
    </p>
   </div>
   <div class='ocr_carea' id='block_1_37' title="bbox 383 2369 1986 2459">
    <p class='ocr_par' dir='ltr' id='par_1_37' title="bbox 383 2369 1986 2459">
     <span class='ocr_line' id='line_1_37' title="bbox 383 2369 1986 2459; baseline 0.014 -35"><span class='ocrx_word' id='word_1_307' title='bbox 383 2369 636 2431; x_wconf 84' lang='lat' dir='ltr'><strong>adoravit</strong></span> <span class='ocrx_word' id='word_1_308' title='bbox 664 2391 824 2434; x_wconf 87' lang='lat' dir='ltr'><strong>eum:</strong></span> <span class='ocrx_word' id='word_1_309' title='bbox 859 2389 912 2435; x_wconf 90' lang='lat' dir='ltr'><strong>et</strong></span> <span class='ocrx_word' id='word_1_310' title='bbox 941 2381 1183 2438; x_wconf 91' lang='lat' dir='ltr'><strong>clamans</strong></span> <span class='ocrx_word' id='word_1_311' title='bbox 1213 2400 1346 2441; x_wconf 80' lang='lat' dir='ltr'><strong>voce</strong></span> <span class='ocrx_word' id='word_1_312' title='bbox 1400 2402 1594 2459; x_wconf 88' lang='lat' dir='ltr'><strong>magna</strong></span> <span class='ocrx_word' id='word_1_313' title='bbox 1634 2388 1767 2444; x_wconf 81' lang='lat' dir='ltr'><strong>dixit</strong></span> <span class='ocrx_word' id='word_1_314' title='bbox 1797 2409 1806 2442; x_wconf 93' lang='lat'><strong>:</strong></span> <span class='ocrx_word' id='word_1_315' title='bbox 1847 2388 1986 2458; x_wconf 89' lang='lat' dir='ltr'><strong>Quid</strong></span> 
     </span>
    </p>
   </div>
   <div class='ocr_carea' id='block_1_38' title="bbox 385 2467 1988 2553">
    <p class='ocr_par' dir='ltr' id='par_1_38' title="bbox 385 2467 1988 2553">
     <span class='ocr_line' id='line_1_38' title="bbox 385 2467 1988 2553; baseline 0.012 -33"><span class='ocrx_word' id='word_1_316' title='bbox 385 2467 543 2532; x_wconf 88' lang='lat' dir='ltr'><strong>mihi,</strong></span> <span class='ocrx_word' id='word_1_317' title='bbox 569 2471 760 2539; x_wconf 81' lang='lat' dir='ltr'><strong>ettib-i,</strong></span> <span class='ocrx_word' id='word_1_318' title='bbox 789 2474 942 2542; x_wconf 86' lang='lat' dir='ltr'><strong>Jesu,</strong></span> <span class='ocrx_word' id='word_1_319' title='bbox 964 2475 1065 2531; x_wconf 85' lang='lat' dir='ltr'><strong>Fili</strong></span> <span class='ocrx_word' id='word_1_320' title='bbox 1099 2477 1188 2533; x_wconf 89' lang='lat' dir='ltr'><strong>Dei</strong></span> <span class='ocrx_word' id='word_1_321' title='bbox 1219 2485 1244 2514; x_wconf 81' lang='grc'><strong><em>⁸</em></strong></span> <span class='ocrx_word' id='word_1_322' title='bbox 1267 2479 1518 2534; x_wconf 86' lang='lat' dir='ltr'><strong>altissimi</strong></span> <span class='ocrx_word' id='word_1_323' title='bbox 1543 2480 1566 2534; x_wconf 73' lang='grc' dir='ltr'><strong><em>τ</em></strong></span> <span class='ocrx_word' id='word_1_324' title='bbox 1589 2481 1780 2551; x_wconf 89' lang='lat' dir='ltr'><strong>adjuro</strong></span> <span class='ocrx_word' id='word_1_325' title='bbox 1807 2491 1858 2538; x_wconf 90' lang='lat' dir='ltr'><strong>te</strong></span> <span class='ocrx_word' id='word_1_326' title='bbox 1891 2497 1988 2553; x_wconf 87' lang='lat' dir='ltr'><strong>per</strong></span> 
     </span>
    </p>
   </div>
   <div class='ocr_carea' id='block_1_39' title="bbox 389 2557 1988 2646">
    <p class='ocr_par' dir='ltr' id='par_1_39' title="bbox 389 2557 1988 2646">
     <span class='ocr_line' id='line_1_39' title="bbox 389 2557 1988 2646; baseline 0.01 -32"><span class='ocrx_word' id='word_1_327' title='bbox 389 2557 583 2630; x_wconf 88' lang='lat' dir='ltr'><strong>Deum,</strong></span> <span class='ocrx_word' id='word_1_328' title='bbox 619 2579 687 2620; x_wconf 89' lang='lat' dir='ltr'><strong>ne</strong></span> <span class='ocrx_word' id='word_1_329' title='bbox 720 2581 805 2621; x_wconf 89' lang='lat' dir='ltr'><strong>me</strong></span> <span class='ocrx_word' id='word_1_330' title='bbox 826 2577 1110 2640; x_wconf 80' lang='lat' dir='ltr'><strong>torqueas.</strong></span> <span class='ocrx_word' id='word_1_331' title='bbox 1142 2571 1362 2628; x_wconf 86' lang='lat' dir='ltr'><strong>Dicebat</strong></span> <span class='ocrx_word' id='word_1_332' title='bbox 1393 2572 1539 2628; x_wconf 91' lang='lat' dir='ltr'><strong>enim</strong></span> <span class='ocrx_word' id='word_1_333' title='bbox 1568 2572 1652 2628; x_wconf 84' lang='lat' dir='ltr'><strong>illi</strong></span> <span class='ocrx_word' id='word_1_334' title='bbox 1680 2591 1695 2628; x_wconf 86' lang='lat'><strong>:</strong></span> <span class='ocrx_word' id='word_1_335' title='bbox 1726 2575 1848 2643; x_wconf 85' lang='lat' dir='ltr'><strong>Exi,</strong></span> <span class='ocrx_word' id='word_1_336' title='bbox 1876 2575 1988 2646; x_wconf 91' lang='lat' dir='ltr'><strong>spi-</strong></span> 
     </span>
    </p>
   </div>
   <div class='ocr_carea' id='block_1_40' title="bbox 386 2651 1982 2738">
    <p class='ocr_par' dir='ltr' id='par_1_40' title="bbox 386 2651 1982 2738">
     <span class='ocr_line' id='line_1_40' title="bbox 386 2651 1982 2738; baseline 0.009 -30"><span class='ocrx_word' id='word_1_337' title='bbox 386 2651 524 2708; x_wconf 85' lang='lat' dir='ltr'><strong>ritus</strong></span> <span class='ocrx_word' id='word_1_338' title='bbox 567 2655 868 2728; x_wconf 74' lang='lat' dir='ltr'><strong>immundo,</strong></span> <span class='ocrx_word' id='word_1_339' title='bbox 906 2661 974 2716; x_wconf 89' lang='lat' dir='ltr'><strong>ab</strong></span> <span class='ocrx_word' id='word_1_340' title='bbox 1027 2662 1267 2719; x_wconf 82' lang='lat' dir='ltr'><strong>homine.</strong></span> <span class='ocrx_word' id='word_1_341' title='bbox 1321 2664 1390 2719; x_wconf 91' lang='lat' dir='ltr'><strong>Et</strong></span> <span class='ocrx_word' id='word_1_342' title='bbox 1418 2665 1785 2738; x_wconf 86' lang='lat' dir='ltr'><strong>interrogabat</strong></span> <span class='ocrx_word' id='word_1_343' title='bbox 1816 2681 1938 2722; x_wconf 91' lang='lat' dir='ltr'><strong>eum</strong></span> <span class='ocrx_word' id='word_1_344' title='bbox 1971 2685 1982 2722; x_wconf 95' lang='lat'><strong>:</strong></span> 
     </span>
    </p>
   </div>
   <div class='ocr_carea' id='block_1_41' title="bbox 385 2743 1984 2829">
    <p class='ocr_par' dir='ltr' id='par_1_41' title="bbox 385 2743 1984 2829">
     <span class='ocr_line' id='line_1_41' title="bbox 385 2743 1984 2829; baseline 0.009 -28"><span class='ocrx_word' id='word_1_345' title='bbox 385 2743 543 2812; x_wconf 82' lang='lat' dir='ltr'><strong>Quod</strong></span> <span class='ocrx_word' id='word_1_346' title='bbox 570 2749 664 2804; x_wconf 86' lang='lat' dir='ltr'><strong>tibi</strong></span> <span class='ocrx_word' id='word_1_347' title='bbox 692 2767 887 2807; x_wconf 87' lang='lat' dir='ltr'><strong>nomen</strong></span> <span class='ocrx_word' id='word_1_348' title='bbox 911 2754 1030 2809; x_wconf 86' lang='lat' dir='ltr'><strong>est?</strong></span> <span class='ocrx_word' id='word_1_349' title='bbox 1057 2755 1129 2810; x_wconf 83' lang='lat' dir='ltr'><strong>Et</strong></span> <span class='ocrx_word' id='word_1_350' title='bbox 1151 2756 1281 2812; x_wconf 87' lang='lat' dir='ltr'><strong>dicit</strong></span> <span class='ocrx_word' id='word_1_351' title='bbox 1304 2758 1350 2812; x_wconf 90' lang='lat' dir='ltr'><strong>ei</strong></span> <span class='ocrx_word' id='word_1_352' title='bbox 1384 2776 1396 2808; x_wconf 93' lang='lat'><strong>:</strong></span> <span class='ocrx_word' id='word_1_353' title='bbox 1428 2757 1596 2829; x_wconf 82' lang='lat' dir='ltr'><strong>Legio</strong></span> <span class='ocrx_word' id='word_1_354' title='bbox 1624 2759 1760 2814; x_wconf 90' lang='lat' dir='ltr'><strong>mihi</strong></span> <span class='ocrx_word' id='word_1_355' title='bbox 1786 2775 1984 2816; x_wconf 86' lang='lat' dir='ltr'><strong>nomen</strong></span> 
     </span>
    </p>
   </div>
   <div class='ocr_carea' id='block_1_42' title="bbox 387 2844 1983 2923">
    <p class='ocr_par' dir='ltr' id='par_1_42' title="bbox 387 2844 1983 2923">
     <span class='ocr_line' id='line_1_42' title="bbox 387 2844 1983 2923; baseline 0.009 -28"><span class='ocrx_word' id='word_1_356' title='bbox 387 2844 638 2913; x_wconf 79' lang='lat' dir='ltr'><strong>est,q-.tia</strong></span> <span class='ocrx_word' id='word_1_357' title='bbox 656 2846 808 2900; x_wconf 88' lang='lat' dir='ltr'><strong>multi</strong></span> <span class='ocrx_word' id='word_1_358' title='bbox 839 2863 1048 2904; x_wconf 82' lang='lat' dir='ltr'><strong>sumus.</strong></span> <span class='ocrx_word' id='word_1_359' title='bbox 1081 2847 1150 2903; x_wconf 89' lang='lat' dir='ltr'><strong>Et</strong></span> <span class='ocrx_word' id='word_1_360' title='bbox 1171 2849 1563 2920; x_wconf 82' lang='lat' dir='ltr'><strong>deprecabatur</strong></span> <span class='ocrx_word' id='word_1_361' title='bbox 1581 2867 1703 2908; x_wconf 90' lang='lat' dir='ltr'><strong>cum</strong></span> <span class='ocrx_word' id='word_1_362' title='bbox 1733 2853 1983 2923; x_wconf 91' lang='lat' dir='ltr'><strong>multum,</strong></span> 
     </span>
    </p>
   </div>
   <div class='ocr_carea' id='block_1_43' title="bbox 385 2938 1987 3012">
    <p class='ocr_par' dir='ltr' id='par_1_43' title="bbox 385 2938 1987 3012">
     <span class='ocr_line' id='line_1_43' title="bbox 385 2938 1987 3012; baseline 0.009 -26"><span class='ocrx_word' id='word_1_363' title='bbox 385 2947 457 2987; x_wconf 90' lang='lat' dir='ltr'><strong>ne</strong></span> <span class='ocrx_word' id='word_1_364' title='bbox 483 2948 544 2988; x_wconf 91' lang='lat' dir='ltr'><strong>se</strong></span> <span class='ocrx_word' id='word_1_365' title='bbox 591 2938 889 3007; x_wconf 86' lang='lat' dir='ltr'><strong>expelleret</strong></span> <span class='ocrx_word' id='word_1_366' title='bbox 934 2949 1090 2995; x_wconf 83' lang='lat' dir='ltr'><strong>extra</strong></span> <span class='ocrx_word' id='word_1_367' title='bbox 1139 2942 1439 3012; x_wconf 78' lang='lat' dir='ltr'><strong>regionem.</strong></span> <span class='ocrx_word' id='word_1_368' title='bbox 1501 2943 1636 2999; x_wconf 86' lang='lat' dir='ltr'><strong>Erat</strong></span> <span class='ocrx_word' id='word_1_369' title='bbox 1691 2954 1870 3000; x_wconf 89' lang='lat' dir='ltr'><strong>autem</strong></span> <span class='ocrx_word' id='word_1_370' title='bbox 1914 2945 1987 3002; x_wconf 86' lang='lat' dir='ltr'><strong>ibi</strong></span> 
     </span>
    </p>
   </div>
   <div class='ocr_carea' id='block_1_44' title="bbox 383 3027 1989 3111">
    <p class='ocr_par' dir='ltr' id='par_1_44' title="bbox 383 3027 1989 3111">
     <span class='ocr_line' id='line_1_44' title="bbox 383 3027 1989 3111; baseline 0.009 -29"><span class='ocrx_word' id='word_1_371' title='bbox 383 3027 541 3084; x_wconf 85' lang='lat' dir='ltr'><strong>circa</strong></span> <span class='ocrx_word' id='word_1_372' title='bbox 573 3044 815 3088; x_wconf 86' lang='lat' dir='ltr'><strong>montem</strong></span> <span class='ocrx_word' id='word_1_373' title='bbox 857 3050 992 3106; x_wconf 83' lang='lat' dir='ltr'><strong>grex</strong></span> <span class='ocrx_word' id='word_1_374' title='bbox 1041 3051 1330 3108; x_wconf 88' lang='lat' dir='ltr'><strong>porcorum</strong></span> <span class='ocrx_word' id='word_1_375' title='bbox 1368 3055 1613 3111; x_wconf 87' lang='lat' dir='ltr'><strong>magnus,</strong></span> <span class='ocrx_word' id='word_1_376' title='bbox 1645 3055 1896 3111; x_wconf 85' lang='lat' dir='ltr'><strong>pascens.</strong></span> <span class='ocrx_word' id='word_1_377' title='bbox 1919 3040 1989 3096; x_wconf 86' lang='lat' dir='ltr'><strong>Et</strong></span> 
     </span>
    </p>
   </div>
   <div class='ocr_carea' id='block_1_45' title="bbox 381 3119 1985 3200">
    <p class='ocr_par' dir='ltr' id='par_1_45' title="bbox 381 3119 1985 3200">
     <span class='ocr_line' id='line_1_45' title="bbox 381 3119 1985 3200; baseline 0.01 -25"><span class='ocrx_word' id='word_1_378' title='bbox 381 3119 826 3191; x_wconf 80' lang='lat' dir='ltr'><strong>deprecabantur</strong></span> <span class='ocrx_word' id='word_1_379' title='bbox 856 3142 978 3184; x_wconf 90' lang='lat' dir='ltr'><strong>eum</strong></span> <span class='ocrx_word' id='word_1_380' title='bbox 1023 3129 1265 3200; x_wconf 86' lang='lat' dir='ltr'><strong>spiritus,</strong></span> <span class='ocrx_word' id='word_1_381' title='bbox 1301 3131 1545 3189; x_wconf 88' lang='lat' dir='ltr'><strong>dicentes</strong></span> <span class='ocrx_word' id='word_1_382' title='bbox 1579 3150 1592 3186; x_wconf 88' lang='lat'><strong>:</strong></span> <span class='ocrx_word' id='word_1_383' title='bbox 1627 3133 1775 3190; x_wconf 76' lang='lat' dir='ltr'><strong>Mitte</strong></span> <span class='ocrx_word' id='word_1_384' title='bbox 1806 3150 1903 3190; x_wconf 92' lang='lat' dir='ltr'><strong>nos</strong></span> <span class='ocrx_word' id='word_1_385' title='bbox 1932 3135 1985 3191; x_wconf 91' lang='lat' dir='ltr'><strong>in</strong></span> 
     </span>
    </p>
   </div>
   <div class='ocr_carea' id='block_1_46' title="bbox 381 3219 1985 3285">
    <p class='ocr_par' dir='ltr' id='par_1_46' title="bbox 381 3219 1985 3285">
     <span class='ocr_line' id='line_1_46' title="bbox 381 3219 1985 3285; baseline 0.01 -16"><span class='ocrx_word' id='word_1_386' title='bbox 381 3230 609 3284; x_wconf 84' lang='lat' dir='ltr'><strong>porcos,</strong></span> <span class='ocrx_word' id='word_1_387' title='bbox 641 3229 700 3274; x_wconf 91' lang='lat' dir='ltr'><strong>ut</strong></span> <span class='ocrx_word' id='word_1_388' title='bbox 721 3219 776 3274; x_wconf 86' lang='lat' dir='ltr'><strong>in</strong></span> <span class='ocrx_word' id='word_1_389' title='bbox 802 3235 895 3277; x_wconf 84' lang='lat' dir='ltr'><strong>eos</strong></span> <span class='ocrx_word' id='word_1_390' title='bbox 929 3223 1282 3280; x_wconf 89' lang='lat' dir='ltr'><strong>introeamus.</strong></span> <span class='ocrx_word' id='word_1_391' title='bbox 1320 3226 1388 3281; x_wconf 88' lang='lat' dir='ltr'><strong>Et</strong></span> <span class='ocrx_word' id='word_1_392' title='bbox 1415 3227 1685 3284; x_wconf 88' lang='lat' dir='ltr'><strong>concessit</strong></span> <span class='ocrx_word' id='word_1_393' title='bbox 1705 3229 1786 3285; x_wconf 92' lang='lat' dir='ltr'><strong>eis</strong></span> <span class='ocrx_word' id='word_1_394' title='bbox 1802 3230 1985 3285; x_wconf 87' lang='lat' dir='ltr'><strong>statim</strong></span> 
     </span>
    </p>
   </div>
   <div class='ocr_carea' id='block_1_47' title="bbox 2091 2001 3692 2097">
    <p class='ocr_par' dir='ltr' id='par_1_47' title="bbox 2091 2001 3692 2097">
     <span class='ocr_line' id='line_1_47' title="bbox 2091 2001 3692 2097; baseline 0.02 -42"><span class='ocrx_word' id='word_1_395' title='bbox 2091 2001 2281 2058; x_wconf 84' lang='lat' dir='ltr'><strong>Adhuc</strong></span> <span class='ocrx_word' id='word_1_396' title='bbox 2305 2019 2370 2060; x_wconf 91' lang='lat' dir='ltr'><strong>eo</strong></span> <span class='ocrx_word' id='word_1_397' title='bbox 2402 2007 2675 2079; x_wconf 85' lang='lat' dir='ltr'><strong>loquente,</strong></span> <span class='ocrx_word' id='word_1_398' title='bbox 2704 2015 2925 2070; x_wconf 87' lang='lat' dir='ltr'><strong>veniunt</strong></span> <span class='ocrx_word' id='word_1_399' title='bbox 2948 2019 3014 2071; x_wconf 93' lang='lat' dir='ltr'><strong>ab</strong></span> <span class='ocrx_word' id='word_1_400' title='bbox 3038 2001 3692 2097; x_wconf 20' lang='lat' dir='ltr'><strong>arehisynagogo,‘dicen-</strong></span> 
     </span>
    </p>
   </div>
   <div class='ocr_carea' id='block_1_48' title="bbox 2091 2097 3694 2185">
    <p class='ocr_par' dir='ltr' id='par_1_48' title="bbox 2091 2097 3694 2185">
     <span class='ocr_line' id='line_1_48' title="bbox 2091 2097 3694 2185; baseline 0.019 -37"><span class='ocrx_word' id='word_1_401' title='bbox 2091 2102 2174 2150; x_wconf 86' lang='lat' dir='ltr'><strong>tes</strong></span> <span class='ocrx_word' id='word_1_402' title='bbox 2208 2117 2220 2151; x_wconf 88' lang='lat'><strong>:</strong></span> <span class='ocrx_word' id='word_1_403' title='bbox 2260 2097 2396 2164; x_wconf 86' lang='lat' dir='ltr'><strong>Quia</strong></span> <span class='ocrx_word' id='word_1_404' title='bbox 2428 2100 2532 2156; x_wconf 81' lang='lat' dir='ltr'><strong>lilia</strong></span> <span class='ocrx_word' id='word_1_405' title='bbox 2567 2113 2656 2160; x_wconf 87' lang='lat' dir='ltr'><strong>tua</strong></span> <span class='ocrx_word' id='word_1_406' title='bbox 2685 2119 2892 2164; x_wconf 90' lang='lat' dir='ltr'><strong>mortua</strong></span> <span class='ocrx_word' id='word_1_407' title='bbox 2925 2122 3039 2178; x_wconf 90' lang='lat' dir='ltr'><strong>est;</strong></span> <span class='ocrx_word' id='word_1_408' title='bbox 3064 2116 3192 2185; x_wconf 89' lang='lat' dir='ltr'><strong>quid</strong></span> <span class='ocrx_word' id='word_1_409' title='bbox 3225 2117 3364 2173; x_wconf 91' lang='lat' dir='ltr'><strong>ultra</strong></span> <span class='ocrx_word' id='word_1_410' title='bbox 3390 2135 3555 2178; x_wconf 81' lang='lat' dir='ltr'><strong>vexas</strong></span> <span class='ocrx_word' id='word_1_411' title='bbox 3581 2140 3694 2178; x_wconf 89' lang='lat' dir='ltr'><strong>ma-</strong></span> 
     </span>
    </p>
   </div>
   <div class='ocr_carea' id='block_1_49' title="bbox 2090 2191 3687 2290">
    <p class='ocr_par' dir='ltr' id='par_1_49' title="bbox 2090 2191 3687 2290">
     <span class='ocr_line' id='line_1_49' title="bbox 2090 2191 3687 2290; baseline 0.019 -46"><span class='ocrx_word' id='word_1_412' title='bbox 2090 2191 2351 2262; x_wconf 85' lang='lat' dir='ltr'><strong>gistrum?</strong></span> <span class='ocrx_word' id='word_1_413' title='bbox 2372 2195 2527 2253; x_wconf 86' lang='lat' dir='ltr'><strong>Jcsus</strong></span> <span class='ocrx_word' id='word_1_414' title='bbox 2551 2210 2729 2257; x_wconf 90' lang='lat' dir='ltr'><strong>autem</strong></span> <span class='ocrx_word' id='word_1_415' title='bbox 2758 2205 2942 2261; x_wconf 87' lang='lat' dir='ltr'><strong>audito</strong></span> <span class='ocrx_word' id='word_1_416' title='bbox 2971 2210 3159 2275; x_wconf 86' lang='lat' dir='ltr'><strong>verbo,</strong></span> <span class='ocrx_word' id='word_1_417' title='bbox 3205 2213 3345 2282; x_wconf 88' lang='lat' dir='ltr'><strong>quod</strong></span> <span class='ocrx_word' id='word_1_418' title='bbox 3387 2213 3687 2290; x_wconf 80' lang='lat' dir='ltr'><strong>dicebatur,</strong></span> 
     </span>
    </p>
   </div>
   <div class='ocr_carea' id='block_1_50' title="bbox 2093 2287 3689 2371">
    <p class='ocr_par' dir='ltr' id='par_1_50' title="bbox 2093 2287 3689 2371">
     <span class='ocr_line' id='line_1_50' title="bbox 2093 2287 3689 2371; baseline 0.019 -32"><span class='ocrx_word' id='word_1_419' title='bbox 2093 2287 2166 2341; x_wconf 87' lang='lat' dir='ltr'><strong>ait</strong></span> <span class='ocrx_word' id='word_1_420' title='bbox 2193 2289 2622 2365; x_wconf 82' lang='lat' dir='ltr'><strong>archisynagego</strong></span> <span class='ocrx_word' id='word_1_421' title='bbox 2650 2317 2661 2351; x_wconf 91' lang='lat'><strong>:</strong></span> <span class='ocrx_word' id='word_1_422' title='bbox 2697 2297 2817 2354; x_wconf 83' lang='lat' dir='ltr'><strong>Noli</strong></span> <span class='ocrx_word' id='word_1_423' title='bbox 2850 2301 3058 2371; x_wconf 82' lang='lat' dir='ltr'><strong>timere,</strong></span> <span class='ocrx_word' id='word_1_424' title='bbox 3094 2311 3466 2365; x_wconf 89' lang='lat' dir='ltr'><strong>tantummodo</strong></span> <span class='ocrx_word' id='word_1_425' title='bbox 3498 2313 3689 2369; x_wconf 89' lang='lat' dir='ltr'><strong>crede:</strong></span> 
     </span>
    </p>
   </div>
   <div class='ocr_carea' id='block_1_51' title="bbox 2093 2379 3693 2472">
    <p class='ocr_par' dir='ltr' id='par_1_51' title="bbox 2093 2379 3693 2472">
     <span class='ocr_line' id='line_1_51' title="bbox 2093 2379 3693 2472; baseline 0.018 -39"><span class='ocrx_word' id='word_1_426' title='bbox 2093 2379 2159 2434; x_wconf 85' lang='lat' dir='ltr'><strong>Et</strong></span> <span class='ocrx_word' id='word_1_427' title='bbox 2189 2397 2293 2436; x_wconf 86' lang='lat' dir='ltr'><strong>non</strong></span> <span class='ocrx_word' id='word_1_428' title='bbox 2327 2385 2536 2442; x_wconf 84' lang='lat' dir='ltr'><strong>admisit</strong></span> <span class='ocrx_word' id='word_1_429' title='bbox 2563 2404 2886 2462; x_wconf 89' lang='lat' dir='ltr'><strong>quemquam</strong></span> <span class='ocrx_word' id='word_1_430' title='bbox 2919 2409 2978 2450; x_wconf 90' lang='lat' dir='ltr'><strong>se</strong></span> <span class='ocrx_word' id='word_1_431' title='bbox 3023 2400 3198 2469; x_wconf 87' lang='lat' dir='ltr'><strong>sequi,</strong></span> <span class='ocrx_word' id='word_1_432' title='bbox 3234 2402 3333 2457; x_wconf 91' lang='lat' dir='ltr'><strong>nisi</strong></span> <span class='ocrx_word' id='word_1_433' title='bbox 3365 2403 3603 2472; x_wconf 85' lang='lat' dir='ltr'><strong>Petrum,</strong></span> <span class='ocrx_word' id='word_1_434' title='bbox 3639 2416 3693 2461; x_wconf 87' lang='lat' dir='ltr'><strong>et</strong></span> 
     </span>
    </p>
   </div>
   <div class='ocr_carea' id='block_1_52' title="bbox 2092 2474 3684 2553">
    <p class='ocr_par' dir='ltr' id='par_1_52' title="bbox 2092 2474 3684 2553">
     <span class='ocr_line' id='line_1_52' title="bbox 2092 2474 3684 2553; baseline 0.016 -26"><span class='ocrx_word' id='word_1_435' title='bbox 2092 2474 2376 2548; x_wconf 90' lang='lat' dir='ltr'><strong>Jacobum,</strong></span> <span class='ocrx_word' id='word_1_436' title='bbox 2409 2491 2456 2533; x_wconf 91' lang='lat' dir='ltr'><strong>et</strong></span> <span class='ocrx_word' id='word_1_437' title='bbox 2486 2481 2753 2540; x_wconf 79' lang='lat' dir='ltr'><strong>Joannem</strong></span> <span class='ocrx_word' id='word_1_438' title='bbox 2781 2485 3002 2544; x_wconf 80' lang='lat' dir='ltr'><strong>fratrem</strong></span> <span class='ocrx_word' id='word_1_439' title='bbox 3025 2488 3234 2546; x_wconf 86' lang='lat' dir='ltr'><strong>Jacobi.</strong></span> <span class='ocrx_word' id='word_1_440' title='bbox 3275 2494 3342 2548; x_wconf 80' lang='lat' dir='ltr'><strong>Et</strong></span> <span class='ocrx_word' id='word_1_441' title='bbox 3366 2497 3590 2552; x_wconf 85' lang='lat' dir='ltr'><strong>veniunt</strong></span> <span class='ocrx_word' id='word_1_442' title='bbox 3632 2499 3684 2553; x_wconf 93' lang='lat' dir='ltr'><strong>in</strong></span> 
     </span>
    </p>
   </div>
   <div class='ocr_carea' id='block_1_53' title="bbox 2093 2566 3683 2659">
    <p class='ocr_par' dir='ltr' id='par_1_53' title="bbox 2093 2566 3683 2659">
     <span class='ocr_line' id='line_1_53' title="bbox 2093 2566 3683 2659; baseline 0.016 -37"><span class='ocrx_word' id='word_1_443' title='bbox 2093 2566 2312 2625; x_wconf 88' lang='lat' dir='ltr'><strong>domum</strong></span> <span class='ocrx_word' id='word_1_444' title='bbox 2341 2573 2778 2650; x_wconf 84' lang='lat' dir='ltr'><strong>archisynagogi,</strong></span> <span class='ocrx_word' id='word_1_445' title='bbox 2812 2591 2864 2636; x_wconf 91' lang='lat' dir='ltr'><strong>et</strong></span> <span class='ocrx_word' id='word_1_446' title='bbox 2888 2582 3031 2637; x_wconf 83' lang='lat' dir='ltr'><strong>videt</strong></span> <span class='ocrx_word' id='word_1_447' title='bbox 3061 2587 3369 2655; x_wconf 87' lang='lat' dir='ltr'><strong>tumultum,</strong></span> <span class='ocrx_word' id='word_1_448' title='bbox 3395 2600 3447 2644; x_wconf 89' lang='lat' dir='ltr'><strong>et</strong></span> <span class='ocrx_word' id='word_1_449' title='bbox 3471 2591 3683 2659; x_wconf 84' lang='lat' dir='ltr'><strong>flentes,</strong></span> 
     </span>
    </p>
   </div>
   <div class='ocr_carea' id='block_1_54' title="bbox 2091 2663 3686 2752">
    <p class='ocr_par' dir='ltr' id='par_1_54' title="bbox 2091 2663 3686 2752">
     <span class='ocr_line' id='line_1_54' title="bbox 2091 2663 3686 2752; baseline 0.017 -38"><span class='ocrx_word' id='word_1_450' title='bbox 2091 2670 2143 2715; x_wconf 87' lang='lat' dir='ltr'><strong>et</strong></span> <span class='ocrx_word' id='word_1_451' title='bbox 2194 2663 2464 2732; x_wconf 84' lang='lat' dir='ltr'><strong>ejulantes</strong></span> <span class='ocrx_word' id='word_1_452' title='bbox 2504 2670 2748 2726; x_wconf 86' lang='lat' dir='ltr'><strong>multum.</strong></span> <span class='ocrx_word' id='word_1_453' title='bbox 2810 2674 2877 2732; x_wconf 83' lang='lat' dir='ltr'><strong>Et</strong></span> <span class='ocrx_word' id='word_1_454' title='bbox 2915 2677 3215 2746; x_wconf 83' lang='lat' dir='ltr'><strong>ingressus,</strong></span> <span class='ocrx_word' id='word_1_455' title='bbox 3257 2682 3333 2736; x_wconf 90' lang='lat' dir='ltr'><strong>ait</strong></span> <span class='ocrx_word' id='word_1_456' title='bbox 3359 2682 3467 2739; x_wconf 89' lang='lat' dir='ltr'><strong>illis</strong></span> <span class='ocrx_word' id='word_1_457' title='bbox 3499 2703 3512 2741; x_wconf 94' lang='lat'><strong>:</strong></span> <span class='ocrx_word' id='word_1_458' title='bbox 3549 2685 3686 2752; x_wconf 89' lang='lat' dir='ltr'><strong>Quid</strong></span> 
     </span>
    </p>
   </div>
   <div class='ocr_carea' id='block_1_55' title="bbox 2094 2755 3686 2847">
    <p class='ocr_par' dir='ltr' id='par_1_55' title="bbox 2094 2755 3686 2847">
     <span class='ocr_line' id='line_1_55' title="bbox 2094 2755 3686 2847; baseline 0.018 -40"><span class='ocrx_word' id='word_1_459' title='bbox 2094 2755 2410 2829; x_wconf 89' lang='lat' dir='ltr'><strong>turbamini,</strong></span> <span class='ocrx_word' id='word_1_460' title='bbox 2445 2770 2497 2817; x_wconf 87' lang='lat' dir='ltr'><strong>et</strong></span> <span class='ocrx_word' id='word_1_461' title='bbox 2528 2764 2788 2833; x_wconf 85' lang='lat' dir='ltr'><strong>ploratis?</strong></span> <span class='ocrx_word' id='word_1_462' title='bbox 2822 2769 2995 2838; x_wconf 89' lang='lat' dir='ltr'><strong>puella</strong></span> <span class='ocrx_word' id='word_1_463' title='bbox 3049 2789 3154 2826; x_wconf 91' lang='lat' dir='ltr'><strong>non</strong></span> <span class='ocrx_word' id='word_1_464' title='bbox 3197 2783 3281 2829; x_wconf 89' lang='lat' dir='ltr'><strong>est</strong></span> <span class='ocrx_word' id='word_1_465' title='bbox 3327 2788 3562 2847; x_wconf 89' lang='lat' dir='ltr'><strong>mortua,</strong></span> <span class='ocrx_word' id='word_1_466' title='bbox 3594 2780 3686 2836; x_wconf 90' lang='lat' dir='ltr'><strong>sed</strong></span> 
     </span>
    </p>
   </div>
   <div class='ocr_carea' id='block_1_56' title="bbox 2092 2848 3688 2939">
    <p class='ocr_par' dir='ltr' id='par_1_56' title="bbox 2092 2848 3688 2939">
     <span class='ocr_line' id='line_1_56' title="bbox 2092 2848 3688 2939; baseline 0.016 -36"><span class='ocrx_word' id='word_1_467' title='bbox 2092 2848 2309 2906; x_wconf 86' lang='lat' dir='ltr'><strong>dormit.</strong></span> <span class='ocrx_word' id='word_1_468' title='bbox 2343 2852 2723 2914; x_wconf 87' lang='lat' dir='ltr'><strong>Etirridebant</strong></span> <span class='ocrx_word' id='word_1_469' title='bbox 2761 2877 2906 2917; x_wconf 86' lang='lat' dir='ltr'><strong>eum.</strong></span> <span class='ocrx_word' id='word_1_470' title='bbox 2941 2863 3062 2935; x_wconf 87' lang='lat' dir='ltr'><strong>Ipse</strong></span> <span class='ocrx_word' id='word_1_471' title='bbox 3104 2881 3253 2934; x_wconf 87' lang='lat' dir='ltr'><strong>vero,</strong></span> <span class='ocrx_word' id='word_1_472' title='bbox 3297 2869 3485 2939; x_wconf 88' lang='lat' dir='ltr'><strong>ejectis</strong></span> <span class='ocrx_word' id='word_1_473' title='bbox 3512 2875 3688 2928; x_wconf 89' lang='lat' dir='ltr'><strong>omni-</strong></span> 
     </span>
    </p>
   </div>
   <div class='ocr_carea' id='block_1_57' title="bbox 2095 2941 3687 3034">
    <p class='ocr_par' dir='ltr' id='par_1_57' title="bbox 2095 2941 3687 3034">
     <span class='ocr_line' id='line_1_57' title="bbox 2095 2941 3687 3034; baseline 0.018 -40"><span class='ocrx_word' id='word_1_474' title='bbox 2095 2941 2211 3010; x_wconf 82' lang='lat' dir='ltr'><strong>bus,</strong></span> <span class='ocrx_word' id='word_1_475' title='bbox 2238 2948 2464 3002; x_wconf 89' lang='lat' dir='ltr'><strong>assumit</strong></span> <span class='ocrx_word' id='word_1_476' title='bbox 2493 2959 2701 3020; x_wconf 89' lang='lat' dir='ltr'><strong>patrem</strong></span> <span class='ocrx_word' id='word_1_477' title='bbox 2726 2961 2781 3009; x_wconf 92' lang='lat' dir='ltr'><strong>et</strong></span> <span class='ocrx_word' id='word_1_478' title='bbox 2805 2965 3029 3012; x_wconf 88' lang='lat' dir='ltr'><strong>matrem</strong></span> <span class='ocrx_word' id='word_1_479' title='bbox 3056 2960 3273 3031; x_wconf 82' lang='lat' dir='ltr'><strong>puellae,</strong></span> <span class='ocrx_word' id='word_1_480' title='bbox 3310 2972 3364 3018; x_wconf 89' lang='lat' dir='ltr'><strong>et</strong></span> <span class='ocrx_word' id='word_1_481' title='bbox 3387 2965 3480 3034; x_wconf 91' lang='lat' dir='ltr'><strong>qui</strong></span> <span class='ocrx_word' id='word_1_482' title='bbox 3503 2981 3687 3024; x_wconf 89' lang='lat' dir='ltr'><strong>secum</strong></span> 
     </span>
    </p>
   </div>
   <div class='ocr_carea' id='block_1_58' title="bbox 2092 3041 3686 3122">
    <p class='ocr_par' dir='ltr' id='par_1_58' title="bbox 2092 3041 3686 3122">
     <span class='ocr_line' id='line_1_58' title="bbox 2092 3041 3686 3122; baseline 0.018 -33"><span class='ocrx_word' id='word_1_483' title='bbox 2092 3048 2263 3103; x_wconf 87' lang='lat' dir='ltr'><strong>erant,</strong></span> <span class='ocrx_word' id='word_1_484' title='bbox 2299 3049 2352 3095; x_wconf 90' lang='lat' dir='ltr'><strong>et</strong></span> <span class='ocrx_word' id='word_1_485' title='bbox 2374 3041 2674 3113; x_wconf 81' lang='lat' dir='ltr'><strong>ingreditur</strong></span> <span class='ocrx_word' id='word_1_486' title='bbox 2701 3046 2790 3102; x_wconf 92' lang='lat' dir='ltr'><strong>ubi</strong></span> <span class='ocrx_word' id='word_1_487' title='bbox 2824 3050 3002 3119; x_wconf 89' lang='lat' dir='ltr'><strong>puella</strong></span> <span class='ocrx_word' id='word_1_488' title='bbox 3027 3053 3371 3122; x_wconf 89' lang='lat' dir='ltr'><strong>eratjacens.</strong></span> <span class='ocrx_word' id='word_1_489' title='bbox 3401 3057 3465 3111; x_wconf 81' lang='lat' dir='ltr'><strong>Et</strong></span> <span class='ocrx_word' id='word_1_490' title='bbox 3496 3067 3686 3118; x_wconf 89' lang='lat' dir='ltr'><strong>tenens</strong></span> 
     </span>
    </p>
   </div>
   <div class='ocr_carea' id='block_1_59' title="bbox 2093 3136 3686 3220">
    <p class='ocr_par' dir='ltr' id='par_1_59' title="bbox 2093 3136 3686 3220">
     <span class='ocr_line' id='line_1_59' title="bbox 2093 3136 3686 3220; baseline 0.016 -36"><span class='ocrx_word' id='word_1_491' title='bbox 2093 3146 2310 3189; x_wconf 85' lang='lat' dir='ltr'><strong>manum</strong></span> <span class='ocrx_word' id='word_1_492' title='bbox 2339 3136 2556 3207; x_wconf 86' lang='lat' dir='ltr'><strong>puellae,</strong></span> <span class='ocrx_word' id='word_1_493' title='bbox 2589 3139 2663 3196; x_wconf 90' lang='lat' dir='ltr'><strong>ait</strong></span> <span class='ocrx_word' id='word_1_494' title='bbox 2689 3138 2768 3196; x_wconf 91' lang='lat' dir='ltr'><strong>illi</strong></span> <span class='ocrx_word' id='word_1_495' title='bbox 2803 3161 2815 3196; x_wconf 91' lang='lat'><strong>:</strong></span> <span class='ocrx_word' id='word_1_496' title='bbox 2851 3143 3062 3199; x_wconf 88' lang='lat' dir='ltr'><strong>Talitha</strong></span> <span class='ocrx_word' id='word_1_497' title='bbox 3094 3149 3258 3218; x_wconf 88' lang='lat' dir='ltr'><strong>cmni,</strong></span> <span class='ocrx_word' id='word_1_498' title='bbox 3308 3152 3449 3220; x_wconf 91' lang='lat' dir='ltr'><strong>quod</strong></span> <span class='ocrx_word' id='word_1_499' title='bbox 3483 3163 3568 3208; x_wconf 89' lang='lat' dir='ltr'><strong>est</strong></span> <span class='ocrx_word' id='word_1_500' title='bbox 3599 3155 3686 3209; x_wconf 92' lang='lat' dir='ltr'><strong>in-</strong></span> 
     </span>
    </p>
   </div>
   <div class='ocr_carea' id='block_1_60' title="bbox 2095 3230 3687 3312">
    <p class='ocr_par' dir='ltr' id='par_1_60' title="bbox 2095 3230 3687 3312">
     <span class='ocr_line' id='line_1_60' title="bbox 2095 3230 3687 3312; baseline 0.015 -33"><span class='ocrx_word' id='word_1_501' title='bbox 2095 3235 2448 3298; x_wconf 87' lang='lat' dir='ltr'><strong>terpretatum</strong></span> <span class='ocrx_word' id='word_1_502' title='bbox 2484 3230 2702 3290; x_wconf 87' lang='lat' dir='ltr'><strong>:Puella</strong></span> <span class='ocrx_word' id='word_1_503' title='bbox 2744 3234 2864 3306; x_wconf 91' lang='lat' dir='ltr'><strong>(tibi</strong></span> <span class='ocrx_word' id='word_1_504' title='bbox 2893 3237 3062 3310; x_wconf 91' lang='lat' dir='ltr'><strong>dico),</strong></span> <span class='ocrx_word' id='word_1_505' title='bbox 3092 3257 3274 3312; x_wconf 86' lang='lat' dir='ltr'><strong>surge.</strong></span> <span class='ocrx_word' id='word_1_506' title='bbox 3299 3241 3367 3298; x_wconf 85' lang='lat' dir='ltr'><strong>Et</strong></span> <span class='ocrx_word' id='word_1_507' title='bbox 3397 3245 3687 3303; x_wconf 72' lang='lat' dir='ltr'><strong>confestim</strong></span> 
     </span>
    </p>
   </div>
   <div class='ocr_carea' id='block_1_61' title="bbox 387 3307 3685 3398">
    <p class='ocr_par' dir='ltr' id='par_1_61' title="bbox 387 3307 3685 3398">
     <span class='ocr_line' id='line_1_61' title="bbox 387 3307 3685 3398; baseline 0.011 -35"><span class='ocrx_word' id='word_1_508' title='bbox 387 3307 570 3366; x_wconf 75' lang='lat' dir='ltr'><strong>Jesus.</strong></span> <span class='ocrx_word' id='word_1_509' title='bbox 603 3311 669 3367; x_wconf 88' lang='lat' dir='ltr'><strong>Et</strong></span> <span class='ocrx_word' id='word_1_510' title='bbox 704 3324 963 3370; x_wconf 80' lang='lat' dir='ltr'><strong>exeuntes</strong></span> <span class='ocrx_word' id='word_1_511' title='bbox 989 3317 1210 3387; x_wconf 87' lang='lat' dir='ltr'><strong>spiritus</strong></span> <span class='ocrx_word' id='word_1_512' title='bbox 1261 3320 1524 3376; x_wconf 89' lang='lat' dir='ltr'><strong>immundi</strong></span> <span class='ocrx_word' id='word_1_513' title='bbox 1570 3322 1899 3378; x_wconf 89' lang='lat' dir='ltr'><strong>introierunt</strong></span> <span class='ocrx_word' id='word_1_514' title='bbox 1928 3321 1982 3378; x_wconf 93' lang='lat' dir='ltr'><strong>in</strong></span> <span class='ocrx_word' id='word_1_515' title='bbox 2011 3313 2052 3378; x_wconf 87' lang='lat' dir='ltr'>C</span> <span class='ocrx_word' id='word_1_516' title='bbox 2089 3323 2328 3378; x_wconf 77' lang='lat' dir='ltr'><strong>surrexit</strong></span> <span class='ocrx_word' id='word_1_517' title='bbox 2358 3326 2553 3394; x_wconf 91' lang='lat' dir='ltr'><strong>puella,</strong></span> <span class='ocrx_word' id='word_1_518' title='bbox 2590 3337 2643 3383; x_wconf 89' lang='lat' dir='ltr'><strong>et</strong></span> <span class='ocrx_word' id='word_1_519' title='bbox 2672 3329 2988 3388; x_wconf 83' lang='lat' dir='ltr'><strong>ambulabat</strong></span> <span class='ocrx_word' id='word_1_520' title='bbox 3022 3351 3032 3388; x_wconf 93' lang='lat'><strong>:</strong></span> <span class='ocrx_word' id='word_1_521' title='bbox 3069 3345 3185 3390; x_wconf 91' lang='lat' dir='ltr'><strong>erat</strong></span> <span class='ocrx_word' id='word_1_522' title='bbox 3207 3345 3386 3392; x_wconf 90' lang='lat' dir='ltr'><strong>autem</strong></span> <span class='ocrx_word' id='word_1_523' title='bbox 3418 3355 3685 3398; x_wconf 91' lang='lat' dir='ltr'><strong>annorum</strong></span> 
     </span>
    </p>
   </div>
   <div class='ocr_carea' id='block_1_62' title="bbox 385 3413 1984 3489">
    <p class='ocr_par' dir='ltr' id='par_1_62' title="bbox 385 3413 1984 3489">
     <span class='ocr_line' id='line_1_62' title="bbox 385 3413 1984 3489; baseline 0.009 -29"><span class='ocrx_word' id='word_1_524' title='bbox 385 3419 589 3476; x_wconf 85' lang='lat' dir='ltr'><strong>porcos</strong></span> <span class='ocrx_word' id='word_1_525' title='bbox 623 3425 638 3454; x_wconf 72' lang='grc' dir='ltr'><strong>ε</strong></span> <span class='ocrx_word' id='word_1_526' title='bbox 667 3418 725 3465; x_wconf 90' lang='lat' dir='ltr'><strong>et</strong></span> <span class='ocrx_word' id='word_1_527' title='bbox 777 3425 973 3482; x_wconf 83' lang='lat' dir='ltr'><strong>magno</strong></span> <span class='ocrx_word' id='word_1_528' title='bbox 1004 3413 1206 3485; x_wconf 89' lang='lat' dir='ltr'><strong>impetu</strong></span> <span class='ocrx_word' id='word_1_529' title='bbox 1252 3432 1382 3486; x_wconf 86' lang='lat' dir='ltr'><strong>grex</strong></span> <span class='ocrx_word' id='word_1_530' title='bbox 1427 3418 1796 3489; x_wconf 69' lang='lat' dir='ltr'><strong>prmcipitatus</strong></span> <span class='ocrx_word' id='word_1_531' title='bbox 1823 3427 1906 3476; x_wconf 86' lang='lat' dir='ltr'><strong>est</strong></span> <span class='ocrx_word' id='word_1_532' title='bbox 1931 3420 1984 3474; x_wconf 88' lang='lat' dir='ltr'><strong>in</strong></span> 
     </span>
    </p>
   </div>
   <div class='ocr_carea' id='block_1_63' title="bbox 383 3504 1985 3583">
    <p class='ocr_par' dir='ltr' id='par_1_63' title="bbox 383 3504 1985 3583">
     <span class='ocr_line' id='line_1_63' title="bbox 383 3504 1985 3583; baseline 0.009 -28"><span class='ocrx_word' id='word_1_533' title='bbox 383 3517 538 3558; x_wconf 80' lang='lat' dir='ltr'><strong>mare</strong></span> <span class='ocrx_word' id='word_1_534' title='bbox 567 3504 633 3559; x_wconf 92' lang='lat' dir='ltr'><strong>ad</strong></span> <span class='ocrx_word' id='word_1_535' title='bbox 665 3504 774 3560; x_wconf 86' lang='lat' dir='ltr'><strong>duo</strong></span> <span class='ocrx_word' id='word_1_536' title='bbox 808 3508 992 3576; x_wconf 88' lang='lat' dir='ltr'><strong>millia,</strong></span> <span class='ocrx_word' id='word_1_537' title='bbox 1042 3520 1094 3564; x_wconf 88' lang='lat' dir='ltr'><strong>et</strong></span> <span class='ocrx_word' id='word_1_538' title='bbox 1147 3510 1394 3568; x_wconf 80' lang='lat' dir='ltr'><strong>sull‘oeati</strong></span> <span class='ocrx_word' id='word_1_539' title='bbox 1434 3521 1561 3567; x_wconf 90' lang='lat' dir='ltr'><strong>sunt</strong></span> <span class='ocrx_word' id='word_1_540' title='bbox 1603 3513 1656 3568; x_wconf 91' lang='lat' dir='ltr'><strong>in</strong></span> <span class='ocrx_word' id='word_1_541' title='bbox 1687 3513 1844 3570; x_wconf 90' lang='lat' dir='ltr'><strong>mari.</strong></span> <span class='ocrx_word' id='word_1_542' title='bbox 1881 3513 1985 3583; x_wconf 90' lang='lat' dir='ltr'><strong>Qui</strong></span> 
     </span>
    </p>
   </div>
   <div class='ocr_carea' id='block_1_64' title="bbox 385 3601 1982 3678">
    <p class='ocr_par' dir='ltr' id='par_1_64' title="bbox 385 3601 1982 3678">
     <span class='ocr_line' id='line_1_64' title="bbox 385 3601 1982 3678; baseline 0.009 -28"><span class='ocrx_word' id='word_1_543' title='bbox 385 3608 571 3653; x_wconf 90' lang='lat' dir='ltr'><strong>autem</strong></span> <span class='ocrx_word' id='word_1_544' title='bbox 593 3601 889 3669; x_wconf 89' lang='lat' dir='ltr'><strong>pascebant</strong></span> <span class='ocrx_word' id='word_1_545' title='bbox 942 3618 1059 3672; x_wconf 90' lang='lat' dir='ltr'><strong>eos,</strong></span> <span class='ocrx_word' id='word_1_546' title='bbox 1104 3605 1375 3678; x_wconf 85' lang='lat' dir='ltr'><strong>fugerunt,</strong></span> <span class='ocrx_word' id='word_1_547' title='bbox 1410 3616 1462 3663; x_wconf 90' lang='lat' dir='ltr'><strong>et</strong></span> <span class='ocrx_word' id='word_1_548' title='bbox 1509 3608 1898 3664; x_wconf 88' lang='lat' dir='ltr'><strong>nuntiaverunt</strong></span> <span class='ocrx_word' id='word_1_549' title='bbox 1929 3609 1982 3664; x_wconf 93' lang='lat' dir='ltr'><strong>in</strong></span> 
     </span>
    </p>
   </div>
   <div class='ocr_carea' id='block_1_65' title="bbox 381 3693 1981 3775">
    <p class='ocr_par' dir='ltr' id='par_1_65' title="bbox 381 3693 1981 3775">
     <span class='ocr_line' id='line_1_65' title="bbox 381 3693 1981 3775; baseline 0.009 -29"><span class='ocrx_word' id='word_1_550' title='bbox 381 3693 687 3763; x_wconf 87' lang='lat' dir='ltr'><strong>civitatem,</strong></span> <span class='ocrx_word' id='word_1_551' title='bbox 723 3698 849 3751; x_wconf 89' lang='lat' dir='ltr'><strong>etin</strong></span> <span class='ocrx_word' id='word_1_552' title='bbox 883 3713 1062 3768; x_wconf 85' lang='lat' dir='ltr'><strong>agros.</strong></span> <span class='ocrx_word' id='word_1_553' title='bbox 1097 3699 1166 3755; x_wconf 85' lang='lat' dir='ltr'><strong>Et</strong></span> <span class='ocrx_word' id='word_1_554' title='bbox 1197 3701 1401 3773; x_wconf 85' lang='lat' dir='ltr'><strong>egressi</strong></span> <span class='ocrx_word' id='word_1_555' title='bbox 1442 3711 1572 3758; x_wconf 91' lang='lat' dir='ltr'><strong>sunt</strong></span> <span class='ocrx_word' id='word_1_556' title='bbox 1616 3703 1800 3759; x_wconf 87' lang='lat' dir='ltr'><strong>videre</strong></span> <span class='ocrx_word' id='word_1_557' title='bbox 1854 3703 1981 3775; x_wconf 88' lang='lat' dir='ltr'><strong>quid</strong></span> 
     </span>
    </p>
   </div>
   <div class='ocr_carea' id='block_1_66' title="bbox 379 3789 1985 3867">
    <p class='ocr_par' dir='ltr' id='par_1_66' title="bbox 379 3789 1985 3867">
     <span class='ocr_line' id='line_1_66' title="bbox 379 3789 1985 3867; baseline 0.006 -24"><span class='ocrx_word' id='word_1_558' title='bbox 379 3798 532 3843; x_wconf 86' lang='lat' dir='ltr'><strong>esset</strong></span> <span class='ocrx_word' id='word_1_559' title='bbox 560 3789 760 3846; x_wconf 85' lang='lat' dir='ltr'><strong>factum</strong></span> <span class='ocrx_word' id='word_1_560' title='bbox 789 3791 897 3865; x_wconf 79' lang='grc' dir='ltr'><strong>[Αἰ.</strong></span> <span class='ocrx_word' id='word_1_561' title='bbox 926 3791 1075 3867; x_wconf 86' lang='lat' dir='ltr'><strong>faeti]</strong></span> <span class='ocrx_word' id='word_1_562' title='bbox 1104 3811 1119 3849; x_wconf 90' lang='lat'><strong>:</strong></span> <span class='ocrx_word' id='word_1_563' title='bbox 1165 3803 1222 3852; x_wconf 89' lang='lat' dir='ltr'><strong>et</strong></span> <span class='ocrx_word' id='word_1_564' title='bbox 1272 3795 1501 3852; x_wconf 89' lang='lat' dir='ltr'><strong>veniunt</strong></span> <span class='ocrx_word' id='word_1_565' title='bbox 1550 3795 1616 3852; x_wconf 86' lang='lat' dir='ltr'><strong>ad</strong></span> <span class='ocrx_word' id='word_1_566' title='bbox 1641 3795 1825 3853; x_wconf 81' lang='lat' dir='ltr'><strong>Jesum</strong></span> <span class='ocrx_word' id='word_1_567' title='bbox 1860 3813 1877 3853; x_wconf 88' lang='lat'><strong>:</strong></span> <span class='ocrx_word' id='word_1_568' title='bbox 1929 3804 1985 3853; x_wconf 86' lang='lat' dir='ltr'><strong>et</strong></span> 
     </span>
    </p>
   </div>
   <div class='ocr_carea' id='block_1_67' title="bbox 378 3881 1976 3959">
    <p class='ocr_par' dir='ltr' id='par_1_67' title="bbox 378 3881 1976 3959">
     <span class='ocr_line' id='line_1_67' title="bbox 378 3881 1976 3959; baseline 0.006 -23"><span class='ocrx_word' id='word_1_569' title='bbox 378 3881 572 3938; x_wconf 80' lang='lat' dir='ltr'><strong>vident</strong></span> <span class='ocrx_word' id='word_1_570' title='bbox 603 3883 776 3951; x_wconf 88' lang='lat' dir='ltr'><strong>illum,</strong></span> <span class='ocrx_word' id='word_1_571' title='bbox 809 3886 902 3956; x_wconf 88' lang='lat' dir='ltr'><strong>qui</strong></span> <span class='ocrx_word' id='word_1_572' title='bbox 947 3902 972 3940; x_wconf 90' lang='lat' dir='ltr'><strong>a</strong></span> <span class='ocrx_word' id='word_1_573' title='bbox 1003 3886 1273 3943; x_wconf 63' lang='lat' dir='ltr'><strong>daemonio</strong></span> <span class='ocrx_word' id='word_1_574' title='bbox 1313 3888 1637 3957; x_wconf 70' lang='lat' dir='ltr'><strong>vexabatur,</strong></span> <span class='ocrx_word' id='word_1_575' title='bbox 1671 3892 1976 3959; x_wconf 88' lang='lat' dir='ltr'><strong>sedentem,</strong></span> 
     </span>
    </p>
   </div>
   <div class='ocr_carea' id='block_1_68' title="bbox 378 3980 1977 4051">
    <p class='ocr_par' dir='ltr' id='par_1_68' title="bbox 378 3980 1977 4051">
     <span class='ocr_line' id='line_1_68' title="bbox 378 3980 1977 4051; baseline 0.007 -22"><span class='ocrx_word' id='word_1_576' title='bbox 378 3980 658 4046; x_wconf 86' lang='lat' dir='ltr'><strong>vestitum,</strong></span> <span class='ocrx_word' id='word_1_577' title='bbox 682 3989 737 4035; x_wconf 89' lang='lat' dir='ltr'><strong>et</strong></span> <span class='ocrx_word' id='word_1_578' title='bbox 760 3993 904 4035; x_wconf 80' lang='lat' dir='ltr'><strong>same</strong></span> <span class='ocrx_word' id='word_1_579' title='bbox 936 3983 1161 4051; x_wconf 89' lang='lat' dir='ltr'><strong>mentis,</strong></span> <span class='ocrx_word' id='word_1_580' title='bbox 1195 3992 1250 4038; x_wconf 89' lang='lat' dir='ltr'><strong>et</strong></span> <span class='ocrx_word' id='word_1_581' title='bbox 1275 3983 1592 4038; x_wconf 90' lang='lat' dir='ltr'><strong>timuerunt.</strong></span> <span class='ocrx_word' id='word_1_582' title='bbox 1629 3984 1693 4038; x_wconf 89' lang='lat' dir='ltr'><strong>Et</strong></span> <span class='ocrx_word' id='word_1_583' title='bbox 1720 3999 1977 4039; x_wconf 87' lang='lat' dir='ltr'><strong>narrave-</strong></span> 
     </span>
    </p>
   </div>
   <div class='ocr_carea' id='block_1_69' title="bbox 375 4073 1978 4149">
    <p class='ocr_par' dir='ltr' id='par_1_69' title="bbox 375 4073 1978 4149">
     <span class='ocr_line' id='line_1_69' title="bbox 375 4073 1978 4149; baseline 0.006 -22"><span class='ocrx_word' id='word_1_584' title='bbox 375 4081 509 4127; x_wconf 88' lang='lat' dir='ltr'><strong>runt</strong></span> <span class='ocrx_word' id='word_1_585' title='bbox 532 4073 662 4141; x_wconf 85' lang='lat' dir='ltr'><strong>illis,</strong></span> <span class='ocrx_word' id='word_1_586' title='bbox 690 4075 780 4145; x_wconf 89' lang='lat' dir='ltr'><strong>qui</strong></span> <span class='ocrx_word' id='word_1_587' title='bbox 826 4075 1099 4142; x_wconf 89' lang='lat' dir='ltr'><strong>viderant,</strong></span> <span class='ocrx_word' id='word_1_588' title='bbox 1132 4077 1369 4148; x_wconf 90' lang='lat' dir='ltr'><strong>qualiter</strong></span> <span class='ocrx_word' id='word_1_589' title='bbox 1392 4078 1589 4135; x_wconf 86' lang='lat' dir='ltr'><strong>factum</strong></span> <span class='ocrx_word' id='word_1_590' title='bbox 1618 4090 1762 4135; x_wconf 88' lang='lat' dir='ltr'><strong>esset</strong></span> <span class='ocrx_word' id='word_1_591' title='bbox 1789 4079 1859 4146; x_wconf 90' lang='lat' dir='ltr'><strong>ei,</strong></span> <span class='ocrx_word' id='word_1_592' title='bbox 1887 4081 1978 4149; x_wconf 90' lang='lat' dir='ltr'><strong>qui</strong></span> 
     </span>
    </p>
   </div>
   <div class='ocr_carea' id='block_1_70' title="bbox 375 4165 1977 4246">
    <p class='ocr_par' dir='ltr' id='par_1_70' title="bbox 375 4165 1977 4246">
     <span class='ocr_line' id='line_1_70' title="bbox 375 4165 1977 4246; baseline 0.007 -25"><span class='ocrx_word' id='word_1_593' title='bbox 375 4165 711 4223; x_wconf 62' lang='lat' dir='ltr'><strong>daemonium</strong></span> <span class='ocrx_word' id='word_1_594' title='bbox 751 4169 1037 4238; x_wconf 87' lang='lat' dir='ltr'><strong>habuerat,</strong></span> <span class='ocrx_word' id='word_1_595' title='bbox 1070 4181 1124 4228; x_wconf 90' lang='lat' dir='ltr'><strong>et</strong></span> <span class='ocrx_word' id='word_1_596' title='bbox 1151 4172 1217 4228; x_wconf 91' lang='lat' dir='ltr'><strong>de</strong></span> <span class='ocrx_word' id='word_1_597' title='bbox 1248 4174 1444 4244; x_wconf 91' lang='lat' dir='ltr'><strong>porcis.</strong></span> <span class='ocrx_word' id='word_1_598' title='bbox 1477 4174 1544 4228; x_wconf 82' lang='lat' dir='ltr'><strong>Et</strong></span> <span class='ocrx_word' id='word_1_599' title='bbox 1576 4191 1770 4245; x_wconf 90' lang='lat' dir='ltr'><strong>rogare</strong></span> <span class='ocrx_word' id='word_1_600' title='bbox 1797 4189 1977 4246; x_wconf 68' lang='lat' dir='ltr'><strong>caepe-</strong></span> 
     </span>
    </p>
   </div>
   <div class='ocr_carea' id='block_1_71' title="bbox 377 4263 1975 4344">
    <p class='ocr_par' dir='ltr' id='par_1_71' title="bbox 377 4263 1975 4344">
     <span class='ocr_line' id='line_1_71' title="bbox 377 4263 1975 4344; baseline 0.009 -32"><span class='ocrx_word' id='word_1_601' title='bbox 377 4269 509 4313; x_wconf 88' lang='lat' dir='ltr'><strong>runt</strong></span> <span class='ocrx_word' id='word_1_602' title='bbox 535 4276 681 4329; x_wconf 91' lang='lat' dir='ltr'><strong>eum,</strong></span> <span class='ocrx_word' id='word_1_603' title='bbox 715 4263 1182 4322; x_wconf 86' lang='lat' dir='ltr'><strong>utdiscederetde</strong></span> <span class='ocrx_word' id='word_1_604' title='bbox 1215 4267 1411 4324; x_wconf 85' lang='lat' dir='ltr'><strong>finibus</strong></span> <span class='ocrx_word' id='word_1_605' title='bbox 1442 4285 1630 4325; x_wconf 88' lang='lat' dir='ltr'><strong>eorum</strong></span> <span class='ocrx_word' id='word_1_606' title='bbox 1665 4269 1871 4342; x_wconf 71' lang='lat' dir='ltr'><strong>[xuvm,</strong></span> <span class='ocrx_word' id='word_1_607' title='bbox 1899 4269 1975 4344; x_wconf 93' lang='lat'><strong>8.]</strong></span> 
     </span>
    </p>
   </div>
   <div class='ocr_carea' id='block_1_72' title="bbox 375 4351 1972 4436">
    <p class='ocr_par' dir='ltr' id='par_1_72' title="bbox 375 4351 1972 4436">
     <span class='ocr_line' id='line_1_72' title="bbox 375 4351 1972 4436; baseline 0.008 -29"><span class='ocrx_word' id='word_1_608' title='bbox 375 4351 625 4426; x_wconf 88' lang='lat' dir='ltr'><strong>Cumque</strong></span> <span class='ocrx_word' id='word_1_609' title='bbox 653 4358 977 4415; x_wconf 88' lang='lat' dir='ltr'><strong>ascenderet</strong></span> <span class='ocrx_word' id='word_1_610' title='bbox 1026 4361 1422 4434; x_wconf 71' lang='lat' dir='ltr'><strong>navim,eaapit</strong></span> <span class='ocrx_word' id='word_1_611' title='bbox 1467 4364 1615 4418; x_wconf 89' lang='lat' dir='ltr'><strong>illum</strong></span> <span class='ocrx_word' id='word_1_612' title='bbox 1669 4365 1972 4436; x_wconf 88' lang='lat' dir='ltr'><strong>deprecari,</strong></span> 
     </span>
    </p>
   </div>
   <div class='ocr_carea' id='block_1_73' title="bbox 375 4448 1977 4524">
    <p class='ocr_par' dir='ltr' id='par_1_73' title="bbox 375 4448 1977 4524">
     <span class='ocr_line' id='line_1_73' title="bbox 375 4448 1977 4524; baseline 0.009 -24"><span class='ocrx_word' id='word_1_613' title='bbox 375 4448 521 4514; x_wconf 88' lang='lat' dir='ltr'><strong>quia</strong></span> <span class='ocrx_word' id='word_1_614' title='bbox 551 4449 818 4508; x_wconf 64' lang='lat' dir='ltr'><strong>daemonio</strong></span> <span class='ocrx_word' id='word_1_615' title='bbox 862 4462 1083 4511; x_wconf 87' lang='lat' dir='ltr'><strong>vexatus</strong></span> <span class='ocrx_word' id='word_1_616' title='bbox 1115 4454 1313 4524; x_wconf 88' lang='lat' dir='ltr'><strong>fuerat,</strong></span> <span class='ocrx_word' id='word_1_617' title='bbox 1341 4466 1402 4512; x_wconf 91' lang='lat' dir='ltr'><strong>ut</strong></span> <span class='ocrx_word' id='word_1_618' title='bbox 1429 4470 1570 4514; x_wconf 86' lang='lat' dir='ltr'><strong>esset</strong></span> <span class='ocrx_word' id='word_1_619' title='bbox 1604 4475 1724 4514; x_wconf 91' lang='lat' dir='ltr'><strong>eum</strong></span> <span class='ocrx_word' id='word_1_620' title='bbox 1765 4460 1857 4514; x_wconf 91' lang='lat' dir='ltr'><strong>illo</strong></span> <span class='ocrx_word' id='word_1_621' title='bbox 1878 4477 1896 4514; x_wconf 89' lang='lat'><strong>:</strong></span> <span class='ocrx_word' id='word_1_622' title='bbox 1922 4467 1977 4515; x_wconf 90' lang='lat' dir='ltr'><strong>et</strong></span> 
     </span>
    </p>
   </div>
   <div class='ocr_carea' id='block_1_74' title="bbox 373 4543 1972 4611">
    <p class='ocr_par' dir='ltr' id='par_1_74' title="bbox 373 4543 1972 4611">
     <span class='ocr_line' id='line_1_74' title="bbox 373 4543 1972 4611; baseline 0.009 -18"><span class='ocrx_word' id='word_1_623' title='bbox 373 4555 487 4595; x_wconf 89' lang='lat' dir='ltr'><strong>non</strong></span> <span class='ocrx_word' id='word_1_624' title='bbox 534 4543 756 4599; x_wconf 86' lang='lat' dir='ltr'><strong>admisit</strong></span> <span class='ocrx_word' id='word_1_625' title='bbox 780 4547 1044 4611; x_wconf 89' lang='lat' dir='ltr'><strong>eum,sed</strong></span> <span class='ocrx_word' id='word_1_626' title='bbox 1069 4547 1242 4604; x_wconf 88' lang='lat' dir='ltr'><strong>aitilli</strong></span> <span class='ocrx_word' id='word_1_627' title='bbox 1275 4569 1286 4604; x_wconf 91' lang='lat'><strong>:</strong></span> <span class='ocrx_word' id='word_1_628' title='bbox 1321 4549 1465 4606; x_wconf 84' lang='lat' dir='ltr'><strong>Vade</strong></span> <span class='ocrx_word' id='word_1_629' title='bbox 1500 4551 1550 4606; x_wconf 90' lang='lat' dir='ltr'><strong>in</strong></span> <span class='ocrx_word' id='word_1_630' title='bbox 1583 4551 1800 4606; x_wconf 92' lang='lat' dir='ltr'><strong>domum</strong></span> <span class='ocrx_word' id='word_1_631' title='bbox 1826 4563 1972 4607; x_wconf 90' lang='lat' dir='ltr'><strong>tuam</strong></span> 
     </span>
    </p>
   </div>
   <div class='ocr_carea' id='block_1_75' title="bbox 371 4633 1973 4710">
    <p class='ocr_par' dir='ltr' id='par_1_75' title="bbox 371 4633 1973 4710">
     <span class='ocr_line' id='line_1_75' title="bbox 371 4633 1973 4710; baseline 0.008 -24"><span class='ocrx_word' id='word_1_632' title='bbox 371 4633 444 4688; x_wconf 83' lang='lat' dir='ltr'><strong>ad</strong></span> <span class='ocrx_word' id='word_1_633' title='bbox 477 4644 622 4702; x_wconf 84' lang='lat' dir='ltr'><strong>tuos,</strong></span> <span class='ocrx_word' id='word_1_634' title='bbox 649 4647 702 4692; x_wconf 88' lang='lat' dir='ltr'><strong>et</strong></span> <span class='ocrx_word' id='word_1_635' title='bbox 736 4638 997 4694; x_wconf 88' lang='lat' dir='ltr'><strong>annuntia</strong></span> <span class='ocrx_word' id='word_1_636' title='bbox 1043 4639 1157 4696; x_wconf 86' lang='lat' dir='ltr'><strong>illis</strong></span> <span class='ocrx_word' id='word_1_637' title='bbox 1187 4649 1386 4710; x_wconf 84' lang='lat' dir='ltr'><strong>quanta</strong></span> <span class='ocrx_word' id='word_1_638' title='bbox 1414 4643 1506 4697; x_wconf 92' lang='lat' dir='ltr'><strong>tibi</strong></span> <span class='ocrx_word' id='word_1_639' title='bbox 1543 4643 1804 4699; x_wconf 89' lang='lat' dir='ltr'><strong>Dominus</strong></span> <span class='ocrx_word' id='word_1_640' title='bbox 1834 4645 1973 4699; x_wconf 82' lang='lat' dir='ltr'><strong>lece-</strong></span> 
     </span>
    </p>
   </div>
   <div class='ocr_carea' id='block_1_76' title="bbox 2087 3415 3690 3503">
    <p class='ocr_par' dir='ltr' id='par_1_76' title="bbox 2087 3415 3690 3503">
     <span class='ocr_line' id='line_1_76' title="bbox 2087 3415 3690 3503; baseline 0.014 -32"><span class='ocrx_word' id='word_1_641' title='bbox 2087 3415 2376 3475; x_wconf 91' lang='lat' dir='ltr'><strong>duodecim</strong></span> <span class='ocrx_word' id='word_1_642' title='bbox 2434 3439 2448 3476; x_wconf 89' lang='lat'><strong>:</strong></span> <span class='ocrx_word' id='word_1_643' title='bbox 2508 3431 2562 3478; x_wconf 90' lang='lat' dir='ltr'><strong>et</strong></span> <span class='ocrx_word' id='word_1_644' title='bbox 2619 3424 3021 3497; x_wconf 87' lang='lat' dir='ltr'><strong>obstupuerunt</strong></span> <span class='ocrx_word' id='word_1_645' title='bbox 3071 3439 3292 3500; x_wconf 86' lang='lat' dir='ltr'><strong>stupore</strong></span> <span class='ocrx_word' id='word_1_646' title='bbox 3346 3448 3564 3503; x_wconf 87' lang='lat' dir='ltr'><strong>magno.</strong></span> <span class='ocrx_word' id='word_1_647' title='bbox 3622 3437 3690 3494; x_wconf 81' lang='lat' dir='ltr'><strong>Et</strong></span> 
     </span>
    </p>
   </div>
   <div class='ocr_carea' id='block_1_77' title="bbox 2088 3514 3688 3591">
    <p class='ocr_par' dir='ltr' id='par_1_77' title="bbox 2088 3514 3688 3591">
     <span class='ocr_line' id='line_1_77' title="bbox 2088 3514 3688 3591; baseline 0.014 -26"><span class='ocrx_word' id='word_1_648' title='bbox 2088 3514 2343 3582; x_wconf 73' lang='lat' dir='ltr'><strong>prazcepit</strong></span> <span class='ocrx_word' id='word_1_649' title='bbox 2398 3514 2507 3572; x_wconf 90' lang='lat' dir='ltr'><strong>illis</strong></span> <span class='ocrx_word' id='word_1_650' title='bbox 2559 3519 2937 3591; x_wconf 84' lang='lat' dir='ltr'><strong>vehementer,</strong></span> <span class='ocrx_word' id='word_1_651' title='bbox 3007 3533 3067 3578; x_wconf 92' lang='lat' dir='ltr'><strong>ut</strong></span> <span class='ocrx_word' id='word_1_652' title='bbox 3115 3540 3276 3581; x_wconf 92' lang='lat' dir='ltr'><strong>nemo</strong></span> <span class='ocrx_word' id='word_1_653' title='bbox 3300 3525 3352 3580; x_wconf 91' lang='lat' dir='ltr'><strong>id</strong></span> <span class='ocrx_word' id='word_1_654' title='bbox 3398 3529 3600 3586; x_wconf 86' lang='lat' dir='ltr'><strong>sciret:</strong></span> <span class='ocrx_word' id='word_1_655' title='bbox 3635 3540 3688 3588; x_wconf 83' lang='lat' dir='ltr'><strong>et</strong></span> 
     </span>
    </p>
   </div>
   <div class='ocr_carea' id='block_1_78' title="bbox 2085 3601 3343 3670">
    <p class='ocr_par' dir='ltr' id='par_1_78' title="bbox 2085 3601 3343 3670">
     <span class='ocr_line' id='line_1_78' title="bbox 2085 3601 3343 3670; baseline 0.016 -13"><span class='ocrx_word' id='word_1_656' title='bbox 2085 3601 2223 3658; x_wconf 88' lang='lat' dir='ltr'><strong>dixit</strong></span> <span class='ocrx_word' id='word_1_657' title='bbox 2253 3605 2364 3661; x_wconf 91' lang='lat' dir='ltr'><strong>dari</strong></span> <span class='ocrx_word' id='word_1_658' title='bbox 2398 3607 2476 3663; x_wconf 89' lang='lat' dir='ltr'><strong>illi</strong></span> <span class='ocrx_word' id='word_1_659' title='bbox 2508 3611 2861 3670; x_wconf 87' lang='lat' dir='ltr'><strong>manducare.</strong></span> <span class='ocrx_word' id='word_1_660' title='bbox 3341 3635 3343 3637; x_wconf 80' lang='lat'>‘</span> 
     </span>
    </p>
   </div>
   <div class='ocr_carea' id='block_1_79' title="bbox 2156 3696 3682 3783">
    <p class='ocr_par' dir='ltr' id='par_1_79' title="bbox 2156 3696 3682 3783">
     <span class='ocr_line' id='line_1_79' title="bbox 2156 3696 3682 3783; baseline 0.012 -31"><span class='ocrx_word' id='word_1_661' title='bbox 2156 3696 2304 3770; x_wconf 84' lang='lat' dir='ltr'><strong>[Cap.</strong></span> <span class='ocrx_word' id='word_1_662' title='bbox 2340 3699 2424 3755; x_wconf 82' lang='lat' dir='ltr'><strong>VI.</strong></span> <span class='ocrx_word' id='word_1_663' title='bbox 2476 3719 2536 3772; x_wconf 87' lang='lat' dir='ltr'><strong>L,</strong></span> <span class='ocrx_word' id='word_1_664' title='bbox 2568 3702 2644 3777; x_wconf 77' lang='lat'><strong>1.]</strong></span> <span class='ocrx_word' id='word_1_665' title='bbox 2677 3705 2743 3760; x_wconf 86' lang='lat' dir='ltr'><strong>Et</strong></span> <span class='ocrx_word' id='word_1_666' title='bbox 2769 3722 3018 3777; x_wconf 85' lang='lat' dir='ltr'><strong>egressus</strong></span> <span class='ocrx_word' id='word_1_667' title='bbox 3042 3709 3187 3775; x_wconf 88' lang='lat' dir='ltr'><strong>inde,</strong></span> <span class='ocrx_word' id='word_1_668' title='bbox 3217 3710 3347 3766; x_wconf 88' lang='lat' dir='ltr'><strong>abiit</strong></span> <span class='ocrx_word' id='word_1_669' title='bbox 3373 3713 3425 3768; x_wconf 92' lang='lat' dir='ltr'><strong>in</strong></span> <span class='ocrx_word' id='word_1_670' title='bbox 3450 3714 3682 3783; x_wconf 89' lang='lat' dir='ltr'><strong>patriam</strong></span> 
     </span>
    </p>
   </div>
   <div class='ocr_carea' id='block_1_80' title="bbox 2083 3797 3680 3871">
    <p class='ocr_par' dir='ltr' id='par_1_80' title="bbox 2083 3797 3680 3871">
     <span class='ocr_line' id='line_1_80' title="bbox 2083 3797 3680 3871; baseline 0.013 -28"><span class='ocrx_word' id='word_1_671' title='bbox 2083 3805 2233 3845; x_wconf 90' lang='lat' dir='ltr'><strong>suam</strong></span> <span class='ocrx_word' id='word_1_672' title='bbox 2270 3808 2283 3847; x_wconf 89' lang='lat'><strong>:</strong></span> <span class='ocrx_word' id='word_1_673' title='bbox 2333 3803 2384 3848; x_wconf 90' lang='lat' dir='ltr'><strong>et</strong></span> <span class='ocrx_word' id='word_1_674' title='bbox 2416 3797 2784 3866; x_wconf 88' lang='lat' dir='ltr'><strong>sequebantur</strong></span> <span class='ocrx_word' id='word_1_675' title='bbox 2815 3815 2940 3854; x_wconf 91' lang='lat' dir='ltr'><strong>eum</strong></span> <span class='ocrx_word' id='word_1_676' title='bbox 2991 3801 3244 3871; x_wconf 84' lang='lat' dir='ltr'><strong>discipuli</strong></span> <span class='ocrx_word' id='word_1_677' title='bbox 3282 3806 3364 3859; x_wconf 91' lang='lat' dir='ltr'><strong>sui</strong></span> <span class='ocrx_word' id='word_1_678' title='bbox 3401 3824 3413 3861; x_wconf 89' lang='lat'><strong>:</strong></span> <span class='ocrx_word' id='word_1_679' title='bbox 3449 3815 3504 3860; x_wconf 91' lang='lat' dir='ltr'><strong>et</strong></span> <span class='ocrx_word' id='word_1_680' title='bbox 3537 3807 3680 3863; x_wconf 86' lang='lat' dir='ltr'><strong>facto</strong></span> 
     </span>
    </p>
   </div>
   <div class='ocr_carea' id='block_1_81' title="bbox 2083 3885 3679 3964">
    <p class='ocr_par' dir='ltr' id='par_1_81' title="bbox 2083 3885 3679 3964">
     <span class='ocr_line' id='line_1_81' title="bbox 2083 3885 3679 3964; baseline 0.011 -26"><span class='ocrx_word' id='word_1_681' title='bbox 2083 3885 2307 3942; x_wconf 86' lang='lat' dir='ltr'><strong>sabbato</strong></span> <span class='ocrx_word' id='word_1_682' title='bbox 2327 3887 2490 3958; x_wconf 79' lang='lat' dir='ltr'><strong>ccepit</strong></span> <span class='ocrx_word' id='word_1_683' title='bbox 2514 3891 2567 3944; x_wconf 94' lang='lat' dir='ltr'><strong>in</strong></span> <span class='ocrx_word' id='word_1_684' title='bbox 2588 3906 2856 3964; x_wconf 83' lang='lat' dir='ltr'><strong>synagoga</strong></span> <span class='ocrx_word' id='word_1_685' title='bbox 2875 3891 3078 3950; x_wconf 90' lang='lat' dir='ltr'><strong>docere</strong></span> <span class='ocrx_word' id='word_1_686' title='bbox 3106 3913 3118 3948; x_wconf 88' lang='lat'><strong>:</strong></span> <span class='ocrx_word' id='word_1_687' title='bbox 3150 3896 3371 3952; x_wconf 89' lang='lat' dir='ltr'><strong>etmulti</strong></span> <span class='ocrx_word' id='word_1_688' title='bbox 3394 3899 3679 3956; x_wconf 87' lang='lat' dir='ltr'><strong>audientes</strong></span> 
     </span>
    </p>
   </div>
   <div class='ocr_carea' id='block_1_82' title="bbox 2081 3977 3678 4056">
    <p class='ocr_par' dir='ltr' id='par_1_82' title="bbox 2081 3977 3678 4056">
     <span class='ocr_line' id='line_1_82' title="bbox 2081 3977 3678 4056; baseline 0.013 -26"><span class='ocrx_word' id='word_1_689' title='bbox 2081 3977 2488 4035; x_wconf 85' lang='lat' dir='ltr'><strong>admirabantur</strong></span> <span class='ocrx_word' id='word_1_690' title='bbox 2518 3983 2569 4037; x_wconf 89' lang='lat' dir='ltr'><strong>in</strong></span> <span class='ocrx_word' id='word_1_691' title='bbox 2603 3983 2849 4040; x_wconf 88' lang='lat' dir='ltr'><strong>doctrina</strong></span> <span class='ocrx_word' id='word_1_692' title='bbox 2881 3986 3018 4056; x_wconf 88' lang='lat' dir='ltr'><strong>ejus,</strong></span> <span class='ocrx_word' id='word_1_693' title='bbox 3051 3986 3331 4044; x_wconf 87' lang='lat' dir='ltr'><strong>dicentes:</strong></span> <span class='ocrx_word' id='word_1_694' title='bbox 3360 3991 3514 4047; x_wconf 85' lang='lat' dir='ltr'><strong>Unde</strong></span> <span class='ocrx_word' id='word_1_695' title='bbox 3553 3993 3678 4051; x_wconf 87' lang='lat' dir='ltr'><strong>huic</strong></span> 
     </span>
    </p>
   </div>
   <div class='ocr_carea' id='block_1_83' title="bbox 2081 4070 3677 4153">
    <p class='ocr_par' dir='ltr' id='par_1_83' title="bbox 2081 4070 3677 4153">
     <span class='ocr_line' id='line_1_83' title="bbox 2081 4070 3677 4153; baseline 0.011 -29"><span class='ocrx_word' id='word_1_696' title='bbox 2081 4070 2202 4127; x_wconf 78' lang='lat' dir='ltr'><strong>haec</strong></span> <span class='ocrx_word' id='word_1_697' title='bbox 2231 4073 2449 4129; x_wconf 91' lang='lat' dir='ltr'><strong>omnia?</strong></span> <span class='ocrx_word' id='word_1_698' title='bbox 2469 4087 2652 4146; x_wconf 72' lang='lat' dir='ltr'><strong>etqttte</strong></span> <span class='ocrx_word' id='word_1_699' title='bbox 2669 4086 2752 4132; x_wconf 83' lang='lat' dir='ltr'><strong>est</strong></span> <span class='ocrx_word' id='word_1_700' title='bbox 2781 4080 3204 4152; x_wconf 75' lang='lat' dir='ltr'><strong>sapientia,qu:e</strong></span> <span class='ocrx_word' id='word_1_701' title='bbox 3227 4082 3351 4138; x_wconf 86' lang='lat' dir='ltr'><strong>data</strong></span> <span class='ocrx_word' id='word_1_702' title='bbox 3382 4093 3466 4139; x_wconf 85' lang='lat' dir='ltr'><strong>est</strong></span> <span class='ocrx_word' id='word_1_703' title='bbox 3497 4086 3592 4153; x_wconf 91' lang='lat' dir='ltr'><strong>illi,</strong></span> <span class='ocrx_word' id='word_1_704' title='bbox 3622 4097 3677 4142; x_wconf 86' lang='lat' dir='ltr'><strong>et</strong></span> 
     </span>
    </p>
   </div>
   <div class='ocr_carea' id='block_1_84' title="bbox 2081 4167 3680 4244">
    <p class='ocr_par' dir='ltr' id='par_1_84' title="bbox 2081 4167 3680 4244">
     <span class='ocr_line' id='line_1_84' title="bbox 2081 4167 3680 4244; baseline 0.01 -24"><span class='ocrx_word' id='word_1_705' title='bbox 2081 4167 2308 4222; x_wconf 87' lang='lat' dir='ltr'><strong>virtutes</strong></span> <span class='ocrx_word' id='word_1_706' title='bbox 2329 4169 2484 4234; x_wconf 75' lang='lat' dir='ltr'><strong>taleis,</strong></span> <span class='ocrx_word' id='word_1_707' title='bbox 2515 4187 2634 4238; x_wconf 72' lang='lat' dir='ltr'><strong>qum</strong></span> <span class='ocrx_word' id='word_1_708' title='bbox 2661 4186 2756 4240; x_wconf 90' lang='lat' dir='ltr'><strong>per</strong></span> <span class='ocrx_word' id='word_1_709' title='bbox 2780 4189 2968 4229; x_wconf 86' lang='lat' dir='ltr'><strong>manus</strong></span> <span class='ocrx_word' id='word_1_710' title='bbox 2991 4174 3109 4244; x_wconf 87' lang='lat' dir='ltr'><strong>ejus</strong></span> <span class='ocrx_word' id='word_1_711' title='bbox 3126 4175 3468 4232; x_wconf 84' lang='lat' dir='ltr'><strong>efﬁciuntur?</strong></span> <span class='ocrx_word' id='word_1_712' title='bbox 3491 4178 3680 4236; x_wconf 81' lang='lat' dir='ltr'><strong>Nonne</strong></span> 
     </span>
    </p>
   </div>
   <div class='ocr_carea' id='block_1_85' title="bbox 2081 4260 3674 4343">
    <p class='ocr_par' dir='ltr' id='par_1_85' title="bbox 2081 4260 3674 4343">
     <span class='ocr_line' id='line_1_85' title="bbox 2081 4260 3674 4343; baseline 0.009 -30"><span class='ocrx_word' id='word_1_713' title='bbox 2081 4260 2167 4316; x_wconf 90' lang='lat' dir='ltr'><strong>hic</strong></span> <span class='ocrx_word' id='word_1_714' title='bbox 2198 4271 2281 4316; x_wconf 87' lang='lat' dir='ltr'><strong>est</strong></span> <span class='ocrx_word' id='word_1_715' title='bbox 2309 4261 2487 4330; x_wconf 76' lang='lat' dir='ltr'><strong>faber,</strong></span> <span class='ocrx_word' id='word_1_716' title='bbox 2524 4264 2665 4318; x_wconf 86' lang='lat' dir='ltr'><strong>lilius</strong></span> <span class='ocrx_word' id='word_1_717' title='bbox 2697 4265 2902 4334; x_wconf 67' lang='lat' dir='ltr'><strong>Mariae,</strong></span> <span class='ocrx_word' id='word_1_718' title='bbox 2941 4268 3104 4323; x_wconf 85' lang='lat' dir='ltr'><strong>frater</strong></span> <span class='ocrx_word' id='word_1_719' title='bbox 3133 4267 3345 4336; x_wconf 79' lang='lat' dir='ltr'><strong>Jacobi,</strong></span> <span class='ocrx_word' id='word_1_720' title='bbox 3375 4282 3428 4326; x_wconf 89' lang='lat' dir='ltr'><strong>et</strong></span> <span class='ocrx_word' id='word_1_721' title='bbox 3449 4271 3674 4343; x_wconf 85' lang='lat' dir='ltr'><strong>Joseph,</strong></span> 
     </span>
    </p>
   </div>
   <div class='ocr_carea' id='block_1_86' title="bbox 2079 4353 3678 4433">
    <p class='ocr_par' dir='ltr' id='par_1_86' title="bbox 2079 4353 3678 4433">
     <span class='ocr_line' id='line_1_86' title="bbox 2079 4353 3678 4433; baseline 0.006 -25"><span class='ocrx_word' id='word_1_722' title='bbox 2079 4361 2132 4408; x_wconf 87' lang='lat' dir='ltr'><strong>et</strong></span> <span class='ocrx_word' id='word_1_723' title='bbox 2162 4353 2337 4418; x_wconf 70' lang='lat' dir='ltr'><strong>Jndre,</strong></span> <span class='ocrx_word' id='word_1_724' title='bbox 2372 4365 2424 4410; x_wconf 89' lang='lat' dir='ltr'><strong>et</strong></span> <span class='ocrx_word' id='word_1_725' title='bbox 2459 4355 2737 4412; x_wconf 82' lang='lat' dir='ltr'><strong>Simonis?</strong></span> <span class='ocrx_word' id='word_1_726' title='bbox 2778 4373 2959 4414; x_wconf 91' lang='lat' dir='ltr'><strong>nonne</strong></span> <span class='ocrx_word' id='word_1_727' title='bbox 2987 4368 3038 4414; x_wconf 90' lang='lat' dir='ltr'><strong>et</strong></span> <span class='ocrx_word' id='word_1_728' title='bbox 3072 4375 3290 4417; x_wconf 90' lang='lat' dir='ltr'><strong>sorores</strong></span> <span class='ocrx_word' id='word_1_729' title='bbox 3315 4365 3431 4433; x_wconf 79' lang='lat' dir='ltr'><strong>ejus</strong></span> <span class='ocrx_word' id='word_1_730' title='bbox 3466 4365 3552 4420; x_wconf 82' lang='lat' dir='ltr'><strong>hic</strong></span> <span class='ocrx_word' id='word_1_731' title='bbox 3581 4382 3678 4419; x_wconf 90' lang='lat' dir='ltr'><strong>no-</strong></span> 
     </span>
    </p>
   </div>
   <div class='ocr_carea' id='block_1_87' title="bbox 2078 4444 3677 4529">
    <p class='ocr_par' dir='ltr' id='par_1_87' title="bbox 2078 4444 3677 4529">
     <span class='ocr_line' id='line_1_87' title="bbox 2078 4444 3677 4529; baseline 0.008 -31"><span class='ocrx_word' id='word_1_732' title='bbox 2078 4444 2292 4499; x_wconf 88' lang='lat' dir='ltr'><strong>biscum</strong></span> <span class='ocrx_word' id='word_1_733' title='bbox 2322 4447 2489 4500; x_wconf 83' lang='lat' dir='ltr'><strong>sunt?</strong></span> <span class='ocrx_word' id='word_1_734' title='bbox 2539 4447 2602 4501; x_wconf 82' lang='lat' dir='ltr'><strong>Et</strong></span> <span class='ocrx_word' id='word_1_735' title='bbox 2645 4449 3166 4507; x_wconf 89' lang='lat' dir='ltr'><strong>scandalizabantur</strong></span> <span class='ocrx_word' id='word_1_736' title='bbox 3206 4453 3256 4507; x_wconf 92' lang='lat' dir='ltr'><strong>in</strong></span> <span class='ocrx_word' id='word_1_737' title='bbox 3301 4453 3415 4508; x_wconf 88' lang='lat' dir='ltr'><strong>illo.</strong></span> <span class='ocrx_word' id='word_1_738' title='bbox 3458 4458 3560 4529; x_wconf 53' lang='grc' dir='ltr'><strong>ιιι,</strong></span> <span class='ocrx_word' id='word_1_739' title='bbox 3599 4454 3677 4527; x_wconf 74' lang='grc'><strong>1.]</strong></span> 
     </span>
    </p>
   </div>
   <div class='ocr_carea' id='block_1_88' title="bbox 2077 4529 3678 4618">
    <p class='ocr_par' dir='ltr' id='par_1_88' title="bbox 2077 4529 3678 4618">
     <span class='ocr_line' id='line_1_88' title="bbox 2077 4529 3678 4618; baseline 0.01 -26"><span class='ocrx_word' id='word_1_740' title='bbox 2077 4537 2145 4593; x_wconf 88' lang='lat' dir='ltr'><strong>Et.</strong></span> <span class='ocrx_word' id='word_1_741' title='bbox 2192 4539 2408 4596; x_wconf 87' lang='lat' dir='ltr'><strong>dicebat</strong></span> <span class='ocrx_word' id='word_1_742' title='bbox 2448 4540 2556 4595; x_wconf 88' lang='lat' dir='ltr'><strong>illis</strong></span> <span class='ocrx_word' id='word_1_743' title='bbox 2587 4541 2770 4598; x_wconf 85' lang='lat' dir='ltr'><strong>Jesus:</strong></span> <span class='ocrx_word' id='word_1_744' title='bbox 2823 4545 2957 4611; x_wconf 84' lang='lat' dir='ltr'><strong>Quia</strong></span> <span class='ocrx_word' id='word_1_745' title='bbox 2991 4529 3094 4601; x_wconf 89' lang='lat' dir='ltr'><strong>non</strong></span> <span class='ocrx_word' id='word_1_746' title='bbox 3128 4556 3211 4602; x_wconf 74' lang='lat' dir='ltr'><strong>est</strong></span> <span class='ocrx_word' id='word_1_747' title='bbox 3243 4548 3513 4618; x_wconf 82' lang='lat' dir='ltr'><strong>PrOpheta</strong></span> <span class='ocrx_word' id='word_1_748' title='bbox 3560 4553 3678 4608; x_wconf 91' lang='lat' dir='ltr'><strong>sine</strong></span> 
     </span>
    </p>
   </div>
   <div class='ocr_carea' id='block_1_89' title="bbox 2087 4631 3676 4710">
    <p class='ocr_par' dir='ltr' id='par_1_89' title="bbox 2087 4631 3676 4710">
     <span class='ocr_line' id='line_1_89' title="bbox 2087 4631 3676 4710; baseline 0.011 -25"><span class='ocrx_word' id='word_1_749' title='bbox 2087 4631 2296 4690; x_wconf 89' lang='lat' dir='ltr'><strong>honore</strong></span> <span class='ocrx_word' id='word_1_750' title='bbox 2327 4635 2426 4688; x_wconf 90' lang='lat' dir='ltr'><strong>nisi</strong></span> <span class='ocrx_word' id='word_1_751' title='bbox 2461 4637 2510 4690; x_wconf 92' lang='lat' dir='ltr'><strong>in</strong></span> <span class='ocrx_word' id='word_1_752' title='bbox 2538 4639 2706 4705; x_wconf 84' lang='lat' dir='ltr'><strong>patria</strong></span> <span class='ocrx_word' id='word_1_753' title='bbox 2730 4653 2826 4692; x_wconf 92' lang='lat' dir='ltr'><strong>sua</strong></span> <span class='ocrx_word' id='word_1_754' title='bbox 2846 4683 2860 4705; x_wconf 93' lang='lat'><strong>,</strong></span> <span class='ocrx_word' id='word_1_755' title='bbox 2896 4649 2948 4694; x_wconf 91' lang='lat' dir='ltr'><strong>et</strong></span> <span class='ocrx_word' id='word_1_756' title='bbox 2971 4641 3022 4694; x_wconf 89' lang='lat' dir='ltr'><strong>in</strong></span> <span class='ocrx_word' id='word_1_757' title='bbox 3053 4641 3214 4695; x_wconf 92' lang='lat' dir='ltr'><strong>domo</strong></span> <span class='ocrx_word' id='word_1_758' title='bbox 3240 4658 3332 4697; x_wconf 90' lang='lat' dir='ltr'><strong>sua</strong></span> <span class='ocrx_word' id='word_1_759' title='bbox 3352 4685 3366 4710; x_wconf 94' lang='lat'><strong>,</strong></span> <span class='ocrx_word' id='word_1_760' title='bbox 3399 4655 3452 4699; x_wconf 91' lang='lat' dir='ltr'><strong>et</strong></span> <span class='ocrx_word' id='word_1_761' title='bbox 3504 4646 3552 4701; x_wconf 92' lang='lat' dir='ltr'><strong>in</strong></span> <span class='ocrx_word' id='word_1_762' title='bbox 3581 4662 3676 4702; x_wconf 85' lang='lat' dir='ltr'><strong>eo-</strong></span> 
     </span>
    </p>
   </div>
   <div class='ocr_carea' id='block_1_90' title="bbox 371 4713 3677 4808">
    <p class='ocr_par' dir='ltr' id='par_1_90' title="bbox 371 4713 3677 4808">
     <span class='ocr_line' id='line_1_90' title="bbox 371 4713 3677 4808; baseline 0.012 -51"><span class='ocrx_word' id='word_1_763' title='bbox 371 4729 471 4794; x_wconf 54' lang='lat' dir='ltr'><strong>r&quot;,</strong></span> <span class='ocrx_word' id='word_1_764' title='bbox 498 4742 547 4785; x_wconf 66' lang='lat' dir='ltr'><strong>el</strong></span> <span class='ocrx_word' id='word_1_765' title='bbox 581 4732 835 4788; x_wconf 57' lang='lat' dir='ltr'><strong>misenus</strong></span> <span class='ocrx_word' id='word_1_766' title='bbox 866 4734 936 4789; x_wconf 53' lang='lat' dir='ltr'><strong>sit</strong></span> <span class='ocrx_word' id='word_1_767' title='bbox 963 4735 1060 4790; x_wconf 47' lang='lat' dir='ltr'><strong>tui.</strong></span> <span class='ocrx_word' id='word_1_768' title='bbox 1089 4735 1328 4803; x_wconf 54' lang='lat' dir='ltr'><strong>nam“,</strong></span> <span class='ocrx_word' id='word_1_769' title='bbox 1375 4745 1428 4792; x_wconf 67' lang='grc' dir='ltr'><strong>οι</strong></span> <span class='ocrx_word' id='word_1_770' title='bbox 1453 4739 1616 4807; x_wconf 55' lang='lat' dir='ltr'><strong>cum&quot;</strong></span> <span class='ocrx_word' id='word_1_771' title='bbox 1672 4739 1972 4808; x_wconf 64' lang='lat' dir='ltr'><strong>pmdicare</strong></span> <span class='ocrx_word' id='word_1_772' title='bbox 1997 4713 2053 4776; x_wconf 75' lang='grc' dir='ltr'><strong><em>Β</em></strong></span> <span class='ocrx_word' id='word_1_773' title='bbox 2076 4727 2334 4795; x_wconf 83' lang='lat' dir='ltr'><strong>gnatione</strong></span> <span class='ocrx_word' id='word_1_774' title='bbox 2364 4743 2479 4781; x_wconf 87' lang='lat' dir='ltr'><strong>sua.</strong></span> <span class='ocrx_word' id='word_1_775' title='bbox 2505 4728 2695 4784; x_wconf 88' lang='lat' dir='ltr'><strong>Etnon</strong></span> <span class='ocrx_word' id='word_1_776' title='bbox 2731 4742 2942 4800; x_wconf 85' lang='lat' dir='ltr'><strong>peterat</strong></span> <span class='ocrx_word' id='word_1_777' title='bbox 2968 4732 3038 4786; x_wconf 93' lang='lat' dir='ltr'><strong>ibi</strong></span> <span class='ocrx_word' id='word_1_778' title='bbox 3061 4735 3317 4792; x_wconf 87' lang='lat' dir='ltr'><strong>virtutem</strong></span> <span class='ocrx_word' id='word_1_779' title='bbox 3339 4738 3501 4794; x_wconf 90' lang='lat' dir='ltr'><strong>ullam</strong></span> <span class='ocrx_word' id='word_1_780' title='bbox 3528 4739 3677 4796; x_wconf 85' lang='lat' dir='ltr'><strong>face-</strong></span> 
     </span>
    </p>
   </div>
   <div class='ocr_carea' id='block_1_91' title="bbox 371 4822 1974 4898">
    <p class='ocr_par' dir='ltr' id='par_1_91' title="bbox 371 4822 1974 4898">
     <span class='ocr_line' id='line_1_91' title="bbox 371 4822 1974 4898; baseline 0.007 -21"><span class='ocrx_word' id='word_1_781' title='bbox 371 4822 428 4878; x_wconf 90' lang='lat' dir='ltr'><strong>in</strong></span> <span class='ocrx_word' id='word_1_782' title='bbox 465 4824 738 4895; x_wconf 88' lang='lat' dir='ltr'><strong>Deeapoli,</strong></span> <span class='ocrx_word' id='word_1_783' title='bbox 782 4837 984 4898; x_wconf 90' lang='lat' dir='ltr'><strong>quanta</strong></span> <span class='ocrx_word' id='word_1_784' title='bbox 1028 4829 1132 4885; x_wconf 91' lang='lat' dir='ltr'><strong>sibi</strong></span> <span class='ocrx_word' id='word_1_785' title='bbox 1181 4830 1401 4885; x_wconf 81' lang='lat' dir='ltr'><strong>iecisset</strong></span> <span class='ocrx_word' id='word_1_786' title='bbox 1431 4829 1629 4887; x_wconf 87' lang='lat' dir='ltr'><strong>Jesus:</strong></span> <span class='ocrx_word' id='word_1_787' title='bbox 1685 4840 1737 4886; x_wconf 92' lang='lat' dir='ltr'><strong>et</strong></span> <span class='ocrx_word' id='word_1_788' title='bbox 1781 4847 1974 4889; x_wconf 90' lang='lat' dir='ltr'><strong>omnes</strong></span> 
     </span>
    </p>
   </div>
   <div class='ocr_carea' id='block_1_92' title="bbox 373 4917 1973 4995">
    <p class='ocr_par' dir='ltr' id='par_1_92' title="bbox 373 4917 1973 4995">
     <span class='ocr_line' id='line_1_92' title="bbox 373 4917 1973 4995; baseline 0.004 -24"><span class='ocrx_word' id='word_1_789' title='bbox 373 4917 736 4975; x_wconf 90' lang='lat' dir='ltr'><strong>mirabantur.</strong></span> <span class='ocrx_word' id='word_1_790' title='bbox 779 4919 948 4993; x_wconf 70' lang='grc' dir='ltr'><strong>[χιιι.</strong></span> <span class='ocrx_word' id='word_1_791' title='bbox 975 4921 1056 4995; x_wconf 70' lang='grc'><strong>2.]</strong></span> <span class='ocrx_word' id='word_1_792' title='bbox 1107 4923 1171 4978; x_wconf 82' lang='grc' dir='ltr'><strong>Ει</strong></span> <span class='ocrx_word' id='word_1_793' title='bbox 1211 4938 1336 4979; x_wconf 90' lang='lat' dir='ltr'><strong>cum</strong></span> <span class='ocrx_word' id='word_1_794' title='bbox 1371 4923 1973 4980; x_wconf 87' lang='lat' dir='ltr'><strong>transeendissetJesus</strong></span> 
     </span>
    </p>
   </div>
   <div class='ocr_carea' id='block_1_93' title="bbox 369 5011 1970 5086">
    <p class='ocr_par' dir='ltr' id='par_1_93' title="bbox 369 5011 1970 5086">
     <span class='ocr_line' id='line_1_93' title="bbox 369 5011 1970 5086; baseline 0.006 -21"><span class='ocrx_word' id='word_1_795' title='bbox 369 5011 427 5066; x_wconf 90' lang='lat' dir='ltr'><strong>in</strong></span> <span class='ocrx_word' id='word_1_796' title='bbox 457 5012 580 5067; x_wconf 84' lang='lat' dir='ltr'><strong>navi</strong></span> <span class='ocrx_word' id='word_1_797' title='bbox 605 5029 825 5070; x_wconf 88' lang='lat' dir='ltr'><strong>rursum</strong></span> <span class='ocrx_word' id='word_1_798' title='bbox 846 5025 994 5071; x_wconf 90' lang='lat' dir='ltr'><strong>trans</strong></span> <span class='ocrx_word' id='word_1_799' title='bbox 1024 5016 1253 5086; x_wconf 90' lang='lat' dir='ltr'><strong>fretum,</strong></span> <span class='ocrx_word' id='word_1_800' title='bbox 1297 5019 1554 5074; x_wconf 90' lang='lat' dir='ltr'><strong>convenit</strong></span> <span class='ocrx_word' id='word_1_801' title='bbox 1601 5019 1754 5075; x_wconf 89' lang='lat' dir='ltr'><strong>turba</strong></span> <span class='ocrx_word' id='word_1_802' title='bbox 1800 5021 1970 5075; x_wconf 89' lang='lat' dir='ltr'><strong>multa</strong></span> 
     </span>
    </p>
   </div>
   <div class='ocr_carea' id='block_1_94' title="bbox 371 5108 1974 5185">
    <p class='ocr_par' dir='ltr' id='par_1_94' title="bbox 371 5108 1974 5185">
     <span class='ocr_line' id='line_1_94' title="bbox 371 5108 1974 5185; baseline 0.002 -21"><span class='ocrx_word' id='word_1_803' title='bbox 371 5108 440 5164; x_wconf 86' lang='lat' dir='ltr'><strong>ad</strong></span> <span class='ocrx_word' id='word_1_804' title='bbox 470 5125 616 5177; x_wconf 90' lang='lat' dir='ltr'><strong>eum,</strong></span> <span class='ocrx_word' id='word_1_805' title='bbox 644 5119 700 5166; x_wconf 90' lang='lat' dir='ltr'><strong>et</strong></span> <span class='ocrx_word' id='word_1_806' title='bbox 728 5118 844 5166; x_wconf 90' lang='lat' dir='ltr'><strong>erat</strong></span> <span class='ocrx_word' id='word_1_807' title='bbox 869 5111 1011 5167; x_wconf 91' lang='lat' dir='ltr'><strong>circa</strong></span> <span class='ocrx_word' id='word_1_808' title='bbox 1039 5127 1206 5168; x_wconf 85' lang='lat' dir='ltr'><strong>mare.</strong></span> <span class='ocrx_word' id='word_1_809' title='bbox 1249 5113 1314 5168; x_wconf 87' lang='lat' dir='ltr'><strong>Et</strong></span> <span class='ocrx_word' id='word_1_810' title='bbox 1340 5115 1487 5168; x_wconf 86' lang='lat' dir='ltr'><strong>venit</strong></span> <span class='ocrx_word' id='word_1_811' title='bbox 1534 5115 1751 5185; x_wconf 88' lang='lat' dir='ltr'><strong>quidam</strong></span> <span class='ocrx_word' id='word_1_812' title='bbox 1788 5113 1857 5170; x_wconf 91' lang='lat' dir='ltr'><strong>de</strong></span> <span class='ocrx_word' id='word_1_813' title='bbox 1887 5131 1974 5169; x_wconf 88' lang='lat' dir='ltr'><strong>ar-</strong></span> 
     </span>
    </p>
   </div>
   <div class='ocr_carea' id='block_1_95' title="bbox 371 5202 1972 5277">
    <p class='ocr_par' dir='ltr' id='par_1_95' title="bbox 371 5202 1972 5277">
     <span class='ocr_line' id='line_1_95' title="bbox 371 5202 1972 5277; baseline 0.002 -19"><span class='ocrx_word' id='word_1_814' title='bbox 371 5202 756 5276; x_wconf 79' lang='lat' dir='ltr'><strong>chisynagogis</strong></span> <span class='ocrx_word' id='word_1_815' title='bbox 795 5206 1012 5263; x_wconf 89' lang='lat' dir='ltr'><strong>nomine</strong></span> <span class='ocrx_word' id='word_1_816' title='bbox 1037 5206 1219 5263; x_wconf 87' lang='lat' dir='ltr'><strong>Jairus</strong></span> <span class='ocrx_word' id='word_1_817' title='bbox 1256 5225 1264 5262; x_wconf 94' lang='lat'><strong>:</strong></span> <span class='ocrx_word' id='word_1_818' title='bbox 1312 5216 1366 5262; x_wconf 91' lang='lat' dir='ltr'><strong>et</strong></span> <span class='ocrx_word' id='word_1_819' title='bbox 1395 5207 1586 5262; x_wconf 90' lang='lat' dir='ltr'><strong>videns</strong></span> <span class='ocrx_word' id='word_1_820' title='bbox 1609 5224 1756 5274; x_wconf 90' lang='lat' dir='ltr'><strong>eum,</strong></span> <span class='ocrx_word' id='word_1_821' title='bbox 1790 5209 1972 5277; x_wconf 90' lang='lat' dir='ltr'><strong>proci-</strong></span> 
     </span>
    </p>
   </div>
   <div class='ocr_carea' id='block_1_96' title="bbox 367 5295 1970 5369">
    <p class='ocr_par' dir='ltr' id='par_1_96' title="bbox 367 5295 1970 5369">
     <span class='ocr_line' id='line_1_96' title="bbox 367 5295 1970 5369; baseline 0.002 -18"><span class='ocrx_word' id='word_1_822' title='bbox 367 5295 453 5351; x_wconf 89' lang='lat' dir='ltr'><strong>dit</strong></span> <span class='ocrx_word' id='word_1_823' title='bbox 483 5297 548 5351; x_wconf 91' lang='lat' dir='ltr'><strong>ad</strong></span> <span class='ocrx_word' id='word_1_824' title='bbox 579 5297 745 5366; x_wconf 85' lang='lat' dir='ltr'><strong>pedes</strong></span> <span class='ocrx_word' id='word_1_825' title='bbox 792 5297 935 5368; x_wconf 89' lang='lat' dir='ltr'><strong>ejus,</strong></span> <span class='ocrx_word' id='word_1_826' title='bbox 991 5309 1045 5355; x_wconf 92' lang='lat' dir='ltr'><strong>et</strong></span> <span class='ocrx_word' id='word_1_827' title='bbox 1090 5299 1486 5369; x_wconf 78' lang='lat' dir='ltr'><strong>deprecnbatur</strong></span> <span class='ocrx_word' id='word_1_828' title='bbox 1539 5315 1659 5355; x_wconf 87' lang='lat' dir='ltr'><strong>eum</strong></span> <span class='ocrx_word' id='word_1_829' title='bbox 1718 5300 1970 5368; x_wconf 84' lang='lat' dir='ltr'><strong>multum,</strong></span> 
     </span>
    </p>
   </div>
   <div class='ocr_carea' id='block_1_97' title="bbox 369 5389 1969 5466">
    <p class='ocr_par' dir='ltr' id='par_1_97' title="bbox 369 5389 1969 5466">
     <span class='ocr_line' id='line_1_97' title="bbox 369 5389 1969 5466; baseline 0.003 -20"><span class='ocrx_word' id='word_1_830' title='bbox 369 5389 562 5446; x_wconf 86' lang='lat' dir='ltr'><strong>dicens</strong></span> <span class='ocrx_word' id='word_1_831' title='bbox 595 5409 607 5447; x_wconf 93' lang='lat'><strong>:</strong></span> <span class='ocrx_word' id='word_1_832' title='bbox 639 5391 905 5460; x_wconf 87' lang='lat' dir='ltr'><strong>Quoniam</strong></span> <span class='ocrx_word' id='word_1_833' title='bbox 943 5393 1045 5447; x_wconf 81' lang='lat' dir='ltr'><strong>lilia</strong></span> <span class='ocrx_word' id='word_1_834' title='bbox 1100 5409 1218 5449; x_wconf 91' lang='lat' dir='ltr'><strong>mea</strong></span> <span class='ocrx_word' id='word_1_835' title='bbox 1252 5395 1303 5449; x_wconf 89' lang='lat' dir='ltr'><strong>in</strong></span> <span class='ocrx_word' id='word_1_836' title='bbox 1362 5396 1621 5450; x_wconf 85' lang='lat' dir='ltr'><strong>extremis</strong></span> <span class='ocrx_word' id='word_1_837' title='bbox 1664 5405 1766 5466; x_wconf 88' lang='lat' dir='ltr'><strong>est,</strong></span> <span class='ocrx_word' id='word_1_838' title='bbox 1822 5395 1969 5464; x_wconf 88' lang='lat' dir='ltr'><strong>veni,</strong></span> 
     </span>
    </p>
   </div>
   <div class='ocr_carea' id='block_1_98' title="bbox 369 5483 1971 5558">
    <p class='ocr_par' dir='ltr' id='par_1_98' title="bbox 369 5483 1971 5558">
     <span class='ocr_line' id='line_1_98' title="bbox 369 5483 1971 5558; baseline 0.005 -20"><span class='ocrx_word' id='word_1_839' title='bbox 369 5483 595 5554; x_wconf 91' lang='lat' dir='ltr'><strong>impone</strong></span> <span class='ocrx_word' id='word_1_840' title='bbox 622 5501 837 5541; x_wconf 86' lang='lat' dir='ltr'><strong>manum</strong></span> <span class='ocrx_word' id='word_1_841' title='bbox 870 5502 1034 5558; x_wconf 81' lang='lat' dir='ltr'><strong>super</strong></span> <span class='ocrx_word' id='word_1_842' title='bbox 1053 5503 1193 5553; x_wconf 87' lang='lat' dir='ltr'><strong>eam,</strong></span> <span class='ocrx_word' id='word_1_843' title='bbox 1228 5498 1285 5543; x_wconf 92' lang='lat' dir='ltr'><strong>ut</strong></span> <span class='ocrx_word' id='word_1_844' title='bbox 1318 5488 1464 5543; x_wconf 90' lang='lat' dir='ltr'><strong>salva</strong></span> <span class='ocrx_word' id='word_1_845' title='bbox 1495 5489 1585 5554; x_wconf 91' lang='lat' dir='ltr'><strong>sit,</strong></span> <span class='ocrx_word' id='word_1_846' title='bbox 1622 5499 1676 5545; x_wconf 87' lang='lat' dir='ltr'><strong>et</strong></span> <span class='ocrx_word' id='word_1_847' title='bbox 1704 5490 1864 5545; x_wconf 75' lang='lat' dir='ltr'><strong>vivat.</strong></span> <span class='ocrx_word' id='word_1_848' title='bbox 1901 5489 1971 5545; x_wconf 86' lang='lat' dir='ltr'><strong>Et</strong></span> 
     </span>
    </p>
   </div>
   <div class='ocr_carea' id='block_1_99' title="bbox 368 5577 1966 5652">
    <p class='ocr_par' dir='ltr' id='par_1_99' title="bbox 368 5577 1966 5652">
     <span class='ocr_line' id='line_1_99' title="bbox 368 5577 1966 5652; baseline 0.004 -22"><span class='ocrx_word' id='word_1_849' title='bbox 368 5577 504 5633; x_wconf 86' lang='lat' dir='ltr'><strong>abiit</strong></span> <span class='ocrx_word' id='word_1_850' title='bbox 534 5593 658 5634; x_wconf 91' lang='lat' dir='ltr'><strong>cum</strong></span> <span class='ocrx_word' id='word_1_851' title='bbox 713 5579 829 5647; x_wconf 88' lang='lat' dir='ltr'><strong>illo,</strong></span> <span class='ocrx_word' id='word_1_852' title='bbox 861 5590 916 5635; x_wconf 91' lang='lat' dir='ltr'><strong>et</strong></span> <span class='ocrx_word' id='word_1_853' title='bbox 962 5582 1290 5652; x_wconf 88' lang='lat' dir='ltr'><strong>sequebatur</strong></span> <span class='ocrx_word' id='word_1_854' title='bbox 1341 5597 1462 5637; x_wconf 86' lang='lat' dir='ltr'><strong>eum</strong></span> <span class='ocrx_word' id='word_1_855' title='bbox 1498 5582 1655 5638; x_wconf 88' lang='lat' dir='ltr'><strong>turba</strong></span> <span class='ocrx_word' id='word_1_856' title='bbox 1689 5583 1882 5650; x_wconf 89' lang='lat' dir='ltr'><strong>multa,</strong></span> <span class='ocrx_word' id='word_1_857' title='bbox 1912 5591 1966 5638; x_wconf 93' lang='lat' dir='ltr'><strong>et</strong></span> 
     </span>
    </p>
   </div>
   <div class='ocr_carea' id='block_1_100' title="bbox 367 5673 1968 5748">
    <p class='ocr_par' dir='ltr' id='par_1_100' title="bbox 367 5673 1968 5748">
     <span class='ocr_line' id='line_1_100' title="bbox 367 5673 1968 5748; baseline 0.003 -21"><span class='ocrx_word' id='word_1_858' title='bbox 367 5673 803 5745; x_wconf 87' lang='lat' dir='ltr'><strong>eomprimebant</strong></span> <span class='ocrx_word' id='word_1_859' title='bbox 832 5689 977 5732; x_wconf 88' lang='lat' dir='ltr'><strong>eum.</strong></span> <span class='ocrx_word' id='word_1_860' title='bbox 1010 5677 1076 5732; x_wconf 87' lang='lat' dir='ltr'><strong>Et</strong></span> <span class='ocrx_word' id='word_1_861' title='bbox 1110 5676 1326 5745; x_wconf 87' lang='lat' dir='ltr'><strong>mulier,</strong></span> <span class='ocrx_word' id='word_1_862' title='bbox 1376 5691 1497 5746; x_wconf 66' lang='lat' dir='ltr'><strong>quae</strong></span> <span class='ocrx_word' id='word_1_863' title='bbox 1525 5686 1642 5732; x_wconf 88' lang='lat' dir='ltr'><strong>erat</strong></span> <span class='ocrx_word' id='word_1_864' title='bbox 1683 5677 1735 5731; x_wconf 89' lang='lat' dir='ltr'><strong>in</strong></span> <span class='ocrx_word' id='word_1_865' title='bbox 1767 5676 1968 5748; x_wconf 86' lang='lat' dir='ltr'><strong>proﬂu-</strong></span> 
     </span>
    </p>
   </div>
   <div class='ocr_carea' id='block_1_101' title="bbox 369 5767 1966 5842">
    <p class='ocr_par' dir='ltr' id='par_1_101' title="bbox 369 5767 1966 5842">
     <span class='ocr_line' id='line_1_101' title="bbox 369 5767 1966 5842; baseline 0.004 -23"><span class='ocrx_word' id='word_1_866' title='bbox 369 5767 461 5822; x_wconf 82' lang='lat' dir='ltr'><strong>vio</strong></span> <span class='ocrx_word' id='word_1_867' title='bbox 483 5767 760 5839; x_wconf 85' lang='lat' dir='ltr'><strong>sanguinis</strong></span> <span class='ocrx_word' id='word_1_868' title='bbox 781 5769 939 5825; x_wconf 89' lang='lat' dir='ltr'><strong>annis</strong></span> <span class='ocrx_word' id='word_1_869' title='bbox 968 5768 1280 5838; x_wconf 87' lang='lat' dir='ltr'><strong>duodecim,</strong></span> <span class='ocrx_word' id='word_1_870' title='bbox 1317 5779 1371 5824; x_wconf 89' lang='lat' dir='ltr'><strong>et</strong></span> <span class='ocrx_word' id='word_1_871' title='bbox 1422 5769 1591 5825; x_wconf 87' lang='lat' dir='ltr'><strong>fuerat</strong></span> <span class='ocrx_word' id='word_1_872' title='bbox 1646 5771 1812 5827; x_wconf 83' lang='lat' dir='ltr'><strong>multa</strong></span> <span class='ocrx_word' id='word_1_873' title='bbox 1840 5786 1966 5842; x_wconf 87' lang='lat' dir='ltr'><strong>per-</strong></span> 
     </span>
    </p>
   </div>
   <div class='ocr_carea' id='block_1_102' title="bbox 445 5925 1751 6001">
    <p class='ocr_par' dir='ltr' id='par_1_102' title="bbox 445 5925 1751 6001">
     <span class='ocr_line' id='line_1_102' title="bbox 445 5925 1751 6001; baseline 0.002 -19"><span class='ocrx_word' id='word_1_874' title='bbox 445 5936 472 5964; x_wconf 73' lang='grc'>⁸</span> <span class='ocrx_word' id='word_1_875' title='bbox 509 5925 567 5982; x_wconf 75' lang='lat' dir='ltr'><strong>In</strong></span> <span class='ocrx_word' id='word_1_876' title='bbox 597 5929 797 5984; x_wconf 75' lang='lat' dir='ltr'><strong>nostris</strong></span> <span class='ocrx_word' id='word_1_877' title='bbox 824 5943 957 5985; x_wconf 75' lang='lat' dir='ltr'><strong>mss.</strong></span> <span class='ocrx_word' id='word_1_878' title='bbox 993 5927 1089 5984; x_wconf 79' lang='lat' dir='ltr'><strong>Dei</strong></span> <span class='ocrx_word' id='word_1_879' title='bbox 1111 5929 1322 5996; x_wconf 72' lang='lat' dir='ltr'><strong>autmnt&#39;,</strong></span> <span class='ocrx_word' id='word_1_880' title='bbox 1349 5945 1448 6001; x_wconf 83' lang='lat' dir='ltr'><strong>pro</strong></span> <span class='ocrx_word' id='word_1_881' title='bbox 1480 5929 1751 5988; x_wconf 76' lang='lat' dir='ltr'><strong>Altissimi.</strong></span> 
     </span>
    </p>
   </div>
   <div class='ocr_carea' id='block_1_103' title="bbox 2079 4818 3677 4893">
    <p class='ocr_par' dir='ltr' id='par_1_103' title="bbox 2079 4818 3677 4893">
     <span class='ocr_line' id='line_1_103' title="bbox 2079 4818 3677 4893; baseline 0.011 -22"><span class='ocrx_word' id='word_1_882' title='bbox 2079 4833 2161 4884; x_wconf 90' lang='lat' dir='ltr'><strong>re,</strong></span> <span class='ocrx_word' id='word_1_883' title='bbox 2189 4818 2287 4872; x_wconf 75' lang='lat' dir='ltr'><strong>nisi</strong></span> <span class='ocrx_word' id='word_1_884' title='bbox 2311 4833 2511 4888; x_wconf 89' lang='lat' dir='ltr'><strong>paucos</strong></span> <span class='ocrx_word' id='word_1_885' title='bbox 2532 4821 2775 4877; x_wconf 84' lang='lat' dir='ltr'><strong>inﬁrmos</strong></span> <span class='ocrx_word' id='word_1_886' title='bbox 2795 4823 3061 4893; x_wconf 89' lang='lat' dir='ltr'><strong>impositis</strong></span> <span class='ocrx_word' id='word_1_887' title='bbox 3087 4829 3332 4885; x_wconf 89' lang='lat' dir='ltr'><strong>manibus</strong></span> <span class='ocrx_word' id='word_1_888' title='bbox 3356 4833 3584 4887; x_wconf 88' lang='lat' dir='ltr'><strong>curavit.</strong></span> <span class='ocrx_word' id='word_1_889' title='bbox 3611 4835 3677 4888; x_wconf 82' lang='lat' dir='ltr'><strong>Et</strong></span> 
     </span>
    </p>
   </div>
   <div class='ocr_carea' id='block_1_104' title="bbox 2081 4914 3675 4997">
    <p class='ocr_par' dir='ltr' id='par_1_104' title="bbox 2081 4914 3675 4997">
     <span class='ocr_line' id='line_1_104' title="bbox 2081 4914 3675 4997; baseline 0.01 -31"><span class='ocrx_word' id='word_1_890' title='bbox 2081 4914 2380 4968; x_wconf 88' lang='lat' dir='ltr'><strong>mirabatur</strong></span> <span class='ocrx_word' id='word_1_891' title='bbox 2409 4925 2629 4985; x_wconf 81' lang='lat' dir='ltr'><strong>propter</strong></span> <span class='ocrx_word' id='word_1_892' title='bbox 2659 4919 3091 4977; x_wconf 79' lang='lat' dir='ltr'><strong>incredulitatem</strong></span> <span class='ocrx_word' id='word_1_893' title='bbox 3128 4939 3337 4991; x_wconf 90' lang='lat' dir='ltr'><strong>eorum,</strong></span> <span class='ocrx_word' id='word_1_894' title='bbox 3373 4926 3488 4995; x_wconf 85' lang='lat' dir='ltr'><strong>[Ln,</strong></span> <span class='ocrx_word' id='word_1_895' title='bbox 3511 4926 3590 4997; x_wconf 68' lang='lat'><strong>2.]</strong></span> <span class='ocrx_word' id='word_1_896' title='bbox 3621 4937 3675 4982; x_wconf 90' lang='lat' dir='ltr'><strong>et</strong></span> 
     </span>
    </p>
   </div>
   <div class='ocr_carea' id='block_1_105' title="bbox 2078 5007 3675 5086">
    <p class='ocr_par' dir='ltr' id='par_1_105' title="bbox 2078 5007 3675 5086">
     <span class='ocr_line' id='line_1_105' title="bbox 2078 5007 3675 5086; baseline 0.004 -25"><span class='ocrx_word' id='word_1_897' title='bbox 2078 5007 2343 5063; x_wconf 81' lang='lat' dir='ltr'><strong>circuibat</strong></span> <span class='ocrx_word' id='word_1_898' title='bbox 2366 5008 2586 5063; x_wconf 80' lang='lat' dir='ltr'><strong>castella</strong></span> <span class='ocrx_word' id='word_1_899' title='bbox 2615 5010 2664 5064; x_wconf 91' lang='lat' dir='ltr'><strong>in</strong></span> <span class='ocrx_word' id='word_1_900' title='bbox 2693 5011 2921 5066; x_wconf 88' lang='lat' dir='ltr'><strong>circuitu</strong></span> <span class='ocrx_word' id='word_1_901' title='bbox 2949 5013 3169 5068; x_wconf 90' lang='lat' dir='ltr'><strong>docens.</strong></span> <span class='ocrx_word' id='word_1_902' title='bbox 3217 5013 3351 5086; x_wconf 80' lang='lat' dir='ltr'><strong>[LII],</strong></span> <span class='ocrx_word' id='word_1_903' title='bbox 3376 5015 3455 5084; x_wconf 71' lang='lat'><strong>2.]</strong></span> <span class='ocrx_word' id='word_1_904' title='bbox 3492 5017 3555 5070; x_wconf 80' lang='lat' dir='ltr'><strong>Et</strong></span> <span class='ocrx_word' id='word_1_905' title='bbox 3578 5033 3675 5069; x_wconf 78' lang='lat' dir='ltr'><strong>vo—</strong></span> 
     </span>
    </p>
   </div>
   <div class='ocr_carea' id='block_1_106' title="bbox 2077 5101 3672 5176">
    <p class='ocr_par' dir='ltr' id='par_1_106' title="bbox 2077 5101 3672 5176">
     <span class='ocr_line' id='line_1_106' title="bbox 2077 5101 3672 5176; baseline 0.007 -19"><span class='ocrx_word' id='word_1_906' title='bbox 2077 5103 2222 5157; x_wconf 91' lang='lat' dir='ltr'><strong>cavit</strong></span> <span class='ocrx_word' id='word_1_907' title='bbox 2249 5101 2574 5158; x_wconf 86' lang='lat' dir='ltr'><strong>duodecim:</strong></span> <span class='ocrx_word' id='word_1_908' title='bbox 2609 5114 2663 5160; x_wconf 89' lang='lat' dir='ltr'><strong>et</strong></span> <span class='ocrx_word' id='word_1_909' title='bbox 2693 5107 2856 5176; x_wconf 70' lang='lat' dir='ltr'><strong>cmpit</strong></span> <span class='ocrx_word' id='word_1_910' title='bbox 2883 5123 2976 5162; x_wconf 88' lang='lat' dir='ltr'><strong>eos</strong></span> <span class='ocrx_word' id='word_1_911' title='bbox 2996 5108 3211 5163; x_wconf 88' lang='lat' dir='ltr'><strong>mittere</strong></span> <span class='ocrx_word' id='word_1_912' title='bbox 3231 5109 3406 5175; x_wconf 90' lang='lat' dir='ltr'><strong>binos,</strong></span> <span class='ocrx_word' id='word_1_913' title='bbox 3437 5111 3672 5167; x_wconf 89' lang='lat' dir='ltr'><strong>etdabat</strong></span> 
     </span>
    </p>
   </div>
   <div class='ocr_carea' id='block_1_107' title="bbox 2078 5196 3673 5276">
    <p class='ocr_par' dir='ltr' id='par_1_107' title="bbox 2078 5196 3673 5276">
     <span class='ocr_line' id='line_1_107' title="bbox 2078 5196 3673 5276; baseline 0.006 -25"><span class='ocrx_word' id='word_1_914' title='bbox 2078 5196 2184 5251; x_wconf 91' lang='lat' dir='ltr'><strong>illis</strong></span> <span class='ocrx_word' id='word_1_915' title='bbox 2204 5206 2530 5269; x_wconf 86' lang='lat' dir='ltr'><strong>potestatem</strong></span> <span class='ocrx_word' id='word_1_916' title='bbox 2556 5199 2840 5268; x_wconf 89' lang='lat' dir='ltr'><strong>spirituum</strong></span> <span class='ocrx_word' id='word_1_917' title='bbox 2863 5199 3284 5255; x_wconf 82' lang='lat' dir='ltr'><strong>immundorum.</strong></span> <span class='ocrx_word' id='word_1_918' title='bbox 3319 5200 3386 5255; x_wconf 89' lang='lat' dir='ltr'><strong>Et</strong></span> <span class='ocrx_word' id='word_1_919' title='bbox 3413 5208 3673 5276; x_wconf 84' lang='lat' dir='ltr'><strong>praecepit</strong></span> 
     </span>
    </p>
   </div>
   <div class='ocr_carea' id='block_1_108' title="bbox 2077 5291 3668 5363">
    <p class='ocr_par' dir='ltr' id='par_1_108' title="bbox 2077 5291 3668 5363">
     <span class='ocr_line' id='line_1_108' title="bbox 2077 5291 3668 5363; baseline 0.006 -18"><span class='ocrx_word' id='word_1_920' title='bbox 2077 5292 2159 5345; x_wconf 90' lang='lat' dir='ltr'><strong>eis</strong></span> <span class='ocrx_word' id='word_1_921' title='bbox 2190 5308 2255 5347; x_wconf 91' lang='lat' dir='ltr'><strong>ne</strong></span> <span class='ocrx_word' id='word_1_922' title='bbox 2283 5291 2409 5361; x_wconf 90' lang='lat' dir='ltr'><strong>quid</strong></span> <span class='ocrx_word' id='word_1_923' title='bbox 2437 5292 2689 5346; x_wconf 90' lang='lat' dir='ltr'><strong>tollerent</strong></span> <span class='ocrx_word' id='word_1_924' title='bbox 2725 5292 2774 5345; x_wconf 94' lang='lat' dir='ltr'><strong>in</strong></span> <span class='ocrx_word' id='word_1_925' title='bbox 2805 5293 2908 5358; x_wconf 78' lang='lat' dir='ltr'><strong>via,</strong></span> <span class='ocrx_word' id='word_1_926' title='bbox 2935 5293 3038 5347; x_wconf 85' lang='lat' dir='ltr'><strong>nisi</strong></span> <span class='ocrx_word' id='word_1_927' title='bbox 3063 5292 3264 5363; x_wconf 87' lang='lat' dir='ltr'><strong>virgam</strong></span> <span class='ocrx_word' id='word_1_928' title='bbox 3301 5303 3530 5362; x_wconf 91' lang='lat' dir='ltr'><strong>tantum,</strong></span> <span class='ocrx_word' id='word_1_929' title='bbox 3560 5313 3668 5354; x_wconf 91' lang='lat' dir='ltr'><strong>non</strong></span> 
     </span>
    </p>
   </div>
   <div class='ocr_carea' id='block_1_109' title="bbox 2077 5387 3668 5456">
    <p class='ocr_par' dir='ltr' id='par_1_109' title="bbox 2077 5387 3668 5456">
     <span class='ocr_line' id='line_1_109' title="bbox 2077 5387 3668 5456; baseline 0.005 -17"><span class='ocrx_word' id='word_1_930' title='bbox 2077 5400 2287 5456; x_wconf 88' lang='lat' dir='ltr'><strong>peram,</strong></span> <span class='ocrx_word' id='word_1_931' title='bbox 2319 5401 2423 5439; x_wconf 91' lang='lat' dir='ltr'><strong>non</strong></span> <span class='ocrx_word' id='word_1_932' title='bbox 2454 5400 2667 5454; x_wconf 88' lang='lat' dir='ltr'><strong>panem,</strong></span> <span class='ocrx_word' id='word_1_933' title='bbox 2702 5399 2876 5454; x_wconf 83' lang='lat' dir='ltr'><strong>neque</strong></span> <span class='ocrx_word' id='word_1_934' title='bbox 2907 5387 2958 5438; x_wconf 93' lang='lat' dir='ltr'><strong>in</strong></span> <span class='ocrx_word' id='word_1_935' title='bbox 2987 5401 3119 5440; x_wconf 87' lang='lat' dir='ltr'><strong>zona</strong></span> <span class='ocrx_word' id='word_1_936' title='bbox 3147 5401 3243 5454; x_wconf 76' lang='lat' dir='ltr'><strong>tes,</strong></span> <span class='ocrx_word' id='word_1_937' title='bbox 3277 5388 3369 5443; x_wconf 86' lang='lat' dir='ltr'><strong>sed</strong></span> <span class='ocrx_word' id='word_1_938' title='bbox 3397 5391 3668 5447; x_wconf 88' lang='lat' dir='ltr'><strong>calceatos</strong></span> 
     </span>
    </p>
   </div>
   <div class='ocr_carea' id='block_1_110' title="bbox 2074 5477 3666 5560">
    <p class='ocr_par' dir='ltr' id='par_1_110' title="bbox 2074 5477 3666 5560">
     <span class='ocr_line' id='line_1_110' title="bbox 2074 5477 3666 5560; baseline 0.006 -28"><span class='ocrx_word' id='word_1_939' title='bbox 2074 5478 2355 5544; x_wconf 86' lang='lat' dir='ltr'><strong>sandaliis,</strong></span> <span class='ocrx_word' id='word_1_940' title='bbox 2383 5487 2435 5532; x_wconf 90' lang='lat' dir='ltr'><strong>et</strong></span> <span class='ocrx_word' id='word_1_941' title='bbox 2466 5494 2532 5533; x_wconf 89' lang='lat' dir='ltr'><strong>ne</strong></span> <span class='ocrx_word' id='word_1_942' title='bbox 2553 5477 2907 5533; x_wconf 89' lang='lat' dir='ltr'><strong>induerentur</strong></span> <span class='ocrx_word' id='word_1_943' title='bbox 2938 5479 3147 5536; x_wconf 90' lang='lat' dir='ltr'><strong>duabus</strong></span> <span class='ocrx_word' id='word_1_944' title='bbox 3179 5482 3392 5540; x_wconf 91' lang='lat' dir='ltr'><strong>tunicis.</strong></span> <span class='ocrx_word' id='word_1_945' title='bbox 3427 5483 3555 5556; x_wconf 86' lang='lat' dir='ltr'><strong>[uv,</strong></span> <span class='ocrx_word' id='word_1_946' title='bbox 3586 5486 3666 5560; x_wconf 78' lang='grc'><strong>2.]</strong></span> 
     </span>
    </p>
   </div>
   <div class='ocr_carea' id='block_1_111' title="bbox 2075 5571 3662 5649">
    <p class='ocr_par' dir='ltr' id='par_1_111' title="bbox 2075 5571 3662 5649">
     <span class='ocr_line' id='line_1_111' title="bbox 2075 5571 3662 5649; baseline 0.004 -22"><span class='ocrx_word' id='word_1_947' title='bbox 2075 5571 2141 5627; x_wconf 87' lang='grc' dir='ltr'><strong>Ει</strong></span> <span class='ocrx_word' id='word_1_948' title='bbox 2178 5571 2393 5626; x_wconf 89' lang='lat' dir='ltr'><strong>dicebat</strong></span> <span class='ocrx_word' id='word_1_949' title='bbox 2421 5572 2538 5628; x_wconf 90' lang='lat' dir='ltr'><strong>eis:</strong></span> <span class='ocrx_word' id='word_1_950' title='bbox 2585 5572 2935 5642; x_wconf 87' lang='lat' dir='ltr'><strong>Quocumque</strong></span> <span class='ocrx_word' id='word_1_951' title='bbox 2968 5573 3292 5631; x_wconf 88' lang='lat' dir='ltr'><strong>introieritis</strong></span> <span class='ocrx_word' id='word_1_952' title='bbox 3335 5577 3388 5630; x_wconf 91' lang='lat' dir='ltr'><strong>in</strong></span> <span class='ocrx_word' id='word_1_953' title='bbox 3418 5578 3662 5649; x_wconf 88' lang='lat' dir='ltr'><strong>domum,</strong></span> 
     </span>
    </p>
   </div>
   <div class='ocr_carea' id='block_1_112' title="bbox 2074 5664 3669 5742">
    <p class='ocr_par' dir='ltr' id='par_1_112' title="bbox 2074 5664 3669 5742">
     <span class='ocr_line' id='line_1_112' title="bbox 2074 5664 3669 5742; baseline 0.006 -23"><span class='ocrx_word' id='word_1_954' title='bbox 2074 5665 2184 5719; x_wconf 91' lang='lat' dir='ltr'><strong>illic</strong></span> <span class='ocrx_word' id='word_1_955' title='bbox 2217 5675 2431 5720; x_wconf 88' lang='lat' dir='ltr'><strong>manete</strong></span> <span class='ocrx_word' id='word_1_956' title='bbox 2457 5664 2632 5720; x_wconf 87' lang='lat' dir='ltr'><strong>donec</strong></span> <span class='ocrx_word' id='word_1_957' title='bbox 2657 5665 2863 5721; x_wconf 85' lang='lat' dir='ltr'><strong>exeatis</strong></span> <span class='ocrx_word' id='word_1_958' title='bbox 2893 5666 3046 5721; x_wconf 86' lang='lat' dir='ltr'><strong>inde:</strong></span> <span class='ocrx_word' id='word_1_959' title='bbox 3081 5668 3191 5742; x_wconf 81' lang='lat' dir='ltr'><strong>[Lv,</strong></span> <span class='ocrx_word' id='word_1_960' title='bbox 3223 5667 3304 5740; x_wconf 75' lang='lat'><strong>2.]</strong></span> <span class='ocrx_word' id='word_1_961' title='bbox 3335 5679 3388 5729; x_wconf 88' lang='lat' dir='ltr'><strong>et</strong></span> <span class='ocrx_word' id='word_1_962' title='bbox 3419 5670 3669 5742; x_wconf 89' lang='lat' dir='ltr'><strong>quicum-</strong></span> 
     </span>
    </p>
   </div>
   <div class='ocr_carea' id='block_1_113' title="bbox 2074 5761 3670 5834">
    <p class='ocr_par' dir='ltr' id='par_1_113' title="bbox 2074 5761 3670 5834">
     <span class='ocr_line' id='line_1_113' title="bbox 2074 5761 3670 5834; baseline 0.003 -16"><span class='ocrx_word' id='word_1_963' title='bbox 2074 5777 2178 5834; x_wconf 92' lang='lat' dir='ltr'><strong>que</strong></span> <span class='ocrx_word' id='word_1_964' title='bbox 2201 5776 2306 5816; x_wconf 91' lang='lat' dir='ltr'><strong>non</strong></span> <span class='ocrx_word' id='word_1_965' title='bbox 2338 5761 2645 5833; x_wconf 85' lang='lat' dir='ltr'><strong>receperint</strong></span> <span class='ocrx_word' id='word_1_966' title='bbox 2676 5775 2793 5832; x_wconf 89' lang='lat' dir='ltr'><strong>vos,</strong></span> <span class='ocrx_word' id='word_1_967' title='bbox 2826 5765 2924 5818; x_wconf 85' lang='lat' dir='ltr'><strong>nec</strong></span> <span class='ocrx_word' id='word_1_968' title='bbox 2953 5761 3224 5819; x_wconf 88' lang='lat' dir='ltr'><strong>audierint</strong></span> <span class='ocrx_word' id='word_1_969' title='bbox 3252 5779 3377 5832; x_wconf 90' lang='lat' dir='ltr'><strong>vos,</strong></span> <span class='ocrx_word' id='word_1_970' title='bbox 3407 5775 3670 5824; x_wconf 89' lang='lat' dir='ltr'><strong>exeuntes</strong></span> 
     </span>
    </p>
   </div>
  </div>
