4166 6336
519 352 622 412 591

1515 359 1577 416 S.
1619 357 2004 416 HIERONYMI
2045 356 2277 417 DlVlNA
2316 358 2792 421 BIBLIOTHECA.

3715 367 3816 424 59!

522 469 651 525 inde
671 510 689 536 ,
727 468 968 526 excutite
1001 469 1278 538 pulverem
1306 470 1374 528 de
1403 470 1632 543 pedibus
1656 475 1854 530 vestris
1886 475 1941 530 in
1969 475 2124 531 testi-
2152 473 2206 534 Δ
2230 487 2418 528 omnes
2445 473 2744 530 secundum
2787 474 3145 531 contubernia
3185 488 3349 548 super
3393 478 3568 536 viride
3611 481 3817 540 fenum.

521 565 768 624 monium
798 564 931 620 illis.
966 563 1100 636 [LV],
1129 562 1207 636 8.]
1250 565 1317 620 Et
1347 576 1611 623 exeuntes
1640 567 2034 637 prredicahant,
2065 577 2124 624 ut

524 658 904 731 pmnitenliam
937 669 1194 727 agerent:
1227 666 1284 714 et
1309 659 1579 716 daemonia
1607 661 1778 716 multa
1810 661 2120 732 ejiciebant,

526 763 585 810 et
605 753 879 823 ungebant
898 752 1019 809 oleo
1041 753 1243 808 multos
1263 767 1458 822 aegros,
1485 762 1541 810 et
1557 754 1842 815 sanabant.
1869 756 2022 829 [Lvu.
2039 753 2121 826 2.]

525 847 596 902 Et
622 847 829 904 audivit
858 863 954 903 rex
975 847 1220 904 Herodes
1251 848 1619 921 (manifestum
1643 851 1790 906 enim
1817 849 2018 906 factum
2042 861 2127 906 est

522 957 726 998 nomen
752 941 895 1014 ejus)
919 951 977 998 et
997 943 1237 999 dicebat:
1265 942 1402 1010 Quia
1422 942 1662 999 Joannes
1679 944 1922 1016 Baptista
1945 959 2127 1000 resur-

524 1033 669 1090 rexit
707 1050 736 1089 a
778 1035 1037 1091 mortuis:
1069 1044 1124 1091 et
1164 1045 1447 1107 propterea
1476 1037 1703 1092 virtutes
1739 1047 2036 1106 operantur
2071 1038 2124 1094 in

523 1125 643 1182 illo.
686 1126 791 1183 Alii
828 1135 1004 1181 autem
1036 1126 1330 1182 dicebant:
1371 1127 1503 1196 Quia
1536 1129 1680 1184 Elias
1705 1140 1809 1185 est.
1854 1129 1959 1186 Alii
1995 1146 2126 1186 vero

524 1218 780 1275 dicebant
805 1236 817 1272 :
846 1219 981 1287 Quia
1016 1219 1285 1289 Pr0plieta
1310 1229 1414 1286 est,
1447 1223 1599 1292 quasi
1623 1239 1762 1278 unus
1787 1239 1854 1278 ex
1880 1224 2126 1294 Prophe-

526 1312 618 1368 tis.
664 1313 846 1384 μνία,
885 1310 998 1382 l0.]
1037 1313 1154 1381 Quo
1185 1314 1372 1370 audito
1404 1315 1646 1372 Herodes
1677 1320 1782 1372 ait:
1816 1317 1986 1386 Quem
2026 1334 2128 1389 ego

525 1405 791 1463 decollavi
812 1406 1102 1472 Joannem,
1130 1408 1216 1463 hic
1241 1424 1268 1461 a
1301 1411 1529 1464 mortuis
1557 1413 1872 1466 resurrexit.
1897 1410 2126 1483 [th,2._|

522 1500 646 1570 Ipse
664 1499 809 1556 enim
826 1501 1069 1558 Herodes
1089 1501 1257 1568 misit,
1289 1519 1352 1558 ac
1372 1506 1544 1560 tenuit
1559 1506 1846 1573 Joannem,
1877 1515 1932 1562 et
1957 1507 2129 1561 vinxit

526 1609 652 1648 eum
693 1593 746 1648 in
789 1610 1040 1659 carcere,
1088 1607 1307 1665 prapter
1336 1597 1699 1653 llerodiadem
1743 1615 1970 1655 uxorem
2003 1598 2130 1654 Phi-

523 1687 655 1756 lippi
689 1687 871 1744 fratris
900 1689 1003 1751 sui,
1036 1689 1159 1758 quia
1190 1689 1423 1745 duxerat
1451 1707 1591 1746 eam.
1626 1693 1850 1749 Dicebat
1871 1694 2017 1749 enim
2038 1694 2133 1750 Jo-

523 1795 695 1837 annes
723 1781 923 1837 Herodi
953 1801 964 1834 :
1011 1783 1128 1837 Non
1164 1784 1291 1838 licet
1321 1783 1418 1838 tibi
1456 1783 1658 1840 habere
1689 1801 1910 1840 uxorein
1947 1785 2130 1840 fratris

2226 564 2297 620 Et
2324 566 2716 624 discubuerunt
2745 568 2800 624 in
2832 577 3035 639 partes,
3070 585 3164 642 per
3190 579 3449 630 centenos
3476 582 3532 629 et
3555 575 3824 646 quinqua-

2225 676 2416 732 genos.
2451 662 2520 718 Et
2540 664 2782 734 acceptis
2802 663 3041 738 quinque
3068 666 3322 736 panibus,
3349 675 3406 724 et
3423 669 3636 726 duobus
3657 671 3822 740 pisci-

2226 753 2351 820 bus,
2379 757 2599 812 intuens
2641 758 2695 812 in
2735 759 2928 814 coelum
2951 801 2975 827 ,
3007 759 3307 829 benedixit,
3351 771 3407 818 et
3437 762 3598 835 fregit
3627 779 3821 834 panes,

2226 855 2283 901 et
2312 845 2461 903 dedit
2491 848 2778 919 discipulis
2821 851 2972 907 suis:
3018 862 3076 907 ut
3119 864 3389 924 ponerent
3432 867 3560 913 ante
3590 871 3731 913 eos:
3769 867 3826 913 et

2227 939 2364 996 duos
2386 943 2562 1011 pisces
2587 942 2770 998 divisit
2792 945 3064 1001 omnibus.
3101 945 3166 1002 Et
3201 947 3673 1005 manducaverunt
3701 967 3823 1005 om-

2227 1049 2344 1098 nes,
2377 1043 2432 1090 et
2457 1035 2688 1091 saturati
2717 1045 2862 1092 sunt.
2909 1037 2977 1094 Et
3012 1040 3350 1097 sustulerunt
3389 1042 3650 1114 reliquias
3693 1043 3827 1116 frag-

2230 1139 2538 1182 mentornm
2575 1127 2864 1184 duodecim
2898 1130 3165 1202 cophinos
3196 1133 3416 1203 plenos,
3451 1146 3504 1190 et
3543 1135 3612 1192 de
3664 1137 3826 1207 pisci-

2228 1221 2351 1276 bus.
2393 1222 2565 1278 Erant
2593 1233 2774 1280 autem
2803 1225 2894 1295 qui
2936 1226 3401 1284 manducavcrunt
3432 1231 3672 1303 quinque
3705 1233 3826 1288 mil-
3905 1223 3916 1231 ’

2230 1315 2299 1370 lia
2343 1317 2606 1371 virorum.
2648 1318 2811 1391 [va,
2856 1315 2936 1390 6.]
2979 1318 3046 1374 Et
3089 1319 3272 1376 statim
3306 1323 3484 1392 coegit
3532 1324 3825 1397 discipulos

2229 1424 2358 1465 suos
2379 1411 2675 1466 ascendere
2696 1412 2896 1480 navim,
2923 1422 2981 1468 ut
3001 1416 3377 1484 praecederent
3402 1432 3524 1473 eum
3553 1427 3700 1475 trans
3723 1420 3827 1476 trc-

2232 1512 2345 1559 tum
2379 1504 2444 1558 ad
2474 1503 2852 1571 Bethsaidam,
2905 1506 3031 1562 dum
3065 1509 3181 1578 ipse
3210 1509 3514 1567 dimitteret
3546 1514 3824 1584 populum.

2233 1600 2404 1672 [va1,
2433 1599 2512 1671 2.]
2561 1599 2626 1654 Et
2657 1617 2778 1656 cum
2812 1602 3109 1660 dimisisset
3139 1619 3234 1661 eos
3259 1648 3274 1674 ,
3315 1608 3448 1664 abiit
3489 1608 3542 1664 in
3588 1620 3824 1666 montem

2229 1707 2414 1750 orare.
2458 1693 2657 1764 [ωινιιν
2689 1693 2770 1766 4.]
2818 1696 3031 1753 Etcum
3061 1714 3188 1755 sero
3213 1711 3388 1768 esset,
3431 1713 3550 1757 erat
3581 1705 3732 1760 navis
3769 1703 3824 1760 in

2235 1785 2414 1840 medio
2441 1787 2602 1854 mari,
2632 1797 2686 1843 et
2715 1790 2831 1860 ipse
2857 1791 3010 1847 solus
3038 1793 3090 1848 in
3119 1803 3284 1850 terra.
3317 1796 3384 1850 Et
3410 1796 3599 1854 videns
3623 1813 3721 1854 eos
3747 1801 3825 1855 la-

528 1877 627 1934 tui.
670 1876 940 1932 llerodias
965 1889 1142 1932 autem
1174 1878 1530 1933 insidiabatur
1558 1880 1632 1933 illi
1663 1895 1678 1934 :
1712 1888 1768 1934 et
1793 1879 2012 1933 volebat
2038 1893 2130 1933 oc-
2159 1866 2206 1927 Β
2235 1875 2494 1934 horantes
2523 1879 2576 1934 in
2607 1883 2924 1952 remigando
2955 1885 3095 1954 (erat
3121 1887 3264 1942 enim
3296 1901 3491 1945 ventus
3511 1893 3818 1950 contrarius

525 1968 714 2024 cidere
755 1985 905 2034 eum,
957 1987 1056 2025 nec
1100 1979 1332 2039 poterat.
1388 1971 1631 2026 llcrodes
1671 1973 1812 2026 enim
1853 1971 2129 2028 metuebat

525 2062 822 2129 Joannem,
857 2064 1036 2119 sciens
1065 2080 1188 2120 eum
1225 2063 1398 2119 virum
1425 2064 1631 2134 justum
1665 2074 1720 2120 et
1748 2073 2027 2121 sanctum:
2074 2072 2132 2120 et

526 2155 870 2212 custodiebat
895 2171 1050 2214 eum.
1081 2163 1135 2211 et
1162 2156 1348 2211 audito
1378 2172 1445 2212 eo
1475 2159 1644 2212 multa
1674 2157 1904 2213 iaciebat
1924 2198 1938 2223 ,
1973 2167 2028 2212 et
2064 2157 2130 2211 li-

526 2250 724 2306 benter
754 2267 877 2305 eum
909 2249 1187 2305 audiebat.
1225 2251 1341 2323 [Lx,
1367 2250 1446 2322 6.]
1474 2250 1541 2305 Et
1569 2266 1692 2307 cum
1718 2251 1837 2306 dies
1868 2259 2130 2322 opportu-

526 2361 630 2402 nus
657 2345 965 2409 accidisset,
1003 2344 1242 2400 Herodes
1273 2345 1466 2400 natalis
1494 2347 1577 2400 sui
1602 2361 1810 2402 coenam
1837 2345 1960 2401 fecit
1983 2345 2130 2416 prin-

526 2441 759 2511 cipibus,
793 2451 848 2496 et
877 2441 1134 2503 tribunis,
1166 2448 1222 2494 et
1249 2440 1437 2509 primis
1465 2439 1725 2496 Galilreae.
1776 2438 2021 2510 Cumque
2048 2439 2130 2494 in-

533 2533 753 2588 troisset
787 2531 894 2585 tilia
934 2531 1106 2601 ipsius
1139 2529 1490 2594 Herodiadis,
1517 2540 1573 2586 et
1605 2532 1890 2599 saltasset,
1929 2541 1984 2586 et
2015 2531 2131 2601 pla-

533 2625 738 2681 cuisset
770 2622 966 2678 Herodi
1002 2665 1015 2688 ,
1064 2623 1329 2694 simulque
1375 2624 1854 2690 recumbentibus;
1912 2641 2008 2680 rex
2055 2624 2131 2681 ait

529 2720 762 2790 puellas:
831 2718 960 2774 Pete
1011 2733 1040 2773 a
1089 2735 1176 2773 me
1217 2719 1359 2785 quod
1410 2719 1489 2774 vis
1520 2763 1535 2786 ,
1593 2728 1648 2775 et
1699 2719 1840 2775 dabo
1882 2720 2025 2776 tibi:
2077 2729 2132 2776 ct

523 2808 728 2882 juravit
758 2807 832 2864 illi
877 2827 890 2863 :
923 2807 1056 2874 Quia
1093 2807 1348 2879 quidquid
1389 2809 1606 2878 petieris
1642 2809 1783 2865 dabo
1826 2810 1955 2875 tibi,
2007 2811 2132 2866 licet

527 2901 813 2958 dimidium
855 2900 1005 2971 regni
1049 2901 1176 2955 mei.
1245 2900 1375 2967 Quae
1403 2915 1523 2955 cum
1567 2902 1800 2968 exisset,
1850 2901 1989 2957 dixit
2019 2918 2132 2956 ma-

525 2995 597 3050 tri
630 3010 777 3050 sute:
825 2993 965 3062 Quid
1015 2995 1231 3064 petam?
1262 2996 1331 3048 At
1372 2992 1457 3047 illa
1490 2993 1656 3048 dixit:
1704 2995 1880 3065 Caput
1911 2995 2134 3051 Joannis

527 3086 810 3156 Baptistae.
852 3085 1096 3154 Cumque
1128 3085 1414 3140 introisset
1436 3086 1618 3140 statim
1643 3100 1764 3141 cum
1789 3087 2135 3144 festinatione

528 3178 598 3234 ad
629 3192 837 3249 regem,
869 3175 1060 3246 petivit
1089 3175 1311 3230 dicens:
1347 3175 1501 3240 Volo,
1532 3186 1590 3231 ut
1615 3177 1864 3246 protinus
1886 3178 1982 3233 des
2004 3177 2135 3234 mihi

2231 1964 2371 2036 eis),
2413 1981 2466 2024 et
2493 1970 2640 2026 circa
2672 1986 2929 2043 quartam
2959 1977 3202 2047 vigiliam
3237 1981 3412 2036 noctis
3444 1983 3594 2038 venit
3631 1986 3698 2039 ad
3728 2000 3828 2040 eos

2231 2062 2519 2119 ambulans
2555 2080 2716 2137 supra
2746 2084 2925 2127 mare:
2958 2079 3014 2126 et
3042 2073 3254 2129 volebat
3285 2079 3569 2145 praeterire
3595 2094 3713 2135 eos.
3755 2082 3827 2137 At

2232 2154 2310 2210 illi
2344 2163 2405 2210 ut
2432 2156 2685 2214 viderunt
2707 2161 3078 2220 ambulantem
3105 2181 3266 2236 supra
3297 2185 3470 2237 mare,
3505 2181 3826 2241 putaverunt

2233 2245 2556 2316 phantasma
2581 2265 2736 2318 esse,
2764 2261 2820 2308 et
2845 2255 3316 2315 exclamaverunt.
3347 2260 3548 2319 Omnes
3571 2265 3716 2321 enim
3749 2265 3829 2321 vi-

2231 2340 2433 2398 derunt
2458 2360 2616 2414 eum,
2663 2355 2719 2402 et
2746 2351 3060 2408 conturbati
3095 2365 3244 2409 sunt.
3290 2355 3354 2411 Et
3390 2360 3570 2414 statim
3617 2360 3828 2417 locutus

2232 2443 2317 2490 est
2340 2449 2464 2490 cum
2488 2437 2589 2503 eis,
2619 2447 2675 2493 et
2704 2439 2840 2496 dixit
2868 2443 2944 2498 eis
2975 2461 2989 2498 :
3020 2444 3320 2514 Conﬁdite,
3348 2465 3448 2520 ego
3478 2466 3629 2517 sum,
3661 2453 3828 2510 nolite

2235 2528 2448 2584 timere.
2491 2531 2704 2604 [vaut,
2738 2533 2817 2606 6.]
2864 2536 2929 2591 Et
2967 2539 3217 2596 ascendit
3251 2542 3318 2596 ad
3360 2543 3482 2598 illos
3521 2545 3578 2600 in
3623 2549 3824 2615 navim,

2232 2627 2287 2673 et
2309 2621 2544 2677 cessavit
2573 2634 2789 2681 ventus.
2823 2627 2885 2682 Et.
2910 2629 3031 2699 plus
3055 2632 3227 2703 magis
3253 2633 3391 2689 intra
3420 2651 3480 2693 se
3503 2639 3825 2708 stupebant:

2230 2727 2344 2768 non
2389 2715 2534 2769 enim
2582 2717 2971 2776 intellexerunt
2999 2723 3066 2779 de
3101 2726 3364 2798 panibus,
3403 2740 3522 2785 erat
3549 2733 3694 2787 enim
3734 2747 3830 2788 cor

2235 2822 2423 2862 eorum
2444 2809 2802 2868 obcaecatum.
2827 2816 2996 2889 [thx,
3018 2816 3100 2889 2.]
3124 2818 3332 2875 Etcum
3358 2823 3827 2892 transfretassent,

2237 2910 2507 2956 venerunt
2552 2902 2604 2956 in
2655 2915 2856 2960 terram
2904 2907 3280 2979 Genesareth,
3331 2923 3386 2970 et
3427 2917 3826 2987 applicuerunt.

2236 2991 2481 3064 Cumque
2509 2997 2718 3068 egressi
2749 3009 2932 3054 essent
2959 3001 3029 3057 de
3065 3004 3228 3071 navi,
3275 3007 3535 3064 continuo
3559 3027 3833 3082 cognove-

2241 3095 2369 3140 runt
2399 3101 2558 3142 eum:
2599 3097 2654 3143 et
2690 3103 3074 3160 percurrentes
3101 3097 3408 3154 universam
3448 3104 3725 3174 regionem
3770 3106 3831 3160 il-

2241 3176 2371 3242 lam,
2394 3192 2675 3250 cmperunt
2699 3182 2749 3237 in
2773 3185 3013 3254 grabatis
3036 3202 3152 3255 eos,
3179 3191 3270 3259 qui
3292 3206 3353 3247 se
3373 3194 3516 3249 male
3536 3194 3830 3266 habebant,

532 3274 586 3330 in
618 3273 771 3328 disco
796 3280 958 3338 caput
1001 3269 1222 3325 Joannis
1248 3269 1528 3341 Baptism.
1572 3270 1638 3326 Et
1673 3272 2025 3347 contristatus
2053 3263 2207 3328 estC
2242 3270 2625 3342 circumferre,
2670 3277 2762 3332 ubi
2799 3279 3094 3339 audiebant
3129 3300 3252 3340 eum
3293 3303 3436 3345 esse.
3480 3290 3830 3364 thuecum-

529 3381 627 3424 rex
653 3381 667 3420 :
702 3371 926 3436 propter
947 3363 1350 3434 jusjurandum,
1384 3372 1438 3418 et
1469 3375 1693 3432 prepter
1716 3365 1879 3420 simul
1901 3366 2138 3422 discum-

528 3458 758 3522 bentes,
807 3456 979 3513 noluit
1011 3472 1130 3510 eam
1175 3454 1504 3512 contristare
1540 3475 1551 3511 :
1582 3455 1676 3512 sed
1708 3456 1875 3513 misso
1906 3458 2138 3529 spicula-

534 3563 680 3618 tore,
717 3551 973 3622 praecepit
999 3549 1180 3606 all‘erri
1212 3558 1376 3619 caput
1405 3549 1522 3620 ejus
1547 3551 1600 3605 in
1635 3551 1803 3608 disco.
1849 3551 1914 3606 Et
1953 3552 2140 3608 decol-

538 3645 677 3704 lavit
698 3661 820 3700 eum
868 3644 922 3699 in
948 3658 1203 3711 carcere,
1231 3653 1286 3698 et
1317 3644 1496 3698 attulit
1530 3655 1694 3715 caput
1719 3645 1838 3714 ejus
1863 3647 1914 3700 in
1947 3645 2136 3702 disco:

537 3749 595 3794 et
620 3737 923 3794 deditillud
958 3736 1178 3806 puellae,
1207 3745 1262 3792 et
1284 3737 1460 3806 puella
1493 3736 1645 3794 dedit
1672 3738 1831 3795 matri
1857 3753 1986 3795 suac.
2023 3741 2140 3808 Quo

536 3832 758 3898 audito,
803 3831 1051 3902 discipuli
1097 3831 1215 3901 ejus
1250 3840 1547 3897 venerunt,
1594 3841 1648 3888 et
1678 3832 1916 3889 tulerunt
1945 3849 2141 3905 corpus

537 3927 693 3998 ejus:
739 3935 794 3982 et
816 3932 1114 3995 posuerunt
1146 3924 1275 3979 illud
1301 3925 1352 3979 in
1384 3934 1758 3980 monumento.
1790 3927 1930 3999 [th,
1957 3925 2036 3999 8.]
2075 3926 2144 3980 Et

541 4019 932 4076 convenientes
959 4017 1204 4090 Apostoli
1245 4017 1309 4072 ad
1339 4017 1556 4087 Jesum,
1604 4018 2056 4075 renuntiaverunt
2092 4019 2142 4076 ei

541 4114 747 4176 omnia,
776 4129 896 4184 quae
925 4121 1171 4183 egerant,
1201 4121 1254 4167 et
1281 4111 1597 4168 docuerant.
1635 4115 1785 4187 [tht,
1821 4113 1935 4185 10.]
1979 4115 2044 4169 Et
2070 4115 2146 4170 ait

539 4207 679 4263 illis:
719 4204 916 4261 Venite
944 4219 1191 4260 seorsum
1217 4205 1268 4260 in
1305 4205 1581 4262 desertum
1613 4208 1814 4276 locum,
1856 4217 1911 4264 et
1939 4208 2146 4276 requie-

542 4297 678 4352 scite
700 4295 980 4366 pusillum.
1011 4296 1180 4351 Erant
1209 4299 1352 4352 enim
1385 4299 1477 4370 qui
1507 4299 1874 4356 veniebantet
1898 4300 2147 4357 redibant

544 4388 738 4445 multi:
780 4397 837 4444 et
863 4405 963 4444 nec
990 4389 1222 4455 spatium
1253 4391 1613 4448 inanducandi
1642 4393 1933 4449 habebant.
1969 4395 2141 4468 [um,

545 4479 625 4550 6.]
650 4481 717 4536 Et
747 4480 1108 4538 ascendentes
1138 4482 1190 4537 in
1231 4484 1412 4539 navim
1433 4528 1446 4550 ,
1495 4485 1750 4542 abierunt
1779 4488 1832 4544 in
1869 4489 2143 4546 desertum

543 4573 724 4628 locum
758 4587 1025 4628 seorsum.
1055 4575 1125 4630 Et
1153 4575 1403 4630 viderunt
1434 4591 1531 4632 eos
1555 4577 1840 4649 abeuntes,
1873 4589 1928 4636 et
1951 4597 2145 4651 cogno-

2239 3379 2345 3434 que
2371 3365 2624 3423 introibat
2652 3414 2665 3438 ,
2699 3369 2752 3426 in
2773 3372 2920 3428 vicos
2948 3375 3032 3432 vel
3060 3379 3111 3432 in
3138 3379 3326 3449 villas,
3357 3393 3450 3438 aut
3475 3384 3745 3451 civitates,
3778 3388 3832 3443 in

2243 3456 2437 3526 plateis
2469 3463 2746 3530 ponebant
2782 3465 3031 3524 inﬁrmes
3053 3512 3069 3538 ,
3117 3481 3174 3528 et
3207 3473 3645 3544 deprecabantur
3683 3497 3831 3548 eum,

2241 3561 2300 3606 ut
2327 3551 2412 3607 vel
2437 3553 2705 3611 ﬁmbriam
2739 3560 3048 3618 vestimenti
3079 3564 3198 3635 ejus
3227 3574 3548 3641 tangerent:
3598 3585 3655 3629 et
3678 3584 3836 3647 quot-

2241 3660 2371 3717 quot
2407 3651 2704 3721 tangebant
2731 3669 2879 3721 eum,
2913 3659 3048 3714 salvi
3081 3661 3306 3721 fiebant.

2318 3741 2480 3815 [Cap.
2511 3743 2616 3800 VII.
2649 3763 2775 3814 Lxx,
2804 3748 2928 3822 10.]
2957 3750 3026 3808 Ει
3052 3758 3384 3814 conveniunt
3409 3761 3474 3816 ad
3506 3777 3630 3818 eum
3656 3763 3838 3833 phari-

2244 3835 2362 3898 sa‘i,
2396 3845 2451 3890 et
2479 3839 2698 3908 quidam
2729 3843 2800 3900 de
2827 3847 3020 3904 scribis
3048 3853 3331 3910 venientes
3356 3857 3425 3910 ab
3453 3857 3830 3932 Jerosolymis.

2245 3924 2316 3980 Et
2352 3943 2475 3983 cum
2517 3931 2746 3989 vidisset
2788 3940 3050 4010 quosdam
3081 3960 3145 4000 ex
3175 3946 3455 4019 discipulis
3485 3952 3605 4022 ejus
3629 3994 3644 4020 ,
3672 3924 3840 4010 ⁷(εοιιιο

2244 4023 2498 4080 munibus
2523 4029 2793 4096 manibus,
2824 4033 2876 4088 id
2901 4045 2984 4090 est
3008 4053 3111 4094 non
3139 4041 3629 4109 lotis,manducare
3650 4066 3837 4120 panes,

2245 4114 2710 4187 vituperaverunt.
2739 4124 2998 4186 Pharismi
3023 4133 3189 4201 enim,
3222 4147 3277 4193 ct
3303 4154 3494 4196 omnes
3513 4141 3710 4211 Judari,
3737 4145 3840 4201 nisi

2245 4209 2442 4266 crebro
2467 4213 2700 4272 laverint
2722 4234 2936 4289 manus,
2963 4240 3068 4281 non
3095 4229 3443 4300 nianducant,
3471 4245 3716 4292 tenentes
3736 4248 3842 4294 tra-

2246 4299 2507 4360 ditionem
2540 4309 2815 4368 seniorum
2841 4330 2856 4370 :
2907 4325 2963 4374 et
2989 4334 3017 4373 a
3046 4319 3166 4376 foro
3191 4324 3292 4380 nisi
3318 4325 3659 4398 baptizentur
3679 4375 3693 4399 ,
3733 4349 3840 4389 non

2247 4399 2569 4455 comedunt:
2612 4413 2665 4460 et
2700 4406 2803 4462 alia
2827 4410 2995 4468 multa
3021 4425 3179 4481 sunt,
3209 4433 3330 4488 quae
3363 4423 3557 4477 tradita
3585 4433 3711 4480 sunt
3741 4425 3844 4481 illis

2247 4504 2488 4559 servare,
2526 4494 2848 4566 baptismata
2873 4503 3142 4569 calicum,
3183 4519 3239 4565 et
3262 4527 3586 4581 urceorum,
3631 4526 3688 4574 et
3705 4534 3842 4573 :era-

2249 4595 2578 4657 rnentorum,
2612 4600 2668 4646 et
2698 4593 2962 4653 lectorum
2990 4617 3001 4652 :
3035 4601 3212 4674 llum,
3245 4603 3413 4677 6.]"et
3437 4607 3848 4682 interrogabant

543 4673 741 4720 verunt
784 4665 980 4723 multi:
1022 4674 1080 4722 et
1113 4666 1397 4736 pedestres
1437 4669 1505 4722 de
1544 4672 1796 4726 omnibus
1834 4672 2142 4731 civitatibus
2170 4665 2372 4732 Deum
2413 4680 2702 4752 pharisaci,
2745 4696 2800 4742 et
2842 4665 3070 4747 scribae:
3113 4665 3584 4771 Quareddiscipuli
3626 4665 3845 4761 illius};

544 4764 944 4812 concurrerunt
983 4757 1146 4825 illuc,
1199 4767 1249 4814 et
1280 4771 1666 4830 praevenerunt
1703 4780 1816 4820 eos.
1859 4765 1928 4821 Et
1954 4769 2142 4826 exiens

543 4850 681 4907 vidit
704 4851 916 4907 turbam
940 4852 1162 4906 multam
1185 4851 1373 4909 Jesus:
1399 4865 1449 4910 et
1469 4856 1722 4913 misertus
1742 4867 1826 4914 est
1845 4875 2008 4931 super
2022 4877 2140 4934 eos,

545 4941 639 5013 qui
671 4950 830 4998 erant
857 4946 998 4998 sicut
1023 4957 1153 4998 oves
1179 4960 1286 4999 non
1321 4944 1586 5004 habentes
1610 4959 1920 5019 pastorem,
1953 4962 2010 5009 et.
2031 4970 2140 5013 cm-

544 5035 624 5104 pit
665 5033 790 5089 illos
817 5035 1018 5092 docere
1049 5035 1238 5090 multa.
1291 5035 1469 5109 μῖξιν,
1513 5039 1591 5108 Li
1625 5041 1695 5096 Et
1721 5059 1842 5098 cum
1867 5044 1978 5114 jam
2011 5047 2140 5104 hora

546 5129 716 5184 multa
753 5127 944 5184 fieret:
990 5141 1341 5186 accesserunt
1376 5131 1628 5203 discipuli
1667 5137 1815 5205 ejus,
1865 5140 2143 5201 dicentes:

547 5220 808 5277 Desertus
829 5231 912 5277 est
935 5222 1088 5277 locus
1117 5223 1225 5289 hic,
1255 5233 1306 5278 et
1327 5223 1439 5291 jam
1468 5224 1595 5280 hora
1620 5231 1884 5296 praeteriit
1904 5249 1914 5285 :
1934 5231 2148 5292 dimitte

542 5313 702 5382 illos,
744 5323 801 5368 ut
832 5323 1026 5369 euntes
1065 5315 1117 5369 in
1155 5315 1430 5382 proximas
1458 5317 1615 5373 villas
1645 5327 1701 5374 et
1729 5321 1874 5377 vicos
1901 5365 1916 5390 ,
1963 5338 2149 5383 emant

545 5408 651 5463 sibi
682 5407 855 5478 cibos,
887 5424 1023 5478 quos
1047 5409 1393 5465 manducent.
1424 5411 1489 5465 Et
1511 5415 1873 5483 respondens,
1901 5420 1976 5473 ait
2002 5419 2145 5480 illis:

548 5501 685 5556 Date
715 5499 820 5554 illis
850 5515 948 5554 vos
991 5503 1340 5558 manducare.
1401 5503 1470 5558 Et
1510 5505 1766 5563 dixerunt
1810 5512 1889 5566 ei:
1943 5514 2144 5572 Enntes

546 5609 793 5649 emamns
838 5595 1087 5650 ducentis
1122 5595 1364 5651 denariis
1407 5611 1574 5666 panes
1602 5642 1615 5664 ,
1662 5611 1718 5657 et
1753 5602 2004 5662 dabimus
2041 5610 2146 5666 illis

540 5687 888 5744 manducare.
936 5687 1002 5743 Et
1029 5688 1159 5744 dicit
1194 5689 1310 5744 eis:
1349 5689 1493 5758 Quot
1533 5707 1702 5762 panes
1747 5694 2001 5754 habetis?
2045 5700 2141 5771 ite,

536 5792 594 5838 et
616 5781 814 5839 videte.
859 5781 1069 5838 Etcum
1096 5785 1514 5854 cognovissent,
1555 5785 1771 5844 dicunt:
1803 5792 2054 5865 Quinque
2086 5805 2142 5851 et

533 5875 676 5932 duos
699 5879 893 5947 pisces.
928 5876 997 5932 Et
1021 5879 1281 5949 pramepit
1312 5878 1436 5947 illis,
1469 5890 1524 5938 ut
1549 5884 1868 5944 accumbere
1893 5887 2136 5951 facerent

2253 4771 2535 4828 ambulant
2561 4775 2714 4844 juxta
2757 4781 3102 4840 traditionem
3131 4788 3437 4857 seniorum,
3484 4794 3581 4849 sed
3606 4810 3848 4852 commu-

2254 4862 2413 4919 nibus
2435 4867 2687 4925 manibus
2701 4873 3028 4932 manducant
3047 4893 3236 4948 panem
3251 4881 3273 4935 ?
3290 4882 3362 4938 At
3377 4883 3466 4940 ille
3485 4902 3565 4942 res
3579 4888 3845 4958 ponderis,

2254 4957 2388 5013 dixit
2416 4961 2526 5016 eis:
2562 4962 2709 5019 Bene
2737 4968 3079 5040 prophetarit
3110 4972 3273 5030 Isaias
3303 4975 3372 5033 de
3402 4978 3553 5034 vobis
3595 4979 3852 5053 hypocri-

2256 5050 2343 5116 tis,
2363 5053 2501 5109 sicut
2524 5057 2784 5128 scriptum
2809 5072 2888 5117 est
2911 5080 2924 5118 :
2953 5062 3190 5135 Pepulus
3213 5068 3300 5124 hic
3317 5071 3471 5128 labiis
3489 5090 3576 5130 me
3594 5074 3845 5143 honorat,

2255 5157 2351 5199 cor
2377 5159 2558 5203 autem
2589 5141 2779 5207 eorum
2807 5155 2969 5226 longe
2991 5169 3076 5215 est
3114 5176 3141 5214 a
3183 5178 3289 5218 me.
3331 5165 3387 5219 In
3428 5182 3625 5223 vanum
3667 5177 3848 5225 autem

2255 5250 2344 5292 me
2365 5240 2568 5309 colunt,
2595 5243 2856 5303 docentes
2877 5250 3154 5309 doctrinas
3175 5265 3230 5310 et
3253 5270 3517 5330 prtecepta
3545 5260 3846 5319 hominum.

2255 5326 2648 5402 Relinquentes
2677 5338 2821 5394 enim
2855 5344 3168 5402 mandatum
3194 5326 3328 5416 Dei,
3379 5355 3576 5409 tenetis
3609 5356 3852 5412 traditio.

2256 5436 2380 5478 nem
2411 5425 2721 5494 hominum,
2762 5423 3085 5504 baptismata
3123 5456 3406 5497 UI'CCOI‘llIll
3429 5485 3443 5510 ,
3490 5457 3543 5502 ct
3572 5447 3804 5503 calicum
3833 5464 3848 5502 :

2257 5525 2310 5571 et
2333 5519 2433 5573 alia
2458 5523 2654 5578 similia
2687 5526 2770 5581 his
2794 5527 2971 5585 facitis
2999 5534 3186 5589 multa.
3216 5536 3281 5590 Et
3307 5537 3521 5595 dicebat
3542 5540 3650 5596 illis
3672 5561 3683 5597 :
3708 5542 3850 5597 Bene
3919 5593 3921 5595 ,

2254 5609 2464 5670 irritum
2508 5615 2686 5674 facitis
2732 5635 3062 5695 prmceptuui
3103 5628 3232 5694 Dei,
3267 5640 3325 5688 ut
3358 5632 3701 5690 traditionem
3725 5651 3849 5691 ves-

2253 5712 2388 5761 tratn
2429 5712 2678 5766 servetis.
2731 5713 2944 5788 Moyses
2988 5719 3134 5775 enim
3173 5722 3344 5779 dixit:
3394 5724 3612 5782 Honora
3643 5739 3849 5798 patrem

2252 5807 2422 5866 tuum,
2473 5812 2528 5858 et
2555 5817 2782 5864 matrem
2816 5819 2981 5866 tuam.
3026 5813 3127 5869 Et:
3161 5815 3263 5883 Qui
3300 5817 3648 5877 maledixerit
3687 5823 3849 5892 patri,

2250 5893 2333 5950 vel
2370 5897 2558 5968 matri,
2602 5913 2779 5962 morte
2818 5905 3100 5967 moriatur.
3147 5908 3258 5970 Vos
3299 5921 3480 5976 autem
3518 5915 3746 5978 dicitis:
3793 5916 3853 5978 Si
