  <div class='ocr_page' id='page_1' title='image "/cluster/home/n/w/nwhite01/storage/ocr_20150623/29/hvd.32044015471428/302.png"; bbox 0 0 4166 6336; ppageno 0'>
   <div class='ocr_carea' id='block_1_1' title="bbox 340 322 454 388">
    <p class='ocr_par' dir='ltr' id='par_1_1' title="bbox 340 322 454 388">
     <span class='ocr_line' id='line_1_1' title="bbox 340 322 454 388; baseline -0.07 0"><span class='ocrx_word' id='word_1_1' title='bbox 340 322 454 388; x_wconf 79' lang='lat'><strong>593</strong></span> 
     </span>
    </p>
   </div>
   <div class='ocr_carea' id='block_1_2' title="bbox 1376 320 2590 384">
    <p class='ocr_par' dir='ltr' id='par_1_2' title="bbox 1376 320 2590 384">
     <span class='ocr_line' id='line_1_2' title="bbox 1376 320 2590 384; baseline 0.002 -5"><span class='ocrx_word' id='word_1_2' title='bbox 1376 320 1826 379; x_wconf 73' lang='lat' dir='ltr'><strong>EVANGELIUM</strong></span> <span class='ocrx_word' id='word_1_3' title='bbox 1868 327 1893 374; x_wconf 60' lang='grc' dir='ltr'><em>ε</em></span> <span class='ocrx_word' id='word_1_4' title='bbox 1909 321 2232 383; x_wconf 64' lang='lat' dir='ltr'><strong>ECUNDUM</strong></span> <span class='ocrx_word' id='word_1_5' title='bbox 2279 324 2590 384; x_wconf 55' lang='lat' dir='ltr'><strong>MARCUS].</strong></span> 
     </span>
    </p>
   </div>
   <div class='ocr_carea' id='block_1_3' title="bbox 3547 331 3652 386">
    <p class='ocr_par' dir='ltr' id='par_1_3' title="bbox 3547 331 3652 386">
     <span class='ocr_line' id='line_1_3' title="bbox 3547 331 3652 386; baseline -0.01 0"><span class='ocrx_word' id='word_1_6' title='bbox 3547 331 3652 386; x_wconf 64' lang='lat'><strong>594</strong></span> 
     </span>
    </p>
   </div>
   <div class='ocr_carea' id='block_1_4' title="bbox 342 435 3659 520">
    <p class='ocr_par' dir='ltr' id='par_1_4' title="bbox 342 435 3659 520">
     <span class='ocr_line' id='line_1_4' title="bbox 342 435 3659 520; baseline 0.004 -29"><span class='ocrx_word' id='word_1_7' title='bbox 342 435 546 494; x_wconf 86' lang='lat' dir='ltr'><strong>dixerit</strong></span> <span class='ocrx_word' id='word_1_8' title='bbox 574 435 738 494; x_wconf 87' lang='lat' dir='ltr'><strong>homo</strong></span> <span class='ocrx_word' id='word_1_9' title='bbox 769 439 913 510; x_wconf 85' lang='lat' dir='ltr'><strong>patri</strong></span> <span class='ocrx_word' id='word_1_10' title='bbox 953 445 1046 493; x_wconf 90' lang='lat' dir='ltr'><strong>aut</strong></span> <span class='ocrx_word' id='word_1_11' title='bbox 1069 438 1228 494; x_wconf 88' lang='lat' dir='ltr'><strong>matri</strong></span> <span class='ocrx_word' id='word_1_12' title='bbox 1257 456 1269 494; x_wconf 94' lang='lat'><strong>:</strong></span> <span class='ocrx_word' id='word_1_13' title='bbox 1297 437 1508 493; x_wconf 90' lang='lat' dir='ltr'><strong>Corban</strong></span> <span class='ocrx_word' id='word_1_14' title='bbox 1543 438 1709 510; x_wconf 82' lang='lat' dir='ltr'><strong>(quod</strong></span> <span class='ocrx_word' id='word_1_15' title='bbox 1742 450 1824 493; x_wconf 85' lang='lat' dir='ltr'><strong>est</strong></span> <span class='ocrx_word' id='word_1_16' title='bbox 1846 439 1943 492; x_wconf 85' lang='lat' dir='ltr'><strong>do-</strong></span> <span class='ocrx_word' id='word_1_17' title='bbox 1972 443 2022 501; x_wconf 79' lang='grc' dir='ltr'><strong>Α</strong></span> <span class='ocrx_word' id='word_1_18' title='bbox 2048 454 2223 502; x_wconf 88' lang='lat' dir='ltr'><strong>suam,</strong></span> <span class='ocrx_word' id='word_1_19' title='bbox 2253 441 2506 498; x_wconf 88' lang='lat' dir='ltr'><strong>delicient</strong></span> <span class='ocrx_word' id='word_1_20' title='bbox 2531 444 2693 499; x_wconf 77' lang='lat' dir='ltr'><strong>invia</strong></span> <span class='ocrx_word' id='word_1_21' title='bbox 2728 461 2740 499; x_wconf 90' lang='lat'><strong>:</strong></span> <span class='ocrx_word' id='word_1_22' title='bbox 2769 445 2987 516; x_wconf 87' lang='lat' dir='ltr'><strong>quidam</strong></span> <span class='ocrx_word' id='word_1_23' title='bbox 3019 448 3163 502; x_wconf 91' lang='lat' dir='ltr'><strong>enim</strong></span> <span class='ocrx_word' id='word_1_24' title='bbox 3185 462 3250 503; x_wconf 85' lang='lat' dir='ltr'><strong>ex</strong></span> <span class='ocrx_word' id='word_1_25' title='bbox 3286 447 3366 504; x_wconf 91' lang='lat' dir='ltr'><strong>eis</strong></span> <span class='ocrx_word' id='word_1_26' title='bbox 3397 447 3464 506; x_wconf 92' lang='lat' dir='ltr'><strong>de</strong></span> <span class='ocrx_word' id='word_1_27' title='bbox 3496 447 3659 520; x_wconf 83' lang='lat' dir='ltr'><strong>longe</strong></span> 
     </span>
    </p>
   </div>
   <div class='ocr_carea' id='block_1_5' title="bbox 349 527 1942 603">
    <p class='ocr_par' dir='ltr' id='par_1_5' title="bbox 349 527 1942 603">
     <span class='ocr_line' id='line_1_5' title="bbox 349 527 1942 603; baseline 0.001 -18"><span class='ocrx_word' id='word_1_28' title='bbox 349 527 504 602; x_wconf 93' lang='lat' dir='ltr'><strong>num)</strong></span> <span class='ocrx_word' id='word_1_29' title='bbox 532 530 912 603; x_wconf 85' lang='lat' dir='ltr'><strong>quodcumque</strong></span> <span class='ocrx_word' id='word_1_30' title='bbox 932 545 1000 587; x_wconf 85' lang='lat' dir='ltr'><strong>ex</strong></span> <span class='ocrx_word' id='word_1_31' title='bbox 1024 545 1132 600; x_wconf 92' lang='lat' dir='ltr'><strong>me,</strong></span> <span class='ocrx_word' id='word_1_32' title='bbox 1161 530 1254 587; x_wconf 92' lang='lat' dir='ltr'><strong>tibi</strong></span> <span class='ocrx_word' id='word_1_33' title='bbox 1279 531 1568 601; x_wconf 79' lang='lat' dir='ltr'><strong>profuerit:</strong></span> <span class='ocrx_word' id='word_1_34' title='bbox 1598 540 1655 587; x_wconf 91' lang='lat' dir='ltr'><strong>et</strong></span> <span class='ocrx_word' id='word_1_35' title='bbox 1675 531 1812 586; x_wconf 88' lang='lat' dir='ltr'><strong>ultra</strong></span> <span class='ocrx_word' id='word_1_36' title='bbox 1838 545 1942 587; x_wconf 93' lang='lat' dir='ltr'><strong>non</strong></span> 
     </span>
    </p>
   </div>
   <div class='ocr_carea' id='block_1_6' title="bbox 348 622 1944 695">
    <p class='ocr_par' dir='ltr' id='par_1_6' title="bbox 348 622 1944 695">
     <span class='ocr_line' id='line_1_6' title="bbox 348 622 1944 695; baseline 0.002 -18"><span class='ocrx_word' id='word_1_37' title='bbox 348 622 624 678; x_wconf 73' lang='lat' dir='ltr'><strong>dimittitis</strong></span> <span class='ocrx_word' id='word_1_38' title='bbox 653 639 778 680; x_wconf 89' lang='lat' dir='ltr'><strong>eum</strong></span> <span class='ocrx_word' id='word_1_39' title='bbox 799 623 1092 695; x_wconf 67' lang='lat' dir='ltr'><strong>quidquam</strong></span> <span class='ocrx_word' id='word_1_40' title='bbox 1123 623 1304 680; x_wconf 78' lang='lat' dir='ltr'><strong>facere</strong></span> <span class='ocrx_word' id='word_1_41' title='bbox 1331 623 1470 694; x_wconf 89' lang='lat' dir='ltr'><strong>patri</strong></span> <span class='ocrx_word' id='word_1_42' title='bbox 1497 640 1619 692; x_wconf 88' lang='lat' dir='ltr'><strong>suo,</strong></span> <span class='ocrx_word' id='word_1_43' title='bbox 1648 635 1738 680; x_wconf 91' lang='lat' dir='ltr'><strong>aut</strong></span> <span class='ocrx_word' id='word_1_44' title='bbox 1763 624 1944 691; x_wconf 86' lang='lat' dir='ltr'><strong>matri,</strong></span> 
     </span>
    </p>
   </div>
   <div class='ocr_carea' id='block_1_7' title="bbox 347 717 1942 788">
    <p class='ocr_par' dir='ltr' id='par_1_7' title="bbox 347 717 1942 788">
     <span class='ocr_line' id='line_1_7' title="bbox 347 717 1942 788; baseline -0.001 -14"><span class='ocrx_word' id='word_1_45' title='bbox 347 717 732 774; x_wconf 87' lang='lat' dir='ltr'><strong>rescindentes</strong></span> <span class='ocrx_word' id='word_1_46' title='bbox 767 719 991 774; x_wconf 80' lang='lat' dir='ltr'><strong>verbum</strong></span> <span class='ocrx_word' id='word_1_47' title='bbox 1023 718 1118 774; x_wconf 88' lang='lat' dir='ltr'><strong>Dei</strong></span> <span class='ocrx_word' id='word_1_48' title='bbox 1155 733 1252 788; x_wconf 90' lang='lat' dir='ltr'><strong>per</strong></span> <span class='ocrx_word' id='word_1_49' title='bbox 1296 717 1639 774; x_wconf 90' lang='lat' dir='ltr'><strong>traditionem</strong></span> <span class='ocrx_word' id='word_1_50' title='bbox 1686 728 1942 788; x_wconf 73' lang='lat' dir='ltr'><strong>vestram,</strong></span> 
     </span>
    </p>
   </div>
   <div class='ocr_carea' id='block_1_8' title="bbox 349 809 1944 882">
    <p class='ocr_par' dir='ltr' id='par_1_8' title="bbox 349 809 1944 882">
     <span class='ocr_line' id='line_1_8' title="bbox 349 809 1944 882; baseline 0 -16"><span class='ocrx_word' id='word_1_51' title='bbox 349 827 512 882; x_wconf 88' lang='lat' dir='ltr'><strong>quam</strong></span> <span class='ocrx_word' id='word_1_52' title='bbox 549 810 883 866; x_wconf 81' lang='lat' dir='ltr'><strong>tradidistis:</strong></span> <span class='ocrx_word' id='word_1_53' title='bbox 919 811 1188 867; x_wconf 73' lang='lat' dir='ltr'><strong>etsimilia</strong></span> <span class='ocrx_word' id='word_1_54' title='bbox 1217 809 1522 882; x_wconf 90' lang='lat' dir='ltr'><strong>hujnsmodi</strong></span> <span class='ocrx_word' id='word_1_55' title='bbox 1555 812 1718 866; x_wconf 86' lang='lat' dir='ltr'><strong>multa</strong></span> <span class='ocrx_word' id='word_1_56' title='bbox 1751 810 1944 866; x_wconf 81' lang='lat' dir='ltr'><strong>facitis.</strong></span> 
     </span>
    </p>
   </div>
   <div class='ocr_carea' id='block_1_9' title="bbox 350 903 1947 970">
    <p class='ocr_par' dir='ltr' id='par_1_9' title="bbox 350 903 1947 970">
     <span class='ocr_line' id='line_1_9' title="bbox 350 903 1947 970; baseline -0.001 -9"><span class='ocrx_word' id='word_1_57' title='bbox 350 905 420 961; x_wconf 81' lang='lat' dir='ltr'><strong>Et</strong></span> <span class='ocrx_word' id='word_1_58' title='bbox 457 905 734 961; x_wconf 87' lang='lat' dir='ltr'><strong>advocans</strong></span> <span class='ocrx_word' id='word_1_59' title='bbox 771 903 964 960; x_wconf 81' lang='lat' dir='ltr'><strong>iterum</strong></span> <span class='ocrx_word' id='word_1_60' title='bbox 1001 904 1208 960; x_wconf 89' lang='lat' dir='ltr'><strong>turbam</strong></span> <span class='ocrx_word' id='word_1_61' title='bbox 1233 946 1248 970; x_wconf 95' lang='lat'><strong>,</strong></span> <span class='ocrx_word' id='word_1_62' title='bbox 1303 905 1518 960; x_wconf 88' lang='lat' dir='ltr'><strong>dicebat</strong></span> <span class='ocrx_word' id='word_1_63' title='bbox 1564 905 1698 961; x_wconf 85' lang='lat' dir='ltr'><strong>illis:</strong></span> <span class='ocrx_word' id='word_1_64' title='bbox 1751 904 1947 960; x_wconf 84' lang='lat' dir='ltr'><strong>Audite</strong></span> 
     </span>
    </p>
   </div>
   <div class='ocr_carea' id='block_1_10' title="bbox 353 985 1950 1072">
    <p class='ocr_par' dir='ltr' id='par_1_10' title="bbox 353 985 1950 1072">
     <span class='ocr_line' id='line_1_10' title="bbox 353 985 1950 1072; baseline 0 -16"><span class='ocrx_word' id='word_1_65' title='bbox 353 1017 437 1056; x_wconf 89' lang='lat' dir='ltr'><strong>me</strong></span> <span class='ocrx_word' id='word_1_66' title='bbox 465 1013 747 1064; x_wconf 80' lang='lat' dir='ltr'><strong>omnes,et</strong></span> <span class='ocrx_word' id='word_1_67' title='bbox 777 985 1252 1072; x_wconf 82' lang='lat' dir='ltr'><strong>intelligite:Nihil</strong></span> <span class='ocrx_word' id='word_1_68' title='bbox 1282 1010 1361 1056; x_wconf 85' lang='lat' dir='ltr'><strong>est</strong></span> <span class='ocrx_word' id='word_1_69' title='bbox 1385 1011 1534 1056; x_wconf 85' lang='lat' dir='ltr'><strong>extra</strong></span> <span class='ocrx_word' id='word_1_70' title='bbox 1567 1001 1840 1058; x_wconf 84' lang='lat' dir='ltr'><strong>hominem</strong></span> <span class='ocrx_word' id='word_1_71' title='bbox 1869 1003 1950 1057; x_wconf 90' lang='lat' dir='ltr'><strong>in-</strong></span> 
     </span>
    </p>
   </div>
   <div class='ocr_carea' id='block_1_11' title="bbox 347 1093 1948 1165">
    <p class='ocr_par' dir='ltr' id='par_1_11' title="bbox 347 1093 1948 1165">
     <span class='ocr_line' id='line_1_11' title="bbox 347 1093 1948 1165; baseline 0.001 -17"><span class='ocrx_word' id='word_1_72' title='bbox 347 1093 562 1149; x_wconf 90' lang='lat' dir='ltr'><strong>troiens</strong></span> <span class='ocrx_word' id='word_1_73' title='bbox 582 1093 634 1148; x_wconf 92' lang='lat' dir='ltr'><strong>in</strong></span> <span class='ocrx_word' id='word_1_74' title='bbox 656 1108 804 1160; x_wconf 89' lang='lat' dir='ltr'><strong>eum,</strong></span> <span class='ocrx_word' id='word_1_75' title='bbox 828 1093 971 1164; x_wconf 90' lang='lat' dir='ltr'><strong>quod</strong></span> <span class='ocrx_word' id='word_1_76' title='bbox 999 1094 1169 1164; x_wconf 82' lang='lat' dir='ltr'><strong>possit</strong></span> <span class='ocrx_word' id='word_1_77' title='bbox 1189 1109 1310 1149; x_wconf 91' lang='lat' dir='ltr'><strong>eum</strong></span> <span class='ocrx_word' id='word_1_78' title='bbox 1326 1093 1698 1165; x_wconf 81' lang='lat' dir='ltr'><strong>coinquinare,</strong></span> <span class='ocrx_word' id='word_1_79' title='bbox 1717 1095 1812 1148; x_wconf 83' lang='lat' dir='ltr'><strong>Sed</strong></span> <span class='ocrx_word' id='word_1_80' title='bbox 1829 1111 1948 1164; x_wconf 67' lang='lat' dir='ltr'><strong>quae</strong></span> 
     </span>
    </p>
   </div>
   <div class='ocr_carea' id='block_1_12' title="bbox 343 1185 1948 1257">
    <p class='ocr_par' dir='ltr' id='par_1_12' title="bbox 343 1185 1948 1257">
     <span class='ocr_line' id='line_1_12' title="bbox 343 1185 1948 1257; baseline 0.001 -16"><span class='ocrx_word' id='word_1_81' title='bbox 343 1185 412 1241; x_wconf 91' lang='lat' dir='ltr'><strong>de</strong></span> <span class='ocrx_word' id='word_1_82' title='bbox 453 1186 678 1241; x_wconf 83' lang='lat' dir='ltr'><strong>homine</strong></span> <span class='ocrx_word' id='word_1_83' title='bbox 710 1185 1040 1254; x_wconf 87' lang='lat' dir='ltr'><strong>procedunt,</strong></span> <span class='ocrx_word' id='word_1_84' title='bbox 1093 1185 1181 1240; x_wconf 91' lang='lat' dir='ltr'><strong>illa</strong></span> <span class='ocrx_word' id='word_1_85' title='bbox 1223 1195 1354 1240; x_wconf 90' lang='lat' dir='ltr'><strong>sunt</strong></span> <span class='ocrx_word' id='word_1_86' title='bbox 1387 1202 1510 1257; x_wconf 73' lang='lat' dir='ltr'><strong>qua:</strong></span> <span class='ocrx_word' id='word_1_87' title='bbox 1548 1189 1948 1243; x_wconf 87' lang='lat' dir='ltr'><strong>communicant</strong></span> 
     </span>
    </p>
   </div>
   <div class='ocr_carea' id='block_1_13' title="bbox 344 1277 1943 1350">
    <p class='ocr_par' dir='ltr' id='par_1_13' title="bbox 344 1277 1943 1350">
     <span class='ocr_line' id='line_1_13' title="bbox 344 1277 1943 1350; baseline 0.001 -17"><span class='ocrx_word' id='word_1_88' title='bbox 344 1278 654 1335; x_wconf 83' lang='lat' dir='ltr'><strong>hominem.</strong></span> <span class='ocrx_word' id='word_1_89' title='bbox 722 1277 783 1334; x_wconf 89' lang='lat' dir='ltr'><strong>Si</strong></span> <span class='ocrx_word' id='word_1_90' title='bbox 830 1278 952 1350; x_wconf 89' lang='lat' dir='ltr'><strong>quis</strong></span> <span class='ocrx_word' id='word_1_91' title='bbox 993 1278 1158 1334; x_wconf 81' lang='lat' dir='ltr'><strong>habet</strong></span> <span class='ocrx_word' id='word_1_92' title='bbox 1205 1294 1364 1334; x_wconf 82' lang='lat' dir='ltr'><strong>aures</strong></span> <span class='ocrx_word' id='word_1_93' title='bbox 1407 1280 1700 1340; x_wconf 88' lang='lat' dir='ltr'><strong>audiendi.</strong></span> <span class='ocrx_word' id='word_1_94' title='bbox 1740 1281 1943 1336; x_wconf 86' lang='lat' dir='ltr'><strong>audiat.</strong></span> 
     </span>
    </p>
   </div>
   <div class='ocr_carea' id='block_1_14' title="bbox 344 1371 1946 1448">
    <p class='ocr_par' dir='ltr' id='par_1_14' title="bbox 344 1371 1946 1448">
     <span class='ocr_line' id='line_1_14' title="bbox 344 1371 1946 1448; baseline -0.002 -19"><span class='ocrx_word' id='word_1_95' title='bbox 344 1373 567 1448; x_wconf 79' lang='lat' dir='ltr'><strong>[Lxxnt,</strong></span> <span class='ocrx_word' id='word_1_96' title='bbox 621 1371 701 1444; x_wconf 80' lang='lat'><strong>6.]</strong></span> <span class='ocrx_word' id='word_1_97' title='bbox 757 1373 822 1427; x_wconf 84' lang='lat' dir='ltr'><strong>Et</strong></span> <span class='ocrx_word' id='word_1_98' title='bbox 863 1388 986 1428; x_wconf 91' lang='lat' dir='ltr'><strong>cum</strong></span> <span class='ocrx_word' id='word_1_99' title='bbox 1025 1373 1343 1428; x_wconf 80' lang='lat' dir='ltr'><strong>introissent</strong></span> <span class='ocrx_word' id='word_1_100' title='bbox 1374 1373 1424 1426; x_wconf 91' lang='lat' dir='ltr'><strong>in</strong></span> <span class='ocrx_word' id='word_1_101' title='bbox 1458 1373 1677 1428; x_wconf 82' lang='lat' dir='ltr'><strong>dotnum</strong></span> <span class='ocrx_word' id='word_1_102' title='bbox 1706 1389 1735 1428; x_wconf 91' lang='lat' dir='ltr'><strong>a</strong></span> <span class='ocrx_word' id='word_1_103' title='bbox 1770 1375 1946 1440; x_wconf 87' lang='lat' dir='ltr'><strong>turba,</strong></span> 
     </span>
    </p>
   </div>
   <div class='ocr_carea' id='block_1_15' title="bbox 351 1465 1950 1537">
    <p class='ocr_par' dir='ltr' id='par_1_15' title="bbox 351 1465 1950 1537">
     <span class='ocr_line' id='line_1_15' title="bbox 351 1465 1950 1537; baseline 0.001 -16"><span class='ocrx_word' id='word_1_104' title='bbox 351 1466 767 1535; x_wconf 75' lang='lat' dir='ltr'><strong>interrogabant</strong></span> <span class='ocrx_word' id='word_1_105' title='bbox 798 1481 921 1520; x_wconf 92' lang='lat' dir='ltr'><strong>eum</strong></span> <span class='ocrx_word' id='word_1_106' title='bbox 954 1465 1207 1536; x_wconf 90' lang='lat' dir='ltr'><strong>discipuli</strong></span> <span class='ocrx_word' id='word_1_107' title='bbox 1237 1465 1356 1537; x_wconf 86' lang='lat' dir='ltr'><strong>ejus</strong></span> <span class='ocrx_word' id='word_1_108' title='bbox 1389 1467 1721 1535; x_wconf 86' lang='lat' dir='ltr'><strong>parabolam.</strong></span> <span class='ocrx_word' id='word_1_109' title='bbox 1778 1466 1846 1522; x_wconf 87' lang='lat' dir='ltr'><strong>Et</strong></span> <span class='ocrx_word' id='word_1_110' title='bbox 1875 1468 1950 1523; x_wconf 81' lang='lat' dir='ltr'><strong>ait</strong></span> 
     </span>
    </p>
   </div>
   <div class='ocr_carea' id='block_1_16' title="bbox 344 1558 1946 1631">
    <p class='ocr_par' dir='ltr' id='par_1_16' title="bbox 344 1558 1946 1631">
     <span class='ocr_line' id='line_1_16' title="bbox 344 1558 1946 1631; baseline -0.001 -16"><span class='ocrx_word' id='word_1_111' title='bbox 344 1559 490 1615; x_wconf 89' lang='lat' dir='ltr'><strong>illis:</strong></span> <span class='ocrx_word' id='word_1_112' title='bbox 519 1558 614 1615; x_wconf 91' lang='lat' dir='ltr'><strong>Sic</strong></span> <span class='ocrx_word' id='word_1_113' title='bbox 640 1570 694 1614; x_wconf 92' lang='lat' dir='ltr'><strong>et</strong></span> <span class='ocrx_word' id='word_1_114' title='bbox 719 1575 820 1614; x_wconf 87' lang='lat' dir='ltr'><strong>vos</strong></span> <span class='ocrx_word' id='word_1_115' title='bbox 849 1558 1225 1630; x_wconf 89' lang='lat' dir='ltr'><strong>imprudentes</strong></span> <span class='ocrx_word' id='word_1_116' title='bbox 1253 1560 1425 1616; x_wconf 75' lang='lat' dir='ltr'><strong>estis?</strong></span> <span class='ocrx_word' id='word_1_117' title='bbox 1469 1559 1583 1615; x_wconf 86' lang='lat' dir='ltr'><strong>Non</strong></span> <span class='ocrx_word' id='word_1_118' title='bbox 1627 1560 1946 1631; x_wconf 85' lang='lat' dir='ltr'><strong>intelligitis,</strong></span> 
     </span>
    </p>
   </div>
   <div class='ocr_carea' id='block_1_17' title="bbox 343 1653 1946 1724">
    <p class='ocr_par' dir='ltr' id='par_1_17' title="bbox 343 1653 1946 1724">
     <span class='ocr_line' id='line_1_17' title="bbox 343 1653 1946 1724; baseline 0.001 -17"><span class='ocrx_word' id='word_1_119' title='bbox 343 1653 472 1724; x_wconf 88' lang='lat' dir='ltr'><strong>quia</strong></span> <span class='ocrx_word' id='word_1_120' title='bbox 502 1667 666 1708; x_wconf 91' lang='lat' dir='ltr'><strong>omne</strong></span> <span class='ocrx_word' id='word_1_121' title='bbox 693 1653 1032 1708; x_wconf 83' lang='lat' dir='ltr'><strong>extrinsecus</strong></span> <span class='ocrx_word' id='word_1_122' title='bbox 1063 1653 1332 1708; x_wconf 89' lang='lat' dir='ltr'><strong>introiens</strong></span> <span class='ocrx_word' id='word_1_123' title='bbox 1370 1653 1422 1707; x_wconf 93' lang='lat' dir='ltr'><strong>in</strong></span> <span class='ocrx_word' id='word_1_124' title='bbox 1465 1653 1740 1708; x_wconf 88' lang='lat' dir='ltr'><strong>hominem</strong></span> <span class='ocrx_word' id='word_1_125' title='bbox 1763 1695 1776 1718; x_wconf 92' lang='lat'><strong>,</strong></span> <span class='ocrx_word' id='word_1_126' title='bbox 1840 1669 1946 1708; x_wconf 90' lang='lat' dir='ltr'><strong>non</strong></span> 
     </span>
    </p>
   </div>
   <div class='ocr_carea' id='block_1_18' title="bbox 343 1748 1946 1820">
    <p class='ocr_par' dir='ltr' id='par_1_18' title="bbox 343 1748 1946 1820">
     <span class='ocr_line' id='line_1_18' title="bbox 343 1748 1946 1820; baseline 0.002 -20"><span class='ocrx_word' id='word_1_127' title='bbox 343 1756 526 1817; x_wconf 83' lang='lat' dir='ltr'><strong>potest</strong></span> <span class='ocrx_word' id='word_1_128' title='bbox 554 1763 677 1804; x_wconf 89' lang='lat' dir='ltr'><strong>eum</strong></span> <span class='ocrx_word' id='word_1_129' title='bbox 718 1748 1162 1803; x_wconf 91' lang='lat' dir='ltr'><strong>communicare:</strong></span> <span class='ocrx_word' id='word_1_130' title='bbox 1211 1749 1335 1820; x_wconf 91' lang='lat' dir='ltr'><strong>quia</strong></span> <span class='ocrx_word' id='word_1_131' title='bbox 1387 1763 1494 1803; x_wconf 91' lang='lat' dir='ltr'><strong>non</strong></span> <span class='ocrx_word' id='word_1_132' title='bbox 1540 1751 1706 1803; x_wconf 84' lang='lat' dir='ltr'><strong>intrat</strong></span> <span class='ocrx_word' id='word_1_133' title='bbox 1747 1749 1799 1804; x_wconf 92' lang='lat' dir='ltr'><strong>in</strong></span> <span class='ocrx_word' id='word_1_134' title='bbox 1850 1764 1946 1804; x_wconf 91' lang='lat' dir='ltr'><strong>cor</strong></span> 
     </span>
    </p>
   </div>
   <div class='ocr_carea' id='block_1_19' title="bbox 2049 537 3654 613">
    <p class='ocr_par' dir='ltr' id='par_1_19' title="bbox 2049 537 3654 613">
     <span class='ocr_line' id='line_1_19' title="bbox 2049 537 3654 613; baseline 0.009 -25"><span class='ocrx_word' id='word_1_135' title='bbox 2049 545 2334 591; x_wconf 87' lang='lat' dir='ltr'><strong>venerunt.</strong></span> <span class='ocrx_word' id='word_1_136' title='bbox 2388 537 2452 592; x_wconf 84' lang='lat' dir='ltr'><strong>Et</strong></span> <span class='ocrx_word' id='word_1_137' title='bbox 2507 539 2908 610; x_wconf 90' lang='lat' dir='ltr'><strong>responderunt</strong></span> <span class='ocrx_word' id='word_1_138' title='bbox 2947 542 2995 597; x_wconf 92' lang='lat' dir='ltr'><strong>ci</strong></span> <span class='ocrx_word' id='word_1_139' title='bbox 3039 542 3289 613; x_wconf 84' lang='lat' dir='ltr'><strong>discipuli</strong></span> <span class='ocrx_word' id='word_1_140' title='bbox 3336 545 3416 598; x_wconf 91' lang='lat' dir='ltr'><strong>sui</strong></span> <span class='ocrx_word' id='word_1_141' title='bbox 3452 563 3463 599; x_wconf 88' lang='lat'><strong>:</strong></span> <span class='ocrx_word' id='word_1_142' title='bbox 3499 544 3654 604; x_wconf 87' lang='lat' dir='ltr'><strong>Unde</strong></span> 
     </span>
    </p>
   </div>
   <div class='ocr_carea' id='block_1_20' title="bbox 2050 627 3657 706">
    <p class='ocr_par' dir='ltr' id='par_1_20' title="bbox 2050 627 3657 706">
     <span class='ocr_line' id='line_1_20' title="bbox 2050 627 3657 706; baseline 0.009 -25"><span class='ocrx_word' id='word_1_143' title='bbox 2050 627 2169 683; x_wconf 88' lang='lat' dir='ltr'><strong>illos</strong></span> <span class='ocrx_word' id='word_1_144' title='bbox 2193 629 2316 698; x_wconf 89' lang='lat' dir='ltr'><strong>quis</strong></span> <span class='ocrx_word' id='word_1_145' title='bbox 2346 633 2546 700; x_wconf 82' lang='lat' dir='ltr'><strong>peterit</strong></span> <span class='ocrx_word' id='word_1_146' title='bbox 2569 631 2658 688; x_wconf 90' lang='lat' dir='ltr'><strong>hic</strong></span> <span class='ocrx_word' id='word_1_147' title='bbox 2679 643 2922 691; x_wconf 84' lang='lat' dir='ltr'><strong>saturare</strong></span> <span class='ocrx_word' id='word_1_148' title='bbox 2953 636 3186 706; x_wconf 90' lang='lat' dir='ltr'><strong>panibus</strong></span> <span class='ocrx_word' id='word_1_149' title='bbox 3225 637 3279 693; x_wconf 90' lang='lat' dir='ltr'><strong>in</strong></span> <span class='ocrx_word' id='word_1_150' title='bbox 3311 639 3610 695; x_wconf 89' lang='lat' dir='ltr'><strong>solitudine</strong></span> <span class='ocrx_word' id='word_1_151' title='bbox 3631 640 3657 694; x_wconf 69' lang='grc' dir='ltr'><strong>’ἱ</strong></span> 
     </span>
    </p>
   </div>
   <div class='ocr_carea' id='block_1_21' title="bbox 2052 718 3655 799">
    <p class='ocr_par' dir='ltr' id='par_1_21' title="bbox 2052 718 3655 799">
     <span class='ocr_line' id='line_1_21' title="bbox 2052 718 3655 799; baseline 0.009 -26"><span class='ocrx_word' id='word_1_152' title='bbox 2052 718 2121 774; x_wconf 88' lang='grc' dir='ltr'>Ει</span> <span class='ocrx_word' id='word_1_153' title='bbox 2168 719 2515 793; x_wconf 77' lang='lat' dir='ltr'><strong>interrogavit</strong></span> <span class='ocrx_word' id='word_1_154' title='bbox 2547 738 2680 780; x_wconf 89' lang='lat' dir='ltr'><strong>eos:</strong></span> <span class='ocrx_word' id='word_1_155' title='bbox 2724 726 2865 793; x_wconf 84' lang='lat' dir='ltr'><strong>Quot</strong></span> <span class='ocrx_word' id='word_1_156' title='bbox 2894 743 3061 799; x_wconf 90' lang='lat' dir='ltr'><strong>panes</strong></span> <span class='ocrx_word' id='word_1_157' title='bbox 3093 729 3340 785; x_wconf 86' lang='lat' dir='ltr'><strong>habetis?</strong></span> <span class='ocrx_word' id='word_1_158' title='bbox 3369 731 3472 797; x_wconf 89' lang='lat' dir='ltr'><strong>Qui</strong></span> <span class='ocrx_word' id='word_1_159' title='bbox 3502 731 3655 788; x_wconf 83' lang='lat' dir='ltr'><strong>dixe-</strong></span> 
     </span>
    </p>
   </div>
   <div class='ocr_carea' id='block_1_22' title="bbox 2050 814 3655 896">
    <p class='ocr_par' dir='ltr' id='par_1_22' title="bbox 2050 814 3655 896">
     <span class='ocr_line' id='line_1_22' title="bbox 2050 814 3655 896; baseline 0.009 -29"><span class='ocrx_word' id='word_1_160' title='bbox 2050 823 2177 868; x_wconf 88' lang='lat' dir='ltr'><strong>runt</strong></span> <span class='ocrx_word' id='word_1_161' title='bbox 2211 833 2221 866; x_wconf 93' lang='lat'><strong>:</strong></span> <span class='ocrx_word' id='word_1_162' title='bbox 2254 814 2490 884; x_wconf 84' lang='lat' dir='ltr'><strong>Septem.</strong></span> <span class='ocrx_word' id='word_1_163' title='bbox 2531 819 2594 872; x_wconf 88' lang='lat' dir='ltr'><strong>Et</strong></span> <span class='ocrx_word' id='word_1_164' title='bbox 2627 822 2883 890; x_wconf 76' lang='lat' dir='ltr'><strong>praecepit</strong></span> <span class='ocrx_word' id='word_1_165' title='bbox 2917 823 3086 878; x_wconf 70' lang='lat' dir='ltr'><strong>turbm</strong></span> <span class='ocrx_word' id='word_1_166' title='bbox 3116 824 3460 880; x_wconf 87' lang='lat' dir='ltr'><strong>discumbere</strong></span> <span class='ocrx_word' id='word_1_167' title='bbox 3490 840 3655 896; x_wconf 84' lang='lat' dir='ltr'><strong>super</strong></span> 
     </span>
    </p>
   </div>
   <div class='ocr_carea' id='block_1_23' title="bbox 2052 903 3654 992">
    <p class='ocr_par' dir='ltr' id='par_1_23' title="bbox 2052 903 3654 992">
     <span class='ocr_line' id='line_1_23' title="bbox 2052 903 3654 992; baseline 0.009 -30"><span class='ocrx_word' id='word_1_168' title='bbox 2052 903 2271 964; x_wconf 77' lang='lat' dir='ltr'><strong>terram.</strong></span> <span class='ocrx_word' id='word_1_169' title='bbox 2309 911 2376 965; x_wconf 87' lang='lat' dir='ltr'><strong>Et</strong></span> <span class='ocrx_word' id='word_1_170' title='bbox 2422 912 2697 984; x_wconf 83' lang='lat' dir='ltr'><strong>accipiens</strong></span> <span class='ocrx_word' id='word_1_171' title='bbox 2749 925 2954 984; x_wconf 88' lang='lat' dir='ltr'><strong>septem</strong></span> <span class='ocrx_word' id='word_1_172' title='bbox 3012 933 3200 988; x_wconf 83' lang='lat' dir='ltr'><strong>panes,</strong></span> <span class='ocrx_word' id='word_1_173' title='bbox 3251 920 3454 988; x_wconf 76' lang='lat' dir='ltr'><strong>gratias</strong></span> <span class='ocrx_word' id='word_1_174' title='bbox 3487 935 3654 992; x_wconf 89' lang='lat' dir='ltr'><strong>agens</strong></span> 
     </span>
    </p>
   </div>
   <div class='ocr_carea' id='block_1_24' title="bbox 2052 1001 3654 1084">
    <p class='ocr_par' dir='ltr' id='par_1_24' title="bbox 2052 1001 3654 1084">
     <span class='ocr_line' id='line_1_24' title="bbox 2052 1001 3654 1084; baseline 0.007 -28"><span class='ocrx_word' id='word_1_175' title='bbox 2052 1001 2230 1073; x_wconf 82' lang='lat' dir='ltr'><strong>fregit,</strong></span> <span class='ocrx_word' id='word_1_176' title='bbox 2260 1012 2312 1057; x_wconf 92' lang='lat' dir='ltr'><strong>ct</strong></span> <span class='ocrx_word' id='word_1_177' title='bbox 2337 1002 2495 1058; x_wconf 86' lang='lat' dir='ltr'><strong>dabat</strong></span> <span class='ocrx_word' id='word_1_178' title='bbox 2521 1005 2801 1077; x_wconf 89' lang='lat' dir='ltr'><strong>discipulis</strong></span> <span class='ocrx_word' id='word_1_179' title='bbox 2829 1009 2962 1072; x_wconf 89' lang='lat' dir='ltr'><strong>suis,</strong></span> <span class='ocrx_word' id='word_1_180' title='bbox 2995 1022 3051 1064; x_wconf 90' lang='grc' dir='ltr'><strong>ιιι</strong></span> <span class='ocrx_word' id='word_1_181' title='bbox 3078 1021 3437 1082; x_wconf 85' lang='lat' dir='ltr'><strong>apponerent,</strong></span> <span class='ocrx_word' id='word_1_182' title='bbox 3471 1022 3525 1067; x_wconf 90' lang='lat' dir='ltr'><strong>et</strong></span> <span class='ocrx_word' id='word_1_183' title='bbox 3553 1029 3654 1084; x_wconf 85' lang='lat' dir='ltr'><strong>ap-</strong></span> 
     </span>
    </p>
   </div>
   <div class='ocr_carea' id='block_1_25' title="bbox 2053 1100 3658 1176">
    <p class='ocr_par' dir='ltr' id='par_1_25' title="bbox 2053 1100 3658 1176">
     <span class='ocr_line' id='line_1_25' title="bbox 2053 1100 3658 1176; baseline 0.009 -28"><span class='ocrx_word' id='word_1_184' title='bbox 2053 1105 2351 1164; x_wconf 87' lang='lat' dir='ltr'><strong>posuerunt</strong></span> <span class='ocrx_word' id='word_1_185' title='bbox 2382 1100 2573 1154; x_wconf 62' lang='lat' dir='ltr'><strong>turbte.</strong></span> <span class='ocrx_word' id='word_1_186' title='bbox 2608 1102 2672 1154; x_wconf 80' lang='lat' dir='ltr'><strong>Et</strong></span> <span class='ocrx_word' id='word_1_187' title='bbox 2701 1100 2973 1157; x_wconf 86' lang='lat' dir='ltr'><strong>habebant</strong></span> <span class='ocrx_word' id='word_1_188' title='bbox 3002 1104 3290 1173; x_wconf 92' lang='lat' dir='ltr'><strong>pisciculos</strong></span> <span class='ocrx_word' id='word_1_189' title='bbox 3319 1121 3558 1176; x_wconf 88' lang='lat' dir='ltr'><strong>paucos:</strong></span> <span class='ocrx_word' id='word_1_190' title='bbox 3600 1114 3658 1163; x_wconf 90' lang='lat' dir='ltr'><strong>et</strong></span> 
     </span>
    </p>
   </div>
   <div class='ocr_carea' id='block_1_26' title="bbox 2052 1187 3653 1266">
    <p class='ocr_par' dir='ltr' id='par_1_26' title="bbox 2052 1187 3653 1266">
     <span class='ocr_line' id='line_1_26' title="bbox 2052 1187 3653 1266; baseline 0.01 -25"><span class='ocrx_word' id='word_1_191' title='bbox 2052 1187 2201 1257; x_wconf 81' lang='lat' dir='ltr'><strong>ipsos</strong></span> <span class='ocrx_word' id='word_1_192' title='bbox 2226 1189 2529 1256; x_wconf 90' lang='lat' dir='ltr'><strong>benedixit,</strong></span> <span class='ocrx_word' id='word_1_193' title='bbox 2563 1204 2616 1246; x_wconf 90' lang='lat' dir='ltr'><strong>et</strong></span> <span class='ocrx_word' id='word_1_194' title='bbox 2633 1195 2802 1262; x_wconf 86' lang='lat' dir='ltr'><strong>_jussit</strong></span> <span class='ocrx_word' id='word_1_195' title='bbox 2823 1197 3044 1266; x_wconf 86' lang='lat' dir='ltr'><strong>apponi.</strong></span> <span class='ocrx_word' id='word_1_196' title='bbox 3078 1197 3142 1251; x_wconf 87' lang='lat' dir='ltr'><strong>Et</strong></span> <span class='ocrx_word' id='word_1_197' title='bbox 3165 1199 3653 1266; x_wconf 86' lang='lat' dir='ltr'><strong>manducavertmt,</strong></span> 
     </span>
    </p>
   </div>
   <div class='ocr_carea' id='block_1_27' title="bbox 2051 1283 3656 1360">
    <p class='ocr_par' dir='ltr' id='par_1_27' title="bbox 2051 1283 3656 1360">
     <span class='ocr_line' id='line_1_27' title="bbox 2051 1283 3656 1360; baseline 0.008 -25"><span class='ocrx_word' id='word_1_198' title='bbox 2051 1288 2107 1335; x_wconf 90' lang='lat' dir='ltr'><strong>et</strong></span> <span class='ocrx_word' id='word_1_199' title='bbox 2136 1283 2361 1337; x_wconf 88' lang='lat' dir='ltr'><strong>saturati</strong></span> <span class='ocrx_word' id='word_1_200' title='bbox 2392 1295 2540 1350; x_wconf 89' lang='lat' dir='ltr'><strong>sunt,</strong></span> <span class='ocrx_word' id='word_1_201' title='bbox 2573 1294 2627 1340; x_wconf 91' lang='lat' dir='ltr'><strong>et</strong></span> <span class='ocrx_word' id='word_1_202' title='bbox 2657 1287 2996 1343; x_wconf 69' lang='lat' dir='ltr'><strong>sustulerunt</strong></span> <span class='ocrx_word' id='word_1_203' title='bbox 3028 1289 3170 1360; x_wconf 89' lang='lat' dir='ltr'><strong>quod</strong></span> <span class='ocrx_word' id='word_1_204' title='bbox 3201 1301 3561 1358; x_wconf 84' lang='lat' dir='ltr'><strong>superaverat</strong></span> <span class='ocrx_word' id='word_1_205' title='bbox 3586 1293 3656 1348; x_wconf 85' lang='lat' dir='ltr'><strong>de</strong></span> 
     </span>
    </p>
   </div>
   <div class='ocr_carea' id='block_1_28' title="bbox 2051 1373 3659 1454">
    <p class='ocr_par' dir='ltr' id='par_1_28' title="bbox 2051 1373 3659 1454">
     <span class='ocr_line' id='line_1_28' title="bbox 2051 1373 3659 1454; baseline 0.008 -27"><span class='ocrx_word' id='word_1_206' title='bbox 2051 1373 2395 1445; x_wconf 79' lang='lat' dir='ltr'><strong>fragmentis,</strong></span> <span class='ocrx_word' id='word_1_207' title='bbox 2429 1388 2634 1447; x_wconf 85' lang='lat' dir='ltr'><strong>septem</strong></span> <span class='ocrx_word' id='word_1_208' title='bbox 2676 1391 2912 1449; x_wconf 82' lang='lat' dir='ltr'><strong>Sportas.</strong></span> <span class='ocrx_word' id='word_1_209' title='bbox 2949 1382 3118 1436; x_wconf 89' lang='lat' dir='ltr'><strong>Erant</strong></span> <span class='ocrx_word' id='word_1_210' title='bbox 3159 1392 3339 1438; x_wconf 89' lang='lat' dir='ltr'><strong>autem</strong></span> <span class='ocrx_word' id='word_1_211' title='bbox 3369 1385 3461 1454; x_wconf 91' lang='lat' dir='ltr'><strong>qtti</strong></span> <span class='ocrx_word' id='word_1_212' title='bbox 3503 1400 3659 1440; x_wconf 85' lang='lat' dir='ltr'><strong>man-</strong></span> 
     </span>
    </p>
   </div>
   <div class='ocr_carea' id='block_1_29' title="bbox 2051 1466 3654 1541">
    <p class='ocr_par' dir='ltr' id='par_1_29' title="bbox 2051 1466 3654 1541">
     <span class='ocr_line' id='line_1_29' title="bbox 2051 1466 3654 1541; baseline 0.006 -19"><span class='ocrx_word' id='word_1_213' title='bbox 2051 1466 2404 1540; x_wconf 88' lang='lat' dir='ltr'><strong>dttcaverant,</strong></span> <span class='ocrx_word' id='word_1_214' title='bbox 2438 1470 2591 1540; x_wconf 90' lang='lat' dir='ltr'><strong>quasi</strong></span> <span class='ocrx_word' id='word_1_215' title='bbox 2639 1481 2870 1541; x_wconf 88' lang='lat' dir='ltr'><strong>quatuor</strong></span> <span class='ocrx_word' id='word_1_216' title='bbox 2921 1474 3128 1529; x_wconf 90' lang='lat' dir='ltr'><strong>millia:</strong></span> <span class='ocrx_word' id='word_1_217' title='bbox 3174 1486 3228 1528; x_wconf 93' lang='lat' dir='ltr'><strong>et</strong></span> <span class='ocrx_word' id='word_1_218' title='bbox 3273 1475 3484 1530; x_wconf 89' lang='lat' dir='ltr'><strong>dimisit</strong></span> <span class='ocrx_word' id='word_1_219' title='bbox 3535 1491 3654 1532; x_wconf 85' lang='lat' dir='ltr'><strong>eos.</strong></span> 
     </span>
    </p>
   </div>
   <div class='ocr_carea' id='block_1_30' title="bbox 2056 1563 3656 1638">
    <p class='ocr_par' dir='ltr' id='par_1_30' title="bbox 2056 1563 3656 1638">
     <span class='ocr_line' id='line_1_30' title="bbox 2056 1563 3656 1638; baseline 0.005 -22"><span class='ocrx_word' id='word_1_220' title='bbox 2056 1563 2122 1616; x_wconf 83' lang='lat' dir='ltr'><strong>Et</strong></span> <span class='ocrx_word' id='word_1_221' title='bbox 2141 1564 2318 1617; x_wconf 89' lang='lat' dir='ltr'><strong>statim</strong></span> <span class='ocrx_word' id='word_1_222' title='bbox 2343 1564 2643 1619; x_wconf 90' lang='lat' dir='ltr'><strong>ascendens</strong></span> <span class='ocrx_word' id='word_1_223' title='bbox 2673 1566 2848 1620; x_wconf 83' lang='lat' dir='ltr'><strong>navim</strong></span> <span class='ocrx_word' id='word_1_224' title='bbox 2876 1582 3000 1622; x_wconf 82' lang='lat' dir='ltr'><strong>cum</strong></span> <span class='ocrx_word' id='word_1_225' title='bbox 3022 1567 3305 1638; x_wconf 85' lang='lat' dir='ltr'><strong>discipulis</strong></span> <span class='ocrx_word' id='word_1_226' title='bbox 3335 1571 3468 1632; x_wconf 88' lang='lat' dir='ltr'><strong>suis,</strong></span> <span class='ocrx_word' id='word_1_227' title='bbox 3505 1570 3656 1626; x_wconf 82' lang='lat' dir='ltr'><strong>venit</strong></span> 
     </span>
    </p>
   </div>
   <div class='ocr_carea' id='block_1_31' title="bbox 2052 1653 3662 1733">
    <p class='ocr_par' dir='ltr' id='par_1_31' title="bbox 2052 1653 3662 1733">
     <span class='ocr_line' id='line_1_31' title="bbox 2052 1653 3662 1733; baseline 0.006 -24"><span class='ocrx_word' id='word_1_228' title='bbox 2052 1653 2105 1709; x_wconf 91' lang='lat' dir='ltr'><strong>in</strong></span> <span class='ocrx_word' id='word_1_229' title='bbox 2136 1665 2317 1725; x_wconf 89' lang='lat' dir='ltr'><strong>partes</strong></span> <span class='ocrx_word' id='word_1_230' title='bbox 2346 1657 2724 1713; x_wconf 91' lang='lat' dir='ltr'><strong>Dalmanutha.</strong></span> <span class='ocrx_word' id='word_1_231' title='bbox 2759 1659 2995 1731; x_wconf 82' lang='lat' dir='ltr'><strong>[Lxxvn,</strong></span> <span class='ocrx_word' id='word_1_232' title='bbox 3027 1659 3106 1733; x_wconf 72' lang='grc'><strong>4.]</strong></span> <span class='ocrx_word' id='word_1_233' title='bbox 3141 1662 3207 1716; x_wconf 87' lang='lat' dir='ltr'><strong>Et</strong></span> <span class='ocrx_word' id='word_1_234' title='bbox 3234 1663 3488 1718; x_wconf 82' lang='lat' dir='ltr'><strong>exierunt</strong></span> <span class='ocrx_word' id='word_1_235' title='bbox 3529 1663 3662 1732; x_wconf 89' lang='lat' dir='ltr'><strong>pha-</strong></span> 
     </span>
    </p>
   </div>
   <div class='ocr_carea' id='block_1_32' title="bbox 2051 1751 3660 1825">
    <p class='ocr_par' dir='ltr' id='par_1_32' title="bbox 2051 1751 3660 1825">
     <span class='ocr_line' id='line_1_32' title="bbox 2051 1751 3660 1825; baseline 0.004 -21"><span class='ocrx_word' id='word_1_236' title='bbox 2051 1751 2219 1813; x_wconf 79' lang='lat' dir='ltr'><strong>risaei.</strong></span> <span class='ocrx_word' id='word_1_237' title='bbox 2253 1757 2308 1804; x_wconf 93' lang='lat' dir='ltr'><strong>et</strong></span> <span class='ocrx_word' id='word_1_238' title='bbox 2346 1762 2630 1820; x_wconf 70' lang='lat' dir='ltr'><strong>creperum</strong></span> <span class='ocrx_word' id='word_1_239' title='bbox 2679 1753 3001 1822; x_wconf 90' lang='lat' dir='ltr'><strong>conquirere</strong></span> <span class='ocrx_word' id='word_1_240' title='bbox 3053 1769 3173 1808; x_wconf 82' lang='lat' dir='ltr'><strong>cum</strong></span> <span class='ocrx_word' id='word_1_241' title='bbox 3217 1770 3304 1818; x_wconf 83' lang='lat' dir='ltr'><strong>eo,</strong></span> <span class='ocrx_word' id='word_1_242' title='bbox 3354 1765 3660 1825; x_wconf 84' lang='lat' dir='ltr'><strong>quaerentes</strong></span> 
     </span>
    </p>
   </div>
   <div class='ocr_carea' id='block_1_33' title="bbox 342 1841 3648 1918">
    <p class='ocr_par' dir='ltr' id='par_1_33' title="bbox 342 1841 3648 1918">
     <span class='ocr_line' id='line_1_33' title="bbox 342 1841 3648 1918; baseline 0.001 -21"><span class='ocrx_word' id='word_1_243' title='bbox 342 1841 464 1912; x_wconf 84' lang='lat' dir='ltr'><strong>ejus</strong></span> <span class='ocrx_word' id='word_1_244' title='bbox 487 1887 502 1911; x_wconf 91' lang='lat'><strong>,</strong></span> <span class='ocrx_word' id='word_1_245' title='bbox 535 1841 630 1898; x_wconf 88' lang='lat' dir='ltr'><strong>sed</strong></span> <span class='ocrx_word' id='word_1_246' title='bbox 663 1843 714 1897; x_wconf 89' lang='lat' dir='ltr'><strong>in</strong></span> <span class='ocrx_word' id='word_1_247' title='bbox 754 1855 1002 1899; x_wconf 89' lang='lat' dir='ltr'><strong>ventrem</strong></span> <span class='ocrx_word' id='word_1_248' title='bbox 1028 1851 1054 1880; x_wconf 70' lang='grc' dir='ltr'><strong>ι</strong></span> <span class='ocrx_word' id='word_1_249' title='bbox 1087 1841 1231 1898; x_wconf 88' lang='lat' dir='ltr'><strong>vadit</strong></span> <span class='ocrx_word' id='word_1_250' title='bbox 1258 1884 1273 1908; x_wconf 98' lang='lat'><strong>,</strong></span> <span class='ocrx_word' id='word_1_251' title='bbox 1323 1852 1378 1898; x_wconf 91' lang='lat' dir='ltr'><strong>et</strong></span> <span class='ocrx_word' id='word_1_252' title='bbox 1423 1844 1474 1897; x_wconf 92' lang='lat' dir='ltr'><strong>in</strong></span> <span class='ocrx_word' id='word_1_253' title='bbox 1506 1857 1778 1897; x_wconf 82' lang='lat' dir='ltr'><strong>secessum</strong></span> <span class='ocrx_word' id='word_1_254' title='bbox 1811 1844 1942 1910; x_wconf 83' lang='lat' dir='ltr'><strong>exit,</strong></span> <span class='ocrx_word' id='word_1_255' title='bbox 1975 1849 2023 1910; x_wconf 83' lang='grc' dir='ltr'><strong>Β</strong></span> <span class='ocrx_word' id='word_1_256' title='bbox 2049 1842 2118 1898; x_wconf 87' lang='lat' dir='ltr'><strong>ab</strong></span> <span class='ocrx_word' id='word_1_257' title='bbox 2150 1843 2241 1898; x_wconf 87' lang='lat' dir='ltr'><strong>illo</strong></span> <span class='ocrx_word' id='word_1_258' title='bbox 2267 1843 2478 1914; x_wconf 89' lang='lat' dir='ltr'><strong>signum</strong></span> <span class='ocrx_word' id='word_1_259' title='bbox 2509 1845 2577 1898; x_wconf 90' lang='lat' dir='ltr'><strong>de</strong></span> <span class='ocrx_word' id='word_1_260' title='bbox 2605 1844 2769 1910; x_wconf 74' lang='lat' dir='ltr'><strong>ctelo,</strong></span> <span class='ocrx_word' id='word_1_261' title='bbox 2801 1854 3069 1901; x_wconf 86' lang='lat' dir='ltr'><strong>tentantes</strong></span> <span class='ocrx_word' id='word_1_262' title='bbox 3093 1863 3236 1903; x_wconf 89' lang='lat' dir='ltr'><strong>cum.</strong></span> <span class='ocrx_word' id='word_1_263' title='bbox 3272 1845 3529 1918; x_wconf 65' lang='grc' dir='ltr'><strong>[ωςνιιιν</strong></span> <span class='ocrx_word' id='word_1_264' title='bbox 3565 1844 3648 1915; x_wconf 84' lang='grc'><strong>6.]</strong></span> 
     </span>
    </p>
   </div>
   <div class='ocr_carea' id='block_1_34' title="bbox 345 1936 1945 2008">
    <p class='ocr_par' dir='ltr' id='par_1_34' title="bbox 345 1936 1945 2008">
     <span class='ocr_line' id='line_1_34' title="bbox 345 1936 1945 2008; baseline 0.001 -18"><span class='ocrx_word' id='word_1_265' title='bbox 345 1951 589 2008; x_wconf 75' lang='lat' dir='ltr'><strong>purgans</strong></span> <span class='ocrx_word' id='word_1_266' title='bbox 615 1951 805 1992; x_wconf 90' lang='lat' dir='ltr'><strong>omnes</strong></span> <span class='ocrx_word' id='word_1_267' title='bbox 831 1936 1028 1992; x_wconf 86' lang='lat' dir='ltr'><strong>escas?</strong></span> <span class='ocrx_word' id='word_1_268' title='bbox 1059 1936 1285 1992; x_wconf 87' lang='lat' dir='ltr'><strong>Dicebat</strong></span> <span class='ocrx_word' id='word_1_269' title='bbox 1315 1947 1518 2000; x_wconf 90' lang='lat' dir='ltr'><strong>autem,</strong></span> <span class='ocrx_word' id='word_1_270' title='bbox 1545 1937 1798 2006; x_wconf 88' lang='lat' dir='ltr'><strong>quoniam</strong></span> <span class='ocrx_word' id='word_1_271' title='bbox 1826 1953 1945 2008; x_wconf 75' lang='lat' dir='ltr'><strong>qua:</strong></span> 
     </span>
    </p>
   </div>
   <div class='ocr_carea' id='block_1_35' title="bbox 345 2028 1949 2096">
    <p class='ocr_par' dir='ltr' id='par_1_35' title="bbox 345 2028 1949 2096">
     <span class='ocr_line' id='line_1_35' title="bbox 345 2028 1949 2096; baseline 0.001 -12"><span class='ocrx_word' id='word_1_272' title='bbox 345 2028 414 2084; x_wconf 89' lang='lat' dir='ltr'><strong>de</strong></span> <span class='ocrx_word' id='word_1_273' title='bbox 430 2029 654 2084; x_wconf 87' lang='lat' dir='ltr'><strong>homine</strong></span> <span class='ocrx_word' id='word_1_274' title='bbox 675 2037 891 2096; x_wconf 83' lang='lat' dir='ltr'><strong>exeunt,</strong></span> <span class='ocrx_word' id='word_1_275' title='bbox 919 2030 1009 2085; x_wconf 90' lang='lat' dir='ltr'><strong>illa</strong></span> <span class='ocrx_word' id='word_1_276' title='bbox 1027 2031 1434 2088; x_wconf 89' lang='lat' dir='ltr'><strong>communicant</strong></span> <span class='ocrx_word' id='word_1_277' title='bbox 1455 2030 1754 2086; x_wconf 87' lang='lat' dir='ltr'><strong>hominem.</strong></span> <span class='ocrx_word' id='word_1_278' title='bbox 1782 2031 1949 2086; x_wconf 81' lang='lat' dir='ltr'><strong>Abin-</strong></span> 
     </span>
    </p>
   </div>
   <div class='ocr_carea' id='block_1_36' title="bbox 347 2122 1943 2196">
    <p class='ocr_par' dir='ltr' id='par_1_36' title="bbox 347 2122 1943 2196">
     <span class='ocr_line' id='line_1_36' title="bbox 347 2122 1943 2196; baseline 0.002 -21"><span class='ocrx_word' id='word_1_279' title='bbox 347 2131 435 2176; x_wconf 91' lang='lat' dir='ltr'><strong>tus</strong></span> <span class='ocrx_word' id='word_1_280' title='bbox 462 2122 610 2177; x_wconf 91' lang='lat' dir='ltr'><strong>enim</strong></span> <span class='ocrx_word' id='word_1_281' title='bbox 643 2122 712 2177; x_wconf 91' lang='lat' dir='ltr'><strong>de</strong></span> <span class='ocrx_word' id='word_1_282' title='bbox 737 2122 903 2179; x_wconf 91' lang='lat' dir='ltr'><strong>corde</strong></span> <span class='ocrx_word' id='word_1_283' title='bbox 933 2122 1214 2179; x_wconf 91' lang='lat' dir='ltr'><strong>hominum</strong></span> <span class='ocrx_word' id='word_1_284' title='bbox 1242 2124 1400 2178; x_wconf 80' lang='lat' dir='ltr'><strong>mala:</strong></span> <span class='ocrx_word' id='word_1_285' title='bbox 1428 2124 1786 2196; x_wconf 83' lang='lat' dir='ltr'><strong>cogitationes</strong></span> <span class='ocrx_word' id='word_1_286' title='bbox 1819 2139 1943 2194; x_wconf 88' lang='lat' dir='ltr'><strong>pro-</strong></span> 
     </span>
    </p>
   </div>
   <div class='ocr_carea' id='block_1_37' title="bbox 345 2213 1946 2286">
    <p class='ocr_par' dir='ltr' id='par_1_37' title="bbox 345 2213 1946 2286">
     <span class='ocr_line' id='line_1_37' title="bbox 345 2213 1946 2286; baseline 0.001 -17"><span class='ocrx_word' id='word_1_287' title='bbox 345 2213 576 2279; x_wconf 91' lang='lat' dir='ltr'><strong>cedunt,</strong></span> <span class='ocrx_word' id='word_1_288' title='bbox 623 2214 924 2281; x_wconf 90' lang='lat' dir='ltr'><strong>adulteria,</strong></span> <span class='ocrx_word' id='word_1_289' title='bbox 959 2215 1368 2280; x_wconf 84' lang='lat' dir='ltr'><strong>fornicationes,</strong></span> <span class='ocrx_word' id='word_1_290' title='bbox 1413 2217 1736 2280; x_wconf 90' lang='lat' dir='ltr'><strong>homicidia,</strong></span> <span class='ocrx_word' id='word_1_291' title='bbox 1785 2217 1946 2286; x_wconf 77' lang='lat' dir='ltr'><strong>furta,</strong></span> 
     </span>
    </p>
   </div>
   <div class='ocr_carea' id='block_1_38' title="bbox 344 2308 1950 2381">
    <p class='ocr_par' dir='ltr' id='par_1_38' title="bbox 344 2308 1950 2381">
     <span class='ocr_line' id='line_1_38' title="bbox 344 2308 1950 2381; baseline 0.001 -17"><span class='ocrx_word' id='word_1_292' title='bbox 344 2308 628 2375; x_wconf 77' lang='lat' dir='ltr'><strong>avaritiae,</strong></span> <span class='ocrx_word' id='word_1_293' title='bbox 661 2309 918 2381; x_wconf 73' lang='lat' dir='ltr'><strong>nequitia:</strong></span> <span class='ocrx_word' id='word_1_294' title='bbox 942 2351 957 2374; x_wconf 87' lang='lat'><strong>,</strong></span> <span class='ocrx_word' id='word_1_295' title='bbox 987 2309 1166 2378; x_wconf 90' lang='lat' dir='ltr'><strong>dolus,</strong></span> <span class='ocrx_word' id='word_1_296' title='bbox 1198 2309 1580 2380; x_wconf 73' lang='lat' dir='ltr'><strong>impudicitiae,</strong></span> <span class='ocrx_word' id='word_1_297' title='bbox 1617 2309 1806 2364; x_wconf 85' lang='lat' dir='ltr'><strong>oculus</strong></span> <span class='ocrx_word' id='word_1_298' title='bbox 1835 2325 1950 2365; x_wconf 85' lang='lat' dir='ltr'><strong>ma-</strong></span> 
     </span>
    </p>
   </div>
   <div class='ocr_carea' id='block_1_39' title="bbox 345 2402 1949 2475">
    <p class='ocr_par' dir='ltr' id='par_1_39' title="bbox 345 2402 1949 2475">
     <span class='ocr_line' id='line_1_39' title="bbox 345 2402 1949 2475; baseline 0.001 -17"><span class='ocrx_word' id='word_1_299' title='bbox 345 2402 455 2466; x_wconf 89' lang='lat' dir='ltr'><strong>lus,</strong></span> <span class='ocrx_word' id='word_1_300' title='bbox 484 2403 842 2474; x_wconf 89' lang='lat' dir='ltr'><strong>blasphemia,</strong></span> <span class='ocrx_word' id='word_1_301' title='bbox 865 2403 1144 2475; x_wconf 89' lang='lat' dir='ltr'><strong>superbia,</strong></span> <span class='ocrx_word' id='word_1_302' title='bbox 1171 2405 1420 2460; x_wconf 85' lang='lat' dir='ltr'><strong>stultitia.</strong></span> <span class='ocrx_word' id='word_1_303' title='bbox 1453 2402 1644 2458; x_wconf 86' lang='lat' dir='ltr'><strong>Omnia</strong></span> <span class='ocrx_word' id='word_1_304' title='bbox 1672 2405 1785 2459; x_wconf 76' lang='lat' dir='ltr'><strong>ha&#39;c</strong></span> <span class='ocrx_word' id='word_1_305' title='bbox 1809 2403 1949 2459; x_wconf 88' lang='lat' dir='ltr'><strong>mala</strong></span> 
     </span>
    </p>
   </div>
   <div class='ocr_carea' id='block_1_40' title="bbox 346 2496 1952 2568">
    <p class='ocr_par' dir='ltr' id='par_1_40' title="bbox 346 2496 1952 2568">
     <span class='ocr_line' id='line_1_40' title="bbox 346 2496 1952 2568; baseline -0.001 -15"><span class='ocrx_word' id='word_1_306' title='bbox 346 2497 570 2554; x_wconf 84' lang='lat' dir='ltr'><strong>abimus</strong></span> <span class='ocrx_word' id='word_1_307' title='bbox 601 2497 942 2568; x_wconf 89' lang='lat' dir='ltr'><strong>procedunt,</strong></span> <span class='ocrx_word' id='word_1_308' title='bbox 991 2507 1044 2552; x_wconf 93' lang='lat' dir='ltr'><strong>et</strong></span> <span class='ocrx_word' id='word_1_309' title='bbox 1085 2497 1490 2553; x_wconf 89' lang='lat' dir='ltr'><strong>communicant</strong></span> <span class='ocrx_word' id='word_1_310' title='bbox 1533 2496 1834 2551; x_wconf 90' lang='lat' dir='ltr'><strong>hominem.</strong></span> <span class='ocrx_word' id='word_1_311' title='bbox 1887 2496 1952 2552; x_wconf 88' lang='lat' dir='ltr'><strong>Et</strong></span> 
     </span>
    </p>
   </div>
   <div class='ocr_carea' id='block_1_41' title="bbox 349 2591 1953 2664">
    <p class='ocr_par' dir='ltr' id='par_1_41' title="bbox 349 2591 1953 2664">
     <span class='ocr_line' id='line_1_41' title="bbox 349 2591 1953 2664; baseline 0.001 -16"><span class='ocrx_word' id='word_1_312' title='bbox 349 2591 479 2648; x_wconf 91' lang='lat' dir='ltr'><strong>inde</strong></span> <span class='ocrx_word' id='word_1_313' title='bbox 517 2607 744 2663; x_wconf 82' lang='lat' dir='ltr'><strong>surgens</strong></span> <span class='ocrx_word' id='word_1_314' title='bbox 787 2593 921 2648; x_wconf 90' lang='lat' dir='ltr'><strong>abiit</strong></span> <span class='ocrx_word' id='word_1_315' title='bbox 965 2592 1016 2647; x_wconf 91' lang='lat' dir='ltr'><strong>in</strong></span> <span class='ocrx_word' id='word_1_316' title='bbox 1051 2593 1188 2648; x_wconf 85' lang='lat' dir='ltr'><strong>lines</strong></span> <span class='ocrx_word' id='word_1_317' title='bbox 1216 2592 1341 2664; x_wconf 87' lang='lat' dir='ltr'><strong>Tyri</strong></span> <span class='ocrx_word' id='word_1_318' title='bbox 1391 2603 1443 2647; x_wconf 90' lang='lat' dir='ltr'><strong>et</strong></span> <span class='ocrx_word' id='word_1_319' title='bbox 1471 2591 1730 2649; x_wconf 90' lang='lat' dir='ltr'><strong>Sidonis:</strong></span> <span class='ocrx_word' id='word_1_320' title='bbox 1788 2603 1842 2650; x_wconf 89' lang='lat' dir='ltr'><strong>et</strong></span> <span class='ocrx_word' id='word_1_321' title='bbox 1871 2594 1953 2649; x_wconf 82' lang='lat' dir='ltr'><strong>in-</strong></span> 
     </span>
    </p>
   </div>
   <div class='ocr_carea' id='block_1_42' title="bbox 349 2685 1952 2758">
    <p class='ocr_par' dir='ltr' id='par_1_42' title="bbox 349 2685 1952 2758">
     <span class='ocr_line' id='line_1_42' title="bbox 349 2685 1952 2758; baseline 0.004 -20"><span class='ocrx_word' id='word_1_322' title='bbox 349 2699 574 2754; x_wconf 89' lang='lat' dir='ltr'><strong>gressus</strong></span> <span class='ocrx_word' id='word_1_323' title='bbox 596 2685 845 2752; x_wconf 91' lang='lat' dir='ltr'><strong>domum,</strong></span> <span class='ocrx_word' id='word_1_324' title='bbox 877 2685 1150 2742; x_wconf 90' lang='lat' dir='ltr'><strong>neminem</strong></span> <span class='ocrx_word' id='word_1_325' title='bbox 1179 2685 1349 2741; x_wconf 88' lang='lat' dir='ltr'><strong>voluit</strong></span> <span class='ocrx_word' id='word_1_326' title='bbox 1371 2687 1536 2753; x_wconf 89' lang='lat' dir='ltr'><strong>scire,</strong></span> <span class='ocrx_word' id='word_1_327' title='bbox 1565 2696 1618 2742; x_wconf 90' lang='lat' dir='ltr'><strong>et</strong></span> <span class='ocrx_word' id='word_1_328' title='bbox 1647 2705 1751 2742; x_wconf 84' lang='lat' dir='ltr'><strong>non</strong></span> <span class='ocrx_word' id='word_1_329' title='bbox 1780 2689 1952 2758; x_wconf 83' lang='lat' dir='ltr'><strong>potuit</strong></span> 
     </span>
    </p>
   </div>
   <div class='ocr_carea' id='block_1_43' title="bbox 349 2774 1952 2850">
    <p class='ocr_par' dir='ltr' id='par_1_43' title="bbox 349 2774 1952 2850">
     <span class='ocr_line' id='line_1_43' title="bbox 349 2774 1952 2850; baseline 0.002 -19"><span class='ocrx_word' id='word_1_330' title='bbox 349 2774 548 2831; x_wconf 88' lang='lat' dir='ltr'><strong>latere.</strong></span> <span class='ocrx_word' id='word_1_331' title='bbox 591 2775 783 2833; x_wconf 78' lang='lat' dir='ltr'><strong>Mulier</strong></span> <span class='ocrx_word' id='word_1_332' title='bbox 812 2777 959 2833; x_wconf 88' lang='lat' dir='ltr'><strong>enim</strong></span> <span class='ocrx_word' id='word_1_333' title='bbox 991 2777 1175 2833; x_wconf 84' lang='lat' dir='ltr'><strong>statim</strong></span> <span class='ocrx_word' id='word_1_334' title='bbox 1207 2786 1264 2833; x_wconf 85' lang='grc' dir='ltr'><strong>ιιι</strong></span> <span class='ocrx_word' id='word_1_335' title='bbox 1299 2777 1506 2832; x_wconf 89' lang='lat' dir='ltr'><strong>audivit</strong></span> <span class='ocrx_word' id='word_1_336' title='bbox 1544 2778 1610 2834; x_wconf 90' lang='lat' dir='ltr'><strong>de</strong></span> <span class='ocrx_word' id='word_1_337' title='bbox 1651 2795 1750 2845; x_wconf 91' lang='lat' dir='ltr'><strong>eo,</strong></span> <span class='ocrx_word' id='word_1_338' title='bbox 1801 2779 1952 2850; x_wconf 90' lang='lat' dir='ltr'><strong>cujus</strong></span> 
     </span>
    </p>
   </div>
   <div class='ocr_carea' id='block_1_44' title="bbox 349 2867 1952 2943">
    <p class='ocr_par' dir='ltr' id='par_1_44' title="bbox 349 2867 1952 2943">
     <span class='ocr_line' id='line_1_44' title="bbox 349 2867 1952 2943; baseline 0.002 -19"><span class='ocrx_word' id='word_1_339' title='bbox 349 2867 463 2925; x_wconf 78' lang='lat' dir='ltr'><strong>ﬁlia</strong></span> <span class='ocrx_word' id='word_1_340' title='bbox 497 2868 737 2925; x_wconf 78' lang='lat' dir='ltr'><strong>habebat</strong></span> <span class='ocrx_word' id='word_1_341' title='bbox 767 2869 1012 2941; x_wconf 89' lang='lat' dir='ltr'><strong>spiritum</strong></span> <span class='ocrx_word' id='word_1_342' title='bbox 1039 2871 1378 2926; x_wconf 90' lang='lat' dir='ltr'><strong>immundum</strong></span> <span class='ocrx_word' id='word_1_343' title='bbox 1402 2913 1418 2938; x_wconf 92' lang='lat'><strong>,</strong></span> <span class='ocrx_word' id='word_1_344' title='bbox 1446 2872 1664 2927; x_wconf 86' lang='lat' dir='ltr'><strong>intravit</strong></span> <span class='ocrx_word' id='word_1_345' title='bbox 1697 2882 1754 2928; x_wconf 92' lang='lat' dir='ltr'><strong>et</strong></span> <span class='ocrx_word' id='word_1_346' title='bbox 1778 2873 1952 2943; x_wconf 84' lang='lat' dir='ltr'><strong>proci-</strong></span> 
     </span>
    </p>
   </div>
   <div class='ocr_carea' id='block_1_45' title="bbox 348 2963 1953 3040">
    <p class='ocr_par' dir='ltr' id='par_1_45' title="bbox 348 2963 1953 3040">
     <span class='ocr_line' id='line_1_45' title="bbox 348 2963 1953 3040; baseline 0.003 -22"><span class='ocrx_word' id='word_1_347' title='bbox 348 2963 430 3018; x_wconf 90' lang='lat' dir='ltr'><strong>dit</strong></span> <span class='ocrx_word' id='word_1_348' title='bbox 463 2963 528 3018; x_wconf 87' lang='lat' dir='ltr'><strong>ad</strong></span> <span class='ocrx_word' id='word_1_349' title='bbox 565 2965 728 3032; x_wconf 83' lang='lat' dir='ltr'><strong>pedes</strong></span> <span class='ocrx_word' id='word_1_350' title='bbox 757 2964 894 3033; x_wconf 86' lang='lat' dir='ltr'><strong>ejus.</strong></span> <span class='ocrx_word' id='word_1_351' title='bbox 948 2965 1077 3021; x_wconf 88' lang='lat' dir='ltr'><strong>Erat</strong></span> <span class='ocrx_word' id='word_1_352' title='bbox 1105 2966 1250 3021; x_wconf 91' lang='lat' dir='ltr'><strong>enim</strong></span> <span class='ocrx_word' id='word_1_353' title='bbox 1283 2966 1478 3022; x_wconf 89' lang='lat' dir='ltr'><strong>mulier</strong></span> <span class='ocrx_word' id='word_1_354' title='bbox 1503 2967 1748 3037; x_wconf 73' lang='lat' dir='ltr'><strong>gentilis,</strong></span> <span class='ocrx_word' id='word_1_355' title='bbox 1789 2968 1953 3040; x_wconf 87' lang='lat' dir='ltr'><strong>Syro-</strong></span> 
     </span>
    </p>
   </div>
   <div class='ocr_carea' id='block_1_46' title="bbox 350 3058 1956 3133">
    <p class='ocr_par' dir='ltr' id='par_1_46' title="bbox 350 3058 1956 3133">
     <span class='ocr_line' id='line_1_46' title="bbox 350 3058 1956 3133; baseline 0.002 -22"><span class='ocrx_word' id='word_1_356' title='bbox 350 3059 630 3128; x_wconf 69' lang='lat' dir='ltr'><strong>phmnissa</strong></span> <span class='ocrx_word' id='word_1_357' title='bbox 657 3074 875 3129; x_wconf 80' lang='lat' dir='ltr'><strong>genere.</strong></span> <span class='ocrx_word' id='word_1_358' title='bbox 908 3060 1117 3133; x_wconf 65' lang='lat' dir='ltr'><strong>[Lxxnn</strong></span> <span class='ocrx_word' id='word_1_359' title='bbox 1141 3058 1222 3130; x_wconf 85' lang='lat'><strong>6.]</strong></span> <span class='ocrx_word' id='word_1_360' title='bbox 1252 3061 1314 3114; x_wconf 67' lang='lat' dir='ltr'><strong>lit</strong></span> <span class='ocrx_word' id='word_1_361' title='bbox 1339 3060 1563 3131; x_wconf 86' lang='lat' dir='ltr'><strong>rogabat</strong></span> <span class='ocrx_word' id='word_1_362' title='bbox 1589 3076 1737 3130; x_wconf 87' lang='lat' dir='ltr'><strong>eum,</strong></span> <span class='ocrx_word' id='word_1_363' title='bbox 1764 3069 1824 3117; x_wconf 90' lang='lat' dir='ltr'><strong>ut</strong></span> <span class='ocrx_word' id='word_1_364' title='bbox 1844 3061 1956 3116; x_wconf 65' lang='lat' dir='ltr'><strong>dte-</strong></span> 
     </span>
    </p>
   </div>
   <div class='ocr_carea' id='block_1_47' title="bbox 351 3151 1955 3222">
    <p class='ocr_par' dir='ltr' id='par_1_47' title="bbox 351 3151 1955 3222">
     <span class='ocr_line' id='line_1_47' title="bbox 351 3151 1955 3222; baseline 0.002 -16"><span class='ocrx_word' id='word_1_365' title='bbox 351 3153 598 3206; x_wconf 88' lang='lat' dir='ltr'><strong>monium</strong></span> <span class='ocrx_word' id='word_1_366' title='bbox 632 3153 854 3220; x_wconf 91' lang='lat' dir='ltr'><strong>ejiceret</strong></span> <span class='ocrx_word' id='word_1_367' title='bbox 891 3152 958 3207; x_wconf 93' lang='lat' dir='ltr'><strong>dc</strong></span> <span class='ocrx_word' id='word_1_368' title='bbox 992 3152 1098 3206; x_wconf 84' lang='lat' dir='ltr'><strong>lilia</strong></span> <span class='ocrx_word' id='word_1_369' title='bbox 1127 3152 1269 3222; x_wconf 89' lang='lat' dir='ltr'><strong>ejus.</strong></span> <span class='ocrx_word' id='word_1_370' title='bbox 1332 3153 1432 3221; x_wconf 87' lang='lat' dir='ltr'><strong>Qui</strong></span> <span class='ocrx_word' id='word_1_371' title='bbox 1473 3151 1612 3208; x_wconf 84' lang='lat' dir='ltr'><strong>dixit</strong></span> <span class='ocrx_word' id='word_1_372' title='bbox 1657 3153 1773 3210; x_wconf 86' lang='lat' dir='ltr'><strong>illi:</strong></span> <span class='ocrx_word' id='word_1_373' title='bbox 1822 3154 1955 3210; x_wconf 87' lang='lat' dir='ltr'><strong>Sine</strong></span> 
     </span>
    </p>
   </div>
   <div class='ocr_carea' id='block_1_48' title="bbox 2054 1937 3654 2010">
    <p class='ocr_par' dir='ltr' id='par_1_48' title="bbox 2054 1937 3654 2010">
     <span class='ocr_line' id='line_1_48' title="bbox 2054 1937 3654 2010; baseline 0.001 -20"><span class='ocrx_word' id='word_1_374' title='bbox 2054 1937 2118 1990; x_wconf 84' lang='lat' dir='ltr'><strong>Et</strong></span> <span class='ocrx_word' id='word_1_375' title='bbox 2153 1937 2516 2007; x_wconf 85' lang='lat' dir='ltr'><strong>ingemiscens</strong></span> <span class='ocrx_word' id='word_1_376' title='bbox 2543 1937 2762 2006; x_wconf 89' lang='lat' dir='ltr'><strong>spiritu,</strong></span> <span class='ocrx_word' id='word_1_377' title='bbox 2796 1940 2905 1992; x_wconf 91' lang='lat' dir='ltr'><strong>ait:</strong></span> <span class='ocrx_word' id='word_1_378' title='bbox 2957 1939 3094 2006; x_wconf 86' lang='lat' dir='ltr'><strong>Quid</strong></span> <span class='ocrx_word' id='word_1_379' title='bbox 3127 1940 3406 2010; x_wconf 85' lang='lat' dir='ltr'><strong>generatio</strong></span> <span class='ocrx_word' id='word_1_380' title='bbox 3447 1939 3546 1993; x_wconf 84' lang='lat' dir='ltr'><strong>i:.ta</strong></span> <span class='ocrx_word' id='word_1_381' title='bbox 3576 1941 3654 1992; x_wconf 62' lang='grc' dir='ltr'><strong>εἰη</strong></span> 
     </span>
    </p>
   </div>
   <div class='ocr_carea' id='block_1_49' title="bbox 2049 2028 3659 2102">
    <p class='ocr_par' dir='ltr' id='par_1_49' title="bbox 2049 2028 3659 2102">
     <span class='ocr_line' id='line_1_49' title="bbox 2049 2028 3659 2102; baseline 0.004 -22"><span class='ocrx_word' id='word_1_382' title='bbox 2049 2044 2213 2100; x_wconf 86' lang='lat' dir='ltr'><strong>gnum</strong></span> <span class='ocrx_word' id='word_1_383' title='bbox 2243 2030 2472 2098; x_wconf 70' lang='lat' dir='ltr'><strong>qumrit?</strong></span> <span class='ocrx_word' id='word_1_384' title='bbox 2502 2028 2672 2085; x_wconf 83' lang='lat' dir='ltr'><strong>Amen</strong></span> <span class='ocrx_word' id='word_1_385' title='bbox 2723 2031 2846 2087; x_wconf 89' lang='lat' dir='ltr'><strong>dico</strong></span> <span class='ocrx_word' id='word_1_386' title='bbox 2891 2031 3066 2095; x_wconf 82' lang='lat' dir='ltr'><strong>vobis,</strong></span> <span class='ocrx_word' id='word_1_387' title='bbox 3096 2032 3140 2085; x_wconf 91' lang='lat' dir='ltr'><strong>si</strong></span> <span class='ocrx_word' id='word_1_388' title='bbox 3183 2031 3402 2087; x_wconf 87' lang='lat' dir='ltr'><strong>dabitur</strong></span> <span class='ocrx_word' id='word_1_389' title='bbox 3431 2046 3659 2102; x_wconf 89' lang='lat' dir='ltr'><strong>genera-</strong></span> 
     </span>
    </p>
   </div>
   <div class='ocr_carea' id='block_1_50' title="bbox 2053 2121 3656 2193">
    <p class='ocr_par' dir='ltr' id='par_1_50' title="bbox 2053 2121 3656 2193">
     <span class='ocr_line' id='line_1_50' title="bbox 2053 2121 3656 2193; baseline 0.004 -18"><span class='ocrx_word' id='word_1_390' title='bbox 2053 2121 2182 2177; x_wconf 92' lang='lat' dir='ltr'><strong>tioni</strong></span> <span class='ocrx_word' id='word_1_391' title='bbox 2231 2123 2316 2178; x_wconf 88' lang='lat' dir='ltr'><strong>isti</strong></span> <span class='ocrx_word' id='word_1_392' title='bbox 2365 2123 2600 2193; x_wconf 88' lang='lat' dir='ltr'><strong>signum.</strong></span> <span class='ocrx_word' id='word_1_393' title='bbox 2651 2125 2716 2180; x_wconf 88' lang='lat' dir='ltr'><strong>Et</strong></span> <span class='ocrx_word' id='word_1_394' title='bbox 2757 2124 3038 2182; x_wconf 89' lang='lat' dir='ltr'><strong>dimittens</strong></span> <span class='ocrx_word' id='word_1_395' title='bbox 3065 2141 3158 2181; x_wconf 82' lang='lat' dir='ltr'><strong>eos</strong></span> <span class='ocrx_word' id='word_1_396' title='bbox 3187 2127 3429 2182; x_wconf 87' lang='lat' dir='ltr'><strong>ascendit</strong></span> <span class='ocrx_word' id='word_1_397' title='bbox 3460 2127 3656 2182; x_wconf 90' lang='lat' dir='ltr'><strong>iterum</strong></span> 
     </span>
    </p>
   </div>
   <div class='ocr_carea' id='block_1_51' title="bbox 2052 2216 3658 2288">
    <p class='ocr_par' dir='ltr' id='par_1_51' title="bbox 2052 2216 3658 2288">
     <span class='ocr_line' id='line_1_51' title="bbox 2052 2216 3658 2288; baseline 0.002 -18"><span class='ocrx_word' id='word_1_398' title='bbox 2052 2216 2256 2282; x_wconf 86' lang='lat' dir='ltr'><strong>navim,</strong></span> <span class='ocrx_word' id='word_1_399' title='bbox 2301 2225 2354 2270; x_wconf 89' lang='lat' dir='ltr'><strong>et</strong></span> <span class='ocrx_word' id='word_1_400' title='bbox 2395 2216 2526 2271; x_wconf 91' lang='lat' dir='ltr'><strong>abiit</strong></span> <span class='ocrx_word' id='word_1_401' title='bbox 2574 2227 2722 2274; x_wconf 89' lang='lat' dir='ltr'><strong>trans</strong></span> <span class='ocrx_word' id='word_1_402' title='bbox 2752 2218 2972 2273; x_wconf 79' lang='lat' dir='ltr'><strong>fretum.</strong></span> <span class='ocrx_word' id='word_1_403' title='bbox 3023 2220 3084 2273; x_wconf 83' lang='lat' dir='ltr'><strong>Et</strong></span> <span class='ocrx_word' id='word_1_404' title='bbox 3134 2218 3286 2274; x_wconf 87' lang='lat' dir='ltr'><strong>obliti</strong></span> <span class='ocrx_word' id='word_1_405' title='bbox 3317 2228 3444 2274; x_wconf 92' lang='lat' dir='ltr'><strong>sunt</strong></span> <span class='ocrx_word' id='word_1_406' title='bbox 3490 2233 3658 2288; x_wconf 86' lang='lat' dir='ltr'><strong>partes</strong></span> 
     </span>
    </p>
   </div>
   <div class='ocr_carea' id='block_1_52' title="bbox 2053 2311 3654 2382">
    <p class='ocr_par' dir='ltr' id='par_1_52' title="bbox 2053 2311 3654 2382">
     <span class='ocr_line' id='line_1_52' title="bbox 2053 2311 3654 2382; baseline 0 -16"><span class='ocrx_word' id='word_1_407' title='bbox 2053 2325 2269 2367; x_wconf 90' lang='lat' dir='ltr'><strong>sumere</strong></span> <span class='ocrx_word' id='word_1_408' title='bbox 2302 2321 2403 2365; x_wconf 84' lang='lat' dir='ltr'><strong>:-et</strong></span> <span class='ocrx_word' id='word_1_409' title='bbox 2433 2311 2535 2367; x_wconf 90' lang='lat' dir='ltr'><strong>nisi</strong></span> <span class='ocrx_word' id='word_1_410' title='bbox 2566 2329 2730 2367; x_wconf 88' lang='lat' dir='ltr'><strong>ttnutn</strong></span> <span class='ocrx_word' id='word_1_411' title='bbox 2785 2329 2976 2382; x_wconf 88' lang='lat' dir='ltr'><strong>panem</strong></span> <span class='ocrx_word' id='word_1_412' title='bbox 3028 2329 3133 2366; x_wconf 91' lang='lat' dir='ltr'><strong>non</strong></span> <span class='ocrx_word' id='word_1_413' title='bbox 3169 2312 3442 2368; x_wconf 86' lang='lat' dir='ltr'><strong>habebant</strong></span> <span class='ocrx_word' id='word_1_414' title='bbox 3467 2327 3654 2368; x_wconf 65' lang='lat' dir='ltr'><strong>secum</strong></span> 
     </span>
    </p>
   </div>
   <div class='ocr_carea' id='block_1_53' title="bbox 2054 2400 3660 2474">
    <p class='ocr_par' dir='ltr' id='par_1_53' title="bbox 2054 2400 3660 2474">
     <span class='ocr_line' id='line_1_53' title="bbox 2054 2400 3660 2474; baseline 0.001 -18"><span class='ocrx_word' id='word_1_415' title='bbox 2054 2400 2108 2456; x_wconf 89' lang='lat' dir='ltr'><strong>in</strong></span> <span class='ocrx_word' id='word_1_416' title='bbox 2153 2402 2296 2457; x_wconf 88' lang='lat' dir='ltr'><strong>navi.</strong></span> <span class='ocrx_word' id='word_1_417' title='bbox 2329 2402 2537 2474; x_wconf 79' lang='lat' dir='ltr'><strong>[anx,</strong></span> <span class='ocrx_word' id='word_1_418' title='bbox 2564 2401 2647 2474; x_wconf 73' lang='lat'><strong>2.]</strong></span> <span class='ocrx_word' id='word_1_419' title='bbox 2683 2404 2749 2459; x_wconf 85' lang='lat' dir='ltr'><strong>Et</strong></span> <span class='ocrx_word' id='word_1_420' title='bbox 2788 2403 3259 2474; x_wconf 72' lang='lat' dir='ltr'><strong>prtecipiebateis,</strong></span> <span class='ocrx_word' id='word_1_421' title='bbox 3302 2403 3489 2458; x_wconf 86' lang='lat' dir='ltr'><strong>dicens</strong></span> <span class='ocrx_word' id='word_1_422' title='bbox 3519 2419 3532 2456; x_wconf 92' lang='lat'><strong>:</strong></span> <span class='ocrx_word' id='word_1_423' title='bbox 3569 2402 3660 2458; x_wconf 84' lang='lat' dir='ltr'><strong>Vi-</strong></span> 
     </span>
    </p>
   </div>
   <div class='ocr_carea' id='block_1_54' title="bbox 2053 2494 3655 2562">
    <p class='ocr_par' dir='ltr' id='par_1_54' title="bbox 2053 2494 3655 2562">
     <span class='ocr_line' id='line_1_54' title="bbox 2053 2494 3655 2562; baseline 0 -10"><span class='ocrx_word' id='word_1_424' title='bbox 2053 2494 2198 2561; x_wconf 84' lang='lat' dir='ltr'><strong>dete,</strong></span> <span class='ocrx_word' id='word_1_425' title='bbox 2221 2505 2276 2552; x_wconf 92' lang='lat' dir='ltr'><strong>et</strong></span> <span class='ocrx_word' id='word_1_426' title='bbox 2297 2507 2484 2552; x_wconf 87' lang='lat' dir='ltr'><strong>cavete</strong></span> <span class='ocrx_word' id='word_1_427' title='bbox 2503 2511 2532 2551; x_wconf 90' lang='lat' dir='ltr'><strong>a</strong></span> <span class='ocrx_word' id='word_1_428' title='bbox 2559 2496 2826 2552; x_wconf 77' lang='lat' dir='ltr'><strong>fermento</strong></span> <span class='ocrx_word' id='word_1_429' title='bbox 2859 2498 3280 2562; x_wconf 72' lang='lat' dir='ltr'><strong>Pharisznorutn,</strong></span> <span class='ocrx_word' id='word_1_430' title='bbox 3306 2505 3360 2553; x_wconf 89' lang='lat' dir='ltr'><strong>et</strong></span> <span class='ocrx_word' id='word_1_431' title='bbox 3385 2498 3655 2552; x_wconf 78' lang='lat' dir='ltr'><strong>fermento</strong></span> 
     </span>
    </p>
   </div>
   <div class='ocr_carea' id='block_1_55' title="bbox 2057 2589 3658 2662">
    <p class='ocr_par' dir='ltr' id='par_1_55' title="bbox 2057 2589 3658 2662">
     <span class='ocr_line' id='line_1_55' title="bbox 2057 2589 3658 2662; baseline -0.001 -16"><span class='ocrx_word' id='word_1_432' title='bbox 2057 2589 2310 2646; x_wconf 83' lang='lat' dir='ltr'><strong>Herodis.</strong></span> <span class='ocrx_word' id='word_1_433' title='bbox 2343 2589 2531 2661; x_wconf 76' lang='lat' dir='ltr'><strong>[Lxxx,</strong></span> <span class='ocrx_word' id='word_1_434' title='bbox 2562 2589 2638 2662; x_wconf 85' lang='lat'><strong>6].</strong></span> <span class='ocrx_word' id='word_1_435' title='bbox 2668 2591 2738 2645; x_wconf 88' lang='lat' dir='ltr'><strong>Et</strong></span> <span class='ocrx_word' id='word_1_436' title='bbox 2771 2590 2926 2662; x_wconf 64' lang='lat' dir='ltr'><strong>cogit:</strong></span> <span class='ocrx_word' id='word_1_437' title='bbox 2950 2590 3080 2647; x_wconf 90' lang='lat' dir='ltr'><strong>bant</strong></span> <span class='ocrx_word' id='word_1_438' title='bbox 3106 2590 3170 2645; x_wconf 91' lang='lat' dir='ltr'><strong>ad</strong></span> <span class='ocrx_word' id='word_1_439' title='bbox 3199 2591 3540 2658; x_wconf 85' lang='lat' dir='ltr'><strong>alterutrum,</strong></span> <span class='ocrx_word' id='word_1_440' title='bbox 3570 2590 3658 2646; x_wconf 89' lang='lat' dir='ltr'><strong>di-</strong></span> 
     </span>
    </p>
   </div>
   <div class='ocr_carea' id='block_1_56' title="bbox 2054 2682 3659 2752">
    <p class='ocr_par' dir='ltr' id='par_1_56' title="bbox 2054 2682 3659 2752">
     <span class='ocr_line' id='line_1_56' title="bbox 2054 2682 3659 2752; baseline -0.001 -13"><span class='ocrx_word' id='word_1_441' title='bbox 2054 2693 2282 2739; x_wconf 89' lang='lat' dir='ltr'><strong>centes:</strong></span> <span class='ocrx_word' id='word_1_442' title='bbox 2313 2682 2445 2750; x_wconf 86' lang='lat' dir='ltr'><strong>Quia</strong></span> <span class='ocrx_word' id='word_1_443' title='bbox 2490 2698 2658 2752; x_wconf 90' lang='lat' dir='ltr'><strong>panes</strong></span> <span class='ocrx_word' id='word_1_444' title='bbox 2690 2697 2796 2738; x_wconf 91' lang='lat' dir='ltr'><strong>non</strong></span> <span class='ocrx_word' id='word_1_445' title='bbox 2833 2686 3110 2737; x_wconf 81' lang='lat' dir='ltr'><strong>habemus.</strong></span> <span class='ocrx_word' id='word_1_446' title='bbox 3158 2684 3275 2750; x_wconf 89' lang='lat' dir='ltr'><strong>Quo</strong></span> <span class='ocrx_word' id='word_1_447' title='bbox 3311 2682 3550 2752; x_wconf 74' lang='lat' dir='ltr'><strong>cognito,</strong></span> <span class='ocrx_word' id='word_1_448' title='bbox 3581 2683 3659 2737; x_wconf 86' lang='lat' dir='ltr'><strong>ait</strong></span> 
     </span>
    </p>
   </div>
   <div class='ocr_carea' id='block_1_57' title="bbox 2056 2773 3656 2845">
    <p class='ocr_par' dir='ltr' id='par_1_57' title="bbox 2056 2773 3656 2845">
     <span class='ocr_line' id='line_1_57' title="bbox 2056 2773 3656 2845; baseline 0 -17"><span class='ocrx_word' id='word_1_449' title='bbox 2056 2773 2164 2828; x_wconf 86' lang='lat' dir='ltr'><strong>illis</strong></span> <span class='ocrx_word' id='word_1_450' title='bbox 2196 2773 2352 2830; x_wconf 80' lang='lat' dir='ltr'><strong>Jesus</strong></span> <span class='ocrx_word' id='word_1_451' title='bbox 2383 2791 2396 2828; x_wconf 90' lang='lat'><strong>:</strong></span> <span class='ocrx_word' id='word_1_452' title='bbox 2439 2773 2574 2842; x_wconf 90' lang='lat' dir='ltr'><strong>Quid</strong></span> <span class='ocrx_word' id='word_1_453' title='bbox 2601 2774 2872 2845; x_wconf 88' lang='lat' dir='ltr'><strong>cogitatis,</strong></span> <span class='ocrx_word' id='word_1_454' title='bbox 2907 2774 3030 2844; x_wconf 85' lang='lat' dir='ltr'><strong>quia</strong></span> <span class='ocrx_word' id='word_1_455' title='bbox 3049 2789 3218 2844; x_wconf 87' lang='lat' dir='ltr'><strong>panes</strong></span> <span class='ocrx_word' id='word_1_456' title='bbox 3263 2791 3368 2829; x_wconf 92' lang='lat' dir='ltr'><strong>non</strong></span> <span class='ocrx_word' id='word_1_457' title='bbox 3401 2773 3656 2828; x_wconf 85' lang='lat' dir='ltr'><strong>habetis?</strong></span> 
     </span>
    </p>
   </div>
   <div class='ocr_carea' id='block_1_58' title="bbox 2059 2866 3655 2938">
    <p class='ocr_par' dir='ltr' id='par_1_58' title="bbox 2059 2866 3655 2938">
     <span class='ocr_line' id='line_1_58' title="bbox 2059 2866 3655 2938; baseline -0.001 -17"><span class='ocrx_word' id='word_1_458' title='bbox 2059 2867 2296 2922; x_wconf 89' lang='lat' dir='ltr'><strong>nondum</strong></span> <span class='ocrx_word' id='word_1_459' title='bbox 2325 2867 2663 2938; x_wconf 84' lang='lat' dir='ltr'><strong>cognoscetis</strong></span> <span class='ocrx_word' id='word_1_460' title='bbox 2693 2882 2793 2922; x_wconf 87' lang='lat' dir='ltr'><strong>nec</strong></span> <span class='ocrx_word' id='word_1_461' title='bbox 2817 2866 3159 2937; x_wconf 74' lang='lat' dir='ltr'><strong>intelligitis?</strong></span> <span class='ocrx_word' id='word_1_462' title='bbox 3187 2866 3364 2922; x_wconf 87' lang='lat' dir='ltr'><strong>adhuc</strong></span> <span class='ocrx_word' id='word_1_463' title='bbox 3393 2875 3655 2921; x_wconf 76' lang='lat' dir='ltr'><strong>czrcatum</strong></span> 
     </span>
    </p>
   </div>
   <div class='ocr_carea' id='block_1_59' title="bbox 2060 2959 3658 3018">
    <p class='ocr_par' dir='ltr' id='par_1_59' title="bbox 2060 2959 3658 3018">
     <span class='ocr_line' id='line_1_59' title="bbox 2060 2959 3658 3018; baseline -0.003 -1"><span class='ocrx_word' id='word_1_464' title='bbox 2060 2961 2272 3018; x_wconf 89' lang='lat' dir='ltr'><strong>habetis</strong></span> <span class='ocrx_word' id='word_1_465' title='bbox 2301 2977 2396 3016; x_wconf 92' lang='lat' dir='ltr'><strong>cor</strong></span> <span class='ocrx_word' id='word_1_466' title='bbox 2427 2961 2704 3016; x_wconf 57' lang='lat' dir='ltr'><strong>vestrum?</strong></span> <span class='ocrx_word' id='word_1_467' title='bbox 2749 2963 2938 3016; x_wconf 87' lang='lat' dir='ltr'><strong>oculos</strong></span> <span class='ocrx_word' id='word_1_468' title='bbox 2963 2961 3222 3016; x_wconf 83' lang='lat' dir='ltr'><strong>habentes</strong></span> <span class='ocrx_word' id='word_1_469' title='bbox 3272 2977 3378 3014; x_wconf 90' lang='lat' dir='ltr'><strong>non</strong></span> <span class='ocrx_word' id='word_1_470' title='bbox 3419 2959 3658 3015; x_wconf 81' lang='lat' dir='ltr'><strong>vide-tis?</strong></span> 
     </span>
    </p>
   </div>
   <div class='ocr_carea' id='block_1_60' title="bbox 2057 3050 3657 3117">
    <p class='ocr_par' dir='ltr' id='par_1_60' title="bbox 2057 3050 3657 3117">
     <span class='ocr_line' id='line_1_60' title="bbox 2057 3050 3657 3117; baseline -0.005 -5"><span class='ocrx_word' id='word_1_471' title='bbox 2057 3065 2111 3112; x_wconf 89' lang='lat' dir='ltr'><strong>et</strong></span> <span class='ocrx_word' id='word_1_472' title='bbox 2143 3069 2300 3110; x_wconf 86' lang='lat' dir='ltr'><strong>aures</strong></span> <span class='ocrx_word' id='word_1_473' title='bbox 2332 3054 2591 3110; x_wconf 90' lang='lat' dir='ltr'><strong>habentes</strong></span> <span class='ocrx_word' id='word_1_474' title='bbox 2645 3069 2750 3108; x_wconf 93' lang='lat' dir='ltr'><strong>non</strong></span> <span class='ocrx_word' id='word_1_475' title='bbox 2793 3053 3043 3108; x_wconf 73' lang='lat' dir='ltr'><strong>auditis?</strong></span> <span class='ocrx_word' id='word_1_476' title='bbox 3093 3053 3201 3108; x_wconf 77' lang='lat' dir='ltr'><strong>Nec</strong></span> <span class='ocrx_word' id='word_1_477' title='bbox 3252 3050 3657 3117; x_wconf 90' lang='lat' dir='ltr'><strong>recordamini,</strong></span> 
     </span>
    </p>
   </div>
   <div class='ocr_carea' id='block_1_61' title="bbox 2060 3147 3661 3220">
    <p class='ocr_par' dir='ltr' id='par_1_61' title="bbox 2060 3147 3661 3220">
     <span class='ocr_line' id='line_1_61' title="bbox 2060 3147 3661 3220; baseline -0.002 -16"><span class='ocrx_word' id='word_1_478' title='bbox 2060 3149 2277 3220; x_wconf 90' lang='lat' dir='ltr'><strong>quando</strong></span> <span class='ocrx_word' id='word_1_479' title='bbox 2303 3150 2540 3220; x_wconf 92' lang='lat' dir='ltr'><strong>quinque</strong></span> <span class='ocrx_word' id='word_1_480' title='bbox 2580 3163 2748 3220; x_wconf 89' lang='lat' dir='ltr'><strong>panes</strong></span> <span class='ocrx_word' id='word_1_481' title='bbox 2775 3149 2901 3217; x_wconf 84' lang='lat' dir='ltr'><strong>l‘regi</strong></span> <span class='ocrx_word' id='word_1_482' title='bbox 2936 3148 2986 3200; x_wconf 91' lang='lat' dir='ltr'><strong>in</strong></span> <span class='ocrx_word' id='word_1_483' title='bbox 3018 3149 3256 3218; x_wconf 82' lang='lat' dir='ltr'><strong>quinque</strong></span> <span class='ocrx_word' id='word_1_484' title='bbox 3285 3147 3448 3202; x_wconf 89' lang='lat' dir='ltr'><strong>millia</strong></span> <span class='ocrx_word' id='word_1_485' title='bbox 3482 3165 3493 3200; x_wconf 92' lang='lat'><strong>:</strong></span> <span class='ocrx_word' id='word_1_486' title='bbox 3527 3154 3661 3216; x_wconf 90' lang='lat' dir='ltr'><strong>quot</strong></span> 
     </span>
    </p>
   </div>
   <div class='ocr_carea' id='block_1_62' title="bbox 351 3241 3660 3315">
    <p class='ocr_par' dir='ltr' id='par_1_62' title="bbox 351 3241 3660 3315">
     <span class='ocr_line' id='line_1_62' title="bbox 351 3241 3660 3315; baseline -0 -19"><span class='ocrx_word' id='word_1_487' title='bbox 351 3243 510 3315; x_wconf 87' lang='lat' dir='ltr'><strong>prius</strong></span> <span class='ocrx_word' id='word_1_488' title='bbox 553 3243 788 3297; x_wconf 91' lang='lat' dir='ltr'><strong>saturari</strong></span> <span class='ocrx_word' id='word_1_489' title='bbox 836 3242 1012 3300; x_wconf 83' lang='lat' dir='ltr'><strong>ﬁlios:</strong></span> <span class='ocrx_word' id='word_1_490' title='bbox 1060 3260 1166 3298; x_wconf 91' lang='lat' dir='ltr'><strong>non</strong></span> <span class='ocrx_word' id='word_1_491' title='bbox 1199 3255 1280 3300; x_wconf 89' lang='lat' dir='ltr'><strong>est</strong></span> <span class='ocrx_word' id='word_1_492' title='bbox 1327 3245 1471 3301; x_wconf 86' lang='lat' dir='ltr'><strong>enim</strong></span> <span class='ocrx_word' id='word_1_493' title='bbox 1504 3245 1703 3301; x_wconf 91' lang='lat' dir='ltr'><strong>bonum</strong></span> <span class='ocrx_word' id='word_1_494' title='bbox 1735 3262 1954 3304; x_wconf 89' lang='lat' dir='ltr'><strong>sumere</strong></span> <span class='ocrx_word' id='word_1_495' title='bbox 1981 3249 2028 3313; x_wconf 87' lang='lat' dir='ltr'>C</span> <span class='ocrx_word' id='word_1_496' title='bbox 2058 3243 2324 3312; x_wconf 76' lang='lat' dir='ltr'><strong>COleillOS</strong></span> <span class='ocrx_word' id='word_1_497' title='bbox 2369 3243 2794 3314; x_wconf 79' lang='lat' dir='ltr'><strong>fragmentortnn</strong></span> <span class='ocrx_word' id='word_1_498' title='bbox 2849 3242 3038 3314; x_wconf 87' lang='lat' dir='ltr'><strong>plenos</strong></span> <span class='ocrx_word' id='word_1_499' title='bbox 3083 3243 3410 3297; x_wconf 80' lang='lat' dir='ltr'><strong>sustulistis?</strong></span> <span class='ocrx_word' id='word_1_500' title='bbox 3463 3241 3660 3297; x_wconf 83' lang='lat' dir='ltr'><strong>Dicunt</strong></span> 
     </span>
    </p>
   </div>
   <div class='ocr_carea' id='block_1_63' title="bbox 354 3335 1954 3411">
    <p class='ocr_par' dir='ltr' id='par_1_63' title="bbox 354 3335 1954 3411">
     <span class='ocr_line' id='line_1_63' title="bbox 354 3335 1954 3411; baseline 0.003 -20"><span class='ocrx_word' id='word_1_501' title='bbox 354 3352 551 3409; x_wconf 86' lang='lat' dir='ltr'><strong>panem</strong></span> <span class='ocrx_word' id='word_1_502' title='bbox 587 3335 850 3406; x_wconf 86' lang='lat' dir='ltr'><strong>ﬁliorum,</strong></span> <span class='ocrx_word' id='word_1_503' title='bbox 885 3348 941 3392; x_wconf 89' lang='lat' dir='ltr'><strong>et</strong></span> <span class='ocrx_word' id='word_1_504' title='bbox 971 3338 1187 3393; x_wconf 86' lang='lat' dir='ltr'><strong>mittere</strong></span> <span class='ocrx_word' id='word_1_505' title='bbox 1217 3337 1465 3394; x_wconf 86' lang='lat' dir='ltr'><strong>canibus.</strong></span> <span class='ocrx_word' id='word_1_506' title='bbox 1510 3340 1578 3394; x_wconf 84' lang='lat' dir='ltr'><strong>At</strong></span> <span class='ocrx_word' id='word_1_507' title='bbox 1608 3339 1697 3394; x_wconf 93' lang='lat' dir='ltr'><strong>illa</strong></span> <span class='ocrx_word' id='word_1_508' title='bbox 1731 3355 1954 3411; x_wconf 82' lang='lat' dir='ltr'><strong>respou-</strong></span> 
     </span>
    </p>
   </div>
   <div class='ocr_carea' id='block_1_64' title="bbox 355 3428 1957 3501">
    <p class='ocr_par' dir='ltr' id='par_1_64' title="bbox 355 3428 1957 3501">
     <span class='ocr_line' id='line_1_64' title="bbox 355 3428 1957 3501; baseline 0.002 -17"><span class='ocrx_word' id='word_1_509' title='bbox 355 3429 462 3495; x_wconf 90' lang='lat' dir='ltr'><strong>dit,</strong></span> <span class='ocrx_word' id='word_1_510' title='bbox 497 3437 554 3485; x_wconf 86' lang='lat' dir='ltr'><strong>et</strong></span> <span class='ocrx_word' id='word_1_511' title='bbox 578 3428 715 3484; x_wconf 84' lang='lat' dir='ltr'><strong>dixit</strong></span> <span class='ocrx_word' id='word_1_512' title='bbox 743 3428 822 3484; x_wconf 86' lang='lat' dir='ltr'><strong>illi</strong></span> <span class='ocrx_word' id='word_1_513' title='bbox 849 3448 861 3483; x_wconf 90' lang='lat'><strong>:</strong></span> <span class='ocrx_word' id='word_1_514' title='bbox 895 3429 1112 3501; x_wconf 89' lang='lat' dir='ltr'><strong>Utique,</strong></span> <span class='ocrx_word' id='word_1_515' title='bbox 1145 3431 1395 3497; x_wconf 86' lang='lat' dir='ltr'><strong>Domine,</strong></span> <span class='ocrx_word' id='word_1_516' title='bbox 1426 3447 1550 3486; x_wconf 88' lang='lat' dir='ltr'><strong>nam</strong></span> <span class='ocrx_word' id='word_1_517' title='bbox 1578 3442 1630 3486; x_wconf 89' lang='lat' dir='ltr'><strong>et</strong></span> <span class='ocrx_word' id='word_1_518' title='bbox 1658 3433 1838 3488; x_wconf 88' lang='lat' dir='ltr'><strong>catelli</strong></span> <span class='ocrx_word' id='word_1_519' title='bbox 1864 3447 1957 3488; x_wconf 90' lang='lat' dir='ltr'><strong>co-</strong></span> 
     </span>
    </p>
   </div>
   <div class='ocr_carea' id='block_1_65' title="bbox 353 3524 1948 3596">
    <p class='ocr_par' dir='ltr' id='par_1_65' title="bbox 353 3524 1948 3596">
     <span class='ocr_line' id='line_1_65' title="bbox 353 3524 1948 3596; baseline 0.001 -17"><span class='ocrx_word' id='word_1_520' title='bbox 353 3524 584 3579; x_wconf 89' lang='lat' dir='ltr'><strong>medunt</strong></span> <span class='ocrx_word' id='word_1_521' title='bbox 610 3524 713 3579; x_wconf 90' lang='lat' dir='ltr'><strong>sub</strong></span> <span class='ocrx_word' id='word_1_522' title='bbox 742 3538 925 3580; x_wconf 90' lang='lat' dir='ltr'><strong>mensa</strong></span> <span class='ocrx_word' id='word_1_523' title='bbox 955 3524 1023 3579; x_wconf 91' lang='lat' dir='ltr'><strong>de</strong></span> <span class='ocrx_word' id='word_1_524' title='bbox 1047 3525 1202 3581; x_wconf 91' lang='lat' dir='ltr'><strong>micis</strong></span> <span class='ocrx_word' id='word_1_525' title='bbox 1235 3541 1547 3596; x_wconf 91' lang='lat' dir='ltr'><strong>puerorum.</strong></span> <span class='ocrx_word' id='word_1_526' title='bbox 1600 3525 1665 3580; x_wconf 89' lang='lat' dir='ltr'><strong>Et</strong></span> <span class='ocrx_word' id='word_1_527' title='bbox 1709 3526 1786 3581; x_wconf 92' lang='lat' dir='ltr'><strong>ait</strong></span> <span class='ocrx_word' id='word_1_528' title='bbox 1834 3527 1906 3582; x_wconf 91' lang='lat' dir='ltr'><strong>illi</strong></span> <span class='ocrx_word' id='word_1_529' title='bbox 1935 3544 1948 3581; x_wconf 94' lang='lat'><strong>:</strong></span> 
     </span>
    </p>
   </div>
   <div class='ocr_carea' id='block_1_66' title="bbox 354 3615 1954 3688">
    <p class='ocr_par' dir='ltr' id='par_1_66' title="bbox 354 3615 1954 3688">
     <span class='ocr_line' id='line_1_66' title="bbox 354 3615 1954 3688; baseline 0.001 -16"><span class='ocrx_word' id='word_1_530' title='bbox 354 3615 586 3688; x_wconf 76' lang='lat' dir='ltr'><strong>Propter</strong></span> <span class='ocrx_word' id='word_1_531' title='bbox 605 3617 746 3672; x_wconf 92' lang='lat' dir='ltr'><strong>hunc</strong></span> <span class='ocrx_word' id='word_1_532' title='bbox 771 3633 1079 3674; x_wconf 87' lang='lat' dir='ltr'><strong>sermonem</strong></span> <span class='ocrx_word' id='word_1_533' title='bbox 1107 3618 1261 3681; x_wconf 88' lang='lat' dir='ltr'><strong>vade,</strong></span> <span class='ocrx_word' id='word_1_534' title='bbox 1286 3619 1418 3675; x_wconf 85' lang='lat' dir='ltr'><strong>exiit</strong></span> <span class='ocrx_word' id='word_1_535' title='bbox 1439 3620 1768 3675; x_wconf 65' lang='lat' dir='ltr'><strong>daemonium</strong></span> <span class='ocrx_word' id='word_1_536' title='bbox 1794 3637 1821 3674; x_wconf 91' lang='lat' dir='ltr'><strong>a</strong></span> <span class='ocrx_word' id='word_1_537' title='bbox 1848 3619 1954 3674; x_wconf 83' lang='lat' dir='ltr'><strong>lilia</strong></span> 
     </span>
    </p>
   </div>
   <div class='ocr_carea' id='block_1_67' title="bbox 354 3711 1956 3782">
    <p class='ocr_par' dir='ltr' id='par_1_67' title="bbox 354 3711 1956 3782">
     <span class='ocr_line' id='line_1_67' title="bbox 354 3711 1956 3782; baseline 0.001 -15"><span class='ocrx_word' id='word_1_538' title='bbox 354 3721 468 3767; x_wconf 88' lang='lat' dir='ltr'><strong>ttta.</strong></span> <span class='ocrx_word' id='word_1_539' title='bbox 501 3711 567 3766; x_wconf 85' lang='lat' dir='ltr'><strong>Et</strong></span> <span class='ocrx_word' id='word_1_540' title='bbox 596 3726 718 3766; x_wconf 93' lang='lat' dir='ltr'><strong>cum</strong></span> <span class='ocrx_word' id='word_1_541' title='bbox 764 3711 987 3768; x_wconf 81' lang='lat' dir='ltr'><strong>abiisset</strong></span> <span class='ocrx_word' id='word_1_542' title='bbox 1013 3714 1232 3768; x_wconf 89' lang='lat' dir='ltr'><strong>domum</strong></span> <span class='ocrx_word' id='word_1_543' title='bbox 1265 3729 1445 3778; x_wconf 88' lang='lat' dir='ltr'><strong>suam,</strong></span> <span class='ocrx_word' id='word_1_544' title='bbox 1484 3714 1691 3769; x_wconf 87' lang='lat' dir='ltr'><strong>invenit</strong></span> <span class='ocrx_word' id='word_1_545' title='bbox 1722 3713 1956 3782; x_wconf 89' lang='lat' dir='ltr'><strong>puellam</strong></span> 
     </span>
    </p>
   </div>
   <div class='ocr_carea' id='block_1_68' title="bbox 347 3803 1954 3879">
    <p class='ocr_par' dir='ltr' id='par_1_68' title="bbox 347 3803 1954 3879">
     <span class='ocr_line' id='line_1_68' title="bbox 347 3803 1954 3879; baseline 0.002 -22"><span class='ocrx_word' id='word_1_546' title='bbox 347 3803 624 3877; x_wconf 87' lang='lat' dir='ltr'><strong>jacentem</strong></span> <span class='ocrx_word' id='word_1_547' title='bbox 654 3821 819 3875; x_wconf 91' lang='lat' dir='ltr'><strong>supra</strong></span> <span class='ocrx_word' id='word_1_548' title='bbox 841 3807 1063 3873; x_wconf 89' lang='lat' dir='ltr'><strong>lectum;</strong></span> <span class='ocrx_word' id='word_1_549' title='bbox 1096 3815 1151 3861; x_wconf 83' lang='lat' dir='ltr'><strong>et</strong></span> <span class='ocrx_word' id='word_1_550' title='bbox 1180 3807 1508 3862; x_wconf 78' lang='lat' dir='ltr'><strong>d;emoniom</strong></span> <span class='ocrx_word' id='word_1_551' title='bbox 1528 3807 1727 3862; x_wconf 80' lang='lat' dir='ltr'><strong>exisse.</strong></span> <span class='ocrx_word' id='word_1_552' title='bbox 1751 3805 1954 3879; x_wconf 81' lang='lat' dir='ltr'><strong>[Lxxrv,</strong></span> 
     </span>
    </p>
   </div>
   <div class='ocr_carea' id='block_1_69' title="bbox 354 3896 1948 3972">
    <p class='ocr_par' dir='ltr' id='par_1_69' title="bbox 354 3896 1948 3972">
     <span class='ocr_line' id='line_1_69' title="bbox 354 3896 1948 3972; baseline 0 -18"><span class='ocrx_word' id='word_1_553' title='bbox 354 3896 473 3970; x_wconf 71' lang='lat'><strong>10.]</strong></span> <span class='ocrx_word' id='word_1_554' title='bbox 499 3899 567 3953; x_wconf 83' lang='lat' dir='ltr'><strong>Et</strong></span> <span class='ocrx_word' id='word_1_555' title='bbox 597 3899 788 3954; x_wconf 91' lang='lat' dir='ltr'><strong>iterum</strong></span> <span class='ocrx_word' id='word_1_556' title='bbox 821 3901 1006 3954; x_wconf 86' lang='lat' dir='ltr'><strong>exiens</strong></span> <span class='ocrx_word' id='word_1_557' title='bbox 1036 3899 1103 3954; x_wconf 90' lang='lat' dir='ltr'><strong>de</strong></span> <span class='ocrx_word' id='word_1_558' title='bbox 1137 3899 1332 3955; x_wconf 75' lang='lat' dir='ltr'><strong>finibus</strong></span> <span class='ocrx_word' id='word_1_559' title='bbox 1359 3901 1523 3972; x_wconf 88' lang='lat' dir='ltr'><strong>Tyri,</strong></span> <span class='ocrx_word' id='word_1_560' title='bbox 1557 3901 1705 3955; x_wconf 89' lang='lat' dir='ltr'><strong>venit</strong></span> <span class='ocrx_word' id='word_1_561' title='bbox 1736 3915 1830 3969; x_wconf 90' lang='lat' dir='ltr'><strong>per</strong></span> <span class='ocrx_word' id='word_1_562' title='bbox 1858 3899 1948 3956; x_wconf 90' lang='lat' dir='ltr'><strong>Si-</strong></span> 
     </span>
    </p>
   </div>
   <div class='ocr_carea' id='block_1_70' title="bbox 353 3991 1958 4064">
    <p class='ocr_par' dir='ltr' id='par_1_70' title="bbox 353 3991 1958 4064">
     <span class='ocr_line' id='line_1_70' title="bbox 353 3991 1958 4064; baseline -0.001 -16"><span class='ocrx_word' id='word_1_563' title='bbox 353 3992 554 4048; x_wconf 90' lang='lat' dir='ltr'><strong>doncm</strong></span> <span class='ocrx_word' id='word_1_564' title='bbox 581 3993 647 4047; x_wconf 90' lang='lat' dir='ltr'><strong>ad</strong></span> <span class='ocrx_word' id='word_1_565' title='bbox 680 4009 828 4048; x_wconf 83' lang='lat' dir='ltr'><strong>mare</strong></span> <span class='ocrx_word' id='word_1_566' title='bbox 848 3991 1083 4049; x_wconf 72' lang='lat' dir='ltr'><strong>Galilmm</strong></span> <span class='ocrx_word' id='word_1_567' title='bbox 1115 3995 1258 4050; x_wconf 90' lang='lat' dir='ltr'><strong>inter</strong></span> <span class='ocrx_word' id='word_1_568' title='bbox 1299 3995 1502 4049; x_wconf 85' lang='lat' dir='ltr'><strong>medios</strong></span> <span class='ocrx_word' id='word_1_569' title='bbox 1536 3994 1671 4048; x_wconf 85' lang='lat' dir='ltr'><strong>lines</strong></span> <span class='ocrx_word' id='word_1_570' title='bbox 1712 3993 1958 4064; x_wconf 83' lang='lat' dir='ltr'><strong>Decapo-</strong></span> 
     </span>
    </p>
   </div>
   <div class='ocr_carea' id='block_1_71' title="bbox 354 4084 1958 4154">
    <p class='ocr_par' dir='ltr' id='par_1_71' title="bbox 354 4084 1958 4154">
     <span class='ocr_line' id='line_1_71' title="bbox 354 4084 1958 4154; baseline 0.001 -14"><span class='ocrx_word' id='word_1_571' title='bbox 354 4084 494 4140; x_wconf 84' lang='lat' dir='ltr'><strong>lens.</strong></span> <span class='ocrx_word' id='word_1_572' title='bbox 529 4085 590 4140; x_wconf 82' lang='lat' dir='ltr'><strong>Et</strong></span> <span class='ocrx_word' id='word_1_573' title='bbox 619 4085 891 4141; x_wconf 87' lang='lat' dir='ltr'><strong>adducunt</strong></span> <span class='ocrx_word' id='word_1_574' title='bbox 921 4086 971 4142; x_wconf 88' lang='lat' dir='ltr'><strong>ei</strong></span> <span class='ocrx_word' id='word_1_575' title='bbox 1003 4087 1224 4142; x_wconf 87' lang='lat' dir='ltr'><strong>surdum</strong></span> <span class='ocrx_word' id='word_1_576' title='bbox 1265 4094 1319 4143; x_wconf 87' lang='lat' dir='ltr'><strong>et</strong></span> <span class='ocrx_word' id='word_1_577' title='bbox 1357 4097 1589 4152; x_wconf 87' lang='lat' dir='ltr'><strong>mutum,</strong></span> <span class='ocrx_word' id='word_1_578' title='bbox 1619 4096 1674 4142; x_wconf 90' lang='lat' dir='ltr'><strong>et</strong></span> <span class='ocrx_word' id='word_1_579' title='bbox 1705 4085 1732 4124; x_wconf 53' lang='grc' dir='ltr'><strong>θ’</strong></span> <span class='ocrx_word' id='word_1_580' title='bbox 1762 4087 1958 4154; x_wconf 86' lang='lat' dir='ltr'><strong>depre-</strong></span> 
     </span>
    </p>
   </div>
   <div class='ocr_carea' id='block_1_72' title="bbox 353 4178 1964 4251">
    <p class='ocr_par' dir='ltr' id='par_1_72' title="bbox 353 4178 1964 4251">
     <span class='ocr_line' id='line_1_72' title="bbox 353 4178 1964 4251; baseline 0.002 -19"><span class='ocrx_word' id='word_1_581' title='bbox 353 4178 620 4232; x_wconf 88' lang='lat' dir='ltr'><strong>cabantur</strong></span> <span class='ocrx_word' id='word_1_582' title='bbox 639 4195 786 4246; x_wconf 91' lang='lat' dir='ltr'><strong>eum,</strong></span> <span class='ocrx_word' id='word_1_583' title='bbox 821 4180 1155 4250; x_wconf 84' lang='lat' dir='ltr'><strong>ut&#39;imponat</strong></span> <span class='ocrx_word' id='word_1_584' title='bbox 1183 4181 1255 4235; x_wconf 91' lang='lat' dir='ltr'><strong>illi</strong></span> <span class='ocrx_word' id='word_1_585' title='bbox 1289 4196 1525 4236; x_wconf 89' lang='lat' dir='ltr'><strong>manum.</strong></span> <span class='ocrx_word' id='word_1_586' title='bbox 1559 4179 1625 4235; x_wconf 84' lang='lat' dir='ltr'><strong>Et</strong></span> <span class='ocrx_word' id='word_1_587' title='bbox 1659 4181 1964 4251; x_wconf 71' lang='lat' dir='ltr'><strong>apprehen~</strong></span> 
     </span>
    </p>
   </div>
   <div class='ocr_carea' id='block_1_73' title="bbox 355 4268 1962 4345">
    <p class='ocr_par' dir='ltr' id='par_1_73' title="bbox 355 4268 1962 4345">
     <span class='ocr_line' id='line_1_73' title="bbox 355 4268 1962 4345; baseline 0.004 -21"><span class='ocrx_word' id='word_1_588' title='bbox 355 4268 494 4324; x_wconf 90' lang='lat' dir='ltr'><strong>dens</strong></span> <span class='ocrx_word' id='word_1_589' title='bbox 523 4286 644 4326; x_wconf 89' lang='lat' dir='ltr'><strong>eum</strong></span> <span class='ocrx_word' id='word_1_590' title='bbox 694 4272 761 4327; x_wconf 91' lang='lat' dir='ltr'><strong>de</strong></span> <span class='ocrx_word' id='word_1_591' title='bbox 792 4273 951 4328; x_wconf 88' lang='lat' dir='ltr'><strong>turba</strong></span> <span class='ocrx_word' id='word_1_592' title='bbox 1002 4287 1270 4342; x_wconf 86' lang='lat' dir='ltr'><strong>seorsum,</strong></span> <span class='ocrx_word' id='word_1_593' title='bbox 1323 4274 1472 4329; x_wconf 88' lang='lat' dir='ltr'><strong>misit</strong></span> <span class='ocrx_word' id='word_1_594' title='bbox 1500 4273 1698 4345; x_wconf 87' lang='lat' dir='ltr'><strong>digitos</strong></span> <span class='ocrx_word' id='word_1_595' title='bbox 1748 4290 1876 4330; x_wconf 91' lang='lat' dir='ltr'><strong>suos</strong></span> <span class='ocrx_word' id='word_1_596' title='bbox 1909 4276 1962 4330; x_wconf 90' lang='lat' dir='ltr'><strong>in</strong></span> 
     </span>
    </p>
   </div>
   <div class='ocr_carea' id='block_1_74' title="bbox 356 4363 1959 4438">
    <p class='ocr_par' dir='ltr' id='par_1_74' title="bbox 356 4363 1959 4438">
     <span class='ocr_line' id='line_1_74' title="bbox 356 4363 1959 4438; baseline 0.004 -22"><span class='ocrx_word' id='word_1_597' title='bbox 356 4364 635 4417; x_wconf 88' lang='lat' dir='ltr'><strong>auriculas</strong></span> <span class='ocrx_word' id='word_1_598' title='bbox 661 4363 824 4434; x_wconf 90' lang='lat' dir='ltr'><strong>ejus:</strong></span> <span class='ocrx_word' id='word_1_599' title='bbox 868 4376 922 4420; x_wconf 90' lang='lat' dir='ltr'><strong>et</strong></span> <span class='ocrx_word' id='word_1_600' title='bbox 970 4380 1263 4436; x_wconf 77' lang='lat' dir='ltr'><strong>cxspnens,</strong></span> <span class='ocrx_word' id='word_1_601' title='bbox 1311 4367 1479 4438; x_wconf 87' lang='lat' dir='ltr'><strong>tetigit</strong></span> <span class='ocrx_word' id='word_1_602' title='bbox 1534 4367 1766 4438; x_wconf 88' lang='lat' dir='ltr'><strong>linguam</strong></span> <span class='ocrx_word' id='word_1_603' title='bbox 1822 4369 1959 4436; x_wconf 84' lang='lat' dir='ltr'><strong>ejus.</strong></span> 
     </span>
    </p>
   </div>
   <div class='ocr_carea' id='block_1_75' title="bbox 361 4457 1966 4534">
    <p class='ocr_par' dir='ltr' id='par_1_75' title="bbox 361 4457 1966 4534">
     <span class='ocr_line' id='line_1_75' title="bbox 361 4457 1966 4534; baseline 0.004 -21"><span class='ocrx_word' id='word_1_604' title='bbox 361 4457 433 4513; x_wconf 83' lang='lat' dir='ltr'><strong>Et</strong></span> <span class='ocrx_word' id='word_1_605' title='bbox 463 4459 764 4530; x_wconf 86' lang='lat' dir='ltr'><strong>suspiciens</strong></span> <span class='ocrx_word' id='word_1_606' title='bbox 797 4461 849 4516; x_wconf 92' lang='lat' dir='ltr'><strong>in</strong></span> <span class='ocrx_word' id='word_1_607' title='bbox 881 4464 1100 4529; x_wconf 78' lang='lat' dir='ltr'><strong>ctelum,</strong></span> <span class='ocrx_word' id='word_1_608' title='bbox 1146 4463 1428 4532; x_wconf 85' lang='lat' dir='ltr'><strong>ingemuit,</strong></span> <span class='ocrx_word' id='word_1_609' title='bbox 1476 4474 1531 4518; x_wconf 93' lang='lat' dir='ltr'><strong>et</strong></span> <span class='ocrx_word' id='word_1_610' title='bbox 1560 4463 1634 4516; x_wconf 90' lang='lat' dir='ltr'><strong>ait</strong></span> <span class='ocrx_word' id='word_1_611' title='bbox 1665 4463 1742 4517; x_wconf 92' lang='lat' dir='ltr'><strong>illi</strong></span> <span class='ocrx_word' id='word_1_612' title='bbox 1774 4482 1785 4517; x_wconf 92' lang='lat'><strong>:</strong></span> <span class='ocrx_word' id='word_1_613' title='bbox 1822 4463 1966 4534; x_wconf 77' lang='lat' dir='ltr'><strong>Eph-</strong></span> 
     </span>
    </p>
   </div>
   <div class='ocr_carea' id='block_1_76' title="bbox 363 4551 1966 4627">
    <p class='ocr_par' dir='ltr' id='par_1_76' title="bbox 363 4551 1966 4627">
     <span class='ocr_line' id='line_1_76' title="bbox 363 4551 1966 4627; baseline 0.005 -21"><span class='ocrx_word' id='word_1_614' title='bbox 363 4551 553 4623; x_wconf 89' lang='lat' dir='ltr'><strong>pheta,</strong></span> <span class='ocrx_word' id='word_1_615' title='bbox 582 4554 724 4625; x_wconf 91' lang='lat' dir='ltr'><strong>quod</strong></span> <span class='ocrx_word' id='word_1_616' title='bbox 765 4565 868 4620; x_wconf 81' lang='lat' dir='ltr'><strong>est,</strong></span> <span class='ocrx_word' id='word_1_617' title='bbox 901 4555 1209 4627; x_wconf 88' lang='lat' dir='ltr'><strong>adaperire.</strong></span> <span class='ocrx_word' id='word_1_618' title='bbox 1259 4557 1325 4612; x_wconf 88' lang='lat' dir='ltr'><strong>Et</strong></span> <span class='ocrx_word' id='word_1_619' title='bbox 1373 4559 1552 4612; x_wconf 89' lang='lat' dir='ltr'><strong>statim</strong></span> <span class='ocrx_word' id='word_1_620' title='bbox 1597 4568 1798 4627; x_wconf 73' lang='lat' dir='ltr'><strong>aperta:</strong></span> <span class='ocrx_word' id='word_1_621' title='bbox 1841 4569 1966 4614; x_wconf 91' lang='lat' dir='ltr'><strong>sunt</strong></span> 
     </span>
    </p>
   </div>
   <div class='ocr_carea' id='block_1_77' title="bbox 2058 3337 3660 3406">
    <p class='ocr_par' dir='ltr' id='par_1_77' title="bbox 2058 3337 3660 3406">
     <span class='ocr_line' id='line_1_77' title="bbox 2058 3337 3660 3406; baseline -0.003 -13"><span class='ocrx_word' id='word_1_622' title='bbox 2058 3337 2147 3393; x_wconf 89' lang='lat' dir='ltr'><strong>ei:</strong></span> <span class='ocrx_word' id='word_1_623' title='bbox 2186 3337 2500 3392; x_wconf 85' lang='lat' dir='ltr'><strong>Duodecim.</strong></span> <span class='ocrx_word' id='word_1_624' title='bbox 2547 3337 2776 3405; x_wconf 90' lang='lat' dir='ltr'><strong>Quando</strong></span> <span class='ocrx_word' id='word_1_625' title='bbox 2809 3348 2860 3390; x_wconf 87' lang='lat' dir='ltr'><strong>et</strong></span> <span class='ocrx_word' id='word_1_626' title='bbox 2891 3348 3098 3406; x_wconf 87' lang='lat' dir='ltr'><strong>septem</strong></span> <span class='ocrx_word' id='word_1_627' title='bbox 3150 3351 3314 3406; x_wconf 81' lang='lat' dir='ltr'><strong>panes</strong></span> <span class='ocrx_word' id='word_1_628' title='bbox 3345 3337 3397 3390; x_wconf 91' lang='lat' dir='ltr'><strong>in</strong></span> <span class='ocrx_word' id='word_1_629' title='bbox 3427 3344 3660 3406; x_wconf 87' lang='lat' dir='ltr'><strong>quatuor</strong></span> 
     </span>
    </p>
   </div>
   <div class='ocr_carea' id='block_1_78' title="bbox 2061 3427 3657 3504">
    <p class='ocr_par' dir='ltr' id='par_1_78' title="bbox 2061 3427 3657 3504">
     <span class='ocr_line' id='line_1_78' title="bbox 2061 3427 3657 3504; baseline -0.002 -19"><span class='ocrx_word' id='word_1_630' title='bbox 2061 3431 2224 3486; x_wconf 91' lang='lat' dir='ltr'><strong>millia</strong></span> <span class='ocrx_word' id='word_1_631' title='bbox 2255 3446 2269 3488; x_wconf 88' lang='lat'><strong>:</strong></span> <span class='ocrx_word' id='word_1_632' title='bbox 2297 3441 2428 3501; x_wconf 89' lang='lat' dir='ltr'><strong>quot</strong></span> <span class='ocrx_word' id='word_1_633' title='bbox 2465 3440 2678 3504; x_wconf 75' lang='lat' dir='ltr'><strong>sportas</strong></span> <span class='ocrx_word' id='word_1_634' title='bbox 2731 3432 3154 3499; x_wconf 80' lang='lat' dir='ltr'><strong>fragmentorum</strong></span> <span class='ocrx_word' id='word_1_635' title='bbox 3207 3429 3448 3484; x_wconf 88' lang='lat' dir='ltr'><strong>tulistis?</strong></span> <span class='ocrx_word' id='word_1_636' title='bbox 3483 3427 3547 3481; x_wconf 85' lang='lat' dir='ltr'><strong>Et</strong></span> <span class='ocrx_word' id='word_1_637' title='bbox 3575 3427 3657 3482; x_wconf 85' lang='lat' dir='ltr'><strong>di-</strong></span> 
     </span>
    </p>
   </div>
   <div class='ocr_carea' id='block_1_79' title="bbox 2058 3521 3659 3592">
    <p class='ocr_par' dir='ltr' id='par_1_79' title="bbox 2058 3521 3659 3592">
     <span class='ocr_line' id='line_1_79' title="bbox 2058 3521 3659 3592; baseline -0.001 -15"><span class='ocrx_word' id='word_1_638' title='bbox 2058 3532 2188 3578; x_wconf 91' lang='lat' dir='ltr'><strong>cunt</strong></span> <span class='ocrx_word' id='word_1_639' title='bbox 2214 3524 2260 3576; x_wconf 89' lang='lat' dir='ltr'><strong>ei</strong></span> <span class='ocrx_word' id='word_1_640' title='bbox 2285 3540 2298 3576; x_wconf 92' lang='lat'><strong>:</strong></span> <span class='ocrx_word' id='word_1_641' title='bbox 2327 3522 2574 3592; x_wconf 90' lang='lat' dir='ltr'><strong>Septem.</strong></span> <span class='ocrx_word' id='word_1_642' title='bbox 2611 3522 2678 3576; x_wconf 90' lang='lat' dir='ltr'><strong>Et</strong></span> <span class='ocrx_word' id='word_1_643' title='bbox 2709 3522 2921 3577; x_wconf 85' lang='lat' dir='ltr'><strong>dicebat</strong></span> <span class='ocrx_word' id='word_1_644' title='bbox 2949 3523 3031 3576; x_wconf 89' lang='lat' dir='ltr'><strong>eis</strong></span> <span class='ocrx_word' id='word_1_645' title='bbox 3058 3521 3376 3588; x_wconf 88' lang='lat' dir='ltr'><strong>:Quomodo</strong></span> <span class='ocrx_word' id='word_1_646' title='bbox 3419 3521 3659 3576; x_wconf 86' lang='lat' dir='ltr'><strong>nondum</strong></span> 
     </span>
    </p>
   </div>
   <div class='ocr_carea' id='block_1_80' title="bbox 2059 3614 3659 3688">
    <p class='ocr_par' dir='ltr' id='par_1_80' title="bbox 2059 3614 3659 3688">
     <span class='ocr_line' id='line_1_80' title="bbox 2059 3614 3659 3688; baseline -0.001 -15"><span class='ocrx_word' id='word_1_647' title='bbox 2059 3617 2358 3688; x_wconf 88' lang='lat' dir='ltr'><strong>intelligitis</strong></span> <span class='ocrx_word' id='word_1_648' title='bbox 2386 3617 2615 3688; x_wconf 79' lang='lat' dir='ltr'><strong>?[Lxxxt</strong></span> <span class='ocrx_word' id='word_1_649' title='bbox 2637 3658 2651 3682; x_wconf 97' lang='lat'><strong>,</strong></span> <span class='ocrx_word' id='word_1_650' title='bbox 2687 3614 2797 3687; x_wconf 71' lang='lat'><strong>10.]</strong></span> <span class='ocrx_word' id='word_1_651' title='bbox 2830 3615 2896 3670; x_wconf 79' lang='lat' dir='ltr'><strong>Et</strong></span> <span class='ocrx_word' id='word_1_652' title='bbox 2935 3617 3157 3671; x_wconf 87' lang='lat' dir='ltr'><strong>veniunt</strong></span> <span class='ocrx_word' id='word_1_653' title='bbox 3190 3616 3529 3672; x_wconf 85' lang='lat' dir='ltr'><strong>Bethsaidam</strong></span> <span class='ocrx_word' id='word_1_654' title='bbox 3562 3656 3575 3681; x_wconf 86' lang='lat'><strong>,</strong></span> <span class='ocrx_word' id='word_1_655' title='bbox 3601 3625 3659 3684; x_wconf 85' lang='lat' dir='ltr'><strong>et</strong></span> 
     </span>
    </p>
   </div>
   <div class='ocr_carea' id='block_1_81' title="bbox 2059 3708 3660 3778">
    <p class='ocr_par' dir='ltr' id='par_1_81' title="bbox 2059 3708 3660 3778">
     <span class='ocr_line' id='line_1_81' title="bbox 2059 3708 3660 3778; baseline -0.001 -14"><span class='ocrx_word' id='word_1_656' title='bbox 2059 3709 2335 3766; x_wconf 88' lang='lat' dir='ltr'><strong>adducunt</strong></span> <span class='ocrx_word' id='word_1_657' title='bbox 2371 3710 2418 3764; x_wconf 91' lang='lat' dir='ltr'><strong>ei</strong></span> <span class='ocrx_word' id='word_1_658' title='bbox 2451 3725 2678 3777; x_wconf 64' lang='lat' dir='ltr'><strong>carcutn,</strong></span> <span class='ocrx_word' id='word_1_659' title='bbox 2714 3717 2769 3764; x_wconf 92' lang='lat' dir='ltr'><strong>et</strong></span> <span class='ocrx_word' id='word_1_660' title='bbox 2797 3708 3053 3778; x_wconf 71' lang='lat' dir='ltr'><strong>rogabunt</strong></span> <span class='ocrx_word' id='word_1_661' title='bbox 3081 3724 3229 3774; x_wconf 91' lang='lat' dir='ltr'><strong>cum,</strong></span> <span class='ocrx_word' id='word_1_662' title='bbox 3268 3721 3322 3762; x_wconf 91' lang='lat' dir='ltr'><strong>ut</strong></span> <span class='ocrx_word' id='word_1_663' title='bbox 3356 3709 3502 3763; x_wconf 91' lang='lat' dir='ltr'><strong>illum</strong></span> <span class='ocrx_word' id='word_1_664' title='bbox 3543 3718 3660 3763; x_wconf 88' lang='lat' dir='ltr'><strong>tan-</strong></span> 
     </span>
    </p>
   </div>
   <div class='ocr_carea' id='block_1_82' title="bbox 2061 3802 3660 3876">
    <p class='ocr_par' dir='ltr' id='par_1_82' title="bbox 2061 3802 3660 3876">
     <span class='ocr_line' id='line_1_82' title="bbox 2061 3802 3660 3876; baseline -0.001 -17"><span class='ocrx_word' id='word_1_665' title='bbox 2061 3812 2232 3876; x_wconf 86' lang='lat' dir='ltr'><strong>geret.</strong></span> <span class='ocrx_word' id='word_1_666' title='bbox 2271 3803 2337 3858; x_wconf 91' lang='lat' dir='ltr'><strong>Et</strong></span> <span class='ocrx_word' id='word_1_667' title='bbox 2375 3802 2715 3874; x_wconf 87' lang='lat' dir='ltr'><strong>apprehensa</strong></span> <span class='ocrx_word' id='word_1_668' title='bbox 2759 3819 2920 3858; x_wconf 88' lang='lat' dir='ltr'><strong>manu</strong></span> <span class='ocrx_word' id='word_1_669' title='bbox 2949 3805 3103 3868; x_wconf 79' lang='lat' dir='ltr'><strong>caeci,</strong></span> <span class='ocrx_word' id='word_1_670' title='bbox 3137 3803 3321 3858; x_wconf 78' lang='lat' dir='ltr'><strong>eduxit</strong></span> <span class='ocrx_word' id='word_1_671' title='bbox 3357 3821 3478 3858; x_wconf 86' lang='lat' dir='ltr'><strong>cum</strong></span> <span class='ocrx_word' id='word_1_672' title='bbox 3504 3814 3660 3858; x_wconf 64' lang='lat' dir='ltr'><strong>extra</strong></span> 
     </span>
    </p>
   </div>
   <div class='ocr_carea' id='block_1_83' title="bbox 2062 3896 3658 3968">
    <p class='ocr_par' dir='ltr' id='par_1_83' title="bbox 2062 3896 3658 3968">
     <span class='ocr_line' id='line_1_83' title="bbox 2062 3896 3658 3968; baseline 0.001 -18"><span class='ocrx_word' id='word_1_673' title='bbox 2062 3898 2238 3952; x_wconf 92' lang='lat' dir='ltr'><strong>vicum</strong></span> <span class='ocrx_word' id='word_1_674' title='bbox 2273 3916 2284 3952; x_wconf 92' lang='lat'><strong>:</strong></span> <span class='ocrx_word' id='word_1_675' title='bbox 2316 3909 2367 3952; x_wconf 91' lang='lat' dir='ltr'><strong>et</strong></span> <span class='ocrx_word' id='word_1_676' title='bbox 2395 3911 2664 3968; x_wconf 80' lang='lat' dir='ltr'><strong>exspncns</strong></span> <span class='ocrx_word' id='word_1_677' title='bbox 2695 3897 2746 3953; x_wconf 91' lang='lat' dir='ltr'><strong>in</strong></span> <span class='ocrx_word' id='word_1_678' title='bbox 2779 3897 2966 3951; x_wconf 86' lang='lat' dir='ltr'><strong>oculos</strong></span> <span class='ocrx_word' id='word_1_679' title='bbox 2993 3896 3130 3966; x_wconf 87' lang='lat' dir='ltr'><strong>ejus,</strong></span> <span class='ocrx_word' id='word_1_680' title='bbox 3177 3896 3446 3966; x_wconf 89' lang='lat' dir='ltr'><strong>impositis</strong></span> <span class='ocrx_word' id='word_1_681' title='bbox 3487 3896 3658 3950; x_wconf 87' lang='lat' dir='ltr'><strong>mani-</strong></span> 
     </span>
    </p>
   </div>
   <div class='ocr_carea' id='block_1_84' title="bbox 2066 3987 3662 4062">
    <p class='ocr_par' dir='ltr' id='par_1_84' title="bbox 2066 3987 3662 4062">
     <span class='ocr_line' id='line_1_84' title="bbox 2066 3987 3662 4062; baseline -0.004 -15"><span class='ocrx_word' id='word_1_682' title='bbox 2066 3992 2166 4047; x_wconf 90' lang='lat' dir='ltr'><strong>bus</strong></span> <span class='ocrx_word' id='word_1_683' title='bbox 2192 3991 2328 4054; x_wconf 90' lang='lat' dir='ltr'><strong>suis,</strong></span> <span class='ocrx_word' id='word_1_684' title='bbox 2366 3991 2718 4062; x_wconf 83' lang='lat' dir='ltr'><strong>interrogavit</strong></span> <span class='ocrx_word' id='word_1_685' title='bbox 2751 4005 2873 4045; x_wconf 91' lang='lat' dir='ltr'><strong>enm</strong></span> <span class='ocrx_word' id='word_1_686' title='bbox 2904 3989 2948 4044; x_wconf 90' lang='lat' dir='ltr'><strong>si</strong></span> <span class='ocrx_word' id='word_1_687' title='bbox 2981 3989 3107 4058; x_wconf 90' lang='lat' dir='ltr'><strong>qttid</strong></span> <span class='ocrx_word' id='word_1_688' title='bbox 3141 3988 3365 4044; x_wconf 83' lang='lat' dir='ltr'><strong>videret.</strong></span> <span class='ocrx_word' id='word_1_689' title='bbox 3422 3990 3485 4042; x_wconf 69' lang='lat' dir='ltr'><strong>lit</strong></span> <span class='ocrx_word' id='word_1_690' title='bbox 3515 3987 3662 4060; x_wconf 87' lang='lat' dir='ltr'><strong>aspi-</strong></span> 
     </span>
    </p>
   </div>
   <div class='ocr_carea' id='block_1_85' title="bbox 2064 4087 3664 4157">
    <p class='ocr_par' dir='ltr' id='par_1_85' title="bbox 2064 4087 3664 4157">
     <span class='ocr_line' id='line_1_85' title="bbox 2064 4087 3664 4157; baseline -0.002 -12"><span class='ocrx_word' id='word_1_691' title='bbox 2064 4091 2239 4157; x_wconf 89' lang='lat' dir='ltr'><strong>ciens,</strong></span> <span class='ocrx_word' id='word_1_692' title='bbox 2264 4090 2340 4144; x_wconf 86' lang='lat' dir='ltr'><strong>ait</strong></span> <span class='ocrx_word' id='word_1_693' title='bbox 2365 4108 2377 4145; x_wconf 93' lang='lat'><strong>:</strong></span> <span class='ocrx_word' id='word_1_694' title='bbox 2408 4089 2580 4144; x_wconf 76' lang='lat' dir='ltr'><strong>Vidi-0</strong></span> <span class='ocrx_word' id='word_1_695' title='bbox 2610 4088 2855 4144; x_wconf 86' lang='lat' dir='ltr'><strong>homines</strong></span> <span class='ocrx_word' id='word_1_696' title='bbox 2881 4088 3024 4143; x_wconf 84' lang='lat' dir='ltr'><strong>velut</strong></span> <span class='ocrx_word' id='word_1_697' title='bbox 3053 4088 3282 4142; x_wconf 89' lang='lat' dir='ltr'><strong>arbores</strong></span> <span class='ocrx_word' id='word_1_698' title='bbox 3303 4087 3664 4142; x_wconf 68' lang='lat' dir='ltr'><strong>ambulantes.</strong></span> 
     </span>
    </p>
   </div>
   <div class='ocr_carea' id='block_1_86' title="bbox 2068 4182 3660 4252">
    <p class='ocr_par' dir='ltr' id='par_1_86' title="bbox 2068 4182 3660 4252">
     <span class='ocr_line' id='line_1_86' title="bbox 2068 4182 3660 4252; baseline -0.003 -12"><span class='ocrx_word' id='word_1_699' title='bbox 2068 4183 2272 4240; x_wconf 89' lang='lat' dir='ltr'><strong>Deinde</strong></span> <span class='ocrx_word' id='word_1_700' title='bbox 2304 4185 2498 4238; x_wconf 86' lang='lat' dir='ltr'><strong>iterum</strong></span> <span class='ocrx_word' id='word_1_701' title='bbox 2546 4183 2800 4251; x_wconf 87' lang='lat' dir='ltr'><strong>imposuit</strong></span> <span class='ocrx_word' id='word_1_702' title='bbox 2843 4200 3033 4237; x_wconf 90' lang='lat' dir='ltr'><strong>manus</strong></span> <span class='ocrx_word' id='word_1_703' title='bbox 3065 4197 3226 4252; x_wconf 90' lang='lat' dir='ltr'><strong>super</strong></span> <span class='ocrx_word' id='word_1_704' title='bbox 3265 4182 3457 4237; x_wconf 88' lang='lat' dir='ltr'><strong>oculos</strong></span> <span class='ocrx_word' id='word_1_705' title='bbox 3494 4183 3614 4249; x_wconf 88' lang='lat' dir='ltr'><strong>ejus</strong></span> <span class='ocrx_word' id='word_1_706' title='bbox 3646 4199 3660 4236; x_wconf 90' lang='lat'><strong>:</strong></span> 
     </span>
    </p>
   </div>
   <div class='ocr_carea' id='block_1_87' title="bbox 2066 4272 3668 4346">
    <p class='ocr_par' dir='ltr' id='par_1_87' title="bbox 2066 4272 3668 4346">
     <span class='ocr_line' id='line_1_87' title="bbox 2066 4272 3668 4346; baseline -0.002 -15"><span class='ocrx_word' id='word_1_707' title='bbox 2066 4289 2120 4331; x_wconf 93' lang='lat' dir='ltr'><strong>et</strong></span> <span class='ocrx_word' id='word_1_708' title='bbox 2141 4277 2307 4346; x_wconf 66' lang='lat' dir='ltr'><strong>erepit</strong></span> <span class='ocrx_word' id='word_1_709' title='bbox 2330 4276 2540 4340; x_wconf 87' lang='lat' dir='ltr'><strong>videre,</strong></span> <span class='ocrx_word' id='word_1_710' title='bbox 2565 4287 2617 4331; x_wconf 91' lang='lat' dir='ltr'><strong>et</strong></span> <span class='ocrx_word' id='word_1_711' title='bbox 2650 4276 2934 4332; x_wconf 82' lang='lat' dir='ltr'><strong>restitutus</strong></span> <span class='ocrx_word' id='word_1_712' title='bbox 2961 4286 3045 4330; x_wconf 71' lang='grc' dir='ltr'><strong>εει</strong></span> <span class='ocrx_word' id='word_1_713' title='bbox 3069 4275 3162 4342; x_wconf 64' lang='lat' dir='ltr'><strong>ita,</strong></span> <span class='ocrx_word' id='word_1_714' title='bbox 3199 4283 3256 4328; x_wconf 92' lang='lat' dir='ltr'><strong>nt</strong></span> <span class='ocrx_word' id='word_1_715' title='bbox 3281 4275 3426 4329; x_wconf 89' lang='lat' dir='ltr'><strong>clare</strong></span> <span class='ocrx_word' id='word_1_716' title='bbox 3456 4272 3668 4328; x_wconf 91' lang='lat' dir='ltr'><strong>videret</strong></span> 
     </span>
    </p>
   </div>
   <div class='ocr_carea' id='block_1_88' title="bbox 2065 4365 3661 4433">
    <p class='ocr_par' dir='ltr' id='par_1_88' title="bbox 2065 4365 3661 4433">
     <span class='ocr_line' id='line_1_88' title="bbox 2065 4365 3661 4433; baseline -0.004 -7"><span class='ocrx_word' id='word_1_717' title='bbox 2065 4371 2266 4426; x_wconf 90' lang='lat' dir='ltr'><strong>omnia.</strong></span> <span class='ocrx_word' id='word_1_718' title='bbox 2304 4370 2367 4425; x_wconf 85' lang='lat' dir='ltr'><strong>Et</strong></span> <span class='ocrx_word' id='word_1_719' title='bbox 2394 4371 2540 4425; x_wconf 87' lang='lat' dir='ltr'><strong>misit</strong></span> <span class='ocrx_word' id='word_1_720' title='bbox 2570 4370 2721 4425; x_wconf 91' lang='lat' dir='ltr'><strong>illum</strong></span> <span class='ocrx_word' id='word_1_721' title='bbox 2753 4370 2805 4424; x_wconf 92' lang='lat' dir='ltr'><strong>in</strong></span> <span class='ocrx_word' id='word_1_722' title='bbox 2837 4367 3057 4423; x_wconf 92' lang='lat' dir='ltr'><strong>domum</strong></span> <span class='ocrx_word' id='word_1_723' title='bbox 3079 4383 3258 4433; x_wconf 91' lang='lat' dir='ltr'><strong>suam,</strong></span> <span class='ocrx_word' id='word_1_724' title='bbox 3292 4368 3479 4423; x_wconf 90' lang='lat' dir='ltr'><strong>dicens</strong></span> <span class='ocrx_word' id='word_1_725' title='bbox 3514 4384 3524 4419; x_wconf 93' lang='lat'><strong>:</strong></span> <span class='ocrx_word' id='word_1_726' title='bbox 3551 4365 3661 4422; x_wconf 81' lang='lat' dir='ltr'><strong>Va-</strong></span> 
     </span>
    </p>
   </div>
   <div class='ocr_carea' id='block_1_89' title="bbox 2068 4457 3667 4525">
    <p class='ocr_par' dir='ltr' id='par_1_89' title="bbox 2068 4457 3667 4525">
     <span class='ocr_line' id='line_1_89' title="bbox 2068 4457 3667 4525; baseline -0.003 -6"><span class='ocrx_word' id='word_1_727' title='bbox 2068 4464 2211 4519; x_wconf 88' lang='lat' dir='ltr'><strong>dein</strong></span> <span class='ocrx_word' id='word_1_728' title='bbox 2243 4463 2461 4518; x_wconf 88' lang='lat' dir='ltr'><strong>domttm</strong></span> <span class='ocrx_word' id='word_1_729' title='bbox 2495 4473 2636 4517; x_wconf 88' lang='lat' dir='ltr'><strong>tuatn</strong></span> <span class='ocrx_word' id='word_1_730' title='bbox 2671 4481 2684 4518; x_wconf 93' lang='lat'><strong>:</strong></span> <span class='ocrx_word' id='word_1_731' title='bbox 2714 4472 2766 4516; x_wconf 91' lang='lat' dir='ltr'><strong>et</strong></span> <span class='ocrx_word' id='word_1_732' title='bbox 2794 4463 2836 4516; x_wconf 89' lang='lat' dir='ltr'><strong>si</strong></span> <span class='ocrx_word' id='word_1_733' title='bbox 2857 4462 2909 4515; x_wconf 92' lang='lat' dir='ltr'><strong>in</strong></span> <span class='ocrx_word' id='word_1_734' title='bbox 2936 4462 3112 4516; x_wconf 89' lang='lat' dir='ltr'><strong>vicum</strong></span> <span class='ocrx_word' id='word_1_735' title='bbox 3136 4461 3431 4525; x_wconf 83' lang='lat' dir='ltr'><strong>introieris,</strong></span> <span class='ocrx_word' id='word_1_736' title='bbox 3463 4457 3667 4514; x_wconf 88' lang='lat' dir='ltr'><strong>nemini</strong></span> 
     </span>
    </p>
   </div>
   <div class='ocr_carea' id='block_1_90' title="bbox 2069 4552 3670 4628">
    <p class='ocr_par' dir='ltr' id='par_1_90' title="bbox 2069 4552 3670 4628">
     <span class='ocr_line' id='line_1_90' title="bbox 2069 4552 3670 4628; baseline -0.005 -16"><span class='ocrx_word' id='word_1_737' title='bbox 2069 4557 2292 4613; x_wconf 83' lang='lat' dir='ltr'><strong>dixeris.</strong></span> <span class='ocrx_word' id='word_1_738' title='bbox 2324 4555 2555 4627; x_wconf 83' lang='lat' dir='ltr'><strong>]_t.xxxtt,</strong></span> <span class='ocrx_word' id='word_1_739' title='bbox 2592 4553 2668 4628; x_wconf 82' lang='grc'><strong>1.]</strong></span> <span class='ocrx_word' id='word_1_740' title='bbox 2703 4557 2766 4610; x_wconf 64' lang='lat' dir='ltr'><strong>lit</strong></span> <span class='ocrx_word' id='word_1_741' title='bbox 2797 4568 3049 4626; x_wconf 85' lang='lat' dir='ltr'><strong>egressus</strong></span> <span class='ocrx_word' id='word_1_742' title='bbox 3087 4564 3169 4608; x_wconf 88' lang='lat' dir='ltr'><strong>est</strong></span> <span class='ocrx_word' id='word_1_743' title='bbox 3201 4553 3382 4616; x_wconf 85' lang='lat' dir='ltr'><strong>Jesus,</strong></span> <span class='ocrx_word' id='word_1_744' title='bbox 3427 4563 3477 4608; x_wconf 89' lang='lat' dir='ltr'><strong>et</strong></span> <span class='ocrx_word' id='word_1_745' title='bbox 3505 4552 3670 4608; x_wconf 84' lang='lat' dir='ltr'><strong>disci-</strong></span> 
     </span>
    </p>
   </div>
   <div class='ocr_carea' id='block_1_91' title="bbox 360 4645 3668 4723">
    <p class='ocr_par' dir='ltr' id='par_1_91' title="bbox 360 4645 3668 4723">
     <span class='ocr_line' id='line_1_91' title="bbox 360 4645 3668 4723; baseline 0 -25"><span class='ocrx_word' id='word_1_746' title='bbox 360 4659 524 4701; x_wconf 86' lang='lat' dir='ltr'><strong>aures</strong></span> <span class='ocrx_word' id='word_1_747' title='bbox 555 4645 694 4716; x_wconf 90' lang='lat' dir='ltr'><strong>ejus,</strong></span> <span class='ocrx_word' id='word_1_748' title='bbox 726 4658 779 4703; x_wconf 90' lang='lat' dir='ltr'><strong>et</strong></span> <span class='ocrx_word' id='word_1_749' title='bbox 813 4649 1052 4705; x_wconf 91' lang='lat' dir='ltr'><strong>solutum</strong></span> <span class='ocrx_word' id='word_1_750' title='bbox 1080 4659 1162 4706; x_wconf 89' lang='lat' dir='ltr'><strong>est</strong></span> <span class='ocrx_word' id='word_1_751' title='bbox 1190 4650 1467 4708; x_wconf 88' lang='lat' dir='ltr'><strong>vinculum</strong></span> <span class='ocrx_word' id='word_1_752' title='bbox 1516 4650 1714 4720; x_wconf 63' lang='lat' dir='ltr'><strong>lingua:</strong></span> <span class='ocrx_word' id='word_1_753' title='bbox 1743 4651 1885 4720; x_wconf 89' lang='lat' dir='ltr'><strong>ejus,</strong></span> <span class='ocrx_word' id='word_1_754' title='bbox 1913 4659 1968 4706; x_wconf 84' lang='lat' dir='ltr'><strong>ct</strong></span> <span class='ocrx_word' id='word_1_755' title='bbox 1993 4649 2044 4709; x_wconf 90' lang='lat' dir='ltr'><strong>D</strong></span> <span class='ocrx_word' id='word_1_756' title='bbox 2073 4653 2181 4723; x_wconf 90' lang='lat' dir='ltr'><strong>puli</strong></span> <span class='ocrx_word' id='word_1_757' title='bbox 2207 4651 2344 4722; x_wconf 91' lang='lat' dir='ltr'><strong>ejus,</strong></span> <span class='ocrx_word' id='word_1_758' title='bbox 2376 4652 2430 4705; x_wconf 92' lang='lat' dir='ltr'><strong>in</strong></span> <span class='ocrx_word' id='word_1_759' title='bbox 2472 4650 2691 4705; x_wconf 84' lang='lat' dir='ltr'><strong>eaStella</strong></span> <span class='ocrx_word' id='word_1_760' title='bbox 2724 4649 2986 4705; x_wconf 66' lang='lat' dir='ltr'><strong>Cazsarea:</strong></span> <span class='ocrx_word' id='word_1_761' title='bbox 3014 4647 3244 4718; x_wconf 86' lang='lat' dir='ltr'><strong>Philippi</strong></span> <span class='ocrx_word' id='word_1_762' title='bbox 3269 4665 3282 4703; x_wconf 88' lang='lat'><strong>:</strong></span> <span class='ocrx_word' id='word_1_763' title='bbox 3308 4658 3364 4702; x_wconf 88' lang='lat' dir='ltr'><strong>et</strong></span> <span class='ocrx_word' id='word_1_764' title='bbox 3392 4646 3444 4700; x_wconf 92' lang='lat' dir='ltr'><strong>in</strong></span> <span class='ocrx_word' id='word_1_765' title='bbox 3469 4647 3553 4699; x_wconf 85' lang='lat' dir='ltr'><strong>via</strong></span> <span class='ocrx_word' id='word_1_766' title='bbox 3581 4645 3668 4698; x_wconf 62' lang='lat' dir='ltr'><strong>in.</strong></span> 
     </span>
    </p>
   </div>
   <div class='ocr_carea' id='block_1_92' title="bbox 361 4737 1964 4814">
    <p class='ocr_par' dir='ltr' id='par_1_92' title="bbox 361 4737 1964 4814">
     <span class='ocr_line' id='line_1_92' title="bbox 361 4737 1964 4814; baseline 0.002 -20"><span class='ocrx_word' id='word_1_767' title='bbox 361 4737 692 4811; x_wconf 88' lang='lat' dir='ltr'><strong>loquebatur</strong></span> <span class='ocrx_word' id='word_1_768' title='bbox 720 4751 888 4797; x_wconf 92' lang='lat' dir='ltr'><strong>recte.</strong></span> <span class='ocrx_word' id='word_1_769' title='bbox 923 4743 988 4798; x_wconf 86' lang='lat' dir='ltr'><strong>Et</strong></span> <span class='ocrx_word' id='word_1_770' title='bbox 1012 4743 1273 4814; x_wconf 71' lang='lat' dir='ltr'><strong>prtecepit</strong></span> <span class='ocrx_word' id='word_1_771' title='bbox 1317 4743 1442 4811; x_wconf 91' lang='lat' dir='ltr'><strong>illis,</strong></span> <span class='ocrx_word' id='word_1_772' title='bbox 1476 4759 1543 4798; x_wconf 90' lang='lat' dir='ltr'><strong>ne</strong></span> <span class='ocrx_word' id='word_1_773' title='bbox 1573 4743 1660 4799; x_wconf 90' lang='lat' dir='ltr'><strong>cui</strong></span> <span class='ocrx_word' id='word_1_774' title='bbox 1699 4743 1964 4798; x_wconf 90' lang='lat' dir='ltr'><strong>dicerent.</strong></span> 
     </span>
    </p>
   </div>
   <div class='ocr_carea' id='block_1_93' title="bbox 365 4830 1968 4906">
    <p class='ocr_par' dir='ltr' id='par_1_93' title="bbox 365 4830 1968 4906">
     <span class='ocr_line' id='line_1_93' title="bbox 365 4830 1968 4906; baseline 0.002 -19"><span class='ocrx_word' id='word_1_775' title='bbox 365 4830 556 4904; x_wconf 77' lang='lat' dir='ltr'><strong>[Lxxv,</strong></span> <span class='ocrx_word' id='word_1_776' title='bbox 588 4831 668 4905; x_wconf 91' lang='lat'><strong>8.]</strong></span> <span class='ocrx_word' id='word_1_777' title='bbox 699 4833 916 4901; x_wconf 89' lang='lat' dir='ltr'><strong>Quanto</strong></span> <span class='ocrx_word' id='word_1_778' title='bbox 955 4844 1135 4890; x_wconf 87' lang='lat' dir='ltr'><strong>autem</strong></span> <span class='ocrx_word' id='word_1_779' title='bbox 1163 4836 1240 4890; x_wconf 91' lang='lat' dir='ltr'><strong>eis</strong></span> <span class='ocrx_word' id='word_1_780' title='bbox 1270 4835 1643 4906; x_wconf 72' lang='lat' dir='ltr'><strong>praecipiebat,</strong></span> <span class='ocrx_word' id='word_1_781' title='bbox 1678 4844 1829 4889; x_wconf 90' lang='lat' dir='ltr'><strong>tanto</strong></span> <span class='ocrx_word' id='word_1_782' title='bbox 1849 4850 1968 4890; x_wconf 91' lang='lat' dir='ltr'><strong>ma-</strong></span> 
     </span>
    </p>
   </div>
   <div class='ocr_carea' id='block_1_94' title="bbox 362 4925 1970 4997">
    <p class='ocr_par' dir='ltr' id='par_1_94' title="bbox 362 4925 1970 4997">
     <span class='ocr_line' id='line_1_94' title="bbox 362 4925 1970 4997; baseline 0.002 -19"><span class='ocrx_word' id='word_1_783' title='bbox 362 4925 450 4996; x_wconf 83' lang='lat' dir='ltr'><strong>gis</strong></span> <span class='ocrx_word' id='word_1_784' title='bbox 477 4925 598 4994; x_wconf 90' lang='lat' dir='ltr'><strong>plus</strong></span> <span class='ocrx_word' id='word_1_785' title='bbox 623 4926 993 4997; x_wconf 68' lang='lat' dir='ltr'><strong>prmdicabant</strong></span> <span class='ocrx_word' id='word_1_786' title='bbox 1021 4944 1036 4984; x_wconf 93' lang='lat'><strong>:</strong></span> <span class='ocrx_word' id='word_1_787' title='bbox 1083 4936 1138 4982; x_wconf 90' lang='lat' dir='ltr'><strong>et</strong></span> <span class='ocrx_word' id='word_1_788' title='bbox 1179 4943 1246 4981; x_wconf 91' lang='lat' dir='ltr'><strong>eo</strong></span> <span class='ocrx_word' id='word_1_789' title='bbox 1276 4928 1510 4996; x_wconf 87' lang='lat' dir='ltr'><strong>amplius</strong></span> <span class='ocrx_word' id='word_1_790' title='bbox 1539 4927 1970 4994; x_wconf 89' lang='lat' dir='ltr'><strong>admirabantur,</strong></span> 
     </span>
    </p>
   </div>
   <div class='ocr_carea' id='block_1_95' title="bbox 364 5016 1972 5092">
    <p class='ocr_par' dir='ltr' id='par_1_95' title="bbox 364 5016 1972 5092">
     <span class='ocr_line' id='line_1_95' title="bbox 364 5016 1972 5092; baseline 0.002 -20"><span class='ocrx_word' id='word_1_791' title='bbox 364 5016 651 5073; x_wconf 86' lang='lat' dir='ltr'><strong>dicentes:</strong></span> <span class='ocrx_word' id='word_1_792' title='bbox 682 5019 890 5092; x_wconf 69' lang='lat' dir='ltr'><strong>[LXXVI,</strong></span> <span class='ocrx_word' id='word_1_793' title='bbox 921 5018 1002 5092; x_wconf 87' lang='lat'><strong>6.]</strong></span> <span class='ocrx_word' id='word_1_794' title='bbox 1027 5019 1169 5076; x_wconf 87' lang='lat' dir='ltr'><strong>Bene</strong></span> <span class='ocrx_word' id='word_1_795' title='bbox 1197 5022 1374 5076; x_wconf 90' lang='lat' dir='ltr'><strong>omnia</strong></span> <span class='ocrx_word' id='word_1_796' title='bbox 1407 5019 1534 5077; x_wconf 81' lang='lat' dir='ltr'><strong>fecit</strong></span> <span class='ocrx_word' id='word_1_797' title='bbox 1567 5039 1578 5076; x_wconf 93' lang='lat'><strong>:</strong></span> <span class='ocrx_word' id='word_1_798' title='bbox 1605 5030 1658 5076; x_wconf 90' lang='lat' dir='ltr'><strong>et</strong></span> <span class='ocrx_word' id='word_1_799' title='bbox 1684 5020 1972 5076; x_wconf 84' lang='lat' dir='ltr'><strong>surdosfe-</strong></span> 
     </span>
    </p>
   </div>
   <div class='ocr_carea' id='block_1_96' title="bbox 364 5111 1159 5185">
    <p class='ocr_par' dir='ltr' id='par_1_96' title="bbox 364 5111 1159 5185">
     <span class='ocr_line' id='line_1_96' title="bbox 364 5111 1159 5185; baseline 0.003 -18"><span class='ocrx_word' id='word_1_800' title='bbox 364 5111 444 5167; x_wconf 90' lang='lat' dir='ltr'><strong>cit</strong></span> <span class='ocrx_word' id='word_1_801' title='bbox 469 5111 682 5178; x_wconf 90' lang='lat' dir='ltr'><strong>audire,</strong></span> <span class='ocrx_word' id='word_1_802' title='bbox 708 5122 762 5168; x_wconf 90' lang='lat' dir='ltr'><strong>et</strong></span> <span class='ocrx_word' id='word_1_803' title='bbox 793 5122 969 5168; x_wconf 90' lang='lat' dir='ltr'><strong>mutos</strong></span> <span class='ocrx_word' id='word_1_804' title='bbox 991 5113 1159 5185; x_wconf 90' lang='lat' dir='ltr'><strong>loqui.</strong></span> 
     </span>
    </p>
   </div>
   <div class='ocr_carea' id='block_1_97' title="bbox 443 5203 1971 5278">
    <p class='ocr_par' dir='ltr' id='par_1_97' title="bbox 443 5203 1971 5278">
     <span class='ocr_line' id='line_1_97' title="bbox 443 5203 1971 5278; baseline 0.005 -20"><span class='ocrx_word' id='word_1_805' title='bbox 443 5203 599 5278; x_wconf 85' lang='lat' dir='ltr'><strong>[Cap.</strong></span> <span class='ocrx_word' id='word_1_806' title='bbox 655 5204 815 5278; x_wconf 87' lang='lat' dir='ltr'><strong>Vlll.]</strong></span> <span class='ocrx_word' id='word_1_807' title='bbox 874 5207 932 5263; x_wconf 85' lang='lat' dir='ltr'><strong>In</strong></span> <span class='ocrx_word' id='word_1_808' title='bbox 985 5207 1176 5263; x_wconf 91' lang='lat' dir='ltr'><strong>diebus</strong></span> <span class='ocrx_word' id='word_1_809' title='bbox 1228 5207 1340 5263; x_wconf 89' lang='lat' dir='ltr'><strong>illis</strong></span> <span class='ocrx_word' id='word_1_810' title='bbox 1397 5208 1592 5264; x_wconf 90' lang='lat' dir='ltr'><strong>iterum</strong></span> <span class='ocrx_word' id='word_1_811' title='bbox 1643 5223 1766 5264; x_wconf 90' lang='lat' dir='ltr'><strong>cum</strong></span> <span class='ocrx_word' id='word_1_812' title='bbox 1816 5209 1971 5265; x_wconf 90' lang='lat' dir='ltr'><strong>turba</strong></span> 
     </span>
    </p>
   </div>
   <div class='ocr_carea' id='block_1_98' title="bbox 363 5299 1974 5372">
    <p class='ocr_par' dir='ltr' id='par_1_98' title="bbox 363 5299 1974 5372">
     <span class='ocr_line' id='line_1_98' title="bbox 363 5299 1974 5372; baseline 0.002 -18"><span class='ocrx_word' id='word_1_813' title='bbox 363 5299 540 5354; x_wconf 87' lang='lat' dir='ltr'><strong>multa</strong></span> <span class='ocrx_word' id='word_1_814' title='bbox 569 5307 742 5369; x_wconf 80' lang='lat' dir='ltr'><strong>esset,</strong></span> <span class='ocrx_word' id='word_1_815' title='bbox 781 5315 880 5355; x_wconf 90' lang='lat' dir='ltr'><strong>nec</strong></span> <span class='ocrx_word' id='word_1_816' title='bbox 909 5300 1195 5368; x_wconf 90' lang='lat' dir='ltr'><strong>haberent,</strong></span> <span class='ocrx_word' id='word_1_817' title='bbox 1227 5301 1368 5372; x_wconf 90' lang='lat' dir='ltr'><strong>quod</strong></span> <span class='ocrx_word' id='word_1_818' title='bbox 1398 5302 1809 5370; x_wconf 89' lang='lat' dir='ltr'><strong>manducarent,</strong></span> <span class='ocrx_word' id='word_1_819' title='bbox 1842 5318 1974 5359; x_wconf 81' lang='lat' dir='ltr'><strong>con-</strong></span> 
     </span>
    </p>
   </div>
   <div class='ocr_carea' id='block_1_99' title="bbox 365 5389 1970 5464">
    <p class='ocr_par' dir='ltr' id='par_1_99' title="bbox 365 5389 1970 5464">
     <span class='ocr_line' id='line_1_99' title="bbox 365 5389 1970 5464; baseline 0.003 -20"><span class='ocrx_word' id='word_1_820' title='bbox 365 5390 576 5445; x_wconf 78' lang='lat' dir='ltr'><strong>vocatis</strong></span> <span class='ocrx_word' id='word_1_821' title='bbox 602 5389 910 5460; x_wconf 89' lang='lat' dir='ltr'><strong>discipulis,</strong></span> <span class='ocrx_word' id='word_1_822' title='bbox 942 5392 1019 5446; x_wconf 89' lang='lat' dir='ltr'><strong>ait</strong></span> <span class='ocrx_word' id='word_1_823' title='bbox 1045 5393 1152 5447; x_wconf 92' lang='lat' dir='ltr'><strong>illis</strong></span> <span class='ocrx_word' id='word_1_824' title='bbox 1184 5409 1198 5446; x_wconf 90' lang='lat'><strong>:</strong></span> <span class='ocrx_word' id='word_1_825' title='bbox 1234 5392 1494 5450; x_wconf 84' lang='lat' dir='ltr'><strong>Misereor</strong></span> <span class='ocrx_word' id='word_1_826' title='bbox 1524 5409 1687 5464; x_wconf 86' lang='lat' dir='ltr'><strong>super</strong></span> <span class='ocrx_word' id='word_1_827' title='bbox 1711 5393 1923 5448; x_wconf 89' lang='lat' dir='ltr'><strong>turbam</strong></span> <span class='ocrx_word' id='word_1_828' title='bbox 1955 5411 1970 5450; x_wconf 89' lang='lat'><strong>:</strong></span> 
     </span>
    </p>
   </div>
   <div class='ocr_carea' id='block_1_100' title="bbox 367 5483 1974 5556">
    <p class='ocr_par' dir='ltr' id='par_1_100' title="bbox 367 5483 1974 5556">
     <span class='ocr_line' id='line_1_100' title="bbox 367 5483 1974 5556; baseline 0.006 -21"><span class='ocrx_word' id='word_1_829' title='bbox 367 5484 494 5555; x_wconf 89' lang='lat' dir='ltr'><strong>quia</strong></span> <span class='ocrx_word' id='word_1_830' title='bbox 527 5497 655 5539; x_wconf 90' lang='lat' dir='ltr'><strong>ecce</strong></span> <span class='ocrx_word' id='word_1_831' title='bbox 675 5483 788 5554; x_wconf 91' lang='lat' dir='ltr'><strong>jam</strong></span> <span class='ocrx_word' id='word_1_832' title='bbox 818 5483 998 5541; x_wconf 87' lang='lat' dir='ltr'><strong>triduo</strong></span> <span class='ocrx_word' id='word_1_833' title='bbox 1026 5485 1299 5541; x_wconf 89' lang='lat' dir='ltr'><strong>sustinent</strong></span> <span class='ocrx_word' id='word_1_834' title='bbox 1331 5501 1439 5554; x_wconf 91' lang='lat' dir='ltr'><strong>me,</strong></span> <span class='ocrx_word' id='word_1_835' title='bbox 1471 5502 1574 5542; x_wconf 90' lang='lat' dir='ltr'><strong>nec</strong></span> <span class='ocrx_word' id='word_1_836' title='bbox 1603 5486 1803 5542; x_wconf 88' lang='lat' dir='ltr'><strong>habent</strong></span> <span class='ocrx_word' id='word_1_837' title='bbox 1832 5487 1974 5556; x_wconf 88' lang='lat' dir='ltr'><strong>quod</strong></span> 
     </span>
    </p>
   </div>
   <div class='ocr_carea' id='block_1_101' title="bbox 370 5577 1972 5650">
    <p class='ocr_par' dir='ltr' id='par_1_101' title="bbox 370 5577 1972 5650">
     <span class='ocr_line' id='line_1_101' title="bbox 370 5577 1972 5650; baseline 0.002 -16"><span class='ocrx_word' id='word_1_838' title='bbox 370 5577 706 5634; x_wconf 84' lang='lat' dir='ltr'><strong>manducent</strong></span> <span class='ocrx_word' id='word_1_839' title='bbox 739 5597 753 5632; x_wconf 95' lang='lat'><strong>:</strong></span> <span class='ocrx_word' id='word_1_840' title='bbox 808 5589 864 5636; x_wconf 89' lang='lat' dir='ltr'><strong>et</strong></span> <span class='ocrx_word' id='word_1_841' title='bbox 888 5579 932 5635; x_wconf 88' lang='lat' dir='ltr'><strong>si</strong></span> <span class='ocrx_word' id='word_1_842' title='bbox 974 5579 1236 5636; x_wconf 91' lang='lat' dir='ltr'><strong>dimisero</strong></span> <span class='ocrx_word' id='word_1_843' title='bbox 1269 5595 1366 5637; x_wconf 90' lang='lat' dir='ltr'><strong>eos</strong></span> <span class='ocrx_word' id='word_1_844' title='bbox 1413 5579 1628 5650; x_wconf 88' lang='lat' dir='ltr'><strong>jejunos</strong></span> <span class='ocrx_word' id='word_1_845' title='bbox 1667 5581 1719 5636; x_wconf 91' lang='lat' dir='ltr'><strong>in</strong></span> <span class='ocrx_word' id='word_1_846' title='bbox 1751 5581 1972 5637; x_wconf 89' lang='lat' dir='ltr'><strong>domum</strong></span> 
     </span>
    </p>
   </div>
   <div class='ocr_carea' id='block_1_102' title="bbox 446 5711 1962 5786">
    <p class='ocr_par' dir='ltr' id='par_1_102' title="bbox 446 5711 1962 5786">
     <span class='ocr_line' id='line_1_102' title="bbox 446 5711 1962 5786; baseline -0.001 -15"><span class='ocrx_word' id='word_1_847' title='bbox 446 5723 472 5751; x_wconf 80' lang='grc' dir='ltr'><strong>ι</strong></span> <span class='ocrx_word' id='word_1_848' title='bbox 488 5713 729 5771; x_wconf 76' lang='lat' dir='ltr'><strong>Verbum</strong></span> <span class='ocrx_word' id='word_1_849' title='bbox 751 5714 916 5785; x_wconf 74' lang='lat' dir='ltr'><strong>vadit,</strong></span> <span class='ocrx_word' id='word_1_850' title='bbox 938 5715 1153 5772; x_wconf 88' lang='lat' dir='ltr'><strong>videtur</strong></span> <span class='ocrx_word' id='word_1_851' title='bbox 1175 5713 1262 5771; x_wconf 92' lang='lat' dir='ltr'><strong>hic</strong></span> <span class='ocrx_word' id='word_1_852' title='bbox 1282 5712 1583 5770; x_wconf 87' lang='lat' dir='ltr'><strong>abundare.</strong></span> <span class='ocrx_word' id='word_1_853' title='bbox 1606 5711 1768 5771; x_wconf 87' lang='lat' dir='ltr'><strong>Certe</strong></span> <span class='ocrx_word' id='word_1_854' title='bbox 1783 5729 1962 5786; x_wconf 89' lang='lat' dir='ltr'><strong>neque</strong></span> 
     </span>
    </p>
   </div>
   <div class='ocr_carea' id='block_1_103' title="bbox 370 5786 1965 5860">
    <p class='ocr_par' dir='ltr' id='par_1_103' title="bbox 370 5786 1965 5860">
     <span class='ocr_line' id='line_1_103' title="bbox 370 5786 1965 5860; baseline 0.001 -20"><span class='ocrx_word' id='word_1_855' title='bbox 370 5787 426 5860; x_wconf 87' lang='lat' dir='ltr'><strong>in</strong></span> <span class='ocrx_word' id='word_1_856' title='bbox 469 5787 537 5842; x_wconf 89' lang='lat' dir='ltr'><strong>iis</strong></span> <span class='ocrx_word' id='word_1_857' title='bbox 576 5797 697 5850; x_wconf 89' lang='lat' dir='ltr'><strong>est,</strong></span> <span class='ocrx_word' id='word_1_858' title='bbox 741 5788 934 5860; x_wconf 88' lang='lat' dir='ltr'><strong>quibus</strong></span> <span class='ocrx_word' id='word_1_859' title='bbox 963 5789 1206 5848; x_wconf 84' lang='lat' dir='ltr'><strong>utimur,</strong></span> <span class='ocrx_word' id='word_1_860' title='bbox 1263 5799 1418 5854; x_wconf 88' lang='lat' dir='ltr'><strong>mss.,</strong></span> <span class='ocrx_word' id='word_1_861' title='bbox 1464 5800 1642 5858; x_wconf 89' lang='lat' dir='ltr'><strong>neque</strong></span> <span class='ocrx_word' id='word_1_862' title='bbox 1675 5790 1728 5842; x_wconf 82' lang='lat' dir='ltr'><strong>in</strong></span> <span class='ocrx_word' id='word_1_863' title='bbox 1772 5786 1965 5843; x_wconf 74' lang='lat' dir='ltr'><strong>Grteco</strong></span> 
     </span>
    </p>
   </div>
   <div class='ocr_carea' id='block_1_104' title="bbox 374 5859 702 5929">
    <p class='ocr_par' dir='ltr' id='par_1_104' title="bbox 374 5859 702 5929">
     <span class='ocr_line' id='line_1_104' title="bbox 374 5859 702 5929; baseline 0.003 -16"><span class='ocrx_word' id='word_1_864' title='bbox 374 5859 498 5929; x_wconf 85' lang='lat' dir='ltr'><strong>ipso</strong></span> <span class='ocrx_word' id='word_1_865' title='bbox 529 5865 702 5914; x_wconf 78' lang='lat' dir='ltr'><strong>textu.</strong></span> 
     </span>
    </p>
   </div>
   <div class='ocr_carea' id='block_1_105' title="bbox 2071 4736 3668 4815">
    <p class='ocr_par' dir='ltr' id='par_1_105' title="bbox 2071 4736 3668 4815">
     <span class='ocr_line' id='line_1_105' title="bbox 2071 4736 3668 4815; baseline -0.006 -15"><span class='ocrx_word' id='word_1_866' title='bbox 2071 4744 2381 4815; x_wconf 87' lang='lat' dir='ltr'><strong>terrogabat</strong></span> <span class='ocrx_word' id='word_1_867' title='bbox 2405 4742 2696 4811; x_wconf 87' lang='lat' dir='ltr'><strong>discipulos</strong></span> <span class='ocrx_word' id='word_1_868' title='bbox 2724 4756 2874 4809; x_wconf 88' lang='lat' dir='ltr'><strong>suos,</strong></span> <span class='ocrx_word' id='word_1_869' title='bbox 2906 4741 3092 4796; x_wconf 90' lang='lat' dir='ltr'><strong>dicens</strong></span> <span class='ocrx_word' id='word_1_870' title='bbox 3114 4741 3191 4795; x_wconf 78' lang='lat' dir='ltr'><strong>eis</strong></span> <span class='ocrx_word' id='word_1_871' title='bbox 3223 4757 3234 4793; x_wconf 92' lang='lat'><strong>:</strong></span> <span class='ocrx_word' id='word_1_872' title='bbox 3259 4740 3429 4808; x_wconf 91' lang='lat' dir='ltr'><strong>Quem</strong></span> <span class='ocrx_word' id='word_1_873' title='bbox 3463 4753 3550 4793; x_wconf 91' lang='lat' dir='ltr'><strong>me</strong></span> <span class='ocrx_word' id='word_1_874' title='bbox 3580 4736 3668 4792; x_wconf 88' lang='lat' dir='ltr'><strong>di-</strong></span> 
     </span>
    </p>
   </div>
   <div class='ocr_carea' id='block_1_106' title="bbox 2071 4832 3668 4906">
    <p class='ocr_par' dir='ltr' id='par_1_106' title="bbox 2071 4832 3668 4906">
     <span class='ocr_line' id='line_1_106' title="bbox 2071 4832 3668 4906; baseline -0.004 -11"><span class='ocrx_word' id='word_1_875' title='bbox 2071 4849 2201 4895; x_wconf 92' lang='lat' dir='ltr'><strong>cunt</strong></span> <span class='ocrx_word' id='word_1_876' title='bbox 2231 4852 2352 4893; x_wconf 89' lang='lat' dir='ltr'><strong>esse</strong></span> <span class='ocrx_word' id='word_1_877' title='bbox 2376 4836 2666 4892; x_wconf 69' lang='lat' dir='ltr'><strong>homines?</strong></span> <span class='ocrx_word' id='word_1_878' title='bbox 2689 4836 2791 4903; x_wconf 87' lang='lat' dir='ltr'><strong>Qui</strong></span> <span class='ocrx_word' id='word_1_879' title='bbox 2825 4835 3227 4906; x_wconf 87' lang='lat' dir='ltr'><strong>responderunt</strong></span> <span class='ocrx_word' id='word_1_880' title='bbox 3249 4833 3352 4899; x_wconf 92' lang='lat' dir='ltr'><strong>illi,</strong></span> <span class='ocrx_word' id='word_1_881' title='bbox 3380 4832 3624 4888; x_wconf 90' lang='lat' dir='ltr'><strong>dicentes</strong></span> <span class='ocrx_word' id='word_1_882' title='bbox 3652 4848 3668 4888; x_wconf 91' lang='lat'><strong>:</strong></span> 
     </span>
    </p>
   </div>
   <div class='ocr_carea' id='block_1_107' title="bbox 2073 4924 3670 5001">
    <p class='ocr_par' dir='ltr' id='par_1_107' title="bbox 2073 4924 3670 5001">
     <span class='ocr_line' id='line_1_107' title="bbox 2073 4924 3670 5001; baseline -0.005 -13"><span class='ocrx_word' id='word_1_883' title='bbox 2073 4930 2338 4988; x_wconf 80' lang='lat' dir='ltr'><strong>JOannem</strong></span> <span class='ocrx_word' id='word_1_884' title='bbox 2363 4930 2681 5001; x_wconf 70' lang='lat' dir='ltr'><strong>Baptistam,</strong></span> <span class='ocrx_word' id='word_1_885' title='bbox 2711 4928 2800 4984; x_wconf 90' lang='lat' dir='ltr'><strong>alii</strong></span> <span class='ocrx_word' id='word_1_886' title='bbox 2825 4929 3020 4996; x_wconf 86' lang='lat' dir='ltr'><strong>Eliam,</strong></span> <span class='ocrx_word' id='word_1_887' title='bbox 3051 4927 3290 4982; x_wconf 83' lang='lat' dir='ltr'><strong>aliivero</strong></span> <span class='ocrx_word' id='word_1_888' title='bbox 3321 4924 3477 4996; x_wconf 88' lang='lat' dir='ltr'><strong>quasi</strong></span> <span class='ocrx_word' id='word_1_889' title='bbox 3501 4938 3670 4980; x_wconf 88' lang='lat' dir='ltr'><strong>unum</strong></span> 
     </span>
    </p>
   </div>
   <div class='ocr_carea' id='block_1_108' title="bbox 2077 5021 3676 5096">
    <p class='ocr_par' dir='ltr' id='par_1_108' title="bbox 2077 5021 3676 5096">
     <span class='ocr_line' id='line_1_108' title="bbox 2077 5021 3676 5096; baseline -0.004 -15"><span class='ocrx_word' id='word_1_890' title='bbox 2077 5025 2144 5082; x_wconf 91' lang='lat' dir='ltr'><strong>de</strong></span> <span class='ocrx_word' id='word_1_891' title='bbox 2173 5025 2480 5096; x_wconf 87' lang='lat' dir='ltr'><strong>Prophetis.</strong></span> <span class='ocrx_word' id='word_1_892' title='bbox 2508 5023 2662 5080; x_wconf 87' lang='lat' dir='ltr'><strong>Tune</strong></span> <span class='ocrx_word' id='word_1_893' title='bbox 2700 5023 2831 5080; x_wconf 90' lang='lat' dir='ltr'><strong>dicit</strong></span> <span class='ocrx_word' id='word_1_894' title='bbox 2876 5023 2980 5079; x_wconf 93' lang='lat' dir='ltr'><strong>illis</strong></span> <span class='ocrx_word' id='word_1_895' title='bbox 3014 5041 3026 5077; x_wconf 93' lang='lat'><strong>:</strong></span> <span class='ocrx_word' id='word_1_896' title='bbox 3061 5021 3169 5079; x_wconf 78' lang='lat' dir='ltr'><strong>Vos</strong></span> <span class='ocrx_word' id='word_1_897' title='bbox 3217 5034 3347 5077; x_wconf 87' lang='lat' dir='ltr'><strong>vero</strong></span> <span class='ocrx_word' id='word_1_898' title='bbox 3375 5034 3534 5090; x_wconf 89' lang='lat' dir='ltr'><strong>quem</strong></span> <span class='ocrx_word' id='word_1_899' title='bbox 3587 5032 3676 5075; x_wconf 83' lang='lat' dir='ltr'><strong>me</strong></span> 
     </span>
    </p>
   </div>
   <div class='ocr_carea' id='block_1_109' title="bbox 2076 5111 3677 5187">
    <p class='ocr_par' dir='ltr' id='par_1_109' title="bbox 2076 5111 3677 5187">
     <span class='ocr_line' id='line_1_109' title="bbox 2076 5111 3677 5187; baseline -0.005 -13"><span class='ocrx_word' id='word_1_900' title='bbox 2076 5133 2199 5174; x_wconf 88' lang='lat' dir='ltr'><strong>esse</strong></span> <span class='ocrx_word' id='word_1_901' title='bbox 2251 5117 2466 5174; x_wconf 87' lang='lat' dir='ltr'><strong>dicitis?</strong></span> <span class='ocrx_word' id='word_1_902' title='bbox 2531 5116 2889 5187; x_wconf 80' lang='lat' dir='ltr'><strong>Respondeas</strong></span> <span class='ocrx_word' id='word_1_903' title='bbox 2940 5114 3164 5181; x_wconf 88' lang='lat' dir='ltr'><strong>Petrus,</strong></span> <span class='ocrx_word' id='word_1_904' title='bbox 3217 5114 3294 5168; x_wconf 89' lang='lat' dir='ltr'><strong>ait</strong></span> <span class='ocrx_word' id='word_1_905' title='bbox 3337 5111 3425 5166; x_wconf 88' lang='lat' dir='ltr'><strong>ei:</strong></span> <span class='ocrx_word' id='word_1_906' title='bbox 3481 5111 3559 5164; x_wconf 85' lang='lat' dir='ltr'><strong>Tn</strong></span> <span class='ocrx_word' id='word_1_907' title='bbox 3615 5123 3677 5166; x_wconf 90' lang='lat' dir='ltr'><strong>es</strong></span> 
     </span>
    </p>
   </div>
   <div class='ocr_carea' id='block_1_110' title="bbox 2078 5203 3677 5284">
    <p class='ocr_par' dir='ltr' id='par_1_110' title="bbox 2078 5203 3677 5284">
     <span class='ocr_line' id='line_1_110' title="bbox 2078 5203 3677 5284; baseline -0.005 -18"><span class='ocrx_word' id='word_1_908' title='bbox 2078 5210 2349 5267; x_wconf 89' lang='lat' dir='ltr'><strong>Christus.</strong></span> <span class='ocrx_word' id='word_1_909' title='bbox 2374 5212 2630 5284; x_wconf 69' lang='lat' dir='ltr'><strong>lLXXXIlI,</strong></span> <span class='ocrx_word' id='word_1_910' title='bbox 2661 5208 2742 5280; x_wconf 73' lang='lat'><strong>2.]</strong></span> <span class='ocrx_word' id='word_1_911' title='bbox 2762 5209 2829 5264; x_wconf 86' lang='lat' dir='ltr'><strong>Et</strong></span> <span class='ocrx_word' id='word_1_912' title='bbox 2853 5207 3213 5263; x_wconf 91' lang='lat' dir='ltr'><strong>comminatus</strong></span> <span class='ocrx_word' id='word_1_913' title='bbox 3245 5214 3328 5260; x_wconf 88' lang='lat' dir='ltr'><strong>est</strong></span> <span class='ocrx_word' id='word_1_914' title='bbox 3366 5205 3465 5268; x_wconf 89' lang='lat' dir='ltr'><strong>eis,</strong></span> <span class='ocrx_word' id='word_1_915' title='bbox 3492 5219 3558 5258; x_wconf 93' lang='lat' dir='ltr'><strong>ne</strong></span> <span class='ocrx_word' id='word_1_916' title='bbox 3586 5203 3677 5259; x_wconf 90' lang='lat' dir='ltr'><strong>cui</strong></span> 
     </span>
    </p>
   </div>
   <div class='ocr_carea' id='block_1_111' title="bbox 2079 5297 3680 5372">
    <p class='ocr_par' dir='ltr' id='par_1_111' title="bbox 2079 5297 3680 5372">
     <span class='ocr_line' id='line_1_111' title="bbox 2079 5297 3680 5372; baseline -0.003 -14"><span class='ocrx_word' id='word_1_917' title='bbox 2079 5302 2323 5358; x_wconf 89' lang='lat' dir='ltr'><strong>dicerent</strong></span> <span class='ocrx_word' id='word_1_918' title='bbox 2351 5301 2421 5359; x_wconf 88' lang='lat' dir='ltr'><strong>de</strong></span> <span class='ocrx_word' id='word_1_919' title='bbox 2451 5302 2563 5357; x_wconf 92' lang='lat' dir='ltr'><strong>illo.</strong></span> <span class='ocrx_word' id='word_1_920' title='bbox 2591 5301 2657 5357; x_wconf 87' lang='lat' dir='ltr'><strong>Et</strong></span> <span class='ocrx_word' id='word_1_921' title='bbox 2684 5303 2846 5372; x_wconf 76' lang='lat' dir='ltr'><strong>(&#39;(Bpit</strong></span> <span class='ocrx_word' id='word_1_922' title='bbox 2874 5300 3072 5355; x_wconf 82' lang='lat' dir='ltr'><strong>decere</strong></span> <span class='ocrx_word' id='word_1_923' title='bbox 3093 5313 3212 5365; x_wconf 92' lang='lat' dir='ltr'><strong>eos,</strong></span> <span class='ocrx_word' id='word_1_924' title='bbox 3241 5297 3494 5369; x_wconf 88' lang='lat' dir='ltr'><strong>quoniam</strong></span> <span class='ocrx_word' id='word_1_925' title='bbox 3515 5310 3680 5369; x_wconf 82' lang='lat' dir='ltr'><strong>opor-</strong></span> 
     </span>
    </p>
   </div>
   <div class='ocr_carea' id='block_1_112' title="bbox 2082 5389 3681 5464">
    <p class='ocr_par' dir='ltr' id='par_1_112' title="bbox 2082 5389 3681 5464">
     <span class='ocr_line' id='line_1_112' title="bbox 2082 5389 3681 5464; baseline -0.005 -12"><span class='ocrx_word' id='word_1_926' title='bbox 2082 5404 2160 5452; x_wconf 91' lang='lat' dir='ltr'><strong>tet</strong></span> <span class='ocrx_word' id='word_1_927' title='bbox 2181 5394 2372 5450; x_wconf 83' lang='lat' dir='ltr'><strong>Filium</strong></span> <span class='ocrx_word' id='word_1_928' title='bbox 2398 5393 2632 5450; x_wconf 88' lang='lat' dir='ltr'><strong>hominis</strong></span> <span class='ocrx_word' id='word_1_929' title='bbox 2659 5394 2767 5464; x_wconf 87' lang='lat' dir='ltr'><strong>pati</strong></span> <span class='ocrx_word' id='word_1_930' title='bbox 2791 5391 2979 5459; x_wconf 90' lang='lat' dir='ltr'><strong>multa,</strong></span> <span class='ocrx_word' id='word_1_931' title='bbox 3009 5399 3066 5446; x_wconf 90' lang='lat' dir='ltr'><strong>et</strong></span> <span class='ocrx_word' id='word_1_932' title='bbox 3083 5390 3364 5463; x_wconf 90' lang='lat' dir='ltr'><strong>reprobari</strong></span> <span class='ocrx_word' id='word_1_933' title='bbox 3395 5405 3422 5443; x_wconf 89' lang='lat' dir='ltr'><strong>a</strong></span> <span class='ocrx_word' id='word_1_934' title='bbox 3450 5389 3681 5446; x_wconf 81' lang='lat' dir='ltr'><strong>seniori-</strong></span> 
     </span>
    </p>
   </div>
   <div class='ocr_carea' id='block_1_113' title="bbox 2083 5480 3677 5554">
    <p class='ocr_par' dir='ltr' id='par_1_113' title="bbox 2083 5480 3677 5554">
     <span class='ocr_line' id='line_1_113' title="bbox 2083 5480 3677 5554; baseline -0.006 -10"><span class='ocrx_word' id='word_1_935' title='bbox 2083 5489 2205 5554; x_wconf 86' lang='lat' dir='ltr'><strong>bus,</strong></span> <span class='ocrx_word' id='word_1_936' title='bbox 2255 5495 2309 5544; x_wconf 89' lang='lat' dir='ltr'><strong>et</strong></span> <span class='ocrx_word' id='word_1_937' title='bbox 2338 5502 2366 5541; x_wconf 91' lang='lat' dir='ltr'><strong>a</strong></span> <span class='ocrx_word' id='word_1_938' title='bbox 2397 5487 2625 5541; x_wconf 91' lang='lat' dir='ltr'><strong>summis</strong></span> <span class='ocrx_word' id='word_1_939' title='bbox 2646 5483 3042 5551; x_wconf 86' lang='lat' dir='ltr'><strong>sacerdotibus,</strong></span> <span class='ocrx_word' id='word_1_940' title='bbox 3074 5492 3129 5538; x_wconf 90' lang='lat' dir='ltr'><strong>et</strong></span> <span class='ocrx_word' id='word_1_941' title='bbox 3149 5482 3365 5551; x_wconf 89' lang='lat' dir='ltr'><strong>scribis,</strong></span> <span class='ocrx_word' id='word_1_942' title='bbox 3393 5489 3450 5538; x_wconf 91' lang='lat' dir='ltr'><strong>et</strong></span> <span class='ocrx_word' id='word_1_943' title='bbox 3479 5480 3677 5549; x_wconf 92' lang='lat' dir='ltr'><strong>occidi,</strong></span> 
     </span>
    </p>
   </div>
   <div class='ocr_carea' id='block_1_114' title="bbox 2083 5573 3682 5650">
    <p class='ocr_par' dir='ltr' id='par_1_114' title="bbox 2083 5573 3682 5650">
     <span class='ocr_line' id='line_1_114' title="bbox 2083 5573 3682 5650; baseline -0.004 -14"><span class='ocrx_word' id='word_1_944' title='bbox 2083 5587 2282 5650; x_wconf 89' lang='lat' dir='ltr'><strong>etpost</strong></span> <span class='ocrx_word' id='word_1_945' title='bbox 2309 5590 2418 5632; x_wconf 88' lang='lat' dir='ltr'><strong>tres</strong></span> <span class='ocrx_word' id='word_1_946' title='bbox 2437 5577 2553 5634; x_wconf 88' lang='lat' dir='ltr'><strong>dies</strong></span> <span class='ocrx_word' id='word_1_947' title='bbox 2581 5592 2885 5648; x_wconf 87' lang='lat' dir='ltr'><strong>resurgere.</strong></span> <span class='ocrx_word' id='word_1_948' title='bbox 2917 5576 2986 5632; x_wconf 85' lang='lat' dir='ltr'><strong>Et</strong></span> <span class='ocrx_word' id='word_1_949' title='bbox 3015 5576 3193 5646; x_wconf 89' lang='lat' dir='ltr'><strong>palam</strong></span> <span class='ocrx_word' id='word_1_950' title='bbox 3223 5574 3450 5632; x_wconf 87' lang='lat' dir='ltr'><strong>verbum</strong></span> <span class='ocrx_word' id='word_1_951' title='bbox 3496 5573 3682 5645; x_wconf 81' lang='lat' dir='ltr'><strong>loque-</strong></span> 
     </span>
    </p>
   </div>
   <div class='ocr_carea' id='block_1_115' title="bbox 2138 5708 3682 5781">
    <p class='ocr_par' dir='ltr' id='par_1_115' title="bbox 2138 5708 3682 5781">
     <span class='ocr_line' id='line_1_115' title="bbox 2138 5708 3682 5781; baseline -0.003 -11"><span class='ocrx_word' id='word_1_952' title='bbox 2138 5711 2168 5751; x_wconf 74' lang='grc' dir='ltr'>δ</span> <span class='ocrx_word' id='word_1_953' title='bbox 2208 5711 2362 5770; x_wconf 88' lang='lat' dir='ltr'><strong>Unus</strong></span> <span class='ocrx_word' id='word_1_954' title='bbox 2387 5709 2612 5781; x_wconf 67' lang='lat' dir='ltr'><strong>Reginae</strong></span> <span class='ocrx_word' id='word_1_955' title='bbox 2635 5725 2742 5768; x_wconf 90' lang='lat' dir='ltr'><strong>ms.</strong></span> <span class='ocrx_word' id='word_1_956' title='bbox 2772 5709 2829 5766; x_wconf 90' lang='lat' dir='ltr'><strong>in</strong></span> <span class='ocrx_word' id='word_1_957' title='bbox 2854 5708 3080 5768; x_wconf 89' lang='lat' dir='ltr'><strong>instanti</strong></span> <span class='ocrx_word' id='word_1_958' title='bbox 3107 5711 3495 5781; x_wconf 83' lang='lat' dir='ltr'><strong>deprecantur:</strong></span> <span class='ocrx_word' id='word_1_959' title='bbox 3529 5717 3586 5766; x_wconf 92' lang='lat' dir='ltr'><strong>ut</strong></span> <span class='ocrx_word' id='word_1_960' title='bbox 3625 5717 3682 5765; x_wconf 80' lang='lat' dir='ltr'><strong>et</strong></span> 
     </span>
    </p>
   </div>
   <div class='ocr_carea' id='block_1_116' title="bbox 2073 5782 2694 5844">
    <p class='ocr_par' dir='ltr' id='par_1_116' title="bbox 2073 5782 2694 5844">
     <span class='ocr_line' id='line_1_116' title="bbox 2073 5782 2694 5844; baseline -0.006 -4"><span class='ocrx_word' id='word_1_961' title='bbox 2073 5782 2128 5841; x_wconf 90' lang='lat' dir='ltr'><strong>in</strong></span> <span class='ocrx_word' id='word_1_962' title='bbox 2164 5783 2260 5842; x_wconf 88' lang='lat' dir='ltr'><strong>Gr.</strong></span> <span class='ocrx_word' id='word_1_963' title='bbox 2288 5783 2694 5844; x_wconf 72' lang='grc' dir='ltr'><strong>παρακαλοῦσιν.</strong></span> 
     </span>
    </p>
   </div>
  </div>
