4166 6336
486 326 591 386 595

1492 321 1549 378 S.
1594 316 1985 377 HlEﬂONYMI
2021 316 2261 378 DIVINA
2300 316 2776 377 BlBLlOTHECA.

3692 324 3795 381 598

486 444 668 500 batur.
688 438 1026 515 [LXXXILGJ
1043 435 1539 509 Etapprehendens
1556 437 2091 508 eumPetrus,ctepit
2116 436 2169 499 Α
2195 435 2270 492 tio
2294 435 2596 503 incredula,
2629 432 2886 517 quamdiu
2933 434 3077 507 apud
3118 449 3214 492 vos
3259 437 3390 492 ero?
3415 436 3675 509 quamdiu
3703 453 3799 494 vos

490 539 779 606 increpare
808 549 954 589 eum.
982 533 1084 600 Qui
1114 545 1412 587 conversus
1435 573 1450 599 ,
1480 541 1536 588 et
1564 531 1760 587 videns
1792 530 2087 601 discipulos

491 643 641 696 suos,
671 627 1036 684 comminatus
1059 633 1145 682 est
1164 624 1349 695 Petro,
1374 624 1561 680 dicens
1586 641 1599 678 :
1624 622 1773 679 Vade
1791 634 1939 679 retro
1971 638 2053 677 me
2070 663 2086 690 ,

492 721 719 788 Satana,
763 718 1016 791 quoniam
1052 732 1157 774 non
1180 717 1329 788 sapis
1353 731 1474 788 quaa
1522 715 1621 771 Dei
1664 724 1812 783 sunt,
1845 714 1941 770 sed
1968 726 2091 787 quae

493 826 621 874 sunt
648 814 927 871 hominum
956 814 1182 887 [Lxxxv,
1226 812 1307 885 2].
1343 812 1409 867 Et
1433 818 1735 867 convocata
1769 809 1924 864 turba
1967 823 2090 865 cum

496 910 779 981 discipulis
810 909 940 974 suis,
969 907 1107 963 dixit
1126 907 1207 964 eis
1240 923 1253 961 :
1284 905 1344 963 Si
1367 906 1492 977 quis
1522 904 1636 960 vult
1671 920 1757 960 me
1786 906 1960 976 sequi,
1992 904 2088 961 de-

495 1012 659 1074 neget
682 1003 1032 1072 semetipsum
1065 1018 1078 1053 :
1110 1009 1164 1054 et
1200 998 1350 1054 tollat
1378 1013 1593 1053 crucem
1617 1012 1794 1064 suam,
1825 1006 1877 1053 et
1899 1011 2093 1074 sequa-

492 1103 583 1152 tur
619 1111 725 1150 mc.
751 1094 853 1163 Qui
883 1096 1027 1150 enim
1065 1091 1298 1148 voluerit
1327 1092 1559 1146 animam
1594 1106 1745 1146 suam
1788 1090 1990 1146 salvam
2018 1090 2093 1147 fa—

498 1206 645 1256 cere,
702 1189 891 1261 perdet
920 1202 1087 1244 eam:
1141 1187 1232 1257 qui
1282 1194 1461 1240 autem
1515 1185 1809 1256 perdidt-rit
1855 1187 2091 1242 animam

495 1300 649 1343 suam
684 1291 903 1354 propter
928 1296 1015 1336 me
1042 1289 1098 1337 et
1125 1280 1500 1351 Evangelium,
1535 1280 1735 1335 salvam
1766 1280 1926 1336 faciet
1951 1297 2090 1336 cam.

499 1378 639 1447 Quid
665 1377 807 1433 enim
838 1376 1085 1447 proderit
1111 1375 1338 1443 homini,
1372 1376 1415 1430 si
1460 1376 1698 1431 lucretur
1726 1375 1985 1430 mundum
2014 1383 2093 1430 to-

496 1481 632 1538 tum,
679 1480 733 1527 et
773 1469 1159 1526 detrimentum
1189 1469 1382 1523 animm
1429 1483 1539 1523 sua:
1588 1466 1785 1522 faciat?
1833 1470 1937 1524 Ant
1968 1468 2097 1539 quid

498 1567 647 1624 dabit
683 1570 842 1621 homo
881 1562 1322 1620 commutationis
1350 1578 1449 1633 pro
1478 1564 1657 1617 anima
1688 1561 1820 1616 sua?
1850 1560 2094 1635 [Lxxxvr,

473 1659 585 1733 -2.]
628 1659 729 1728 Qui
757 1658 898 1713 enim
932 1671 1018 1713 me
1058 1654 1317 1711 confusus
1360 1652 1542 1720 fuerit,
1573 1664 1627 1710 et
1658 1655 1822 1710 verba
1856 1669 1997 1721 mea,
2042 1655 2097 1708 in

501 1755 852 1827 generatione
883 1754 987 1808 ista
1014 1752 1261 1808 adultera
1295 1759 1352 1807 et
1382 1750 1719 1822 peccatricc:
1753 1759 1808 1805 et
1833 1749 1974 1804 lilius
1998 1748 2100 1803 ho-

2194 527 2411 599 patiar?
2452 526 2642 583 afferte
2680 527 2829 583 illum
2861 527 2926 583 ad
2976 543 3084 585 me.
3119 529 3185 584 Et
3228 529 3526 586 attulerunt
3554 547 3701 589 eum.
3733 532 3802 593 Et

2194 638 2316 680 cum
2347 621 2572 679 vidisset
2595 637 2741 690 eum,
2771 621 2953 677 statim
2979 621 3206 691 spiritus
3233 623 3579 679 conturbavit
3606 623 3757 682 illum
3785 644 3799 683 :

2195 725 2250 773 et
2279 716 2444 773 elisus
2476 716 2527 771 in
2548 722 2774 783 terram,
2809 714 3151 772 volutabatur
3172 729 3453 788 spumans.
3478 715 3545 772 Et
3568 717 3804 773 interro-

2194 818 2339 891 gavit
2361 825 2571 889 patrem
2599 816 2718 889 ejus
2750 834 2761 869 :
2788 815 3060 885 Quantum
3092 817 3355 887 temporis
3382 826 3489 885 est,
3519 832 3585 871 cx
3614 831 3724 889 quo
3752 820 3805 875 ei

2197 913 2302 971 hoc
2332 912 2572 969 accidit?
2605 914 2674 969 At
2702 911 2794 968 ille
2834 911 2910 966 ait
2944 928 2957 966 :
2990 911 3075 967 Ab
3108 909 3335 967 infantia
3363 930 3373 966 :
3418 910 3807 985 etfrequenter

2197 1005 2388 1063 eumin
2406 1004 2615 1077 ignem,
2644 1013 2697 1061 et
2719 1005 2772 1061 in
2796 1020 2961 1076 aquas
2978 1004 3146 1073 misit,
3178 1017 3233 1060 ut
3254 1021 3375 1061 eum
3402 1004 3675 1077 perderet.
3697 1005 3809 1065 Sed

2198 1099 2242 1154 si
2269 1099 2399 1171 quid
2427 1108 2604 1170 potes,
2633 1098 2827 1169 adjuva
2859 1113 2959 1153 nos
2992 1100 3248 1155 misertus
3282 1100 3478 1155 nostri.
3513 1098 3675 1156 Jesus
3705 1117 3806 1156 au-

2198 1200 2304 1248 tem
2335 1192 2515 1263 ait_illi
2546 1209 2559 1246 ε
2590 1192 2648 1250 Si
2674 1202 2826 1264 potes
2853 1192 3101 1257 credere,
3144 1195 3325 1250 omnia
3370 1195 3645 1269 possibilia
3675 1205 3805 1259 sunt

2198 1285 2459 1342 credenti.
2494 1286 2562 1341 Et
2607 1285 2868 1342 continuo
2910 1286 3230 1343 exclamans
3280 1297 3437 1360 pater
3466 1289 3644 1360 pueri,
3677 1304 3805 1351 cum

2200 1381 2455 1454 lacrymis
2485 1379 2704 1435 aiebat:
2738 1378 2937 1447 Credo,
2975 1378 3228 1449 Domine,
3276 1380 3471 1452 adjuva
3516 1380 3813 1438 increduli-

2203 1484 2367 1532 tatem
2418 1489 2616 1530 meam.
2668 1472 2897 1529 Etcum
2939 1474 3150 1530 videret
3179 1473 3338 1531 Jesus
3389 1483 3813 1532 concurrentcm

2204 1569 2436 1637 turbam,
2474 1565 2842 1623 comminatus
2872 1575 2957 1622 est
2998 1566 3221 1640 spiritui
3271 1566 3572 1636 immundo,
3625 1568 3812 1626 dicens

2203 1660 2281 1716 illi
2310 1677 2326 1719 ς
2357 1658 2531 1715 Snrde
2557 1668 2612 1715 et
2633 1669 2779 1713 mute
2802 1657 3052 1730 spiritus,
3076 1673 3177 1729 ego
3207 1659 3465 1730 praecipio
3489 1659 3609 1727 tibi,
3631 1660 3717 1716 exi
3740 1660 3807 1718 ab

2202 1770 2269 1811 eo
2298 1770 2310 1808 :
2341 1761 2397 1809 et
2425 1738 2659 1824 amplius
2689 1766 2758 1808 ne
2803 1754 3043 1808 introeas
3090 1754 3144 1808 in
3172 1767 3316 1809 eum.
3365 1752 3432 1809 Et
3475 1754 3810 1830 exclamans,

503 1848 670 1905 minis
699 1846 1064 1903 confundetur
1111 1860 1256 1913 eum,
1306 1858 1429 1898 cum
1463 1844 1677 1899 venerit
1706 1842 1759 1897 in
1804 1842 1973 1914 gloria
2007 1841 2107 1895 Pa-

2216 1857 2264 1904 et
2288 1845 2514 1901 multum
2546 1846 2866 1916 discerpens
2905 1859 3055 1913 eum,
3086 1843 3221 1901 exiit
3251 1845 3423 1913 abeo,
3457 1856 3510 1901 et
3537 1845 3708 1901 lactus
3730 1856 3816 1903 est

502 1942 601 1997 tris
632 1941 715 1996 sui
739 1955 861 1996 cum
884 1941 1089 2010 angelis
1119 1937 1341 1993 sanctis.
1371 1937 1639 2009 [Lxxxvn,
1673 1934 1754 2007 2.]
1788 1935 1855 1989 Et
1886 1934 2102 1990 dicebat

501 2036 850 2092 illis:Amen
900 2033 1022 2088 dico
1072 2032 1245 2097 vobis,
1300 2032 1424 2101 quia
1466 2038 1593 2084 sunt
1635 2027 1850 2100 quidam
1899 2027 1967 2083 de
2018 2026 2106 2083 bic

506 2129 799 2198 stantibus,
822 2129 914 2200 qui
945 2144 1052 2183 non
1081 2126 1374 2195 gustabunt
1400 2135 1655 2191 mortem,
1678 2125 1853 2180 donec
1884 2123 2103 2179 videant

502 2237 729 2295 regnum
758 2222 853 2278 Dei
881 2222 1109 2279 veniens
1138 2221 1191 2276 in
1213 2221 1429 2275 virtute.

578 2315 730 2388 [Cap.
774 2315 891 2387 lX.]
933 2315 1001 2369 Et
1030 2322 1150 2385 post
1203 2314 1321 2368 dics
1370 2328 1465 2368 sex
1519 2312 1745 2368 assumit
1791 2310 1948 2366 Jesus
2006 2309 2107 2366 Pe-

507 2417 671 2478 trum,
706 2419 759 2464 et
807 2409 1089 2476 Jacobum,
1131 2417 1189 2463 et
1240 2406 1549 2463 Joannem:
1602 2417 1656 2462 et
1688 2404 1837 2460 ducit
1882 2404 2004 2459 illos
2053 2404 2104 2459 in

507 2513 748 2558 montem
781 2502 1060 2557 excelsum
1089 2514 1336 2555 seorsum
1372 2499 1539 2567 solos,
1591 2508 1647 2555 et
1694 2496 2107 2568 transﬁguratus

507 2609 590 2655 est
621 2613 799 2654 coram
834 2598 985 2668 ipsis.
1017 2597 1081 2651 Et
1112 2598 1432 2651 vestimenta
1458 2596 1575 2666 ejus
1606 2593 1745 2651 facta
1775 2602 1903 2649 sunt
1928 2592 2109 2664 splen-

507 2694 713 2758 dentia,
737 2700 791 2747 et
816 2690 1045 2747 candida
1074 2688 1235 2743 nimis
1261 2688 1408 2743 velut
1451 2690 1567 2753 nix,
1614 2686 1792 2757 qualia
1838 2684 1970 2741 fullo
1998 2701 2108 2740 non

506 2796 682 2858 potest
708 2800 871 2855 super
894 2792 1094 2839 terram
1128 2782 1355 2838 candida
1392 2782 1594 2835 facere.
1627 2779 1687 2835 Et
1721 2780 1975 2850 apparuit
2004 2778 2109 2834 illis

509 2880 660 2935 Elias
681 2895 799 2935 cum
831 2877 1015 2948 Moyse
1048 2895 1059 2929 :
1091 2885 1147 2932 et
1178 2885 1334 2931 erant
1378 2875 1669 2946 loquentes
1702 2889 1823 2929 cum
1865 2873 2013 2930 Jesu.
2046 2873 2109 2927 Et

509 2975 848 3045 respondens
879 2974 1093 3039 Petrus,
1126 2971 1195 3025 ait
1224 2973 1351 3027 Jesu
1381 2987 1396 3027 :
1430 2970 1625 3040 Rabbi,
1656 2970 1858 3025 bonum
1898 2976 1981 3024 est
2011 2981 2109 3023 nos

509 3067 599 3123 hic
631 3082 750 3122 esse
785 3084 798 3119 :
824 3075 877 3122 et
902 3066 1161 3120 faciamus
1192 3063 1291 3119 tria
1317 3063 1685 3130 tabernacula,
1715 3061 1807 3117 tibi
1840 3076 2031 3125 unum,
2057 3069 2112 3114 et

509 3164 678 3233 Moysi
705 3178 891 3227 unum,
913 3170 966 3215 et
983 3160 1116 3214 Elite
1137 3176 1322 3214 unum.
1346 3158 1459 3214 Non
1490 3159 1631 3212 enim
1662 3159 1866 3213 sciebat
1885 3156 2011 3228 quid
2025 3154 2110 3210 tli-

2206 1939 2346 1995 sicut
2376 1947 2643 2007 mortuus,
2674 1939 2750 1995 ita
2787 1944 2849 1994 ut
2883 1926 3037 1994 multi
3074 1938 3322 1993 dicerent
3355 1955 3368 1992 :
3402 1938 3536 2006 Quia
3568 1951 3817 1996 mortuus

2207 2041 2310 2089 est.
2343 2031 2501 2089 Jesus
2522 2040 2703 2087 autem
2728 2037 2923 2087 tenens
2962 2046 3182 2088 manum
3231 2032 3369 2103 ejus,
3399 2031 3633 2088 elevavit
3663 2048 3811 2107 eum,

2207 2135 2262 2181 et
2283 2126 2536 2181 surrexit.
2564 2123 2729 2198 [xcn,
2766 2122 2880 2197 10.]
2911 2124 2974 2180 Et
3006 2140 3128 2180 cum
3163 2125 3447 2181 introisset
3474 2126 3528 2183 in
3558 2125 3812 2197 domum,

2206 2217 2462 2290 discipuli
2490 2218 2609 2289 ejus
2636 2226 2851 2275 secreto
2878 2218 3288 2290 interrogabant
3319 2235 3443 2275 eum
3472 2237 3484 2273 ε
3516 2220 3695 2289 Quare
3714 2237 3815 2278 nos

2207 2327 2316 2369 n0n
2347 2313 2619 2384 potuimus
2642 2312 2845 2384 ejicere
2873 2312 3033 2368 eum?
3058 2312 3124 2368 Et
3163 2312 3301 2368 dixit
3329 2313 3466 2371 illis:
3500 2313 3616 2371 Hoc
3644 2329 3815 2386 genus

2209 2408 2264 2464 in
2293 2407 2443 2463 nullo
2476 2414 2658 2477 potest
2703 2406 2877 2473 exire,
2910 2406 3013 2461 nisi
3071 2406 3126 2460 in
3167 2405 3441 2474 oratione,
3492 2416 3548 2463 et
3583 2406 3812 2481 jejunio.

2212 2500 2391 2577 [xcnt,
2424 2499 2506 2573 2.]
2538 2501 2602 2555 Et
2631 2499 2755 2556 inde
2786 2497 3015 2570 profecti
3046 2498 3633 2572 praetergrediebantur
3662 2498 3814 2556 Gali-

2210 2598 2366 2653 laeam
2403 2610 2544 2652 :nec
2577 2594 2792 2651 volebat
2814 2609 3139 2666 quemquam
3162 2596 3327 2651 scire.
3360 2593 3604 2651 Docebat
3632 2605 3815 2650 autem

2211 2689 2507 2762 discipulos
2548 2703 2698 2757 suos,
2725 2697 2779 2744 et
2810 2687 3025 2744 dicebat
3049 2687 3157 2744 illis
3183 2706 3195 2743 :
3226 2687 3495 2757 Quoniam
3525 2686 3695 2745 Filius
3720 2687 3818 2743 lto-

2213 2784 2373 2840 minis
2408 2782 2648 2839 tradetur
2676 2782 2729 2837 in
2763 2796 2954 2836 manus
2975 2781 3274 2847 hominum,
3309 2788 3361 2839 ct
3387 2780 3638 2837 occident
3661 2796 3814 2855 eum,

2213 2889 2266 2935 et
2295 2878 2507 2933 occisus
2539 2877 2694 2932 tertia
2721 2875 2812 2933 die
2839 2883 3106 2947 resurget.
3138 2874 3206 2930 At
3233 2874 3311 2930 illi
3334 2876 3658 2949 ignorabant
3686 2890 3812 2933 ver-

2213 2973 2337 3029 bum
2368 2989 2382 3026 :
2415 2980 2470 3028 et
2501 2971 2765 3027 timebant
2800 2971 3135 3042 interrogare
3190 2984 3336 3025 eum.
3370 2967 3534 3043 [xctv,
3578 2968 3689 3043 10.]
3748 2969 3818 3027 Et

2213 3074 2475 3123 venerunt
2505 3065 2898 3135 Capharnaum.
2931 3063 3033 3131 Qtti
3050 3078 3174 3119 cum
3194 3063 3340 3119 domi
3360 3071 3564 3134 essent,
3590 3063 3820 3119 interro-

2214 3164 2375 3235 gabat
2404 3176 2499 3218 eas
2526 3181 2537 3214 ε
2572 3162 2709 3230 Quid
2742 3162 2792 3216 in
2845 3160 2930 3216 via
2963 3160 3310 3219 tt-actabatis?
3345 3162 3491 3235 [xcv,
3524 3159 3605 3235 2.]
3644 3161 3713 3218 At
3739 3161 3819 3225 illi

514 3270 663 3317 ceret
690 3277 704 3312 :
739 3266 895 3315 erant
920 3258 1064 3311 enim
1090 3256 1287 3311 tinnire
1307 3255 1576 3310 exterriti.
1596 3253 1661 3307 Et
1682 3254 1820 3307 facta
1840 3262 1920 3308 est
1946 3254 2116 3309 nubes
2144 3245 2188 3309 C
2223 3256 2494 3323 tacebant,
2519 3254 2781 3326 siquidem
2813 3254 2867 3309 in
2896 3253 2979 3308 via
3003 3254 3142 3309 inter
3167 3269 3227 3310 se
3249 3254 3677 3325 disputaverant,
3696 3255 3817 3329 quis

514 3352 848 3409 obumbrans
883 3364 976 3405 eos
1005 3368 1017 3402 :
1049 3360 1102 3403 et
1138 3349 1279 3404 venit
1318 3364 1418 3403 vox
1447 3348 1515 3402 de
1559 3348 1721 3413 nubc,
1754 3347 1982 3405 dicens:
2020 3349 2116 3403 llic

521 3457 605 3506 est
638 3448 808 3503 Filius
835 3464 985 3501 mens
1009 3444 1365 3500 cbarissimus
1386 3461 1400 3500 :
1422 3443 1602 3497 audite
1626 3442 1799 3497 illtttn.
1835 3442 1903 3497 Et
1933 3445 2115 3499 statim

518 3542 1047 3611 circuntSpicEcntcs,
1066 3539 1339 3594 neminem
1368 3534 1892 3605 ampliusvidernnt,
1912 3534 2014 3591 nisi
2031 3536 2119 3591 .le-

512 3652 636 3692 sum
653 3646 856 3690 tantum
886 3648 1089 3688 secum.
1113 3633 1175 3686 Et
1197 3628 1651 3685 descendentibus
1679 3628 1785 3683 illis
1812 3628 1879 3684 de
1909 3640 2114 3696 monte,

519 3733 783 3803 praecepit
814 3730 921 3783 illis
953 3744 1021 3782 ne
1049 3728 1300 3797 cuiquam
1331 3739 1451 3795 qua:
1480 3721 1764 3783 vidissent,
1791 3734 2071 3776 narrarent
2102 3740 2114 3776 :

518 3824 625 3879 nisi
674 3838 795 3876 cum
850 3819 1020 3874 Filius
1069 3818 1305 3873 hominis
1355 3832 1384 3869 a
1438 3812 1668 3869 mortuis
1729 3815 2114 3869 resnrrcxct'it.

523 3911 936 3991 [Lxxxvm,10.]
961 3913 1025 3967 Et
1054 3910 1281 3966 verbum
1305 3909 1691 3965 Continuerunt
1721 3908 1859 3980 apud
1880 3924 1960 3977 sc,
1989 3924 2121 3964 oon-

520 4012 802 4080 quirentes
858 4006 986 4076 quid
1017 4013 1163 4061 esset
1194 4021 1205 4059 :
1236 4002 1372 4059 Cum
1402 4018 1433 4058 a
1466 4003 1695 4058 mortuis
1737 4001 2118 4059 rcsurrexerit.

522 4097 850 4177 [_Lxxxtx,6.]
869 4100 934 4154 Et
954 4096 1362 4168 interrogabant
1382 4112 1527 4167 eum,
1551 4098 1818 4164 dicentes,
1843 4098 1970 4169 quid
1991 4113 2122 4170 ergo

524 4199 752 4252 dicuntn
769 4193 1023 4265 pbarisaei
1046 4203 1106 4248 et
1134 4192 1347 4259 scribat;
1365 4192 1488 4264 quia
1505 4192 1681 4247 Etiam
1698 4202 1916 4263 oportet
1934 4195 2125 4249 venire

522 4288 801 4361 primum?
841 4286 942 4354 Qui
981 4289 1346 4357 respondens,
1379 4286 1457 4341 ait
1485 4285 1593 4341 illis
1625 4302 1641 4342 :
1672 4286 1838 4355 Eli‘as,
1867 4301 1988 4342 cum
2029 4302 2124 4343 ve-

520 4381 665 4436 nerit
698 4380 898 4449 primo,
934 4377 1184 4433 restituet
1209 4378 1392 4433 omnia
1429 4394 1444 4431 :
1474 4389 1528 4433 et
1558 4376 1833 4448 quomodo
1860 4379 2125 4448 scriptum

525 4484 611 4531 est
640 4476 690 4529 in
724 4473 921 4528 Filium
950 4472 1207 4539 hominis,
1234 4481 1294 4526 ut
1322 4471 1494 4527 multa
1524 4473 1780 4543 patiatur,
1809 4480 1865 4527 et
1886 4482 2129 4529 contem-

524 4577 709 4623 natur.
745 4564 852 4621 Sed
898 4564 1024 4620 dico
1052 4564 1207 4620 vobis
1238 4563 1363 4635 quia
1404 4573 1460 4619 et
1499 4563 1650 4619 Elias
1681 4565 1832 4620 venit
1860 4565 1939 4638 (et
1982 4565 2128 4622 fecco

2220 3363 2408 3404 eorum
2451 3348 2623 3419 major
2645 3355 2814 3405 esset.
2844 3345 2915 3403 Et
2957 3346 3205 3404 residens
3227 3349 3437 3405 vocavit
3479 3346 3762 3404 duodecim
3797 3363 3814 3417 ;

2220 3453 2273 3499 et
2301 3444 2375 3498 ait
2409 3443 2514 3499 illis
2541 3462 2553 3499 :
2576 3442 2636 3500 Si
2657 3444 2775 3514 quis
2802 3443 2912 3498 vult
2935 3444 3139 3513 primus
3167 3457 3311 3514 esse,
3335 3443 3439 3500 erit
3464 3459 3704 3500 omnium
3722 3458 3820 3500 no-

2223 3532 2472 3592 vissimus
2504 3578 2519 3605 ,
2563 3545 2619 3592 et
2644 3535 2887 3591 omnium
2916 3535 3182 3592 minister.
3236 3536 3304 3593 Et
3360 3538 3635 3609 accipiens
3688 3552 3820 3609 pue-

2224 3646 2362 3695 rnnt,
2394 3628 2583 3685 statuit
2608 3644 2731 3684 eum
2762 3629 2816 3684 in
2848 3628 3026 3685 medio
3055 3644 3245 3687 eorum
3274 3648 3285 3683 :
3319 3645 3480 3701 quem
3509 3645 3630 3685 cum
3661 3644 3814 3687 com-

2226 3722 2413 3793 plexus
2441 3732 2620 3789 esset,
2659 3722 2735 3777 ait
2765 3722 2872 3777 illis
2899 3740 2911 3775 :
2937 3721 3175 3794 Quisque
3214 3739 3378 3779 unum
3408 3738 3478 3778 ex
3509 3721 3821 3793 hujusmodi

2224 3816 2413 3886 pueris
2443 3814 2713 3885 receperit
2737 3814 2795 3870 in
2828 3815 3051 3872 nomine
3078 3832 3225 3884 meo,
3245 3832 3332 3872 me
3361 3815 3610 3888 recepit:
3649 3814 3821 3888 hort,

2227 3904 2307 3979 1.]
2343 3908 2755 3980 thuicumque
2784 3923 2870 3963 me
2900 3909 3246 3979 susceperit,
3285 3925 3393 3965 non
3420 3923 3510 3965 me
3551 3907 3818 3980 suscipit,

2226 4000 2324 4057 sed
2351 4015 2498 4067 eum,
2531 4000 2621 4071 qui
2651 3998 2801 4055 misit
2826 4015 2937 4056 me.
2981 3999 3173 4074 [xcvn
3196 4044 3211 4067 ,
3258 4000 3349 4075 8.]
3398 4000 3701 4073 Respondit
3744 4000 3824 4059 illi

2226 4091 2489 4159 Joannes,
2523 4092 2714 4148 dicens
2748 4109 2761 4144 :
2793 4090 3073 4165 Magister,
3113 4092 3353 4149 vidimus
3393 4095 3682 4165 quemdam
3712 4136 3726 4163 ,
3766 4093 3822 4149 in

2228 4185 2453 4241 nomine
2483 4193 2577 4239 tuo
2608 4183 2918 4256 ejicientem
2948 4184 3219 4240 daemonia
3240 4227 3256 4252 ,
3302 4187 3395 4257 qui
3431 4199 3539 4241 non
3578 4184 3825 4256 sequitur

2228 4292 2352 4344 nos,
2383 4288 2439 4335 et
2468 4278 2850 4350 prohibuimus
2890 4294 3036 4336 eum.
3064 4278 3224 4336 Jesus
3252 4290 3435 4337 autem
3476 4280 3551 4336 ait
3584 4299 3599 4337 :
3645 4280 3825 4340 Nolite

2232 4374 2531 4447 prohibere
2561 4389 2709 4429 eum.
2740 4371 2915 4430 Nemo
2943 4381 3028 4430 est
3054 4373 3197 4430 enim
3243 4375 3333 4446 qui
3369 4374 3529 4431 faciat
3570 4376 3825 4435 virtutem

2230 4466 2286 4521 in
2315 4465 2539 4522 nomine
2571 4482 2715 4536 meo,
2762 4474 2817 4523 et
2842 4465 3019 4538 possit
3060 4467 3171 4523 cito
3218 4468 3361 4524 male
3409 4467 3558 4541 loqui
3600 4466 3669 4524 de
3714 4484 3821 4526 tne.

2230 4559 2334 4626 Qui
2374 4557 2521 4614 enim
2550 4574 2657 4612 non
2701 4568 2784 4614 est
2826 4557 3116 4615 adversum
3157 4573 3254 4615 vos
3284 4605 3300 4631 ,
3361 4575 3459 4632 pro
3506 4561 3665 4617 vobis
3721 4570 3821 4618 est.

527 4662 665 4717 rum;
700 4660 775 4713 illi
813 4674 1173 4730 quaecumque
1206 4656 1540 4729 voluerunt),
1572 4658 1711 4714 sicut
1755 4659 2015 4730 scriptum
2042 4671 2132 4718 est
2156 4647 2206 4706 D
2232 4651 2440 4725 [xcvnt,
2477 4650 2557 4725 6.]
2588 4642 3024 4725 Quisquis‘enim
3052 4665 3235 4726 potum
3269 4655 3485 4711 dederit
3513 4656 3666 4712 vobis
3686 4658 3825 4714 Cull-

529 4755 597 4809 de
623 4767 708 4808 eo.
749 4752 859 4824 με,
888 4751 998 4824 10.]
1030 4752 1095 4806 Et
1117 4750 1340 4808 veniens
1379 4751 1447 4807 ad
1488 4752 1783 4823 discipulos
1814 4767 1962 4820 suos,
1997 4756 2131 4811 vidit

526 4845 738 4900 turbam
771 4859 1019 4915 magnam
1055 4844 1201 4899 circa
1226 4857 1341 4911 eos,
1394 4853 1453 4899 et
1485 4844 1706 4900 scribas
1745 4848 2128 4918 conquirentes

525 4951 648 4993 cum
678 4937 803 4993 illis.
828 4934 898 4991 Et
923 4937 1210 4992 conlestim
1232 4934 1412 4990 omnis
1440 4936 1674 5005 populus
1699 4937 1891 4993 videns
1914 4937 2125 5009 Jesum,

527 5029 869 5099 stupefactus
901 5036 1004 5095 est,
1029 5034 1087 5082 et
1110 5037 1469 5097 cxpaverunt,
1506 5037 1564 5083 et
1604 5038 1955 5085 accurrentes
1983 5032 2129 5085 salu-

530 5123 720 5177 tabant
743 5136 884 5177 cum.
918 5124 983 5176 Et
1008 5121 1363 5191 interrogavit
1388 5134 1486 5177 eos
1517 5139 1528 5174 :
1552 5120 1691 5189 Quid
1712 5122 1856 5179 inter
1878 5137 1977 5178 vos
1999 5139 2131 5180 cono

529 5216 776 5288 quiritis?
800 5217 905 5288 [xui
923 5257 936 5282 ,
963 5214 1044 5287 2.]
1065 5215 1135 5270 Et
1154 5214 1490 5286 respondens
1504 5228 1647 5271 unus
1666 5215 1732 5269 de
1758 5216 1933 5285 turba,
1959 5217 2128 5274 dixit:

529 5311 807 5381 Magister,
839 5308 993 5363 attuli
1022 5308 1192 5364 tilium
1240 5323 1423 5364 meum
1452 5308 1520 5363 ad
1551 5316 1606 5364 te
1646 5308 1942 5365 habentem
1973 5312 2134 5382 spiri-

530 5411 645 5457 tum
697 5411 948 5456 mutum:
982 5402 1075 5471 qui
1129 5401 1457 5472 ubicumque
1502 5416 1627 5457 eum
1681 5405 2130 5476 apprehenderit,

528 5496 703 5552 allidit
730 5495 904 5562 illum,
929 5504 986 5551 et
1028 5506 1263 5567 spumat,
1294 5505 1348 5551 et
1377 5496 1573 5551 stridet
1607 5494 1880 5565 dentibus,
1914 5508 1969 5553 et
2011 5512 2134 5554 are-

532 5590 680 5644 scit:
740 5597 796 5644 et
838 5588 948 5643 dixi
980 5589 1261 5660 discipulis
1310 5586 1436 5659 tuis,
1484 5596 1544 5644 ut
1570 5587 1830 5659 ejicerent
1872 5590 2045 5658 illum,
2077 5599 2135 5647 et

530 5697 641 5741 non
669 5690 984 5753 potuerunt.
1014 5680 1116 5751 Qui
1145 5681 1485 5753 respondens
1508 5681 1610 5750 eis,
1631 5682 1804 5738 dixit:
1833 5683 1878 5740 0
1899 5696 2131 5754 genera-

601 5833 626 5861 ο
666 5824 722 5879 In
749 5823 953 5881 Graecis
980 5825 1382 5896 exemplaribus
1428 5828 1543 5881 bmc
1580 5826 1710 5881 solis
1758 5825 1983 5892 Scribis,
2015 5842 2123 5883 non

531 5897 693 5957 etiam
744 5896 1033 5959 Pharisaeis
1086 5900 1363 5960 sententia
1420 5899 1753 5972 imputatur:
1785 5895 1863 5960 ὅτι
1888 5899 2125 5977 λέγουσιν

2232 4762 2352 4805 cem
2381 4763 2537 4819 aquae
2570 4746 2625 4802 in
2656 4749 2879 4805 nomine
2908 4765 3052 4815 meo,
3084 4749 3207 4822 quia
3233 4746 3439 4806 Christi
3466 4751 3633 4808 estis:
3657 4757 3826 4812 Anien

2233 4841 2355 4898 dico
2388 4842 2563 4910 vobis,
2596 4857 2705 4898 non
2735 4843 2933 4913 perdet
2958 4844 3268 4901 mercedem
3298 4860 3474 4900 suam.
3506 4843 3669 4919 [satx
3691 4887 3706 4915 ,
3747 4844 3830 4920 2.]

2230 4937 2297 4993 Et
2353 4938 2597 5009 quisquis
2636 4938 3090 4995 scandalizaverit
3134 4955 3300 4995 unum
3369 4955 3438 4996 ex
3480 4940 3566 4996 his
3612 4939 3829 5012 pusillis

2233 5029 2583 5087 credentibus
2611 5030 2664 5085 in
2690 5045 2776 5087 me
2810 5049 2823 5085 :
2855 5032 3054 5087 bonum
3076 5042 3159 5087 est
3179 5031 3230 5089 ei
3258 5033 3429 5106 magis
3454 5032 3502 5088 si
3523 5033 3830 5089 circumda-

2236 5134 2387 5179 retur
2415 5124 2558 5179 mola
2586 5123 2825 5179 asinaria
2847 5123 2990 5180 collo
3018 5124 3230 5194 cjus,et
3253 5126 3306 5179 in
3331 5140 3480 5182 mare
3495 5125 3829 5182 mitteretur.

2236 5216 2309 5292 [c,
2336 5214 2414 5290 6.]
2441 5217 2571 5273 Etsi
2604 5217 3057 5275 scandalizaverit
3089 5227 3142 5273 te
3184 5234 3376 5275 manus
3411 5230 3533 5288 tua,
3571 5218 3833 5278 abscinde

2236 5309 2383 5364 illaut
2427 5327 2440 5363 :
2475 5309 2676 5366 bonum
2721 5320 2805 5365 est
2849 5310 2944 5365 tibi
2985 5310 3218 5367 debilem
3258 5310 3488 5367 introire
3530 5311 3587 5367 in
3623 5311 3830 5383 vitam,

2236 5419 2399 5470 quam
2442 5403 2578 5459 duas
2607 5418 2800 5459 manus
2832 5404 3121 5461 habentem
3168 5407 3247 5459 ire
3281 5404 3337 5462 in
3374 5404 3683 5478 gehennam
3709 5448 3725 5476 ,
3775 5406 3833 5463 in

2238 5497 2417 5567 ignem
2460 5488 2984 5569 inexstinguibilem‘.
3036 5496 3130 5572 [cr,
3169 5495 3283 5571 10.]
3358 5498 3459 5555 Ubi
3488 5502 3686 5555 vermis
3733 5512 3834 5554 co-

2239 5606 2362 5647 rum
2395 5606 2501 5646 non
2533 5592 2784 5660 moritur,
2815 5602 2872 5648 et
2918 5593 3058 5663 ignis
3102 5609 3216 5648 non
3261 5593 3643 5664 exstinguitur.
3686 5592 3755 5647 Et
3786 5592 3832 5648 si

2240 5702 2336 5760 pes
2362 5697 2566 5746 tuuste
2586 5689 2949 5762 scandalizat,
2976 5700 3200 5764 amputa
3240 5691 3392 5746 illum
3430 5708 3449 5746 ε
3490 5689 3695 5746 bonum
3748 5696 3833 5745 est

2231 5831 2278 5885 οἱ
2304 5840 2660 5906 γραμματεῖς,
2697 5834 2957 5899 Quoniam
2988 5834 3168 5889 dicunt
3205 5830 3427 5901 Scribw,
3458 5830 3598 5902 quia,
3625 5837 3734 5887 etc.
