4166 6336
354 345 462 406 597

1387 339 1847 416 Eunaeum
1889 339 2273 414 SECUNDUM
2312 342 2629 420 MARCUM.

3570 357 3680 418 598

359 462 456 522 tibi
483 460 738 526 claudum
769 457 999 528 introire
1033 457 1086 530 in
1117 457 1282 516 vitam
1313 467 1596 528 mternam,
1630 476 1792 532 quam
1828 461 1969 537 duos
2000 467 2050 529 Α
2077 461 2236 530 lesus
2258 478 2446 530 rursus
2470 465 2811 536 respondens
2839 468 2915 530 ait
2945 467 3051 537 illis
3085 488 3098 525 :
3124 469 3302 536 Filinli
3331 515 3344 540 ,
3375 489 3534 545 quam
3566 476 3672 534 dif.

355 560 526 636 Pedes
555 560 848 626 habentem
881 558 1022 626 mitti
1061 558 1115 614 in
1149 559 1454 639 gehennam
1506 562 1645 634 ignis
1694 562 1963 628 inexstin-

351 655 581 736 guibilis
611 672 626 714 ;
659 654 746 710 ubi
788 653 992 718 vermis
1033 668 1224 720 eorum
1259 669 1369 714 non
1419 656 1670 726 moritur,
1725 665 1777 720 et
1821 656 1960 728 ignis

354 765 462 816 non
502 748 889 820 exstinguitur.
923 747 1081 816 Quod
1127 747 1173 815 si
1213 749 1404 818 oculus
1455 757 1579 816 tuus
1623 748 1960 818 scandalizat

353 853 437 914 te,
486 843 628 916 ejice
673 859 798 912 eum
837 860 849 896 :
883 841 1085 898 bonum
1127 849 1212 898 est
1263 841 1356 900 tibi
1401 841 1614 906 luscum
1645 841 1873 908 introire
1901 843 1956 902 in

351 954 584 1016 regnum
615 937 737 1006 Dei,
766 952 928 1009 quam
978 936 1117 1004 duos
1159 936 1349 1006 oculos
1392 935 1685 1006 habentem
1722 939 1866 996 mitti
1900 939 1955 996 in

349 1031 660 1112 gehennam
691 1031 868 1104 ignis:
903 1031 991 1100 ubi
1017 1029 1223 1094 vermis
1253 1044 1442 1085 eorum
1469 1044 1578 1088 non
1611 1032 1869 1102 moritur,
1902 1042 1958 1088 et

350 1126 493 1196 ignis
527 1139 633 1194 non
666 1125 1056 1196 exstinguitur.
1089 1122 1281 1188 Omnis
1304 1123 1448 1179 enim
1478 1125 1601 1196 igne
1630 1124 1876 1192 satietur,
1901 1133 1956 1190 et

356 1221 527 1286 omnis
553 1219 778 1284 victima
808 1226 832 1253 τι
858 1217 973 1282 sale
1002 1216 1248 1274 satietur.
1305 1217 1323 1288 ]_
1345 1231 1415 1271 eu
1442 1257 1457 1290 ,_
1500 1215 1554 1270 2.
1580 1215 1598 1290 ]
1631 1216 1837 1282 Bonum
1870 1227 1953 1272 est

345 1315 424 1380 sal
454 1331 470 1381 ;
503 1313 647 1388 quod
671 1313 716 1368 si
745 1312 822 1368 sal
859 1312 1125 1368 insulsum
1173 1309 1358 1379 fuerit,
1408 1311 1461 1366 in
1505 1325 1612 1383 quo
1657 1310 1790 1377 illud
1819 1327 1951 1368 con-

345 1408 550 1478 dietis?
583 1407 791 1476 Habete
817 1407 869 1464 in
900 1407 1057 1472 vobis
1088 1406 1201 1476 sal,
1245 1416 1301 1462 et
1329 1420 1515 1480 pacem
1561 1405 1760 1466 habete
1811 1408 1952 1474 inter

344 1516 468 1563 vos.
1296 1511 1309 1571 ε

418 1592 660 1668 [Cap.X.
684 1607 799 1660 ent,
825 1589 903 1664 6.]
934 1591 1000 1648 Et
1029 1590 1156 1648 inde
1183 1604 1485 1663 exsurgens
1520 1591 1672 1650 venit
1719 1593 1772 1660 in
1814 1593 1951 1664 ﬁnes

342 1687 555 1746 Judmae
583 1687 725 1744 ultra
757 1686 1094 1746 Iordanem:
1130 1695 1185 1750 et
1214 1686 1551 1752 conveniunt
1592 1689 1788 1744 iterum
1835 1698 1950 1750 tur.-

342 1781 430 1843 hac
458 1779 527 1838 ad
560 1795 682 1836 eum
714 1797 729 1839 :
766 1790 822 1836 et
861 1781 1002 1842 sicut
1037 1789 1431 1849 consueverat,
1473 1781 1672 1838 iterum
1716 1783 1950 1846 docebat

2072 555 2216 619 ﬁeile
2248 566 2352 623 est,
2377 557 2718 616 conﬁdentes
2748 561 2800 616 in
2832 563 3102 634 pecuniis,
3132 565 3185 622 in
3207 581 3431 639 regnum
3459 569 3555 628 Dei
3589 571 3672 630 in-

2068 650 2271 715 troire!
2307 651 2542 722 Facilius
2565 663 2646 711 est
2667 656 2932 714 eamelum
2953 675 3048 732 per
3071 659 3316 725 foramen
3344 678 3472 722 acus
3496 673 3670 727 trans.

2070 744 2172 812 ire,
2208 760 2369 816 quam
2409 745 2632 806 divitem
2672 749 2879 807 intrare
2910 753 2963 820 in
3000 769 3229 825 regnum
3265 756 3380 814 Dei.
3421 757 3522 824 Qui
3553 775 3664 816 ma-

2062 839 2148 912 gis
2177 840 2614 912 admirabantur,
2647 844 2895 902 dicentes
2936 848 3001 904 ad
3049 851 3374 920 semetipsos
3405 871 3415 906 :
3450 851 3519 908 Et
3545 855 3666 924 quis

2065 942 2246 1004 potest
2275 934 2456 992 salvus
2485 935 2640 1000 ﬁeri?
2671 937 2740 994 Et
2763 939 2981 1004 intuens
3013 941 3137 996 illos
3160 942 3340 1012 Jesus,
3368 945 3444 1000 ait
3471 963 3482 998 :
3509 947 3667 1017 Apud

2064 1027 2315 1084 homines
2343 1030 2684 1103 impossibile
2712 1041 2818 1101 est,
2847 1034 2941 1090 sed
2969 1050 3072 1090 non
3101 1037 3238 1106 apud
3269 1037 3668 1098 Deumzomnia

2059 1122 2210 1175 enim
2245 1124 2527 1193 possibilia
2557 1135 2686 1181 sunt
2712 1127 2852 1196 apud
2882 1127 3070 1183 Deum.
3101 1129 3166 1183 Et
3195 1131 3361 1201 coepit
3387 1131 3438 1186 ei
3471 1131 3663 1189 Petrus

2059 1213 2250 1283 dicere
2281 1233 2293 1269 :
2322 1216 2460 1272 Ecce
2492 1233 2592 1287 nos
2619 1218 2930 1286 dimisimus
2958 1222 3162 1289 omnia,
3195 1231 3250 1283 et
3272 1224 3444 1286 secuti
3475 1239 3667 1281 sumus

2061 1319 2133 1365 te.
2170 1309 2284 1383 [cx,
2319 1310 2398 1381 2.]
2432 1312 2789 1384 Respondens
2817 1314 2999 1386 Jesus,
3035 1315 3110 1371 ait
3140 1331 3154 1372 :
3201 1319 3374 1379 Amen
3406 1319 3528 1374 dico
3558 1334 3655 1375 vo-

2059 1403 2180 1462 bis:
2213 1405 2381 1462 Nemo
2409 1416 2513 1477 est,
2539 1409 2627 1480 qui
2662 1411 2947 1482 reliquerit
2997 1411 3218 1472 domum
3242 1453 3256 1479 ,
3292 1422 3384 1468 aut
3422 1413 3656 1481 fratres,

2058 1506 2149 1552 aut
2173 1513 2411 1570 sorores,
2439 1509 2531 1560 aut
2555 1511 2789 1571 patrem,
2814 1510 2907 1558 aut
2937 1513 3187 1570 matrem,
3223 1513 3314 1560 aut
3348 1504 3488 1564 ﬁlios
3516 1547 3529 1572 ,
3563 1514 3657 1568 aut

2056 1604 2238 1662 agros,
2266 1605 2490 1664 propter
2521 1611 2629 1662 me,
2658 1605 2711 1651 et
2747 1605 2967 1667 prepter
2999 1598 3352 1670 Evangelium
3381 1641 3394 1666 ,
3429 1601 3516 1672 qui
3547 1616 3654 1656 non

2057 1685 2288 1756 accipiat
2315 1687 2524 1756 centies
2557 1699 2772 1748 tantum
2801 1705 2942 1747 nunc
2985 1692 3037 1750 in
3083 1700 3328 1763 tempore
3379 1694 3480 1750 hoc
3502 1737 3516 1759 ,
3551 1695 3652 1751 do-

2055 1793 2194 1841 mos,
2229 1785 2283 1833 et
2305 1778 2524 1848 fratres,
2552 1790 2607 1844 et
2633 1797 2886 1853 sorores,
2921 1792 2977 1840 et
3007 1793 3244 1856 matres,
3292 1793 3348 1841 et
3391 1787 3532 1842 ﬁlios
3553 1829 3566 1852 ,
3599 1797 3654 1844 et

343 1875 489 1932 illos.
519 1876 589 1932 Et
611 1876 933 1942 accedentes
959 1875 1210 1948 phariszei
1235 1876 1645 1948 interrogabant
1682 1876 1709 1916 ι)
1745 1897 1758 1934 :
1791 1879 1848 1935 Si
1878 1879 1948 1935 li-
1981 1867 2028 1941 Β
2054 1888 2240 1944 agrnS,
2270 1888 2393 1936 cum
2427 1877 2917 1946 perseeutionibus,
2947 1888 3000 1935 et
3029 1877 3084 1934 in
3116 1880 3317 1936 saeculo
3345 1880 3526 1936 futuro
3565 1882 3650 1937 vi.-

346 1970 576 2028 cetviro
605 1985 826 2032 uxorem
861 1970 1138 2036 dimittere
1179 1987 1192 2023 :
1240 1977 1514 2028 tentantes
1555 1986 1703 2028 eum.
1747 1973 1818 2036 At
1855 1972 1948 2030 ille

343 2063 709 2133 reSpondens,
743 2063 879 2128 dixit
908 2061 991 2119 eis
1021 2081 1033 2118 :
1065 2061 1206 2130 Quid
1235 2063 1388 2126 vobis
1411 2065 1669 2135 praecepit
1699 2064 1947 2137 Moyses?

342 2156 446 2226 Qui
478 2157 733 2212 dixerunt
765 2173 778 2210 :
813 2156 1024 2229 Moyses
1049 2155 1293 2226 permisit
1321 2155 1560 2212 libellum
1583 2155 1788 2227 repudii
1814 2157 1949 2212 scri-

342 2247 477 2316 bere
517 2259 572 2305 et
610 2248 904 2306 dimittere.
949 2247 1157 2317 Quibus
1206 2248 1544 2318 respondens
1584 2249 1782 2316 Jesus,
1820 2249 1942 2314 ait:

339 2342 424 2398 Ad
453 2341 708 2398 duritiam
739 2343 920 2400 cordis
949 2341 1118 2398 vestri
1156 2341 1370 2412 scripsit
1412 2341 1563 2412 vobis
1612 2352 1941 2414 perceptum

341 2434 511 2491 istud.
538 2436 621 2500 Ab
646 2436 800 2492 initio
826 2444 1008 2492 autem
1031 2446 1319 2503 creatum,
1345 2435 1650 2502 masculum
1694 2447 1746 2494 et
1790 2437 1942 2492 terni-

342 2545 486 2590 mam
520 2529 646 2587 fecit
669 2545 765 2586 eos
789 2530 954 2590 Deus.
988 2528 1216 2602 Propter
1243 2528 1346 2585 hoc
1377 2529 1832 2600 relinquethomo
1851 2544 1945 2602 pa-

342 2633 484 2681 trem
525 2639 682 2688 suum
710 2633 764 2680 et
801 2633 1030 2682 matrem
1062 2665 1076 2692 ,
1127 2631 1183 2688 et
1228 2622 1534 2690 adhanebit
1589 2623 1654 2678 ad
1713 2609 1942 2684 uxor-em
1976 2677 1990 2690 ,

339 2733 499 2776 suam
529 2736 543 2772 :
574 2728 628 2776 et
658 2717 1026 2784 eruntduoin
1050 2732 1215 2779 carne
1267 2732 1392 2780 una.
1442 2717 1630 2789 itaque
1674 2717 1787 2788 jam
1831 2734 1942 2778 non

336 2810 471 2872 sunt
498 2814 628 2880 duo,
658 2813 752 2872 sed
781 2828 888 2868 una
916 2828 1064 2869 caro.
1099 2810 1252 2882 Quod
1286 2827 1417 2884 ergo
1451 2813 1592 2879 Deus
1621 2813 1940 2885 conjunxit,

337 2907 509 2963 homo
531 2921 635 2962 non
665 2914 898 2978 separet.
929 2905 1059 2978 [c1v,
1097 2903 1208 2976 10.]
1235 2905 1302 2962 Et
1331 2905 1382 2962 in
1414 2905 1576 2968 domo
1608 2907 1803 2968 iterum
1831 2907 1942 2964 dis-

337 3002 508 3073 cipuli
533 3002 649 3073 ejus
672 3001 739 3058 de
764 2999 958 3058 eodem
985 3001 1459 3072 interrogaverunt
1489 3015 1633 3064 eum.
1669 2999 1776 3072 [ev
1799 3043 1812 3068 ,
1850 2999 1940 3082 2.]

337 3100 413 3156 Et
439 3100 511 3154 ait
542 3098 686 3156 illis:
717 3097 1052 3167 Quicumque
1083 3095 1356 3157 dimiserit
1381 3111 1609 3154 uxorem
1644 3111 1796 3158 suam
1821 3137 1836 3163 ,
1879 3103 1935 3158 et

337 3195 503 3250 aliam
535 3192 775 3258 duxerit,
805 3191 1134 3248 adulterium
1157 3189 1452 3248 committit
1492 3204 1656 3260 super
1687 3204 1830 3250 eam.
1872 3187 1942 3245 Et

341 3380 556 3436 chatnr.
591 3378 718 3452 [evr,
747 3376 830 3450 2.]
859 3377 926 3434 Et
955 3375 1258 3432 offerebant
1282 3375 1359 3437 illi
1393 3374 1646 3446 parvulos
1669 3416 1682 3442 ,
1719 3383 1779 3434 ut
1817 3381 1936 3434 tan.

337 3485 491 3545 geret
522 3474 667 3531 illos.
703 3472 962 3544 Discipuli
997 3480 1178 3528 autem
1209 3471 1685 3532 comminabantur
1701 3468 1934 3532 offeren-

340 3569 508 3638 tibus,
541 3568 688 3637 Quos
715 3582 837 3624 cum
871 3565 1082 3624 videret
1110 3567 1290 3632 Jesus,
1317 3565 1534 3637 indigne
1566 3565 1730 3632 tulit,
1761 3575 1815 3620 et
1861 3566 1939 3626 ait

336 3663 447 3719 illis
479 3680 498 3722 :
529 3661 704 3718 Sinite
735 3661 986 3732 parvulos
1019 3659 1206 3716 venire
1236 3659 1303 3716 ad
1335 3675 1444 3730 me,
1473 3668 1526 3716 et
1545 3674 1613 3716 ne
1645 3659 1938 3730 prohibue-

335 3756 464 3810 ritis
490 3769 586 3811 eos
613 3773 626 3809 :
661 3755 848 3812 talium
878 3755 1024 3811 enim
1055 3764 1140 3810 est
1172 3769 1398 3826 regnum
1435 3753 1550 3810 Dei.
1593 3755 1765 3810 Amen
1811 3753 1938 3811 dico

337 3848 830 3920 vobis:Quisquis
884 3864 993 3905 non
1043 3849 1311 3920 receperit
1364 3863 1592 3920 regnum
1644 3847 1742 3904 Dei
1789 3849 1940 3906 velut

339 3942 620 4012 parvulus,
657 3957 765 3998 non
789 3941 1018 3998 intrabit
1043 3943 1094 3998 in
1126 3941 1279 4001 illud.
1315 3941 1382 3999 Et
1422 3941 1771 4012 complexans
1803 3957 1896 3998 eos
1919 3984 1936 4010 ,

337 4047 391 4092 et
443 4037 730 4106 imponens
775 4051 969 4092 manus
1014 4051 1178 4108 super
1229 4037 1371 4106 illos,
1405 4035 1766 4093 benedicebat
1818 4051 1934 4093 eos.

339 4130 491 4203 [cvm
517 4128 597 4200 2.]
624 4129 692 4184 Et
718 4143 840 4184 cum
868 4144 1120 4201 egressus
1149 4139 1292 4185 esset
1315 4130 1367 4184 in
1401 4129 1544 4184 viam
1567 4169 1582 4197 ,
1607 4143 1940 4198 procurrens

339 4221 560 4294 quidam
585 4238 727 4294 genu
759 4221 900 4277 ﬂexo
921 4232 1048 4278 ante
1074 4238 1219 4292 eum,
1252 4222 1477 4293 rogabat
1505 4236 1627 4278 eum
1649 4239 1662 4275 :
1683 4222 1939 4292 Magister

342 4317 512 4386 boue,
545 4316 671 4387 quid
704 4316 932 4383 faciam,
979 4324 1036 4372 ut
1079 4317 1242 4373 vitam
1299 4325 1557 4372 icternam
1607 4315 1940 4387 pcreipiam?

339 4409 506 4466 Iesus
535 4418 715 4466 autem
740 4410 877 4466 dixit
911 4411 961 4467 ei
987 4423 1002 4466 :
1032 4411 1172 4481 Quid
1203 4427 1286 4468 me
1315 4412 1451 4467 dicis
1480 4412 1728 4468 bonum?
1771 4412 1940 4468 Nemo

342 4507 548 4572 bonus,
573 4507 678 4561 nisi
702 4521 843 4562 unus
873 4506 1038 4563 Deus.
1074 4507 1351 4578 Praecepta
1382 4508 1523 4563 nosti
1557 4524 1570 4563 :
1608 4507 1684 4562 Ne
1729 4507 1942 4564 adulte-

344 4616 457 4668 res,
487 4600 568 4657 Ne
598 4600 838 4667 occidas,
872 4601 950 4656 Ne
983 4602 1207 4671 l'oreris,
1241 4602 1319 4658 Ne
1349 4602 1539 4658 falsum
1569 4601 1938 4658 testimonium

339 3286 388 3342 si
415 3301 553 3340 utor
579 3282 853 3342 dimiserit
878 3285 1051 3340 virum
1079 3297 1260 3347 suum,
1287 3291 1340 3338 et
1371 3281 1462 3344 alii
1497 3281 1770 3349 nupserit,
1802 3295 1936 3344 mm—
1964 3262 2006 3324 (ἶ

2058 1976 2166 2021 tam
2199 1977 2479 2034 aeternam.
2508 1968 2638 2041 [(ιιη,
2670 1969 2748 2042 2.]
2783 1971 2934 2028 Multi
2964 1980 3144 2029 autem
3167 1983 3327 2032 erunt
3353 1974 3510 2044 primi
3551 1989 3650 2030 no-

2056 2062 2296 2128 vissimi,
2329 2071 2384 2118 et
2415 2065 2696 2122 novissimi
2732 2066 2911 2136 primi.
2947 2064 3098 2137 [cxu,
3131 2066 3213 2138 2.]
3258 2068 3427 2132 Erant
3467 2078 3648 2132 autem

2053 2155 2109 2212 in
2144 2157 2224 2212 via
2255 2157 2614 2219 ascendentes
2638 2159 3033 2232 Jerosolymam
3067 2179 3079 2214 :
3125 2168 3179 2217 et
3209 2161 3552 2233 praecedebat
3581 2163 3649 2218 il-

2053 2250 2136 2307 los
2166 2249 2342 2316 Jesus,
2378 2261 2430 2308 et
2462 2252 2755 2321 stupebant
2790 2271 2800 2306 :
2838 2263 2892 2309 et
2921 2263 3214 2325 sequentes
3247 2256 3532 2312 timebant.
3579 2256 3646 2312 Et

2053 2356 2340 2400 assumens
2371 2344 2567 2402 iterum
2603 2345 2922 2414 duodecim,
2969 2347 3135 2417 coepit
3172 2347 3278 2404 illis
3315 2347 3496 2404 dicere
3526 2364 3648 2419 qua:

2050 2445 2237 2492 essent
2269 2438 2316 2494 ei
2351 2447 2612 2494 eventura
2647 2455 2658 2490 :
2693 2440 2828 2506 Quia
2859 2453 2989 2496 ecce
3025 2439 3375 2497 ascendimus
3425 2440 3647 2498 Jeroso-

2049 2531 2276 2603 lymam,
2297 2539 2350 2589 et
2370 2532 2540 2588 Filius
2568 2532 2805 2592 hominis
2837 2533 3082 2591 tradetur
3105 2534 3440 2604 principibus
3467 2550 3646 2591 sacer-

2051 2625 2258 2693 dotum,
2293 2633 2348 2682 et
2367 2627 2590 2694 scribis,
2621 2637 2676 2686 et
2704 2627 3045 2694 senioribus,
3077 2637 3131 2684 et
3159 2628 3491 2685 damnabunt
3517 2644 3643 2685 eum

2049 2728 2244 2787 morte,
2270 2729 2320 2776 et
2349 2720 2562 2780 tradent
2588 2736 2710 2778 eum
2739 2722 2994 2793 gentibus
3047 2739 3060 2789 _:
3112 2730 3166 2779 et
3207 2723 3538 2791 illudentei,
3589 2733 3645 2780 et

2047 2822 2350 2884 conspuent
2381 2830 2526 2880 eum,
2559 2822 2615 2870 et
2645 2813 3000 2883 ﬂagellabunt
3029 2829 3152 2872 eum
3179 2856 3195 2882 ,
3225 2823 3281 2872 et
3308 2815 3642 2873 interﬁeient

2047 2923 2170 2968 eum
2209 2927 2220 2963 :
2250 2917 2304 2965 et
2336 2909 2494 2968 tertia
2522 2908 2609 2966 die
2633 2919 2900 2979 resurget.
2928 2907 3100 2981 [exut,
3149 2909 3230 2983 6.]
3272 2910 3340 2966 Et
3371 2910 3642 2967 accedunt

2044 3000 2111 3056 ad
2144 3016 2268 3058 eum
2299 3001 2536 3060 Jacobus
2565 3009 2619 3056 et
2644 3000 2881 3056 Joannes
2913 2999 3010 3056 ﬁlii
3035 3001 3308 3068 Zebedaei,
3349 3001 3595 3059 dicentes
3623 3021 3636 3057 :

2045 3093 2317 3164 Magister,
2351 3093 2626 3170 volumus,
2660 3104 2716 3150 ut
2747 3094 3132 3166 quodcumque
3156 3095 3474 3165 petierimus
3495 3138 3510 3164 ,
3555 3096 3637 3152 fa-

2044 3189 2156 3245 cias
2185 3187 2363 3244 nobis.
2388 3187 2456 3243 At
2490 3187 2585 3247 ille
2616 3187 2756 3244 dixit
2785 3189 2865 3244 eis
2903 3188 3077 3257 :Quid
3110 3189 3307 3256 vultis,
3355 3199 3412 3246 ut
3446 3190 3640 3260 faciam

2042 3282 2233 3344 vobis?
2261 3283 2330 3342 Et
2351 3283 2644 3340 dixerunt:
2676 3282 2750 3338 Da
2775 3283 2931 3339 nobis
2952 3329 2965 3353 ,
2997 3293 3054 3340 ut
3080 3300 3219 3340 unus
3249 3283 3314 3338 ad
3357 3285 3636 3341 dexteram

2042 3385 2217 3443 tuam,
2251 3387 2304 3435 et
2327 3376 2468 3434 alius
2496 3377 2562 3433 ad
2593 3377 2873 3434 sinistram
2901 3388 3045 3434 tuam
3068 3419 3083 3445 ,
3117 3377 3404 3435 sedeamus
3436 3380 3490 3434 in
3523 3379 3640 3450 glo-

2041 3471 2120 3528 ria
2151 3482 2258 3534 tua.
2295 3471 2452 3529 Jesns
2477 3479 2654 3527 autem
2689 3471 2764 3526 ait
2791 3471 2871 3526 eis
2905 3488 2919 3526 :
2962 3471 3196 3527 Nescitis
3227 3472 3354 3544 quid
3386 3474 3584 3544 petatis
3620 3494 3633 3531 :

2043 3565 2268 3636 potestis
2299 3565 2486 3622 bibere
2508 3565 2760 3632 calicem,
2794 3581 2952 3636 quem
2982 3580 3082 3636 ego
3121 3566 3249 3620 bibo
3282 3583 3294 3621 :
3341 3576 3435 3622 aut
3465 3567 3641 3638 bapti-

2040 3674 2182 3725 smo,
2209 3675 2317 3730 quo
2342 3674 2443 3729 ego
2472 3659 2721 3729 baptizor
2742 3701 2755 3726 ,
2803 3658 3106 3730 baptizari?
3152 3660 3221 3714 At
3259 3659 3339 3715 illi
3390 3660 3644 3716 dixerunt

2039 3750 2092 3807 ei
2126 3769 2138 3804 :
2164 3731 2478 3808 Possumus.
2505 3751 2664 3807 Jesus
2695 3759 2872 3808 autem
2896 3751 3075 3808 aiteis
3097 3770 3108 3805 :
3131 3751 3367 3808 Calicem
3397 3753 3642 3824 quidem,

2041 3858 2200 3916 quem
2230 3859 2330 3913 ego
2355 3844 2505 3912 bEbo,
2532 3843 2736 3898 bibetis
2761 3860 2775 3910 ;
2807 3852 2862 3900 et
2891 3844 3181 3916 baptismo,
3207 3859 3316 3915 quo
3337 3860 3438 3915 ego
3467 3846 3643 3917 baptis-

2041 3953 2156 4008 zor,
2187 3937 2593 4008 baptizabimini
2616 3956 2627 3992 :
2647 3937 2840 3994 sedere
2862 3947 3046 3994 autem
3075 3938 3140 3994 ad
3163 3937 3415 3994 dextram
3439 3952 3635 4008 meam,

2041 4033 2126 4087 vel
2151 4031 2214 4086 ad
2249 4030 2547 4098 sinistram,
2581 4047 2687 4088 non
2721 4040 2808 4087 est
2834 4047 3012 4088 meum
3045 4031 3176 4088 dare
3196 4031 3372 4101 vobis,
3407 4032 3502 4089 sed
3525 4033 3644 4104 qui-

2041 4128 2142 4184 bus
2168 4135 2414 4199 paratum
2446 4136 2548 4183 est.
2582 4126 2748 4200 [cxtv,
2776 4125 2859 4198 2.]
2885 4128 2951 4181 Et
2974 4127 3259 4184 audientes
3282 4127 3491 4197 decem,
3526 4142 3638 4184 cm-

2042 4229 2241 4294 perunt
2273 4221 2541 4293 indignari
2565 4221 2632 4278 de
2664 4221 2871 4276 Jacobo
2897 4229 2952 4276 et
2980 4221 3216 4277 Joanne.
3258 4222 3419 4280 Jesus
3456 4230 3638 4279 autem

2043 4331 2245 4372 vocans
2274 4331 2392 4386 eos,
2427 4317 2504 4371 ait
2535 4315 2646 4372 illis
2680 4333 2694 4371 :
2729 4315 2896 4372 Scitis
2931 4317 3055 4387 quia
3099 4318 3149 4372 hi
3182 4361 3196 4386 ,
3251 4318 3340 4389 qui
3388 4317 3643 4375 videntur

2045 4412 2342 4483 principari
2386 4411 2637 4483 gentibus
2665 4453 2678 4478 ,
2721 4411 3070 4467 dominantur
3121 4413 3244 4469 eis:
3281 4421 3335 4468 et
3364 4414 3641 4486 principes

2044 4520 2233 4561 eorum
2262 4513 2585 4576 potestatem
2619 4503 2824 4559 habent
2853 4505 3116 4575 ipsorum.
3148 4505 3266 4561 Non
3307 4506 3378 4562 ita
3425 4515 3512 4564 est
3545 4523 3643 4563 au-

2047 4608 2154 4655 tem
2189 4601 2242 4654 in
2270 4598 2424 4654 vobis
2450 4640 2463 4665 ,
2497 4597 2592 4652 sed
2623 4596 2952 4668 quicumque
2995 4597 3228 4652 voluerit
3280 4597 3398 4653 ﬁeri
3444 4599 3642 4670 major,

343 4696 575 4766 dixeris,
607 4696 683 4753 Ne
708 4697 952 4754 fraudem
987 4696 1202 4767 feceris,
1234 4697 1450 4752 Honora
1483 4705 1689 4768 patrem
1715 4707 1860 4752 tuum
1885 4707 1941 4753 et
1973 4663 2022 4726 θ
2049 4697 2152 4752 erit
2182 4702 2364 4750 vester
2393 4694 2644 4749 minister
2672 4711 2684 4746 :
2714 4701 2764 4747 et
2790 4691 3119 4762 quicumque
3149 4690 3384 4748 voluerit
3406 4691 3462 4747 in
3489 4692 3645 4750 vobis

344 4798 599 4866 matrem.
634 4789 702 4844 At
735 4789 825 4845 ille
852 4791 1210 4861 respondens,
1241 4791 1318 4846 ait
1347 4789 1424 4845 illi
1457 4808 1468 4844 :
1503 4790 1780 4861 Magister,
1823 4791 1941 4846 haec

345 4883 532 4938 omnia
561 4883 847 4940 observavi
879 4901 906 4938 a
931 4884 1218 4955 juventute
1251 4900 1390 4940 mea.
1426 4885 1609 4958 [cvm,
1654 4885 1734 4957 2.]
1783 4884 1942 4944 Jesns

347 4989 532 5033 autem
565 4978 794 5034 intuitus
817 4994 965 5046 eum,
998 4979 1188 5034 dilexit
1210 4994 1356 5047 eum,
1383 4988 1437 5034 et
1467 4979 1608 5034 dixit
1633 4979 1685 5035 ei
1719 4998 1730 5034 :
1763 4979 1939 5037 Unum

346 5067 443 5123 tibi
471 5068 625 5125 deest
654 5087 666 5123 :
696 5069 867 5141 vade,
903 5086 1262 5142 quaecumque
1297 5071 1498 5138 babes,
1533 5072 1736 5140 vende,
1777 5081 1832 5129 et
1873 5073 1942 5130 da

348 5164 706 5235 pauperibus,
735 5173 791 5222 et
815 5165 1038 5222 habebis
1064 5165 1376 5222 thesaurum
1413 5167 1464 5222 in
1494 5170 1634 5225 cmlo
1662 5185 1676 5222 :
1706 5177 1761 5224 et
1792 5171 1937 5239 veni,

347 5275 586 5332 sequere
618 5276 724 5316 me.
753 5260 885 5334 [etx,
912 5261 1112 5333 2.]Qui
1139 5265 1491 5318 contristatus
1518 5265 1570 5319 in
1602 5265 1788 5331 verbo,
1819 5265 1950 5321 abiit

349 5368 590 5410 mcerens
623 5371 638 5408 :
668 5364 787 5409 erat
816 5355 960 5411 enim
990 5355 1198 5412 habens
1226 5357 1422 5412 multas
1449 5359 1843 5428 possessiones.
1883 5361 1950 5415 Et

347 5447 797 5519 circumspiciens
826 5448 1006 5518 Jesus,
1041 5449 1114 5504 ait
1139 5451 1425 5521 discipulis
1457 5452 1569 5507 suis
1600 5470 1613 5508 :
1642 5451 1812 5521 Quam
1840 5451 1949 5508 dif-

349 5540 495 5596 ﬁcile
518 5540 611 5611 qui
636 5541 892 5612 pecunias
913 5543 1201 5611 habent,in
1229 5558 1453 5614 regnum
1487 5543 1580 5598 Dei
1613 5543 1945 5601 introibunt!

350 5634 615 5706 Discipuli
655 5645 834 5692 autem
873 5636 1339 5707 obstupescebant
1376 5637 1428 5692 in
1474 5640 1656 5694 verbis
1701 5639 1838 5710 ejus.
1880 5640 1953 5694 At

432 5850 453 5874 '
483 5838 604 5913 Non
636 5840 852 5896 additur
885 5842 938 5896 in
970 5843 1174 5898 nostris
1203 5855 1338 5913 mss.
1365 5842 1494 5910 sale,
1521 5843 1660 5913 quod
1685 5852 1863 5901 tamen
1897 5843 1953 5900 in

364 5911 643 5984 plerisque
671 5913 876 5970 Graecis
901 5912 1303 5984 exemplaribus
1328 5926 1522 5968 nomen
1540 5911 1656 5970 'est.

2051 4789 2261 4860 primus
2290 4801 2435 4850 esse,
2467 4786 2568 4840 erit
2596 4785 2836 4840 omnium
2860 4799 3072 4840 servus.
3103 4783 3268 4857 [cxv,
3297 4785 3394 4858 4.]
3427 4785 3559 4842 Nam
3589 4797 3642 4842 et

2051 4881 2195 4938 ﬁlius
2226 4879 2465 4938 hominis
2496 4895 2599 4936 non
2634 4879 2804 4945 venit,
2833 4887 2890 4933 ut
2914 4877 3317 4934 ministraretur
3338 4878 3386 4933 ei
3413 4921 3426 4944 ,
3460 4879 3553 4935 sed
3585 4890 3646 4935 ut

2052 4977 2422 5044 ministraret,
2456 4983 2512 5030 et
2559 4974 2717 5029 daret
2746 4973 2984 5042 animam
3025 4987 3176 5028 suam
3215 4973 3646 5044 redemptionem

2054 5085 2155 5145 pro
2187 5071 2390 5125 multis.
2426 5070 2594 5144 [ομ-ι,
2626 5066 2708 5141 2.]
2731 5067 2797 5122 Ει
2829 5069 3053 5126 veniunt
3082 5066 3329 5136 Jerieho,
3378 5075 3433 5123 et
3482 5067 3646 5138 proli.

2050 5167 2264 5221 ciscens
2294 5179 2359 5220 eo
2384 5163 2452 5220 dc
2475 5162 2693 5219 Jericho
2719 5204 2732 5228 ,
2765 5171 2820 5217 et
2847 5160 3098 5231 discipuli
3138 5160 3276 5231 ejus,
3326 5169 3383 5216 et
3415 5161 3652 5230 plurima

2051 5259 2420 5324 multitudine,
2450 5257 2594 5312 ﬁlius
2627 5256 2814 5311 Timaei
2843 5255 3162 5310 Bartimtrus
3187 5269 3388 5325 cmcus,
3422 5253 3647 5310 sedebat

2048 5361 2199 5427 juxta
2233 5355 2370 5409 viam
2406 5353 2743 5410 mendicans.
2780 5351 2880 5419 Qui
2903 5365 3024 5405 eum
3059 5349 3300 5405 audisset
3331 5351 3455 5421 quia
3487 5349 3648 5407 Jesus

2053 5450 2384 5506 Nazaraenus
2411 5454 2516 5513 est,
2542 5444 2708 5514 coepit
2735 5444 2993 5512 clamare,
3027 5454 3080 5498 et
3118 5442 3304 5500 dicere
3343 5443 3534 5514 :Jesu,
3571 5444 3650 5500 ﬁli

2057 5544 2247 5608 David,
2278 5541 2539 5596 miserere
2571 5539 2697 5594 mei.
2725 5539 2790 5594 Et
2822 5537 3298 5600 comminabantur
3316 5541 3364 5597 ei
3395 5541 3572 5608 multi,
3596 5550 3654 5597 ut

2058 5647 2280 5695 taceret.
2319 5636 2388 5689 At
2409 5633 2505 5689 ille
2528 5634 2700 5688 multo
2733 5632 2905 5703 magis
2935 5632 3208 5689 clamabat
3236 5650 3249 5687 :
3295 5633 3397 5690 Fili
3438 5634 3608 5690 David
3633 5675 3648 5702 ,

2134 5839 2162 5880 δ
2194 5840 2291 5896 llic
2322 5854 2452 5895 vero
2475 5837 2583 5893 duo
2598 5837 2820 5910 Reginae
2841 5851 2973 5893 mss.
2994 5853 3294 5910 pronomen
3315 5852 3430 5892 eum
3454 5835 3656 5908 addunt

2056 5913 2200 5984 quod
2231 5921 2287 5969 et
2310 5912 2551 5968 retinent
2582 5909 2758 5968 Grmci
2788 5909 2940 5966 libri.
