4166 6336
515 372 619 431 599

525 588 591 642 Et
616 597 816 643 vocant
835 602 1039 642 mecum
1065 586 1311 643 dicentes
1359 590 1410 643 ei
1464 605 1476 641 :
1535 589 1907 658 Animmquior
1957 597 2119 643 esto:

525 696 708 750 surge,
737 690 896 737 vocat
928 690 999 736 te.
1030 682 1132 749 Qui
1164 682 1410 751 projecto
1462 683 1789 739 vestimento
1836 697 1934 739 suo
1974 685 2122 739 exsi-

527 774 688 841 liens,
721 775 869 831 venit
892 775 961 831 ad
992 791 1139 830 eum.
1173 776 1240 831 Et
1270 776 1613 848 respondens
1642 775 1806 831 .lesus
1839 776 1975 830 dixit
1996 776 2072 830 illi
2108 795 2118 829 :

519 866 658 933 Quid
692 866 787 923 tibi
809 867 889 923 vis
922 866 1160 922 faciam?
1186 866 1375 923 Caecus
1406 879 1585 922 autem
1611 868 1746 923 dixit
1787 870 1834 922 ei
1862 884 1875 920 :
1910 868 2127 924 Rabbo-

524 963 601 1028 ni,
627 970 684 1016 ut
707 962 942 1018 videam.
971 961 1131 1017 Jesus
1158 969 1341 1017 autem
1371 963 1446 1016 ait
1473 961 1550 1016 illi
1578 979 1592 1015 :
1629 960 1777 1016 Vade
1798 1004 1815 1030 ,
1862 961 1996 1016 ﬁdes
2032 968 2121 1016 tua

524 1064 581 1111 te
603 1056 810 1111 salvum
842 1056 988 1112 fecit.
1023 1056 1089 1110 Et
1126 1055 1422 1111 confestim
1470 1055 1647 1122 vidit,
1693 1065 1749 1111 et
1790 1056 2123 1127 sequebatur

523 1162 647 1205 eum
683 1149 736 1204 in
765 1149 870 1203 via.

597 1238 753 1314 [Cap.
778 1237 869 1294 XI.
902 1254 1068 1307 cxvu,
1100 1237 1183 1311 2.]
1216 1240 1284 1295 Et
1319 1255 1443 1296 cum
1478 1242 1988 1312 appmpinquarent
2033 1240 2124 1297 Je-

526 1334 821 1406 rosolymaz
842 1340 898 1388 et
916 1332 1199 1389 Bethania;
1220 1334 1287 1389 ad
1320 1346 1558 1390 montem
1597 1336 1876 1391 Olivarum
1901 1379 1919 1407 ,
1962 1335 2126 1390 mittit

523 1429 666 1484 duos
696 1443 766 1483 ex
800 1428 1082 1498 discipulis
1112 1428 1249 1495 suis,
1279 1440 1334 1485 et
1368 1431 1443 1484 ait
1473 1430 1585 1484 illis
1618 1448 1631 1484 :
1684 1429 1763 1486 lte
1815 1429 1870 1483 in
1927 1430 2125 1485 castel-

521 1522 658 1589 lum,
681 1523 828 1594 quod
856 1532 1047 1577 contra
1071 1538 1168 1577 vos
1194 1534 1298 1582 est.
1326 1535 1379 1579 et
1429 1526 1612 1580 statim
1663 1525 2010 1579 introeuntes
2064 1524 2127 1579 il-

519 1614 631 1679 lnc,
664 1616 957 1671 invenietis
983 1615 1190 1685 pullum
1226 1617 1445 1687 ligatum
1471 1658 1485 1682 ,
1535 1632 1698 1686 super
1746 1631 1905 1684 quem
1961 1632 2125 1672 nemo

523 1706 702 1762 adhuc
731 1705 1011 1762 hominum
1040 1708 1181 1762 sedit
1214 1709 1448 1764 :solvite
1498 1708 1650 1763 illum
1679 1753 1693 1777 ,
1747 1718 1801 1764 et
1845 1708 2120 1765 adducite.

524 1798 594 1853 Et
623 1799 668 1853 si
691 1798 815 1869 quis
846 1798 1002 1855 vobis
1028 1798 1264 1854 dixerit:
1309 1800 1448 1867 Quid
1491 1800 1703 1855 facitis?
1732 1801 1896 1856 dicite
1926 1844 1941 1869 ,
1995 1802 2120 1871 quia

1521 376 1578 433 S.
1621 374 2002 434 HIERONYMI
2042 374 2274 434 DIVINA
2314 377 2793 436 BIBLIOTHECA.

520 494 787 549 miserere
809 494 938 548 mei.
972 490 1038 548 Et
1066 500 1218 548 stans
1243 491 1400 549 Jesus
1426 494 1681 564 praecepit
1713 495 1865 549 illum
1894 494 2101 548 vocari.
2139 498 2188 556 Α
2219 494 2399 567 [cxxv,
2430 495 2509 567 4.]
2546 496 2839 566 Propterea
2873 497 2996 553 dico
3025 499 3176 554 vobis
3202 540 3218 564 .

3715 385 3818 443 (00

3258 500 3438 556 omnia
3464 516 3820 574 quascumque

2226 595 2448 642 orantes
2472 588 2676 657 petitis,
2700 587 2908 645 credite
2934 589 3057 661 quia
3099 591 3377 663 accipietis
3402 635 3418 659 ,
3468 602 3525 650 et
3567 594 3825 652 evenient

2228 682 2400 736 vobis.
2435 680 2641 754 [cxxvr,
2665 679 2746 753 6.]
2780 683 2844 738 Et
2874 698 2999 739 cum
3028 684 3242 739 stabitis
3282 686 3350 739 ad
3394 686 3657 743 orandum
3684 730 3700 753 ,
3739 687 3824 744 di-

2229 775 2428 831 mittite
2450 776 2494 830 si
2522 777 2649 845 quid
2683 776 2899 833 habetis
2919 777 3183 834 adversus
3206 780 3439 851 aliquem
3478 796 3493 836 :
3526 790 3585 836 ut
3628 792 3685 838 et
3719 781 3825 837 Pa-

2228 875 2313 922 ter
2338 878 2518 924 vester
2546 868 2636 934 qui
2678 867 2734 922 in
2763 867 2920 923 ctelis
2946 877 3063 938 est,
3112 869 3351 926 dimittat
3401 871 3554 928 vobis
3601 884 3826 943 peccata

2224 972 2427 1016 vestra.
2445 962 2599 1029 Quod
2627 965 2673 1018 si
2703 978 2799 1019 vos
2823 978 2931 1019 non
2948 963 3269 1020 dimiseritis
3286 981 3302 1018 :
3321 980 3422 1021 nec
3443 966 3606 1023 Pater
3622 978 3823 1037 vester,

2226 1058 2406 1129 quiin
2457 1059 2615 1115 ctelis
2672 1070 2755 1115 est
2784 1100 2801 1128 ,
2856 1059 3098 1117 dimittet
3145 1061 3304 1117 vobis
3354 1072 3577 1131 peccata
3622 1073 3823 1120 vestra.

2227 1154 2451 1229 [cxxvtt,
2480 1152 2561 1225 2.]
2589 1154 2657 1209 Et
2677 1155 2906 1210 veniunt
2926 1170 3117 1211 rursus
3148 1155 3569 1228 Jerosnlymam.
3604 1155 3673 1211 Et
3699 1172 3824 1213 cum

2226 1246 2532 1302 ambularet
2562 1247 2617 1302 in
2653 1247 2880 1317 templo,
2906 1246 3172 1303 accedunt
3221 1247 3287 1303 ad
3332 1264 3457 1304 eum
3507 1249 3705 1305 summi
3739 1264 3827 1306 sa-

2226 1340 2499 1401 cerdotes.
2520 1349 2577 1395 et
2601 1342 2816 1405 scribae,
2842 1355 2895 1397 et
2917 1344 3161 1398 seniores
3191 1362 3203 1397 :
3231 1353 3286 1397 et
3316 1343 3505 1398 dicunt
3532 1344 3579 1397 ei
3599 1360 3612 1397 :
3634 1342 3687 1398 in
3719 1330 3828 1416 qua

2226 1443 2496 1504 potestate
2526 1433 2644 1489 haec
2677 1433 2849 1490 facis?
2873 1443 2928 1489 et
2960 1437 3083 1506 quis
3105 1434 3252 1490 dedit
3283 1434 3376 1491 tibi
3421 1433 3560 1492 hanc
3588 1444 3829 1505 potesta—

2228 1535 2358 1589 tem,
2388 1536 2445 1581 tit
2478 1527 2579 1581 ista
2608 1526 2808 1581 facias?
2833 1527 2995 1583 Jesus
3014 1537 3194 1583 autem
3224 1528 3597 1598 reSpondens,
3648 1529 3724 1584 ait
3763 1528 3828 1584 il-

2227 1619 2296 1674 lis
2322 1635 2336 1673 :
2367 1619 2719 1690 InterrOgahn
2750 1637 2849 1676 vos
2880 1634 2934 1677 et
2965 1637 3066 1693 ego
3095 1639 3261 1677 unum
3294 1623 3521 1678 verbum
3546 1665 3561 1690 ,
3626 1632 3682 1679 et
3738 1639 3829 1679 re-

2226 1713 2493 1782 spondete
2519 1714 2690 1767 mihi‘:
2720 1725 2773 1769 et
2803 1715 2981 1769 dicam
3015 1715 3171 1771 vobis
3193 1716 3246 1769 in
3267 1731 3373 1787 qua
3406 1725 3675 1786 potestate
3707 1715 3824 1772 haec

2227 1805 2445 1861 faciam.
2481 1806 2788 1872 Baptismus
2808 1806 3036 1862 Joannis
3058 1852 3073 1877 ,
3104 1807 3173 1863 de
3196 1808 3335 1863 coelo
3366 1821 3504 1872 erat,
3540 1824 3606 1863 an
3631 1822 3695 1863 ex
3724 1809 3827 1863 ho-

525 1890 761 1946 Domino
787 1892 1133 1947 necessarius
1159 1901 1245 1947 est
1272 1910 1283 1945 :
1316 1903 1369 1948 et
1396 1894 1657 1949 continuo
1698 1894 1846 1948 illum
1884 1893 2121 1949 dimittet
2153 1888 2200 1948 B
2229 1900 2502 1956 minibus?
2533 1900 2878 1971 Respondete
2901 1901 3054 1956 mihi.
3079 1902 3149 1958 At
3177 1902 3583 1972 illirogitahant
3613 1918 3826 1968 secum,

524 1982 652 2038 huc.
687 1981 892 2055 [CXVII],
923 1981 1003 2054 2.]
1032 1984 1096 2038 Et
1141 1983 1404 2039 abeuntes
1443 1985 1771 2041 invenerunt
1819 1984 2025 2056 pullum
2060 1983 2125 2039 li-

524 2088 708 2146 gatum
738 2087 866 2133 ante
889 2077 1114 2148 ianuam
1143 2077 1278 2134 foris
1308 2079 1361 2133 in
1392 2078 1537 2135 bivio
1563 2098 1574 2133 :
1618 2088 1674 2136 et
1715 2079 1935 2136 solvunt
1974 2094 2120 2135 eum.

526 2168 595 2224 Et
626 2170 846 2241 quidam
875 2170 945 2227 de
969 2170 1084 2226 illic
1114 2173 1388 2228 stantibus
1409 2173 1664 2229 dicebant
1684 2175 1793 2229 illis
1820 2192 1832 2228 :
1861 2174 2001 2242 Quid
2047 2173 2124 2228 fa-

525 2264 650 2318 citis
674 2266 948 2320 solventes
976 2265 1216 2334 pullnm?
1240 2265 1345 2332 Qui
1368 2266 1624 2322 dixerunt
1645 2266 1726 2321 eis
1752 2266 1894 2322 sicut
1921 2281 2124 2337 praece-

528 2366 683 2426 perat
709 2356 818 2412 illis
846 2356 1029 2425 Jesus,
1055 2367 1109 2412 et
1127 2356 1453 2412 dimiserunt
1479 2360 1578 2413 eis.
1611 2359 1675 2413 Et
1706 2358 1980 2414 duxerunt
2006 2360 2125 2429 pul-

528 2453 643 2507 lum
668 2451 736 2507 ad
765 2453 950 2509 Jesum
978 2472 991 2507 :
1020 2464 1076 2509 et
1106 2454 1391 2523 imponunt
1421 2453 1498 2507 illi
1529 2454 1847 2508 vestimenta
1882 2468 1976 2506 sua
2010 2494 2026 2519 ,
2069 2464 2123 2509 et

523 2546 669 2602 sedit
696 2562 861 2618 super
883 2562 1031 2603 eum.
1060 2547 1211 2602 Multi
1238 2558 1418 2603 autem
1445 2551 1766 2605 vestimenta
1795 2564 1889 2603 sua
1916 2557 2123 2605 strave-

527 2651 653 2697 runt
679 2642 732 2695 in
762 2641 846 2697 via
877 2658 892 2697 :
926 2622 1016 2696 alii
1046 2651 1227 2698 autem
1252 2642 1475 2697 frondes
1496 2643 1780 2699 caedebant
1806 2642 1875 2698 de
1905 2644 2120 2698 arbori-

525 2735 648 2798 bus,
677 2745 733 2791 et
762 2733 1077 2791 sternebant
1111 2738 1164 2790 in
1196 2736 1495 2808 via.[cux,
1521 2736 1599 2809 1.]
1631 2736 2118 2807 thuiprtcibant,

526 2838 582 2883 et
601 2827 694 2899 qui
723 2830 1113 2900 sequebantur,
1145 2828 1478 2893 clamabant,
1506 2830 1751 2885 dicentes
1786 2848 1799 2884 :
1826 2829 2080 2885 llosanna
2108 2849 2119 2883 :

523 2920 853 2978 Benedictus
879 2922 971 2992 qui
999 2923 1157 2978 venit
1187 2923 1240 2977 in
1272 2922 1494 2977 nomine
1514 2922 1748 2978 Domini.
1771 2921 2120 2979 Benedictum

523 3016 669 3086 quod
698 3015 848 3072 venit
870 3031 1095 3086 regnum
1121 3017 1290 3084 patris
1321 3016 1493 3071 nostri
1522 3014 1693 3071 David
1727 3032 1741 3071 :
1771 3014 2026 3070 Hosauna
2067 3016 2120 3069 in

523 3109 773 3164 excelsis.
803 3108 951 3181 [cxx,
984 3107 1065 3180 6.]
1100 3109 1169 3164 Et
1198 3111 1446 3164 introivit
1475 3108 1873 3182 Jerosolymatn
1903 3110 1957 3164 in
1988 3118 2124 3165 tem-

523 3201 671 3272 plum
707 3218 721 3254 :
750 3210 807 3257 et
834 3201 1247 3272 circumspectis
1276 3202 1567 3269 omnibus,
1596 3216 1724 3257 cum
1753 3201 1862 3270 jam
1892 3215 2120 3272 vespera

2229 1996 2475 2051 dicentes
2508 2012 2523 2050 :
2561 1993 2617 2050 Si
2650 1996 2977 2061 dixerimus,
3010 1995 3080 2051 de
3107 1996 3267 2061 ctelo,
3301 1995 3678 2065 dicet:Quare
3697 2009 3829 2067 ergo

2230 2104 2335 2143 non
2360 2085 2670 2143 credidistis
2694 2087 2784 2143 ei?
2808 2096 2835 2125 ι
2857 2087 2914 2144 Si
2943 2086 3264 2155 dixerimus,
3298 2102 3365 2144 ex
3404 2086 3735 2152 hominibus,
3762 2089 3830 2142 ti-

2231 2195 2442 2236 memus
2468 2181 2750 2251 pepulum.
2783 2178 2986 2235 Omnes
3029 2181 3175 2235 enim
3237 2180 3506 2236 habebant
3558 2181 3827 2236 Joannem

2227 2273 2353 2344 quia
2385 2288 2514 2329 vere
2564 2272 2830 2345 propheta
2866 2282 3034 2328 esset.
3083 2273 3148 2328 Et
3186 2273 3581 2346 respondentes
3632 2275 3828 2329 dicunt

2227 2365 2354 2421 Jcsn
2381 2384 2394 2420 :
2428 2365 2738 2422 Nescimus.
2774 2365 2840 2419 Et
2866 2363 3205 2435 respondens
3235 2365 3395 2421 .lesus
3417 2368 3495 2421 ait
3522 2366 3629 2421 illis
3659 2380 3673 2421 :
3722 2366 3828 2421 Ne-

2227 2475 2331 2530 que
2360 2474 2462 2530 ego
2484 2460 2609 2515 dico
2631 2459 2787 2515 vobis
2816 2460 2870 2514 in
2898 2475 3004 2530 qua
3034 2467 3303 2531 potestate
3336 2460 3453 2515 haec
3479 2460 3692 2515 faciam.

2309 2551 2459 2623 [ϐαρ.
2502 2551 2620 2607 XII.
2660 2566 2883 2617 cxxvm,
2923 2550 3005 2624 5.]
3044 2551 3109 2607 Et
3140 2552 3308 2622 ctepit
3332 2553 3436 2607 illis
3463 2554 3516 2607 in
3550 2551 3824 2623 parabolis

2232 2646 2382 2715 loqui
2414 2663 2429 2701 :
2460 2645 2684 2701 Vineam
2713 2648 3013 2717 pastinavit
3039 2647 3236 2711 h‘omo,
3269 2656 3328 2701 et
3356 2644 3716 2701 circumdedit
3737 2658 3827 2701 sc-

2232 2753 2374 2809 pem,
2412 2748 2467 2793 et
2493 2738 2630 2794 fodit
2655 2738 2855 2802 lacum,
2890 2749 2944 2794 et
2966 2738 3252 2794 :ediﬁeavit
3283 2741 3476 2793 turrim
3498 2779 3512 2804 ,
3541 2749 3596 2794 et
3624 2738 3826 2793 locavit

2227 2846 2352 2886 eam
2379 2829 2658 2901 agricolis,
2687 2842 2743 2885 et
2779 2844 3009 2901 peregre
3037 2829 3315 2901 profectus
3340 2840 3442 2885 est.
3472 2830 3537 2884 Et
3579 2830 3725 2885 misit
3751 2827 3824 2884 ad

2228 2924 2497 2995 agricolas
2525 2924 2581 2978 in
2609 2930 2859 2993 tempore
2895 2937 3138 2989 servum,
3186 2932 3245 2979 ut
3280 2922 3349 2977 ab
3393 2923 3646 2993 agricolis
3675 2922 3823 2977 acci-

2228 3028 2383 3089 peret
2409 3018 2478 3074 de
2503 3020 2680 3073 fructu
2701 3019 2899 3073 vineae.
2933 3017 3034 3085 Qui
3081 3018 3484 3089 apprehensum
3523 3032 3646 3073 eum
3673 3016 3822 3072 ceci-

2226 3110 2446 3177 derunt,
2474 3120 2531 3166 et
2561 3110 2889 3167 dimiserunt
2936 3126 3188 3166 vacuum.
3238 3112 3305 3165 Et
3339 3112 3535 3166 iterum
3579 3109 3725 3165 misit
3752 3107 3821 3162 ad

2229 3203 2351 3258 illos
2400 3203 2567 3259 alium
2596 3218 2815 3258 servum
2859 3221 2872 3257 :
2920 3213 2973 3257 et
3008 3202 3165 3256 illum
3198 3202 3253 3257 in
3293 3202 3471 3273 capite
3499 3201 3822 3257 vulnerave-

522 3304 670 3352 esset
697 3294 855 3364 hora,
882 3296 1015 3351 exiit
1059 3296 1112 3351 in
1160 3296 1477 3351 Bethaniam
1520 3311 1644 3353 cum
1688 3296 2002 3353 duodecim.
2057 3289 2197 3353 Ειο
2227 3305 2386 3361 runt,
2420 3304 2476 3351 et
2506 3297 2855 3352 contumeliis
2906 3295 3224 3352 affecerunt.
3274 3297 3341 3350 Et
3388 3310 3607 3351 rursum
3651 3294 3818 3351 alium

522 3388 630 3444 alia
658 3387 748 3444 die
778 3403 900 3444 cum
946 3389 1160 3445 exirent
1193 3404 1222 3443 a
1258 3389 1516 3444 Bethania
1548 3433 1562 3457 ,
1615 3389 1825 3445 esuriit.
1870 3389 2117 3461 Cumque

522 3482 749 3538 vidisset
769 3497 799 3538 a
830 3484 988 3553 longe
1017 3484 1177 3537 ficum
1210 3482 1499 3538 habentem
1524 3481 1649 3539 folia
1682 3524 1697 3549 ,
1729 3482 1876 3539 venit
1911 3484 1957 3539 si
1989 3482 2119 3553 quid

525 3573 666 3631 forte
685 3575 956 3631 inveniret
991 3576 1046 3630 in
1077 3590 1160 3631 ea.
1189 3575 1408 3630 Etcum
1441 3577 1679 3631 venisset
1697 3575 1767 3630 ad
1796 3591 1938 3642 eam,
1985 3574 2121 3631 nihil

521 3668 735 3725 invenit
765 3678 965 3741 prteter
993 3670 1119 3725 folia
1163 3688 1177 3724 :
1222 3685 1328 3725 non
1362 3671 1509 3726 enim
1555 3678 1676 3727 erat
1722 3680 1939 3742 tempus
1991 3670 2121 3725 lico-

521 3776 663 3817 rnm.
690 3761 756 3817 Et
783 3761 1121 3831 respondens
1150 3762 1292 3818 dixit
1313 3763 1362 3818 ei
1394 3764 1550 3819 :Jaui
1576 3779 1681 3818 non
1707 3764 1937 3834 amplius
1962 3764 2012 3818 in
2041 3780 2121 3818 te-

525 3863 737 3910 ternum
766 3870 835 3910 ex
860 3863 910 3910 te
940 3854 1182 3910 fructum
1210 3857 1498 3927 quisquam
1554 3857 1868 3913 manducet.
1918 3857 1985 3911 Et
2024 3870 2121 3911 au-

521 3947 741 4004 diebant
756 3948 1010 4019 discipuli
1027 3950 1342 4023 ejus.[exxt,
1362 3950 1515 4023 l.]Et
1532 3951 1685 4008 venit
1699 3949 2116 4023 Jerosolymam,

521 4040 733 4099 Etcum
764 4043 1047 4099 introisset
1080 4043 1134 4098 in
1169 4044 1428 4114 templum
1457 4090 1471 4111 ,
1526 4046 1697 4114 erepit
1743 4044 1944 4114 ejicere
1988 4059 2119 4099 vcn-

520 4136 737 4204 dentes,
769 4147 824 4192 et
853 4146 1105 4193 ementes
1144 4138 1196 4191 in
1232 4136 1474 4206 templo:
1509 4147 1563 4192 et
1606 4151 1822 4192 mensas
1867 4138 2117 4193 numula-

520 4228 730 4284 rioruut
772 4237 828 4282 et
855 4228 1143 4284 cathedras
1177 4229 1528 4285 vendentium
1576 4230 1856 4285 columbas
1899 4233 2111 4287 evertit.

519 4323 589 4378 Et
615 4337 721 4377 non
752 4324 991 4390 sinebat,
1014 4333 1076 4379 ut
1099 4324 1383 4395 quisquam
1413 4324 1730 4380 transferret
1753 4341 1846 4379 vas
1865 4341 1961 4396 per
1985 4336 2118 4381 tem-

520 4417 704 4487 plum:
740 4428 795 4471 et
823 4418 1074 4485 decebat,
1102 4418 1293 4473 dicens
1321 4418 1400 4473 eis
1428 4436 1443 4473 :
1467 4419 1662 4475 Nonne
1690 4421 1949 4491 scriptum
1980 4430 2062 4476 est
2097 4438 2111 4476 :

519 4509 658 4577 Quia
687 4510 880 4566 domus
908 4527 1051 4579 mea,
1076 4511 1271 4566 domus
1307 4512 1568 4567 nrationis
1613 4514 1894 4569 vocabitur
1934 4515 2112 4569 omni-

519 4601 621 4659 bus
642 4603 937 4672 gentibus?
965 4603 1069 4658 Vos
1095 4612 1279 4658 autem
1311 4604 1516 4659 fecistis
1546 4620 1665 4660 eam
1691 4608 2004 4674 Speluncam
2032 4607 2110 4661 la-

2233 3391 2400 3452 misit.
2433 3399 2489 3446 et
2522 3390 2671 3445 illum
2701 3390 3024 3445 occiderunt
3068 3407 3084 3444 :
3114 3397 3171 3444 et
3210 3388 3398 3460 plures
3436 3388 3572 3443 alios
3603 3406 3618 3442 :
3649 3401 3817 3458 quos-

2223 3485 2349 3541 dam
2382 3485 2689 3550 caedentes,
2742 3485 2879 3540 alins
2922 3497 3054 3538 vero
3095 3482 3434 3537 occidentes.
3466 3482 3656 3537 Adhuc
3684 3495 3814 3551 ergo

2224 3595 2389 3634 unum
2415 3580 2623 3635 habens
2654 3578 2822 3633 lilium
2856 3576 3243 3632 charissimum
3271 3591 3286 3629 :
3317 3583 3372 3631 et
3401 3575 3547 3630 illum
3576 3574 3725 3629 misit
3748 3574 3819 3629 ad

2223 3687 2321 3729 eos
2352 3672 2733 3736 novissimum,
2767 3670 2991 3725 dicens:
3032 3671 3158 3738 quia
3207 3668 3605 3724 reverebuntur
3646 3666 3819 3723 filium

2224 3779 2431 3819 meum.
2462 3762 2656 3818 Coloni
2688 3770 2869 3817 autem
2901 3762 3164 3817 dixerunt
3189 3761 3257 3816 ad
3297 3762 3526 3816 invicem
3565 3778 3578 3815 :
3615 3760 3711 3815 llic
3737 3767 3824 3815 cst

2223 3858 2400 3916 haeres
2430 3877 2442 3914 :
2470 3860 2673 3926 venite,
2691 3857 3006 3915 occidamus
3025 3871 3149 3912 eum
3181 3874 3193 3910 :
3227 3866 3282 3911 ct
3310 3866 3497 3911 nostra
3519 3854 3621 3909 erit
3644 3853 3825 3909 haere-

2222 3954 2386 4011 ditas.
2420 3955 2485 4009 Et
2516 3951 2997 4024 apprehendentes
3036 3966 3191 4017 eum,
3225 3947 3545 4006 occiderunt
3573 3966 3587 4004 :
3618 3959 3674 4003 et
3709 3947 3824 4017 eje-

2221 4057 2417 4103 cerunt
2442 4055 2596 4102 extra
2629 4047 2862 4100 vineam.
2906 4044 3046 4111 Quid
3076 4059 3209 4114 ergo
3248 4042 3410 4097 faciet
3450 4040 3709 4096 dominus
3743 4040 3817 4093 vi-

2222 4138 2382 4195 ncte?
2412 4138 2621 4204 Veniet,
2667 4147 2722 4192 et
2763 4137 2956 4208 perdet
2983 4136 3210 4190 colonos
3243 4151 3259 4194 ;
3303 4142 3361 4188 et
3401 4133 3552 4189 dabit
3598 4133 3818 4187 vineam

2218 4234 2362 4290 aliis.
2393 4232 2504 4287 Nec
2554 4232 2879 4300 scripturam
2911 4230 3053 4283 hanc
3082 4228 3291 4297 legistis
3326 4244 3339 4281 :
3374 4225 3635 4297 Lapidem
3656 4238 3820 4295 quem

2221 4326 2659 4396 reprobaverunt
2696 4322 3050 4387 mdilicantes,
3101 4320 3189 4376 hic
3230 4323 3404 4376 factus
3440 4319 3607 4375 estin
3654 4324 3819 4388 caput

2219 4418 2403 4490 anguli
2435 4436 2448 4472 :
2483 4419 2524 4472 A
2556 4416 2788 4473 Domino
2820 4415 3018 4471 factum
3049 4424 3137 4471 est
3164 4414 3304 4468 istud
3325 4454 3338 4478 ,
3366 4421 3420 4467 et
3449 4422 3534 4467 est
3562 4409 3816 4466 mirabile

2220 4512 2276 4566 in
2306 4508 2475 4565 oculis
2505 4509 2754 4564 nostris?
2800 4507 2983 4580 [cxxtx
3019 4548 3032 4572 ,
3088 4506 3166 4580 1.]
3208 4507 3277 4561 Et
3320 4505 3642 4575 quaerebant
3688 4518 3813 4559 eum

2228 4611 2417 4657 tenere
2455 4617 2466 4652 :
2498 4608 2556 4655 et
2609 4600 2907 4655 timuerunt
2956 4599 3190 4653 turbant.
3235 4596 3623 4666 Cognuverunt
3667 4593 3814 4650 enim

519 4703 758 4749 trouum.
799 4694 963 4767 [cxxn
995 4735 1011 4761 ,
1065 4694 1141 4766 1.]
1167 4694 1287 4764 Quo
1315 4697 1522 4761 audito,
1553 4699 1824 4769 principes
1859 4699 2115 4757 sacerdo-
2147 4683 2196 4743 Ι)
2220 4693 2478 4762 quoniam
2511 4690 2580 4746 ad
2611 4704 2707 4745 eos
2751 4687 3064 4757 parabolam
3110 4688 3252 4742 haue
3280 4687 3497 4741 dixerit.
3528 4684 3593 4740 Et
3621 4682 3816 4740 relicto

521 4796 635 4843 tum
663 4796 720 4843 et
744 4787 938 4843 scribae
967 4788 1282 4858 quaerebant
1311 4789 1586 4858 quomodo
1616 4805 1738 4845 cum
1782 4790 2073 4860 perderent
2097 4808 2112 4844 :

521 4881 786 4937 timebant
812 4882 960 4938 enim
984 4896 1134 4948 eum,
1165 4881 1421 4952 quoniam
1454 4883 1707 4939 universa
1742 4884 1900 4939 turba
1940 4883 2115 4940 admi-

515 4978 746 5033 rabatur
775 4994 944 5049 super
968 4977 1213 5033 doctrina
1244 4976 1384 5047 ejus.
1417 4978 1433 5051 [
1458 4992 1627 5033 cxxut
1656 5019 1671 5047 ,
1715 4978 1802 5034 lt).
1829 4976 1847 5049 J
1893 4979 1959 5034 Et
1988 4994 2111 5035 cum

517 5086 750 5141 vespera
778 5071 916 5128 facta
933 5079 1098 5135 esset,
1130 5069 1513 5142 egrediebatur
1532 5070 1600 5127 de
1622 5072 1866 5128 civitate.
1900 5072 2109 5127 Etcum

514 5179 676 5221 mane
700 5165 1019 5233 transirent,
1050 5166 1299 5221 viderunt
1329 5165 1491 5221 ficum
1513 5164 1721 5220 aridam
1744 5163 1939 5220 factam
1966 5180 1997 5219 a
2027 5180 2114 5220 ra-

509 5255 744 5312 dicibus.
768 5258 975 5327 lcxxw,
1008 5255 1087 5330 6.]
1114 5258 1179 5313 Et
1201 5258 1524 5315 recordatus
1573 5258 1801 5328 Petrus,
1850 5257 1988 5314 dixit
2017 5259 2108 5315 ei:

513 5349 712 5415 Rabbi,
742 5365 871 5405 ecce
893 5350 1052 5422 licus,
1081 5352 1169 5407 cui
1203 5351 1558 5419 maledixisti,
1586 5352 1749 5408 aruit.
1787 5352 1852 5407 Et
1881 5367 2110 5423 respon-

507 5443 651 5500 dens
676 5443 835 5499 .lesus
864 5445 941 5499 ait
966 5444 1073 5501 illis
1101 5461 1116 5501 :
1141 5445 1347 5502 Habeto
1400 5445 1558 5502 fidem
1608 5446 1727 5502 Dei.
1778 5447 1951 5502 Amen
1985 5445 2109 5503 dico

509 5536 691 5603 vobis,
719 5538 844 5607 quia
872 5540 1201 5610 quicumque
1230 5538 1430 5595 dixerit
1457 5537 1585 5595 huic
1615 5537 1786 5595 menti
1821 5556 1832 5592 :
1864 5538 2104 5606 Tollere,

503 5640 563 5685 et
592 5630 811 5685 mittere
840 5632 894 5687 in
922 5646 1109 5699 mare;
1141 5644 1199 5689 et
1223 5647 1329 5687 non
1352 5630 1685 5688 haesitaverit
1712 5630 1767 5686 in
1795 5630 1959 5687 corde
1980 5646 2101 5700 suo,

496 5720 601 5776 sed
620 5721 918 5780 crediderit
943 5726 1069 5796 quia
1095 5724 1477 5798 quodcumque
1504 5723 1727 5795 dixerit,
1756 5724 1870 5792 flat;
1908 5722 2000 5779 fiet
2027 5723 2098 5779 ei.

2219 4804 2307 4853 eo,
2356 4788 2629 4844 abierunt.
2671 4784 2832 4859 [cxxx
2863 4826 2878 4852 ,
2907 4782 2990 4853 2.]
3021 4782 3092 4838 Et
3121 4783 3339 4837 mittunt
3370 4782 3437 4837 ad
3480 4796 3605 4837 eum
3625 4792 3816 4868 'quos-

2218 4881 2342 4938 dam
2372 4896 2444 4936 ex
2472 4876 2782 4942 i’hariszeis,
2810 4885 2867 4931 et
2909 4873 3256 4943 Herodianis,
3294 4882 3351 4929 ut
3399 4888 3523 4928 eum
3552 4880 3815 4940 caperent

2217 4976 2272 5030 in
2304 4973 2491 5030 verbo.
2515 4972 2618 5039 Qui
2647 4971 2929 5028 venientes
2954 4968 3144 5024 dicunt
3173 4969 3222 5023 ei
3259 4984 3275 5023 :
3302 4967 3580 5039 Magister,
3609 4966 3813 5023 scimus

2213 5071 2337 5141 quia
2362 5083 2531 5123 verax
2559 5082 2640 5130 es,
2688 5077 2742 5121 et
2772 5080 2879 5120 non
2911 5080 3070 5120 curas
3098 5078 3427 5134 quemquam
3463 5081 3478 5117 :
3522 5078 3624 5120 nec
3664 5063 3811 5118 enim

2218 5161 2369 5217 vides
2398 5160 2450 5215 in
2486 5160 2677 5215 faciem
2706 5160 3009 5225 hominum,
3053 5156 3152 5212 sed
3195 5157 3249 5211 in
3281 5157 3513 5213 veritate
3542 5153 3683 5211 viam
3715 5154 3817 5211 Dei

2214 5253 2400 5309 doces.
2422 5251 2577 5308 Licet
2601 5250 2720 5306 dati
2750 5250 3008 5306 tributum
3040 5247 3269 5313 Caesari,
3296 5263 3364 5303 an
3389 5262 3496 5315 non
3521 5245 3813 5303 dabimus?

2213 5348 2316 5418 Qui
2348 5348 2527 5403 sciens
2558 5345 2854 5403 versutiam
2902 5343 3120 5399 illorum
3145 5383 3161 5407 ,
3211 5341 3287 5396 ait
3333 5341 3441 5396 illis
3477 5360 3489 5394 :
3538 5339 3680 5407 Quid
3723 5353 3814 5395 me

2213 5442 2483 5501 tentatis?
2512 5439 2702 5496 afferte
2730 5438 2866 5494 mihi
2913 5436 3224 5502 denarium,
3272 5444 3331 5490 ut
3359 5433 3598 5492 videam.
3630 5434 3701 5489 At
3731 5432 3815 5490 illi

2216 5535 2513 5591 attulerunt
2538 5534 2610 5588 ei.
2644 5530 2713 5587 Et
2750 5532 2826 5586 ait
2853 5530 2960 5587 illis
2992 5549 3005 5585 :
3032 5528 3203 5600 Cujus
3243 5536 3329 5584 est
3359 5528 3536 5599 imago
3585 5527 3727 5593 haec,
3756 5535 3813 5582 et

2215 5629 2502 5699 inscriptio
2531 5626 2555 5681 ‘l
2586 5626 2786 5682 Dicunt
2811 5626 2861 5681 ei
2890 5644 2904 5682 :
2935 5624 3192 5681 Caesaris.
3227 5621 3586 5694 Respondeas
3629 5630 3813 5676 autem

2211 5725 2394 5793 Jesus,
2432 5723 2567 5779 dixit
2595 5723 2706 5778 illis
2740 5740 2751 5776 :
2787 5722 3022 5779 Reddite
3052 5721 3219 5792 igitur
3242 5735 3364 5792 qua:
3386 5728 3513 5775 sunt
3537 5717 3767 5775 Caesaris
3791 5757 3808 5784 ,

494 5956 511 5978 τ
571 5912 598 5943 ι
616 5903 766 5968 Unus
787 5910 1010 5985 Reginae
1034 5926 1167 5978 ms.,
1188 5911 1453 5977 dicemus;
1474 5918 1590 5968 tum
1613 5909 1803 5981 juncto
1826 5906 2105 5967 vetustiori
2132 5906 2330 5975 altero,
2366 5904 2630 5975 timebant,
2646 5918 2746 5976 pro
2766 5904 3026 5974 ﬁniemus,
3046 5902 3199 5977 juxta
3216 5902 3471 5962 Grtccum
3494 5903 3802 5976 ὶφοϐοῦντο.
