4166 6336
342 347 444 405 601

1386 345 1831 404 EVANGELIUM
1874 345 2245 405 SECUNDUM
2287 347 2600 405 MARCUM.

3535 348 3646 405 602

342 463 547 519 Caesari
578 482 587 515 :
622 472 675 517 et
707 477 829 533 qua:
860 471 984 517 sunt
1012 461 1124 529 Dei,
1161 462 1290 515 Deo.
1323 461 1389 515 Et
1418 462 1751 518 mirabantur
1782 475 1943 528 super
1972 464 2023 524 Α
2049 462 2151 516 sub
2176 464 2402 529 obtentu
2430 462 2653 532 prolixae
2680 461 2946 517 orationis
2978 480 2987 515 :
3017 462 3067 516 hi
3090 462 3358 533 accipient
3382 465 3649 534 prolixius

348 576 435 615 eo.
470 560 538 614 Et
570 570 835 614 venerunt
865 559 928 612 ad
958 574 1080 612 eum
1104 556 1410 623 Sadducmi,
1435 558 1523 629 qui
1552 557 1738 612 dicunt
1767 573 1948 611 resur-

343 656 651 711 rectionem
677 668 781 708 non
807 669 926 708 esse
962 672 972 706 :
999 662 1053 707 et
1086 654 1500 722 interrogabam
1520 669 1642 708 eum
1668 654 1945 708 dicentes:

343 749 603 819 Magister
627 789 641 812 ,
693 748 905 819 Moyses
954 747 1110 801 nobis
1139 747 1377 817 scripsit,
1413 755 1472 801 ut
1522 749 1565 801 si
1598 748 1750 817 cujus
1781 746 1949 802 frater

346 854 599 899 mortuus
632 844 815 911 fuerit,
850 854 903 897 et
951 842 1220 897 dimiserit
1267 857 1520 907 uxorem,
1554 854 1608 897 et
1645 843 1789 897 filios
1843 858 1947 898 non

345 938 656 1004 reliquerit,
688 936 917 1006 accipiet
944 937 1110 991 frater
1139 938 1258 1006 ejus
1282 952 1503 990 uxorem
1537 938 1704 1005 ipsius
1732 978 1749 1005 ,
1786 946 1842 992 rt
1868 952 1950 991 re-

344 1029 580 1085 suscitet
600 1045 785 1084 semen
814 1028 971 1082 fratri
1001 1043 1121 1082 suo.
1147 1030 1367 1097 Septem
1392 1045 1522 1099 ergo
1542 1031 1738 1085 fratres
1762 1039 1947 1084 erant:

344 1132 403 1177 et
427 1126 638 1195 primus
676 1123 889 1192 accepit
922 1138 1168 1188 uxorem,
1199 1132 1253 1177 et
1300 1135 1546 1177 tnortuus
1576 1135 1680 1189 est,
1733 1139 1837 1177 non
1867 1139 1951 1177 re-

348 1217 482 1272 licto
509 1219 744 1272 semine.
781 1218 851 1272 Et
877 1218 1150 1271 secundus
1195 1224 1405 1286 accepit
1434 1232 1573 1273 eam.
1620 1226 1676 1270 et
1710 1228 1952 1271 mortuus

345 1322 430 1365 est
458 1326 471 1363 :
499 1319 555 1365 et
584 1326 683 1365 nec
716 1310 819 1365 iste
848 1309 1068 1377 reliquit
1110 1324 1318 1363 semen.
1356 1309 1421 1362 Et
1454 1309 1641 1363 let'lius
1670 1308 1945 1363 similiter.

347 1404 414 1459 Et
437 1411 769 1473 acceperunt
792 1419 911 1457 eam
935 1401 1189 1456 similiter
1209 1413 1417 1469 septem
1456 1419 1467 1454 :
1501 1410 1555 1455 et
1583 1415 1685 1454 neu
1717 1401 1951 1468 relique-

347 1510 473 1554 runt
504 1514 715 1554 semen.
746 1497 1048 1552 Novissima
1074 1496 1319 1551 omnium
1350 1496 1601 1549 defuncta
1634 1505 1716 1549 est
1746 1508 1796 1547 et
1831 1511 1950 1547 mu-

348 1590 472 1646 lier.
506 1591 564 1645 lu
592 1592 996 1646 resurrectione
1026 1605 1155 1655 ergo
1187 1605 1309 1643 cum
1343 1590 1764 1654 resurrexerint,
1795 1589 1951 1655 cujus

346 1684 415 1737 de
452 1684 535 1737 his
561 1685 665 1737 erit
697 1685 878 1738 uxor?
906 1694 1116 1751 septeni
1145 1684 1287 1737 enim
1335 1683 1635 1736 habuerunt
1662 1696 1779 1735 eam
1813 1698 1948 1735 uxo-

348 1789 490 1829 rem.
525 1776 591 1829 Et
624 1774 961 1844 respuiidens
986 1775 1167 1841 Jesus,
1215 1777 1291 1828 ait
1321 1775 1427 1830 illis
1456 1792 1467 1827 :
1500 1774 1689 1829 Nonne
1721 1775 1840 1829 ideo
1863 1790 1939 1829 er-

2043 555 2333 627 judicium.
2385 558 2451 611 Et
2490 556 2687 612 sedens
2741 557 2899 611 Jesus
2946 566 3133 611 contra
3166 558 3645 629 gazophylacium,

2049 646 2355 717 aspiciebat
2381 647 2655 718 quomodo
2689 649 2845 702 turba
2867 648 3100 717 jactaret
3131 664 3205 703 ius
3232 650 3284 703 in
3310 650 3647 721 gazophyla-

2048 745 2187 799 cium
2223 760 2236 800 :
2270 754 2324 799 et
2349 744 2504 798 multi
2534 744 2729 799 divites
2754 744 3038 813 jactabaut
3073 744 3261 799 multa.
3297 743 3430 798 Cum
3466 745 3649 800 venis-

2053 848 2136 892 set
2191 849 2369 892 autem
2422 837 2582 891 vidua
2638 852 2743 892 una
2794 852 3033 908 pauper,
3092 839 3236 890 misit
3282 836 3389 891 duo
3420 837 3647 907 minuta,

2051 932 2195 1001 quod
2223 940 2305 986 est
2325 932 2597 1002 quadrans
2640 947 2655 989 :
2700 940 2753 985 et
2802 945 3115 985 convocans
3146 930 3443 999 discipulos
3492 945 3640 995 suos,

2051 1028 2119 1081 ait
2158 1028 2264 1084 illis
2299 1045 2312 1081 :
2346 1028 2516 1083 Amen
2540 1027 2661 1082 dico
2686 1029 2864 1093 vobis,
2889 1029 3143 1095 quoniam
3174 1029 3337 1082 vidua
3373 1030 3491 1082 hinc
3516 1043 3649 1095 pau-

2054 1137 2148 1192 per
2178 1123 2299 1193 plus
2322 1123 2574 1177 omnibus
2607 1124 2784 1190 misit,
2814 1122 2907 1192 qui
2941 1122 3204 1175 miserunt
3235 1120 3285 1174 in
3317 1123 3649 1193 gazophyla-

2053 1216 2220 1269 cium.
2254 1217 2452 1270 Omnes
2483 1217 2627 1270 enim
2660 1230 2724 1270 ex
2756 1231 2843 1277 eo,
2875 1214 3015 1285 quod
3047 1214 3359 1269 abundabat
3391 1215 3521 1279 illis,
3552 1215 3654 1268 mi-

2053 1316 2245 1362 serunt
2278 1310 2437 1387 :btec
2459 1324 2588 1362 vero
2612 1308 2678 1362 de
2703 1310 2929 1376 penuria
2959 1323 3056 1362 sua
3085 1308 3267 1362 omnia
3293 1322 3411 1377 qua:
3440 1306 3654 1379 habuit,

2055 1400 2193 1455 misit
2229 1409 2396 1455 tottun
2441 1400 2645 1455 victum
2679 1415 2859 1454 suum.
3624 1462 3625 1467 η

2124 1494 2273 1566 ]Cup.
2322 1493 2461 1548 XIII.
2506 1509 2757 1561 cxxxvu,
2798 1493 2877 1565 2.]
2912 1494 2979 1549 Et
3024 1510 3145 1549 eum
3194 1494 3546 1564 egrederetur
3582 1493 3653 1551 de

2054 1592 2278 1657 templo,
2328 1588 2404 1641 ait
2456 1588 2529 1641 illi
2576 1604 2713 1641 unus
2744 1604 2810 1643 ex
2844 1588 3126 1656 disCIpllliS
3166 1587 3280 1641 suis
3318 1606 3328 1641 :
3361 1587 3651 1659 Magister,

2053 1683 2233 1753 aSpice
2261 1682 2448 1752 quales
2482 1682 2719 1752 lapides,
2751 1694 2803 1737 et
2846 1685 3036 1752 quales
3082 1693 3391 1738 structuras.
3448 1682 3516 1737 Et
3554 1698 3645 1739 re-

2054 1778 2329 1848 Spondens
2355 1778 2533 1845 Iesus,
2581 1780 2655 1833 ait
2702 1780 2783 1833 illi
2815 1796 2827 1831 :
2866 1780 3027 1833 Vides
3071 1781 3166 1834 has
3196 1794 3387 1835 omnes
3427 1792 3652 1849 magnas

357 1866 517 1931 ratis,
555 1882 659 1919 IIOII
688 1866 925 1921 scientes
958 1867 1291 1935 SCtipIttl'aS,
1323 1882 1495 1936 neque
1526 1867 1777 1921 Virtutem
1814 1866 1949 1920 Dei?
1982 1858 2026 1917 Β
2054 1873 2443 1929 aediﬁcationes
2471 1874 2493 1926 ?
2524 1873 2640 1928 No"
2666 1875 3007 1944 relinquetur
3036 1875 3174 1945 lapis
3198 1890 3365 1943 super
3387 1874 3648 1944 lapidem,

350 1956 487 2013 Cum
520 1960 664 2013 enim
690 1975 720 2012 a
754 1959 985 2013 mortuis
1013 1960 1434 2022 resurrexerint,
1487 1976 1659 2027 neque
1703 1959 1943 2023 nubent,

350 2070 532 2125 neque
561 2055 855 2122 uubentur,
892 2056 986 2110 sed
1025 2064 1152 2110 sunt
1180 2057 1320 2110 sicut
1367 2056 1543 2124 angeli
1585 2057 1637 2109 in
1664 2055 1837 2110 caelis.
1874 2055 1949 2110 De

350 2150 584 2203 mortuis
617 2160 799 2205 autem
828 2152 969 2220 quod
999 2160 1311 2220 resurgant,
1349 2165 1452 2204 non
1486 2150 1691 2219 legistis
1732 2151 1784 2203 iu
1811 2150 1950 2203 libro

348 2238 543 2312 Moysi,
576 2258 741 2312 super
768 2243 960 2298 rubum
989 2244 1262 2313 quomodo
1288 2244 1487 2298 dixerit
1526 2245 1605 2297 illi
1640 2243 1804 2311 Deus,
1868 2244 1949 2297 in-

350 2336 549 2405 quiens
580 2353 593 2389 :
623 2336 735 2405 Ego
777 2352 896 2392 sum
923 2336 1063 2391 Deus
1092 2336 1400 2403 Abraham,
1433 2348 1486 2391 et
1529 2337 1666 2391 Deus
1696 2338 1863 2403 Isaac,
1897 2346 1953 2391 et

353 2435 501 2489 Deus
522 2432 734 2490 Jacob?
761 2435 875 2490 Non
900 2446 984 2492 est
1011 2436 1151 2491 Deus
1177 2448 1539 2499 mortuorum,
1562 2438 1656 2491 sed
1682 2437 1947 2492 vivorum.

355 2525 464 2581 Vos
496 2543 627 2597 ergo
681 2528 906 2584 multum
954 2532 1175 2584 erratis.
1231 2531 1446 2604 [exn],
1500 2529 1577 2601 6.]
1612 2532 1675 2586 Et
1719 2532 1953 2588 accessit

352 2633 495 2673 unus
521 2619 591 2675 de
617 2622 812 2676 scribis
835 2663 847 2686 ,
882 2623 972 2692 qui
1002 2624 1246 2678 audierat
1290 2625 1412 2678 illos
1459 2625 1865 2695 conquirentes,
1895 2634 1950 2680 et

353 2720 379 2748 ⁸
411 2712 607 2769 videns
637 2716 892 2783 quoniam
941 2717 1079 2772 bene
1112 2718 1216 2772 illis
1248 2718 1615 2789 responderit,
1651 2721 1950 2790 interroga-

351 2807 431 2861 vit
462 2823 585 2862 eum
617 2809 761 2879 quod
793 2820 938 2866 esset
968 2813 1196 2879 primum
1224 2814 1466 2867 omnium
1492 2815 1825 2868 mandatum.
1856 2817 1947 2871 Je-

349 2914 445 2954 sus
467 2911 651 2955 autem
685 2903 965 2971 reSpondit
988 2906 1035 2959 ei
1063 2922 1075 2957 :
1102 2904 1239 2973 Quia
1266 2906 1498 2975 primum
1533 2909 1773 2960 omnium
1800 2924 1951 2962 man-

349 2992 537 3047 datum
562 3003 679 3049 est:
708 2994 869 3061 Audi,
901 2996 1084 3062 Israel,
1124 2999 1383 3052 Dominus
1410 3000 1552 3054 Deus
1579 2998 1605 3037 ι)
1634 3012 1774 3065 tuus,
1808 3002 1949 3056 Deus

349 3104 491 3143 unus
522 3100 606 3144 est
638 3108 649 3142 :
682 3100 735 3147 et
768 3092 959 3163 diliges
1006 3094 1290 3147 Deniinum
1324 3094 1492 3149 Deum
1546 3105 1692 3149 tuum
1725 3110 1790 3150 ex
1838 3104 1949 3150 toto

349 3183 517 3239 corde
545 3192 657 3251 tuo,
682 3196 819 3240 etex
850 3196 958 3241 tota
979 3190 1160 3242 anima
1187 3200 1293 3257 tua,
1316 3198 1371 3242 et
1391 3206 1452 3243 ex
1481 3197 1593 3243 tota
1625 3199 1807 3244 monte
1838 3200 1947 3253 tua,

351 3288 407 3333 et
427 3294 490 3333 ex
518 3289 629 3334 tota
661 3281 862 3335 virtute
898 3290 1005 3335 tua.
1055 3282 1165 3336 Hoc
1197 3292 1281 3336 est
1316 3284 1551 3352 primum
1604 3284 1943 3339 mandatum.

350 3370 661 3425 Secundum
687 3383 865 3428 autem
896 3374 1079 3429 simile
1111 3388 1189 3427 est
1226 3376 1301 3429 illi
1336 3393 1346 3428 :
1398 3375 1597 3445 Dilige;
1644 3377 1946 3445 proximum

350 3474 504 3519 tuum
539 3476 807 3535 tamquam
845 3467 1099 3536 teipsum.
1132 3467 1301 3533 Maius
1333 3468 1521 3521 horum
1550 3469 1696 3522 aliud
1728 3470 1948 3523 manda-

351 3564 466 3610 tum
498 3567 734 3611 nonest.
772 3557 1011 3629 (CXXXII,
1049 3556 1160 3627 10.]
1197 3559 1261 3613 Et
1297 3562 1374 3612 ait
1406 3559 1480 3612 illi
1527 3559 1700 3612 scriba
1732 3578 1742 3612 :
1779 3560 1943 3627 Bene,

349 3651 707 3721 Magister,in
743 3652 965 3707 veritate
995 3651 1347 3722 dixisti,quia
1379 3668 1518 3707 unus
1537 3662 1618 3707 est
1652 3663 1672 3691 ε
1699 3654 1860 3717 Deus,
1893 3664 1947 3710 et

349 3752 557 3798 nonest
576 3744 712 3798 alius
726 3752 1079 3813 prartereum.
1100 3744 1168 3800 Et
1182 3757 1235 3798 ut
1252 3746 1511 3815 diligatur
1525 3762 1588 3799 ex
1618 3756 1731 3801 tcto
1746 3746 1908 3800 corde
1927 3789 1941 3813 ,

347 3846 405 3892 et
432 3852 496 3891 ex
523 3848 635 3892 toto
662 3838 963 3903 intellectu,
981 3848 1034 3892 et
1053 3854 1120 3893 ex
1141 3848 1250 3893 tota
1273 3838 1473 3905 anima,
1497 3848 1550 3893 et
1578 3854 1640 3893 ex
1665 3846 1771 3893 tota
1795 3837 1947 3893 forti-

347 3930 567 3984 tudine:
588 3943 636 3983 et
652 3930 878 4000 diligere
894 3931 1192 3999 proximum
1213 3934 1756 4001 tamquamscipsum,
1773 3932 1947 3998 majus

348 4035 437 4080 est
482 4025 735 4081 omnibus
782 4025 1309 4081 holocautomatibus
1354 4038 1406 4082 et
1444 4028 1743 4082 sacrificiis.
1787 4027 1945 4082 .Iesus

347 4131 534 4174 autem
587 4120 776 4177 videns
828 4120 971 4191 quod
1024 4123 1297 4191 sapienter
1342 4123 1758 4192 respondisset,
1812 4125 1947 4177 dixit

348 4212 430 4268 illi
478 4230 491 4265 :
544 4212 660 4268 Non
710 4228 768 4268 es
820 4216 977 4283 longe
1021 4229 1049 4267 a
1096 4231 1262 4283 regno
1306 4215 1419 4269 Dei.
1452 4218 1719 4287 ]cxxxtn,
1762 4216 1843 4286 2.]
1882 4216 1946 4269 Et

349 4321 511 4363 nemo
549 4309 659 4377 jam
684 4308 914 4363 audebat
941 4325 1063 4362 eum
1098 4308 1453 4377 interrogare.
1491 4312 1617 4379 ]cxx
1660 4326 1735 4376 tv,
1768 4310 1849 4381 2.]
1882 4310 1946 4365 Et

348 4400 693 4469 reSpondens
724 4400 907 4467 Jesus,
939 4402 1186 4467 dicebat,
1221 4405 1423 4456 docens
1453 4406 1501 4455 iu
1536 4406 1733 4471 templo
1760 4422 1771 4456 :
1800 4404 1946 4470 Quo-

347 4490 513 4546 modo
535 4490 720 4547 dicant
742 4493 954 4557 scribae,
983 4491 1255 4548 Christum
1281 4494 1447 4548 lilium
1472 4511 1593 4549 esse
1610 4495 1812 4549 David?
1833 4496 1945 4564 ipse

349 4583 498 4637 enim
540 4584 707 4638 David
739 4586 864 4639 dicit
915 4587 965 4639 in
997 4585 1201 4655 Spiritu
1242 4599 1431 4641 sancto
1464 4606 1473 4641 :
1516 4588 1657 4642 Dixit
1687 4588 1945 4643 Dominus

2055 1966 2142 2035 qui
2177 1980 2281 2018 non
2315 1965 2648 2021 destruatur.
2697 1966 2968 2038 [CXXXVIII
2998 2006 3013 2031 ,
3070 1963 3150 2035 2.]
3185 1966 3249 2020 Et
3279 1980 3400 2019 cum
3435 1964 3656 2020 sederet

2057 2060 2109 2115 in
2144 2070 2327 2115 monte
2351 2059 2629 2115 Olivarum
2663 2068 2855 2115 contra
2891 2060 3149 2129 templum
3182 2100 3195 2125 ,
3244 2058 3654 2130 interrogabant

2053 2168 2175 2208 eum
2207 2154 2501 2222 separatim
2536 2152 2749 2217 Petrus,
2793 2161 2848 2207 et
2887 2152 3147 2217 Iacobus,
3201 2160 3256 2205 et
3286 2152 3546 2215 Joannes,
3597 2156 3655 2206 et

2053 2246 2300 2301 Andreas
2332 2247 2464 2300 :Dic
2492 2246 2672 2312 nobis,
2706 2246 2922 2315 quando
2946 2248 3042 2299 ista
3071 2244 3247 2299 fient?
3278 2253 3331 2299 et
3365 2245 3507 2315 quod
3537 2244 3649 2312 sig-

2054 2358 2180 2395 num
2214 2341 2341 2407 erit,
2368 2340 2585 2415 quando
2612 2339 2727 2394 hinc
2748 2340 2927 2393 omnia
2964 2339 3225 2409 incipient
3246 2334 3654 2392 consummari?

2056 2436 2121 2491 Et
2152 2434 2489 2504 respondens
2528 2434 2685 2489 Iesus
2716 2435 2884 2504 erepit
2913 2434 3098 2488 dicere
3130 2433 3237 2487 illis
3291 2452 3303 2487 :
3352 2431 3547 2487 Videte
3575 2447 3646 2489 ne

2053 2530 2174 2600 quis
2213 2544 2308 2583 vos
2340 2527 2563 2583 seducat
2609 2545 2622 2581 :
2680 2529 2833 2582 multi
2882 2528 3027 2581 enim
3057 2526 3278 2581 venient
3318 2525 3373 2580 in
3418 2525 3639 2580 nomine

2054 2640 2175 2679 meo
2208 2624 2476 2689 dicentes,
2515 2623 2637 2691 quia
2689 2636 2790 2692 ego
2820 2637 2938 2676 sum
2973 2639 2986 2674 :
3033 2631 3087 2676 et
3130 2620 3329 2675 multos
3360 2620 3644 2676 seducent.

2055 2715 2189 2772 Cum
2218 2714 2499 2770 audieritis
2529 2723 2707 2769 autem
2741 2714 2881 2769 bella
2905 2756 2919 2778 ,
2952 2725 3005 2769 et
3036 2712 3321 2783 Opiniones
3348 2711 3649 2776 bellorum,

2054 2825 2122 2865 ne
2155 2809 2445 2864 limttetitis
2476 2829 2488 2863 :
2515 2819 2733 2881 oportet
2756 2809 2900 2863 enim
2944 2809 3063 2864 haec
3090 2808 3208 2865 fieri
3242 2826 3254 2861 :
3286 2808 3381 2864 sed
3413 2807 3650 2862 nondum

2055 2901 2198 2956 ﬁnis.
2235 2902 2507 2971 Exsurget
2526 2902 2670 2956 enim
2694 2916 2827 2972 gens
2849 2911 3037 2955 contra
3067 2913 3304 2972 gentem,
3341 2910 3395 2956 et
3422 2914 3648 2970 regnum

2052 3012 2217 3066 super
2244 3012 2497 3066 regnum,
2530 3004 2583 3050 et
2614 3007 2773 3051 erunt
2799 3006 2953 3050 terra:
2986 3006 3165 3049 motus
3200 3010 3296 3064 per
3326 2996 3467 3061 loca,
3495 3005 3549 3048 et
3573 2992 3651 3049 fa-

2054 3105 2189 3145 mes.
2246 3089 2463 3144 Initium
2519 3088 2767 3144 dolorum
2828 3090 2963 3143 ha-c.
3025 3090 3288 3161 [,cxxxtx,
3324 3088 3401 3159 1.]
3452 3087 3647 3143 Videte

2056 3193 2235 3240 autem
2268 3186 2643 3253 \osmetipsos.
2678 3184 2919 3238 Tradent
2964 3183 3105 3237 enim
3139 3199 3233 3235 ros
3279 3185 3329 3238 in
3360 3183 3648 3250 conciliis,

1975 3249 2020 3310 Ο
2054 3292 2108 3336 ct
2131 3284 2181 3336 in
2211 3283 2499 3353 synagogis
2529 3279 2877 3350 vapulabitis,
2913 3291 2966 3333 et
3010 3289 3136 3333 ante
3168 3279 3428 3348 praesides
3461 3286 3515 3333 et
3556 3294 3650 3334 re-

2053 3392 2146 3446 ges
2170 3378 2383 3431 stabitis
2407 3386 2749 3446 prep‘crme,
2778 3376 2829 3429 in
2858 3375 3228 3429 testimonium
3254 3374 3381 3429 illis.
3406 3375 3550 3447 [cxr.,
3568 3373 3648 3443 6.]

2053 3470 2117 3524 Et
2154 3474 2203 3525 in
2229 3486 2416 3526 omnes~
2443 3481 2633 3540 gentes
2661 3471 2890 3537 primum
2920 3478 3139 3536 Oportet
3164 3469 3450 3539 prmdicari
3475 3469 3648 3523 Evan-

2051 3563 2269 3633 gelium.
2302 3562 2478 3633 [cxu,
2513 3560 2592 3631 2.]
2624 3562 2688 3615 Et
2728 3578 2850 3616 cum
2892 3562 3145 3616 duxerint
3194 3576 3293 3615 vos
3347 3562 3648 3627 tradentes,

2052 3655 2224 3711 nolite
2257 3656 2608 3724 praecogitare
2634 3655 2762 3724 quid
2796 3654 3089 3723 loquamini
3118 3672 3129 3706 :
3166 3654 3259 3710 sed
3290 3655 3430 3724 quod
3461 3654 3647 3710 datum

2051 3748 2206 3802 vobis
2240 3747 2401 3802 fuerit
2430 3746 2482 3800 in
2515 3747 2603 3800 illa
2638 3747 2793 3811 hora,
2826 3747 2876 3800 id
2913 3747 3215 3817 loquimini.
3242 3747 3357 3801 Non
3384 3746 3529 3802 enim
3553 3762 3651 3802 vos

2050 3842 2183 3897 cSIis
2212 3841 2515 3909 lotpientes,
2548 3841 2644 3895 sed
2678 3841 2919 3910 Spiritus
2963 3852 3206 3895 sanctus.
3245 3841 3648 3895 Tradetautem

2051 3936 2217 3990 frater
2245 3934 2462 3989 fratrem
2496 3935 2547 3988 in
2579 3946 2830 3999 mortem,
2867 3945 2913 3986 et
2946 3946 3100 4003 pater
3146 3934 3314 3987 lilium
3348 3950 3363 3986 :
3412 3943 3467 3988 et
3519 3947 3653 3989 con-

2050 4038 2274 4097 surgent
2321 4028 2415 4080 [iiii
2448 4027 2498 4079 in
2527 4038 2811 4096 parentes,
2854 4036 2909 4081 et
2960 4035 3134 4080 morte
3165 4024 3409 4081 aflicient
3435 4039 3551 4080 eos.
3588 4026 3655 4079 Et

2051 4120 2204 4176 eritis
2236 4118 2363 4174 odio
2393 4120 2647 4174 omnibus
2699 4128 2921 4187 prepler
2969 4135 3161 4172 nomen
3196 4133 3398 4172 meum.
3431 4116 3531 4183 Qui
3556 4132 3651 4173 au-

2052 4223 2159 4270 tem
2203 4212 2521 4268 sustinuerit
2562 4212 2610 4265 in
2647 4211 2828 4277 linem,
2875 4212 2961 4266 hic
2985 4213 3166 4266 salvus
3195 4213 3316 4266 erit.
3351 4210 3535 4283 lCXLII,
3562 4207 3641 4281 6.]

2051 4310 2181 4364 Cum
2216 4318 2394 4361 autem
2442 4306 2685 4359 videritis
2732 4305 3194 4359 abominationem
3243 4302 3642 4367 desolationis,

2050 4408 2287 4455 stantem
2315 4399 2407 4453 ubi
2437 4414 2539 4452 uoo
2568 4397 2729 4452 debet
2763 4416 2775 4451 :
2807 4400 2897 4465 qui
2928 4397 3076 4465 legit,
3110 4396 3409 4463 intelligat:
3438 4394 3646 4466 [CXLII],

2048 4495 2129 4565 2.]
2164 4507 2288 4549 tunc
2314 4494 2405 4563 qui
2439 4494 2490 4546 iu
2536 4492 2717 4546 1111111ξᾶ
2752 4501 2897 4554 sunt,
2954 4490 3161 4559 fugiant
3195 4492 3244 4542 in
3298 4499 3553 4543 montes:
3588 4494 3646 4542 et

2052 4587 2140 4657 qui
2171 4602 2334 4655 super
2371 4593 2598 4649 tectum,
2629 4598 2697 4637 ne
2725 4582 3017 4637 descendat
3052 4583 3102 4634 in
3149 4581 3368 4634 domum
3398 4621 3410 4643 ,
3443 4595 3541 4633 nec
3570 4581 3654 4633 in-

352 4678 590 4734 Doniino
614 4696 755 4748 meo,
777 4680 954 4735 sedea
988 4681 1199 4736 dextris
1231 4682 1388 4745 meis,
1415 4683 1588 4737 (lonee
1619 4698 1812 4752 ponam
1842 4682 1943 4736 ini-
1975 4648 2026 4707 υ
2053 4690 2253 4740 tror-at,
2290 4689 2345 4733 ut
2379 4678 2533 4732 tollat
2559 4677 2686 4745 quid
2734 4678 2801 4729 de
2826 4676 2994 4729 domo
3043 4689 3138 4728 sua
3171 4692 3182 4726 :
3216 4682 3269 4729 et
3291 4670 3386 4743 qui
3441 4672 3491 4725 in
3521 4686 3653 4741 agro

345 4775 522 4827 mices
546 4782 668 4829 tuos
689 4776 980 4830 scabellum
1004 4777 1197 4845 pedum
1227 4790 1458 4830 tuorum.
1479 4776 1593 4846 Ipse
1615 4793 1743 4846 ergo
1770 4776 1942 4831 David

346 4865 481 4920 dicit
506 4882 627 4921 eum
652 4868 960 4938 Dominum,
992 4879 1046 4925 et
1070 4870 1211 4925 unde
1234 4882 1315 4925 est
1339 4870 1481 4925 filius
1503 4871 1653 4939 ejus?
1682 4870 1749 4924 Et
1776 4870 1941 4924 multa

346 4960 506 5013 turba
538 4976 659 5016 eum
694 4961 929 5017 libenter
978 4962 1209 5017 audivit.
1247 4965 1476 5035 [cxxxv,
1512 4962 1591 5033 2.]
1638 4964 1703 5018 Et
1728 4963 1945 5018 dicebat

344 5051 427 5105 eis
461 5052 514 5105 in
538 5051 785 5108 doctrina
821 5071 913 5110 sua
948 5072 962 5111 :
996 5056 1198 5111 Cavete
1228 5072 1257 5109 a
1281 5055 1498 5121 scribis,
1529 5056 1620 5127 qui
1664 5056 1853 5111 volunt
1889 5056 1942 5112 in

341 5146 501 5201 stolis
534 5146 833 5214 ambulare,
866 5156 922 5204 et
947 5149 1171 5205 salutari
1212 5150 1265 5205 in
1291 5150 1429 5215 foro,
1462 5161 1515 5205 et
1543 5151 1594 5204 in
1630 5151 1816 5220 primis
1854 5166 1945 5206 ca-

345 5237 558 5295 thedris
587 5240 781 5297 sedere
810 5244 864 5297 in
894 5242 1209 5315 synagogis,
1242 5255 1295 5299 et
1320 5244 1521 5312 primos
1550 5244 1854 5299 discubitus
1889 5246 1942 5301 in

340 5332 562 5389 caenis:
594 5333 845 5407 [cxxxvr,
881 5334 960 5407 8.]
993 5337 1086 5405 qui
1128 5336 1387 5393 devorant
1430 5338 1622 5393 domos
1653 5337 1941 5394 viduarum

420 5527 445 5591 9
488 5517 544 5573 In
575 5519 867 5576 Martianaai
897 5521 1141 5577 editione
1171 5530 1286 5575 erat
1325 5520 1557 5591 plurium
1592 5535 1819 5575 numero
1843 5562 1856 5583 ,
1889 5530 1938 5575 et

340 5590 581 5646 videtur:
611 5636 625 5659 ,
672 5593 811 5660 quod
862 5603 916 5648 et
950 5593 1156 5648 Latinis
1191 5590 1409 5647 aliis’et
1446 5592 1650 5649 Grecis
1683 5592 1939 5648 omnibus

341 5661 526 5734 libris,
560 5674 614 5717 et
638 5676 787 5718 recto
821 5665 939 5732 ipso
966 5666 1149 5720 sensui
1181 5664 1503 5734 relragatur.

420 5732 446 5770 δ
488 5733 544 5788 lu
580 5750 685 5808 uno
707 5735 924 5806 Regium
962 5752 1063 5791 ms.
1093 5745 1265 5791 noster
1291 5732 1544 5803 proruas,
1579 5736 1939 5808 quemadmo-

340 5803 469 5859 dum
491 5818 554 5882 ‘et
581 5805 756 5882 Grgnei
789 5803 1032 5878 plerique
1053 5810 1271 5882 codices
1287 5803 1609 5882 praeferunt
1626 5813 1790 5882 ἡμῶν.

421 5886 442 5915 ο
487 5878 667 5935 Nostri
694 5894 823 5937 mss.
858 5894 1053 5939 nomen
1080 5878 1251 5948 Deus,
1286 5878 1374 5936 hic
1400 5878 1683 5957 omittunt,
1713 5880 1857 5954 quod
1885 5889 1940 5935 et

2052 4774 2176 4838 erit,
2214 4791 2317 4828 non
2348 4785 2647 4827 revertatur
2672 4781 2816 4823 retro
2842 4768 3034 4823 tollere
3060 4768 3443 4823 vestimentum
3468 4780 3648 4820 suum.

2054 4870 2259 4942 [cxr.tv,
2285 4867 2367 4939 2.]
2397 4866 2490 4921 Vae
2537 4871 2715 4920 autem
2752 4862 3158 4933 praegnantibus
3191 4869 3247 4915 et
3285 4856 3652 4914 nutrientibus

2055 4962 2105 5016 in
2141 4962 2248 5015 illis
2280 4959 2494 5014 dii-bus.
2532 4959 2720 5030 [ext.v,
2755 4956 2832 5027 6.]
2861 4960 3027 5012 Orate
3058 4970 3212 5019 vero,
3238 4964 3296 5008 ut
3320 4953 3515 5022 hyeme
3541 4966 3650 5005 non

2055 5055 2207 5109 fiant.
2244 5052 2451 5126 [cxcvr,
2481 5050 2559 5121 22.]
2589 5052 2764 5105 Erunt
2791 5050 2935 5105 enim
2964 5049 3079 5103 dies
3110 5048 3183 5101 illi
3213 5044 3238 5083 ι¹
3266 5044 3649 5102 tribulationes

2054 5149 2215 5215 tales,
2250 5149 2438 5216 quales
2469 5162 2575 5201 non
2607 5144 2827 5199 fuerunt
2856 5143 2927 5198 ab
2970 5142 3123 5197 initio
3158 5149 3447 5203 creatum,
3489 5152 3654 5208 quam

2053 5244 2291 5302 condidit
2316 5244 2478 5309 Deus,
2501 5256 2670 5310 usque
2696 5256 2861 5305 nunc,
2888 5252 3061 5306 neque
3088 5236 3464 5308 ﬁent.|cxt.vu,
3484 5230 3565 5301 6.]
3587 5232 3652 5288 Et

2052 5340 2154 5398 nisi
2180 5336 2477 5393 breviasset
2499 5335 2759 5390 Dominus
2780 5332 2917 5397 dies,
2949 5348 3053 5385 non
3080 5329 3272 5386 fuisset
3297 5328 3447 5385 salva
3471 5326 3654 5383 omnis

2044 5521 2098 5577 in
2131 5522 2335 5576 Grzt'cis
2379 5518 2702 5589 quibusdam
2726 5515 3129 5589 exemplaribus
3155 5522 3320 5589 tacet.

2116 5590 2141 5628 ἀ
2178 5594 2289 5646 Duo
2321 5584 2537 5661 Regina:
2563 5606 2693 5645 mss.
2724 5591 2831 5644 (lies
2864 5588 2940 5642 illi
2974 5585 3323 5661 tribulationis
3355 5584 3508 5650 tales,
3538 5591 3649 5641 etc.

2044 5661 2315 5718 Cmteruin
2343 5658 3004 5729 cfproxinneanteGrmea
3033 5658 3275 5713 melioris
3296 5666 3437 5711 noue
3460 5670 3655 5711 exem-

2044 5736 2215 5807 plaria
2248 5736 2407 5790 aliter
2435 5734 2661 5807 habent,
2695 5736 2774 5789 ἵνα
2814 5739 2885 5806 μὴ
2910 5734 3121 5807 γένηται
3150 5735 3179 5791 ἡ
3203 5736 3334 5807 φυγὴ
3356 5731 3503 5801 ὑμῶν
3534 5740 3679 5798 χει-ί

2044 5805 2210 5880 prim;
2236 5852 2248 5875 ,
2280 5816 2333 5861 ut
2359 5823 2420 5860 ne
2449 5805 2540 5876 ﬁat
2564 5806 2689 5877 fuga
2719 5805 2890 5861 vestra
2920 5805 3125 5875 hyeme.
