4166 6336
442 318 620 385 ’σοι

1506 322 1566 381 s.
1608 306 1997 383 HIERGHYMI
2036 318 2269 382 DWINA
2307 318 2788 381 BlBLlO‘I‘BEGA.

3702 321 3803 387 ΒΜ

512 451 673 497 caro:
700 435 797 493 sed
814 444 1035 508 prepter
1058 435 1285 507 electos,
1310 450 1451 507 quos
1475 436 1656 508 elegit,
1677 436 1942 503 breviavit
1968 436 2107 495 dies.
2134 439 2186 500 Α
2215 435 2481 493 miserunt
2503 434 2554 493 ei
2580 434 2865 508 pecuniam
2906 448 2968 491 se
2991 433 3234 493 daturos.
3273 434 3341 494 Et
3368 440 3649 509 quaerebat
3673 457 3810 515 quo-

516 528 741 606 [cxsvnt
764 568 781 597 ,
824 527 904 600 2.]
945 528 1014 584 Et
1042 536 1170 586 tunc
1226 529 1273 585 si
1307 529 1431 601 quis
1463 530 1640 598 ,vobis
1693 529 1893 589 dixerit
1923 546 1939 589 :
1969 528 2113 589 Ecce

519 622 610 681 hic
637 630 721 680 est
750 622 1000 685 Christus
1024 664 1037 688 ,
1071 638 1199 678 cccc
1223 623 1335 679 illic
1358 667 1373 690 ,
1399 639 1467 680 ne
1496 623 1861 681 credideritis.
1889 624 2066 698 [cxux
2091 664 2110 694 ,

515 714 599 788 6.]
643 717 951 788 Exsurgent
995 718 1141 775 enim
1185 719 1588 788 pseudochriSti
1617 760 1632 787 ,
1679 728 1736 776 et
1779 719 2113 791 pseudoproq

515 810 694 886 phetie
718 853 735 878 ,
770 820 825 868 et
852 811 1060 868 dabunt
1086 813 1239 882 signa
1270 821 1328 868 et
1358 822 1609 884 portenta
1633 813 1701 869 ad
1728 813 2071 871 seducendos
2093 855 2108 881 ,

513 908 560 965 si
592 908 710 963 ﬁeri
738 916 951 978 potest,
979 909 1142 962 etiam
1172 907 1399 963 electos.
1428 907 1539 964 Vos
1566 923 1697 978 ergo
1722 909 1901 966 videte
1931 926 1947 964 :
1984 924 2114 967 ecce

513 1001 745 1074 praedixi
773 1001 931 1057 vobis
975 1002 1179 1057 omnia.
1215 1001 1301 1073 [CL
1324 1043 1338 1066 ,
1385 1001 1467 1073 2.]
1501 1001 1606 1060 Sed
1639 1002 1693 1059 in
1724 1002 1834 1061 illis
1873 1003 2069 1082 diebus
2095 1046 2110 1070 ,

515 1106 643 1168 post
673 1097 1078 1155 tribulationem
1109 1096 1255 1152 illam
1285 1140 1299 1165 ,
1334 1106 1360 1134 α
1387 1097 1466 1152 sol
1512 1098 2017 1165 contenebrabitur,
2056 1109 2112 1157 et

516 1192 644 1248 luna
673 1205 778 1247 non
823 1190 973 1246 dabit
1002 1190 1349 1261 splendorem
1396 1206 1552 1248 suum
1599 1211 1611 1247 :
1663 1202 1720 1249 et
1763 1194 1941 1249 stellze
1983 1192 2114 1251 cceli

515 1296 677 1347 erunt
703 1287 1021 1343 decidentes
1047 1329 1061 1354 ,
1104 1296 1160 1343 et
1188 1287 1414 1343 virtutes
1438 1328 1455 1356 ,
1502 1304 1624 1359 quae
1655 1290 1707 1343 in
1757 1289 1911 1347 emlis
1939 1298 2067 1345 sunt
2094 1331 2110 1358 ,

515 1381 899 1437 movebuntur.
928 1382 1060 1454 [σιμ
1089 1379 1170 1452 2.]
1196 1381 1260 1436 Et
1285 1390 1413 1436 tunc
1439 1380 1909 1437 videbuntFilium
1942 1383 2117 1439 homi-

512 1476 601 1533 nis
640 1476 948 1532 venientem
1003 1476 1055 1530 in
1110 1476 1344 1532 nubibus
1390 1491 1511 1532 cum
1546 1476 1748 1533 virtute
1796 1477 2008 1545 multa,
2061 1486 2115 1533 et

511 1570 707 1641 gloria.
749 1570 816 1626 Et
848 1580 973 1626 tunc
1013 1569 1192 1626 mittet
1222 1571 1454 1641 angelos
1486 1586 1613 1626 suos
1638 1613 1653 1639 ,
1681 1580 1738 1626 et
1766 1572 2117 1643 congregabit

515 1663 721 1719 electos
748 1678 877 1718 suos
908 1678 937 1717 a
964 1673 1195 1734 quatuor
1216 1664 1415 1731 ventis,
1441 1679 1471 1719 a
1502 1679 1719 1720 summo
1743 1674 1925 1731 terrae,
1945 1679 2115 1736 usque

513 1756 583 1812 ad
627 1770 899 1813 summum
932 1757 1082 1813 C(BIi.
1134 1758 1174 1811 A
1211 1758 1314 1812 ticu
1344 1765 1525 1813 autem
1558 1756 1748 1817 discite
1776 1758 2111 1828 parabolam.

2213 529 2377 586 modo
2407 530 2560 587 illum
2601 536 2908 601 opportune
2957 528 3219 586 traderet.
3250 530 3320 587 Et
3352 531 3528 603 primo
3551 534 3641 592 die
3668 537 3813 608 Δη-

2212 638 2429 681 morum
2456 622 2674 695 quando
2702 621 2912 679 Pascha
2938 622 3316 690 immolabant,
3362 623 3551 683 dicunt
3570 628 3622 684 ei
3649 627 3816 685 discis

2214 716 2323 789 puli
2352 735 2365 771 :
2397 716 2514 785 Quo
2535 716 2617 773 vis
2644 729 2833 777 eamus
2853 757 2868 784 ,
2900 726 2956 772 et
2986 731 3238 786 paremus
3267 717 3395 787 tibi,
3429 728 3486 775 ut
3514 722 3815 780 manduco:

2214 811 2463 871 Pascha?
2489 810 2559 868 Et
2584 810 2749 866 mittit
2784 810 2923 871 duos
2955 826 3026 873 ex
3068 810 3348 882 discipulis
3395 814 3510 870 suis
3537 855 3552 881 ,
3595 825 3654 872 et
3681 816 3819 873 dicit

2215 907 2328 963 eis:
2361 904 2439 962 lte
2461 906 2514 965 in
2543 904 2817 963 civitatem
2853 921 2867 961 :
2914 913 2969 963 et
3000 916 3251 965 occurret
3282 906 3432 964 vobis
3462 906 3629 967 homo
3657 910 3811 982 lage-

2215 1017 2341 1059 nam
2371 1016 2525 1071 aqua:
2547 999 2799 1070 bajulans
2822 1045 2837 1068 ,
2865 1000 3154 1071 sequimini
3192 1014 3317 1057 eum
3344 1020 3357 1056 :
3391 1011 3448 1059 et
3467 1018 3817 1076 quocumque

2216 1095 2523 1162 introierit,
2554 1094 2721 1152 dicite
2760 1095 2982 1153 domino
3020 1094 3215 1153 domus
3236 1137 3252 1161 ,
3281 1096 3410 1168 quia
3439 1100 3700 1169 magister
3731 1098 3820 1155 di-

2214 1192 2289 1247 eit
2316 1207 2331 1246 :
2367 1191 2455 1246 ubi
2494 1198 2580 1247 est
2608 1188 2833 1249 reiectio
2860 1206 3003 1257 mea,
3030 1191 3119 1246 ubi
3149 1190 3357 1247 Pascha
3386 1208 3507 1250 cum
3531 1194 3816 1266 discipulis

2216 1283 2350 1341 meis
2391 1284 2750 1341 manducent?
2779 1284 2843 1339 Et
2873 1283 2990 1355 ipse
3021 1283 3175 1340 vobis
3197 1283 3595 1342 demonstrabit
3621 1301 3813 1344 cinna.

2215 1378 2397 1432 culum
2428 1377 2634 1448 grande
2657 1419 2672 1445 ,
2714 1384 2948 1433 stratum
2993 1394 3010 1432 :
3057 1386 3114 1433 et
3142 1376 3253 1433 illic
3289 1385 3481 1450 parate
3530 1379 3709 1437 nobis.
3743 1379 3817 1434 Et

2217 1470 2467 1526 abierunt
2489 1469 2743 1541 discipuli
2773 1469 2910 1541 ejus,
2945 1479 3001 1526 et
3028 1481 3293 1527 venerunt
3315 1470 3372 1527 in
3404 1472 3678 1528 civitatem
3710 1488 3727 1529 :
3760 1481 3819 1530 et

2216 1564 2543 1622 invenerunt
2567 1565 2707 1620 sicut
2734 1564 2955 1620 dixerat
2987 1565 3118 1634 illis,
3142 1574 3198 1621 et
3229 1577 3555 1638 paraverunt
3584 1566 3813 1623 Pascha.

2220 1662 2384 1734 [eun
2409 1657 2491 1730 4.]
2516 1659 2757 1731 Vespere
2782 1670 2964 1717 autem
2995 1660 3162 1730 iacto,
3189 1663 3338 1720 venit
3359 1678 3480 1719 cum
3504 1663 3816 1731 duodecim.

2219 1753 2287 1808 Et
2309 1752 2671 1809 discumbenti
2684 1754 2781 1809 bus
2802 1755 2902 1821 eis,
2927 1766 2983 1812 et
3009 1754 3487 1823 manducantibus,
3510 1759 3585 1812 ait
3616 1758 3777 1815 lesus
3801 1778 3818 1817 :

514 1850 645 1913 Cum
673 1850 785 1920 jam
808 1866 992 1907 ramus
1021 1850 1140 1922 ejus
1163 1860 1315 1907 tener
1341 1850 1535 1916 fuerit,
1561 1862 1614 1907 et
1644 1861 1769 1907 nata
1801 1851 2001 1907 iuerint
2028 1849 2112 1908 fo-
2144 1848 2190 1911 Β
2222 1848 2397 1901 Amen
2428 1845 2554 1901 dico
2581 1846 2755 1916 νοὶιὶε,
2780 1846 2905 1918 quia
2935 1864 3074 1905 unus
3102 1865 3168 1905 ex
3195 1850 3346 1905 vobis
3380 1850 3557 1907 tradet
3586 1868 3694 1920 me,
3718 1852 3811 1924 qui

518 1944 609 2008 lia,
635 1944 967 2013 cognoscitis
996 1945 1120 2015 quia
1154 1946 1207 2000 in
1237 1945 1484 2014 proximo
1506 1944 1575 1999 sit
1604 1953 1766 1999 testas
1784 1962 1798 1998 :
1818 1946 1896 2000 sic
1918 1955 2108 2013 etvos,

514 2050 637 2092 cum
666 2036 915 2097 videritis
947 2036 1063 2095 haec
1100 2036 1217 2092 ﬁeri
1240 2077 1256 2105 ,
1286 2037 1481 2093 scitote
1511 2037 1657 2108 quod
1687 2037 1741 2093 in
1770 2036 2021 2109 proximo
2043 2038 2115 2093 sit

516 2130 573 2187 in
609 2130 786 2186 ostiis.
820 2131 994 2187 Amen
1023 2131 1147 2187 dico
1179 2131 1360 2196 vobis,
1411 2131 1665 2202 quoniam
1708 2147 1817 2186 non
1862 2130 2115 2186 transibit

518 2223 803 2293 generatio
834 2221 986 2290 haec,
1030 2220 1205 2278 donec
1246 2223 1429 2279 omnia
1475 2224 1574 2278 ista
1623 2220 1773 2278 ﬁant.
1820 2222 2028 2279 Caelum
2059 2231 2117 2280 et

514 2323 659 2371 terra
691 2314 988 2371 transibunt
1019 2359 1033 2383 ,
1058 2315 1222 2371 verba
1263 2327 1445 2372 autem
1491 2330 1608 2370 mea
1642 2330 1749 2395 non
1783 2315 2112 2373 transibunt.

522 2408 675 2481 [cun
699 2406 779 2481 6.]
806 2408 881 2465 De
904 2408 989 2465 die
1014 2416 1191 2467 autem
1216 2408 1307 2465 illo
1329 2410 1412 2467 vel
1434 2409 1563 2465 hora
1595 2423 1757 2467 nemo
1788 2408 1913 2476 scit,
1938 2424 2115 2481 neque

524 2502 709 2573 angeli
739 2503 795 2557 in
821 2502 994 2568 emlo,
1032 2517 1208 2574 neque
1240 2501 1410 2558 Filius
1435 2543 1455 2570 ,
1482 2502 1589 2558 nisi
1619 2502 1802 2559 Pater.
1835 2502 2002 2575 [cum
2032 2501 2115 2577 6.]

519 2594 714 2653 Videte
742 2641 756 2665 ,
802 2596 1061 2667 vigilate,
1111 2607 1163 2651 et
1207 2605 1406 2653 orate;
1448 2596 1667 2652 nescitis
1707 2598 1854 2655 enim
1901 2597 2118 2669 quando

520 2696 735 2760 tempus
763 2689 854 2744 sit.
882 2690 1046 2762 [cum
1073 2688 1156 2761 2.]
1196 2690 1351 2745 Sicut
1375 2688 1539 2746 homo
1566 2730 1581 2757 ,
1613 2690 1703 2759 qui
1734 2705 1959 2761 peregre
1990 2705 2118 2762 pro-

517 2783 692 2843 lectus
732 2783 949 2855 reliquit
987 2783 1209 2841 domum
1253 2799 1408 2841 suam
1437 2826 1452 2852 ,
1499 2793 1554 2840 ct
1601 2783 1750 2845 dedit
1778 2785 1954 2841 servis
2003 2785 2119 2843 suis

516 2886 840 2949 potestatem
869 2879 1135 2948 cujusque
1164 2879 1368 2948 operis,
1402 2886 1457 2934 et
1476 2878 1705 2948 janitori
1731 2879 1991 2949 praecepit
2013 2918 2030 2947 ,
2063 2888 2121 2936 ut

516 2973 729 3044 vigilet.
757 2972 897 3044 [ch,
918 2970 1001 3044 2.]
1030 2972 1262 3042 Vigilate
1283 2988 1413 3042 ergo
1436 2971 1455 3044 (
1483 2973 1708 3029 nescitis
1729 2973 1875 3031 enim
1899 2974 2120 3045 quando

517 3065 769 3122 dominus
799 3066 993 3123 domus
1022 3068 1205 3122 veniat
1239 3084 1250 3120 :
1285 3081 1415 3123 sero
1442 3108 1458 3134 ,
1488 3083 1555 3122 an
1599 3068 1779 3124 media
1812 3078 1973 3125 nocte
1997 3109 2013 3136 ,
2050 3083 2118 3125 an

517 3159 641 3229 galli
673 3166 945 3227 caritu,an
977 3156 1183 3229 mane),
1213 3174 1280 3215 ne
1309 3174 1433 3214 cum
1460 3161 1674 3223 venerit
1699 3170 1948 3231 repente,
1968 3162 2118 3218 inve-

2216 1938 2504 1995 mandueat
2533 1953 2766 1995 meeum.
2796 1940 2980 2013 lenit,
3013 1940 3089 2014 1.]
3121 1942 3191 1998 At
3230 1943 3308 1998 illi
3347 1953 3633 2014 cmperunt
3675 1958 3808 2001 eon-

2217 2031 2461 2096 tristari,
2516 2038 2572 2088 et
2618 2031 2799 2088 dicere
2839 2033 2888 2089 ei
2930 2032 3247 2105 singulatim
3297 2054 3311 2090 :
3360 2036 3632 2107 Numquid
3674 2037 3821 2110 ego!

2218 2125 2432 2197 ]c1.xm,
2455 2122 2538 2197 2.]
2564 2124 2669 2193 Qui
2699 2126 2774 2181 ait
2798 2125 2906 2182 illis
2937 2143 2951 2181 :
2979 2126 3131 2184 Unus
3157 2128 3541 2191 exduodecim
3570 2171 3585 2196 ,
3622 2130 3713 2200 qui
3737 2129 3823 2185 in-

2218 2216 2375 2288 tingit
2405 2232 2618 2273 mecum
2636 2233 2855 2274 manum
2885 2219 2938 2275 in
2962 2221 3167 2278 catino.
3193 2222 3260 2279 Et
3282 2222 3451 2279 Filius
3472 2223 3694 2293 quidem
3720 2223 3822 2280 ho-

2217 2310 2382 2375 minis
2411 2312 2581 2378 vadit,
2610 2314 2747 2369 sicut
2776 2315 3042 2385 scriptum
3066 2324 3151 2372 est
3179 2317 3247 2373 de
3270 2333 3336 2374 eo
3366 2334 3381 2373 :
3415 2332 3498 2374 va:
3517 2328 3698 2373 autem
3722 2317 3822 2377 ho-

2220 2406 2351 2465 mini
2385 2405 2507 2474 illi,
2538 2421 2636 2478 per
2661 2422 2823 2479 quem
2855 2407 3026 2465 Filius
3062 2408 3298 2466 hominis
3321 2410 3584 2466 tradetur.
3619 2409 3818 2485 [cum

2221 2499 2303 2572 6.]
2342 2499 2549 2561 Bonum
2583 2510 2704 2558 erat
2749 2486 2838 2572 ei,
2882 2503 2929 2559 si
2972 2519 3077 2559 non
3110 2514 3257 2561 esset
3302 2512 3464 2561 natus
3494 2505 3659 2561 humo
3701 2506 3820 2562 ille.

2222 2592 2406 2665 [αωίῇ
2440 2592 2519 2664 1.]
2548 2594 2616 2651 Et
2641 2582 3095 2654 manducantibus
3128 2599 3268 2667 illis,
3303 2602 3698 2672 accepitiesus
3725 2615 3824 2672 pa-

2220 2702 2345 2743 nem
2373 2704 2385 2741 :
2409 2696 2466 2745 et
2495 2687 2825 2757 benedicens
2853 2689 3012 2761 fregit
3036 2733 3052 2758 ,
3083 2700 3138 2747 et
3168 2690 3320 2749 dedit
3343 2694 3426 2749 eis
3449 2733 3467 2761 ,
3496 2704 3550 2748 et
3574 2693 3651 2747 ait
3677 2712 3688 2746 :
3717 2692 3824 2749 Su-

2223 2780 2376 2848 mite,
2406 2780 2516 2839 hoc
2555 2790 2639 2839 est
2668 2798 2869 2854 corpus
2893 2798 3099 2842 meum.
3148 2784 3326 2859 [cmi
3353 2830 3368 2857 ,
3399 2784 3479 2858 2.]
3506 2785 3576 2843 Et
3601 2798 3828 2858 accepto

2221 2874 2395 2932 calice
2423 2918 2438 2942 ,
2469 2875 2678 2948 gratias
2703 2892 2873 2948 agens
2918 2877 3069 2941 dedit
3093 2880 3176 2935 eis
3208 2895 3224 2937 :
3254 2889 3310 2937 et
3340 2879 3599 2939 biberunt
3636 2895 3703 2935 ex
3730 2879 3826 2935 illo

2220 2985 2435 3028 omnes.
2470 2970 2538 3028 Et
2565 2971 2640 3027 ait
2673 2971 2819 3027 illis:
2847 2971 2946 3029 Hic
2971 2982 3054 3029 est
3074 2973 3295 3045 sanguis
3325 2989 3478 3030 meus
3506 2973 3633 3028 novi
3661 2982 3825 3029 tests-

2222 3065 2416 3134 menti,
2439 3065 2532 3135 qui
2560 3079 2658 3135 pro
2679 3063 2708 3104 ³»
2731 3065 2919 3123 multis
2949 3065 3275 3123 cii‘undctur.
3305 3072 3474 3123 Amen
3497 3067 3622 3123 dico
3641 3067 3822 3134 vobis,

2226 3159 2348 3230 quia
2377 3159 2488 3229 jam
2521 3177 2629 3216 non
2665 3160 2846 3218 bibam
2880 3161 2951 3219 de
2994 3163 3095 3219 hoc
3143 3161 3420 3234 genimine
3450 3162 3581 3218 vitis
3608 3203 3623 3231 ,
3653 3176 3826 3233 usque

522 3252 640 3309 niat
666 3267 767 3308 vos
799 3252 1157 3310 dormientes.
1204 3252 1359 3322 Quod
1403 3262 1586 3311 autem
1616 3256 1785 3323 'vobis
1814 3255 1938 3327 dico
1964 3300 1979 3326 ,
2010 3272 2124 3314 om.
2156 3252 2202 3318 C
2232 3253 2284 3311 in
2314 3255 2457 3312 diem
2489 3255 2666 3322 illum,
2692 3272 2813 3312 cum
2843 3256 2978 3313 illud
2999 3256 3177 3314 bibam
3203 3273 3404 3313 novum
3438 3258 3493 3314 in
3519 3272 3686 3330 regno
3705 3258 3821 3314 Dei.

520 3347 682 3402 nibus
707 3346 830 3407 dico
857 3364 870 3402 :
900 3346 1150 3417 Vigilate.

591 3438 742 3511 [ϐαρ.
778 3439 1077 3512 XlV,cnvr,
1114 3440 1351 3513 1.]Erat
1375 3453 1558 3501 autem
1595 3444 1799 3500 Pascha
1828 3453 1886 3501 et
1911 3443 2117 3517 Azyma

519 3545 642 3605 post
670 3535 914 3599 biduum,
951 3535 1135 3607 [cnvtt,
1170 3536 1252 3608 6.]
1281 3545 1336 3593 ct
1361 3539 1682 3609 quaerebant
1712 3540 1907 3599 summi
1937 3554 2120 3597 sacer-

520 3626 680 3687 dotes
706 3669 721 3692 ,
753 3634 810 3683 et
837 3629 1034 3685 scriba:
1058 3671 1072 3693 ,
1120 3632 1398 3700 quomodo
1444 3646 1570 3687 eum
1596 3630 1722 3688 dolo
1753 3641 2039 3704 tenerent,
2066 3642 2122 3689 et

520 3721 863 3781 occiderent.
917 3723 1176 3780 Dicebant
1201 3733 1382 3781 autem
1427 3743 1441 3780 :
1483 3725 1602 3782 Non
1632 3727 1685 3781 in
1724 3727 1811 3783 die
1842 3728 1980 3784 festo
2004 3770 2018 3795 ,
2050 3743 2120 3785 ne

484 3888 495 3897 ι
522 3814 665 3872 forte
715 3819 978 3873 tumultus
1011 3818 1165 3874 ﬁeret
1194 3823 1247 3874 in
1290 3821 1509 3891 populo.
1542 3820 1847 3894 [ccvnt,l.]
1899 3825 1967 3879 lit
1992 3838 2116 3880 cum

520 3917 673 3965 esset
701 3909 977 3967 Bethania:
1006 3916 1056 3965 in
1085 3912 1250 3967 domo
1281 3914 1521 3969 Simonis
1550 3914 1781 3984 leprosi,
1812 3924 1870 3971 et
1899 3932 2117 3973 recum-

522 4002 679 4057 beret
702 4020 717 4059 :
740 4005 883 4060 venit
900 4007 1096 4061 mulier
1112 4006 1318 4062 habens
1330 4008 1663 4067 alabastrum
1680 4011 1939 4079 unguenti
1961 4011 2119 4067 nardi

520 4098 714 4169 spicati
743 4101 964 4169 pretiosi
996 4138 1007 4164 ,
1057 4110 1112 4156 et
1137 4104 1310 4157 fracto
1347 4102 1625 4161 alabastro
1651 4146 1665 4172 ,
1715 4103 1906 4160 eli'udit
1956 4120 2121 4177 super

525 4201 690 4262 eaput
717 4193 857 4263 ejus.
894 4194 1063 4249 Erant
1084 4204 1267 4251 autem
1290 4195 1509 4267 quidam
1541 4196 1759 4268 indigne
1782 4197 2018 4254 ferentes
2039 4199 2122 4254 in-

527 4294 611 4339 tra
640 4286 999 4356 semetipsos,
1044 4296 1100 4342 et
1129 4288 1373 4344 dicentes
1415 4306 1429 4343 :
1473 4288 1540 4344 Ut
1571 4290 1702 4360 quid
1752 4291 1987 4361 perditio
2016 4291 2117 4349 ista

525 4380 784 4448 unguenti
819 4379 960 4434 facta
991 4380 1108 4434 est?
1147 4380 1366 4437 Poterat
1411 4382 1556 4437 enim
1608 4393 1941 4449 unguentum
1975 4383 2119 4440 istud

524 4472 843 4528 venumdari
892 4472 1012 4544 plus
1059 4488 1221 4544 quam
1267 4474 1523 4531 trecentis
1569 4475 1846 4543 denariis,
1896 4486 1957 4534 et
2000 4477 2119 4533 dari

524 4566 880 4636 pattpcribus.
908 4566 975 4621 Et
992 4566 1298 4625 tremebant
1320 4569 1373 4625 in
1401 4584 1543 4625 eam.
1569 4569 1727 4627 Jesus
1744 4580 1926 4628 autem
1949 4569 2116 4627 dixit:

2223 3348 2442 3421 [curm
2471 3348 2548 3423 6.]
2582 3350 2651 3406 Et
2673 3351 2876 3423 hymno
2896 3351 3332 3418 dieto,exierunt
3357 3354 3410 3409 in
3441 3364 3680 3410 montem
3701 3353 3817 3411 Oli-

2228 3457 2445 3499 varum.
2476 3444 2722 3515 [cut-tn,
2753 3443 2832 3515 4.]
2859 3444 2928 3499 Ει
2958 3444 3034 3500 ait
3068 3444 3151 3501 eis
3189 3445 3349 3502 .lesus
3383 3466 3397 3501 :
3437 3446 3639 3503 Omnes
3669 3461 3828 3504 scan-

2223 3534 2589 3597 dalizabimini
2627 3536 2681 3592 in
2715 3552 2802 3592 me
2825 3547 2987 3593 nocte
3011 3537 3112 3593 ista
3147 3557 3158 3592 :
3187 3540 3389 3613 [cum
3419 3538 3500 3612 6.]
3525 3542 3648 3613 quia
3678 3541 3821 3596 scri-

2224 3643 2377 3705 ptutn
2428 3643 2512 3688 est
2559 3649 2573 3686 :
2629 3632 2935 3689 l’ercutiam
2978 3642 3290 3705 pastorem,
3338 3645 3392 3691 et
3441 3635 3824 3708 dispergentur

2223 3741 2376 3787 oves.
2424 3725 2531 3782 Sed
2563 3737 2850 3799 postquam
2887 3740 3276 3795 resurrexero,
3307 3728 3613 3800 praecedam
3641 3743 3738 3784 vos
3766 3729 3824 3786 in

2222 3818 2525 3875 Galilzeam.
2550 3818 2738 3892 μω,
2758 3818 2834 3891 1.]
2852 3819 3047 3877 Petrus
3072 3833 3254 3878 autem
3281 3823 3354 3878 ait
3386 3822 3500 3877 illi:
3533 3823 3599 3878 Et
3624 3822 3668 3877 si
3699 3837 3817 3878 om-

2224 3928 2321 3971 nes
2366 3914 2713 3970 scandalizati
2752 3915 2953 3971 fuerint
2981 3915 3033 3969 in
3077 3924 3168 3983 te,
3199 3916 3297 3972 sed
3329 3930 3437 3974 non
3466 3931 3589 3987 ego.
3624 3916 3690 3972 Et
3736 3916 3813 3971 ait

2223 4005 2298 4061 illi
2321 4004 2482 4061 Jcsus
2515 4006 2729 4061 :Amcn
2766 4004 2890 4061 dico
2920 4006 3058 4074 tibi,
3101 4007 3225 4079 quia
3257 4015 3315 4064 tu
3366 4007 3530 4065 hodie
3574 4010 3628 4064 in
3667 4018 3827 4065 nocte

2223 4099 2355 4164 hac,
2389 4097 2703 4169 priusquam
2728 4099 2904 4170 gallus
2937 4114 3127 4157 Vecem
3158 4100 3242 4155 bls
3272 4100 3506 4167 dederit,
3540 4110 3625 4157 ter
3647 4115 3734 4157 me
3759 4114 3821 4157 es

2223 4200 2540 4264 negaturus.
2572 4191 2753 4265 [euri
2776 4234 2791 4262 ,
2824 4192 2905 4265 6.]
2933 4196 2999 4249 At
3047 4193 3141 4249 ille
3170 4196 3406 4267 amplius
3446 4193 3773 4267 loquebatur
3804 4212 3820 4251 :

2227 4285 2290 4342 Et
2318 4285 2364 4341 si
2395 4284 2705 4354 Oportuerit
2736 4300 2823 4341 me
2846 4285 3007 4343 simul
3035 4287 3301 4342 commori
3328 4288 3430 4343 tibi
3453 4329 3469 4354 ,
3501 4303 3609 4344 non
3643 4297 3695 4344 te
3725 4302 3827 4344 ne-

2223 4380 2385 4450 gabo.
2402 4379 2666 4434 Similiter
2685 4388 2870 4434 autem
2893 4389 2951 4436 et
2974 4395 3169 4437 omnes
3192 4380 3465 4436 dicebant.
3491 4381 3721 4454 [cum,
3747 4381 3828 4457 1.]

2225 4474 2295 4531 Et
2339 4475 2565 4531 veniunt
2615 4474 2668 4529 in
2715 4473 2981 4544 praedium
3009 4516 3025 4543 ,
3071 4474 3159 4531 cui
3205 4488 3401 4531 nomen
3448 4475 3827 4533 Gctbsemani.

2226 4567 2445 4640 [(ιιιιιι
2466 4608 2481 4633 ,
2506 4566 2583 4639 6.]
2613 4566 2683 4621 Et
2709 4565 2784 4621 ait
2809 4566 3091 4635 discipulis
3118 4568 3234 4623 suis
3270 4584 3281 4620 :
3314 4566 3506 4624 sedete
3532 4567 3625 4624 hic
3654 4568 3830 4627 donec

522 4658 703 4715 Sinite
730 4674 873 4728 eam,
904 4660 1034 4732 quid
1058 4662 1134 4716 illi
1158 4661 1371 4718 molesti
1394 4663 1568 4720 estis?
1596 4663 1802 4719 Bonum
1826 4680 1962 4737 opus
1983 4679 2119 4736 ope-
2146 4663 2200 4725 Β
2225 4675 2400 4715 orem.
2430 4659 2497 4715 Ει
2522 4658 2748 4715 assumit
2778 4659 2995 4719 Petrum
3021 4701 3038 4726 .
3073 4669 3128 4715 et
3151 4659 3412 4716 Iacobum
3437 4701 3454 4729 .
3486 4670 3541 4716 et
3560 4661 3827 4718 Joannem

524 4763 643 4809 rata
673 4762 756 4808 est
786 4754 839 4808 in
886 4769 994 4809 me.
1028 4754 1258 4826 Semper
1281 4759 1427 4812 enim
1466 4772 1738 4829 pauperes
1773 4758 1987 4814 habetis
2014 4774 2117 4814 voc

524 4846 765 4914 hiscum;
795 4855 849 4902 et
876 4864 999 4904 cum
1023 4850 1324 4921 volueritis,
1355 4852 1584 4922 potestis
1606 4853 1716 4909 illis
1739 4854 2065 4911 benefacere
2100 4872 2115 4910 π

523 4954 613 4996 me
632 4950 810 4997 autem
844 4957 950 4997 non
980 4958 1197 5013 semper
1223 4943 1459 5000 habetis.
1494 4946 1638 5019 [cur
1665 4989 1680 5012 ,
1711 4945 1793 5020 4.]
1824 4947 1979 5016 Quod
2016 4949 2117 5003 lla-

524 5036 641 5092 buit
670 5036 787 5091 hinc
811 5078 827 5104 ,
857 5035 980 5093 fecit
1014 5056 1028 5091 :
1063 5040 1333 5108 praevenit
1372 5055 1581 5112 ungere
1624 5056 1827 5111 corpus
1854 5058 2034 5098 meum
2064 5044 2119 5100 in

522 5132 880 5203 sepulturam.
934 5134 1105 5189 Amen
1138 5133 1263 5189 dico
1288 5136 1446 5191 vobis
1481 5153 1494 5190 :
1541 5134 1881 5207 Ubicumque
1926 5138 2123 5209 praedi-

522 5236 700 5282 catum
729 5228 890 5282 fuerit
917 5228 1274 5299 Evangelium
1304 5228 1450 5285 istud
1496 5229 1551 5285 in
1581 5230 1842 5286 universo
1867 5232 2070 5287 mundo
2099 5273 2115 5300 ,

523 5330 580 5375 et
605 5322 748 5387 quod
797 5323 921 5378 fecit
953 5325 1067 5378 hare
1095 5366 1110 5390 ,
1157 5325 1469 5381 narrabitur
1507 5326 1562 5381 in
1607 5326 1924 5382 memoriam
1975 5327 2121 5398 ejus.

523 5415 649 5488 [Ωιι
677 5458 692 5484 ,
722 5414 804 5487 2.]
839 5417 907 5471 Et
942 5416 1109 5473 Judas
1140 5419 1426 5475 Iscariotes
1453 5420 1563 5493 [ΑΙ.
1605 5419 1945 5493 Scariotbes]
1979 5438 2121 5479 unus

524 5506 595 5562 de
622 5506 908 5563 duodecim
938 5551 952 5576 ,
984 5510 1117 5566 abiit
1148 5512 1212 5565 ad
1244 5526 1487 5567 summos
1517 5512 1831 5570 sacerdotes
1860 5557 1874 5581 ,
1903 5524 1962 5569 ut
1990 5529 2119 5586 pro-

522 5596 681 5667 deret
719 5613 842 5655 eum
879 5599 1005 5656 illis.
1039 5600 1140 5669 Qui
1171 5603 1453 5661 audientes
1492 5606 1665 5677 gavisi
1706 5615 1833 5663 sunt
1864 5624 1878 5663 :
1910 5618 1964 5666 et
1993 5623 2120 5680 pro~

520 5822 554 5877 Ρ
588 5743 620 5857 ἔ
648 5733 1221 5863 ίξζῇιι(ξεῗιέίειιίἰιιιιτιιειιιιι
1254 5740 1450 5799 vitiose
1472 5786 1485 5810 ,
1518 5743 1611 5811 sed
1641 5745 2112 5829 contenebrabitur,

560 5824 583 5859 ι’
747 5849 761 5874 ,
888 5847 900 5862 .

560 5824 620 5859 ro
648 5824 725 5862 sat
747 5849 761 5874 ,
794 5824 900 5863 etc.

591 5877 627 5935 .b
654 5879 914 5939 Additum
940 5880 998 5941 in
1024 5896 1129 5942 uno
1158 5881 1379 5958 Reginae
1408 5900 1512 5945 ms.
1559 5887 1817 5951 secundis
1846 5888 1996 5949 curis
2022 5905 2119 5963 pro

2225 4764 2413 4809 secum
2446 4768 2460 4805 ι
2488 4762 2543 4806 ct
2580 4752 2747 4823 empit
2783 4765 2981 4822 pavere
3007 4793 3022 4817 ,
3049 4759 3105 4807 et
3122 4752 3352 4808 taedere.
3381 4751 3620 4825 [ccum
3652 4752 3734 4826 4.]
3763 4753 3832 4810 Et

2226 4847 2303 4902 ait
2328 4846 2436 4902 illis
2454 4864 2468 4901 :
2490 4844 2692 4901 Tristis
2706 4855 2789 4901 est
2801 4846 2982 4901 annua
3006 4860 3122 4903 mea
3136 4859 3311 4918 usque
3330 4845 3400 4903 ad
3419 4855 3685 4905 mortem:
3709 4863 3834 4906 sus-

2227 4943 2399 4999 tinete
2427 4941 2538 5007 hic,
2569 4950 2624 4999 et
2649 4941 2888 5012 vigilate.
2917 4942 3135 5016 [ccxxv,
3164 4940 3244 5013 1.]
3274 4944 3339 4997 Et
3365 4956 3488 4998 cum
3526 4944 3831 5015 processis-

2225 5049 2311 5095 set
2342 5038 2643 5108 paululum,
2661 5037 2893 5108 procidit
2912 5051 3079 5108 super
3106 5030 3351 5095 terram:
3380 5045 3439 5094 et
3457 5039 3668 5108 orabat,
3699 5050 3757 5096 ut
3785 5039 3832 5095 si

2227 5137 2347 5194 ﬁeri
2373 5144 2581 5207 posset,
2610 5134 2868 5191 transiret
2887 5136 2955 5191 ab
2977 5150 3044 5190 eo
3070 5136 3229 5192 hora.
3254 5136 3322 5190 Et
3340 5135 3510 5191 dixit:
3537 5135 3712 5201 Abba,
3738 5148 3838 5206 pa-

2229 5239 2335 5297 ter,
2363 5230 2543 5287 omnia
2570 5228 2667 5286 tibi
2692 5228 2967 5301 possibilia
2995 5237 3141 5294 sunt,
3175 5229 3416 5287 transfer
3435 5230 3664 5286 calicem
3688 5228 3837 5286 hunc

2228 5339 2258 5381 ι
2283 5340 2393 5390 me,
2425 5323 2665 5397 [onum
2690 5323 2767 5395 1.]
2791 5323 2886 5379 sed
2912 5338 3018 5377 non
3040 5322 3183 5391 quod
3212 5337 3316 5393 ego
3353 5324 3502 5390 vole,
3555 5323 3651 5381 sed
3687 5321 3836 5394 quod

2229 5428 2307 5476 tu.
2343 5418 2411 5474 Et
2440 5418 2611 5488 venit,
2638 5426 2691 5473 et
2719 5417 2929 5474 invenit
2956 5431 3051 5473 eos
3078 5417 3434 5474 dormientes.
3463 5419 3719 5492 [manu
3750 5416 3834 5489 2.]

2232 5511 2296 5568 Et
2319 5512 2395 5567 ait
2424 5512 2588 5567 Petro
2615 5528 2628 5566 :
2663 5509 2874 5577 Simon,
2906 5510 3148 5565 dormis?
3178 5524 3285 5566 non
3318 5510 3543 5581 potuisti
3571 5525 3675 5566 una
3700 5510 3831 5565 hora

2226 5606 2494 5680 vigilare?
2522 5606 2758 5679 Vigilate
2779 5647 2795 5679 ,
2818 5614 2875 5665 et
2905 5614 3078 5683 orate,
3106 5614 3291 5673 utnon
3317 5605 3538 5673 intretis
3568 5606 3623 5665 in
3654 5612 3832 5665 tenta,

2221 5744 2395 5812 vobis,
2447 5751 2496 5799 et
2547 5759 2678 5811 pro,
2731 5750 2841 5814 etc.
2869 5786 2882 5811 ,
2928 5756 3050 5814 qua:
3081 5739 3248 5814 verba
3282 5739 3500 5814 tametsi
3544 5740 3599 5814 in
3642 5738 3835 5814 Graece

2225 5809 2678 5886 exeniplari‘non
2711 5809 2875 5887 sint,
2896 5809 2959 5871 in'
2988 5812 3199 5881 Latinis
3233 5822 3415 5870 tamen
3444 5811 3602 5884 libris
3626 5809 3831 5895 passim

2226 5898 2547 5950 OCCUU'lUII.
