4166 6336
370 313 486 375 605

1446 304 1893 371 EVANGELIUM
1931 299 2305 365 SMUNDUM
2340 302 2655 366 MARCUM.

3579 307 3681 369 606

373 428 608 485 tionem.
634 421 918 497 [ccxxvnn
947 418 1025 493 1.]
1047 420 1279 491 Spiritus
1308 420 1526 493 quidem
1559 427 1842 490 promptus
1864 427 1967 489 est,
2000 420 2045 489 Α
2075 417 2260 473 volare
2288 416 2485 475 faciem
2516 417 2636 487 ejus
2665 457 2677 480 ,
2712 424 2767 473 et
2792 416 3038 486 colaphis
3064 432 3186 473 eum
3218 418 3427 475 caedere
3452 462 3467 488 ,
3507 432 3559 477 et
3591 423 3701 478 di»

372 533 509 577 caro
535 531 662 577 vero
714 516 943 570 infirma.
980 513 1206 587 [CLXXIX
1235 555 1248 577 ,
1308 512 1387 584 6.]
1428 513 1493 575 Et
1539 511 1735 571 iterum
1788 510 1976 573 abiens

369 614 576 677 oravit,
604 610 852 671 eumdem
884 624 1192 666 sermonem
1224 608 1428 664 dicens.
1470 608 1537 665 Et
1566 622 1841 675 reversus,
1878 606 1976 663 de.-

372 720 491 765 nuo
524 704 727 765 invenit
756 718 852 757 eos
872 702 1229 766 dormientes,
1260 710 1415 756 erant
1442 700 1586 763 enim
1620 700 1761 759 oculi
1787 715 1975 761 eorum

370 800 610 877 gravati,
637 806 691 861 et
712 796 1037 873 ignorabant
1062 796 1190 867 quid
1215 795 1604 865 responderent
1631 797 1702 851 ei.
1738 794 1805 851 Et
1828 795 1977 855 venit

375 894 563 962 tertio,
598 900 651 946 et
675 893 749 945 ait
790 891 898 947 illis
928 908 943 947 :
976 890 1443 961 Dormitejam,et
1473 891 1813 961 requiescite.
1850 889 1977 945 Suf-

381 986 497 1041 ficit
540 1005 552 1039 :
586 984 811 1060 [cnxxx,
844 985 924 1056 4.]
971 984 1118 1038 venit
1150 985 1279 1038 hora
1318 1003 1331 1038 :
1375 999 1503 1039 ecce
1548 984 1715 1038 Filius
1746 983 1978 1039 hominis

374 1080 625 1139 tradetur
650 1080 702 1137 in
730 1094 924 1137 manus
951 1089 1316 1149 peccatorum.
1348 1080 1584 1151 Surgite,
1612 1096 1819 1141 eamus.
1841 1080 1977 1135 Ecce

372 1174 468 1246 qui
496 1190 581 1231 me
615 1173 826 1243 tradet,
860 1188 1027 1245 prope
1058 1182 1160 1229 est.
1200 1174 1450 1245 licnxxxr,
1486 1174 1561 1244 1.]
1608 1174 1673 1228 Et
1704 1174 1880 1228 adhuc
1912 1188 1977 1229 eo

374 1268 640 1340 loquente
662 1312 676 1337 ,
706 1270 853 1327 venit
882 1266 1051 1325 Judas
1081 1266 1366 1325 lscariotes
1399 1267 1504 1340 [ΑΙ.
1537 1267 1808 1339 Scarioth]
1843 1282 1977 1323 unus

373 1362 445 1417 de
476 1361 787 1426 duodecim,
819 1371 874 1417 et
907 1378 1027 1416 cum
1052 1376 1115 1417 eo
1142 1361 1299 1416 turba
1333 1363 1520 1430 multa,
1558 1378 1679 1423 cum
1712 1363 1905 1433 gladiis
1925 1373 1978 1427 et

373 1454 539 1526 lignis
560 1498 573 1521 ,
603 1471 632 1509 a
660 1455 891 1513 summis
919 1455 1300 1513 sacerdotibus
1324 1465 1377 1509 et
1406 1455 1642 1525 scribis,
1671 1464 1724 1511 et
1755 1457 1981 1513 seniori-

370 1549 496 1607 bus.
520 1552 780 1620 ](:t.xxxu,
800 1546 881 1618 2.]
907 1547 1139 1605 Dederat
1159 1557 1341 1604 autem
1368 1549 1594 1603 traditor
1620 1550 1741 1619 ejus
1761 1550 1976 1620 signum

374 1642 482 1709 eis,
516 1640 700 1696 dicens
733 1638 1189 1710 :Quemcumque
1218 1642 1492 1697 osculatus
1523 1642 1697 1707 fuero,
1731 1643 1845 1713 ipse
1870 1652 1975 1711 est,

374 1744 563 1793 tenete
593 1751 716 1797 eum
744 1779 761 1804 ,
794 1746 848 1792 et
875 1736 1057 1792 ducite
1098 1747 1275 1792 caute.
1313 1738 1377 1792 Et
1406 1752 1527 1793 cum
1559 1738 1791 1793 venisset
1822 1784 1835 1806 ,
1866 1750 1977 1797 sta,

377 1831 477 1893 tim
505 1832 773 1889 accedens
798 1831 865 1888 ad
897 1847 1043 1897 eum,
1077 1831 1191 1887 ait:
1218 1834 1353 1896 Ave,
1378 1832 1549 1891 Rabbi
1585 1851 1594 1887 :
1626 1842 1679 1887 et
1705 1834 1980 1891 osculatus
2014 1837 2061 1900 B
2089 1836 2279 1891 Petrus
2311 1836 2459 1892 verbi
2488 1878 2501 1903 ,
2533 1836 2675 1907 quod
2707 1835 2919 1890 dixerat
2949 1836 2998 1889 ei
3048 1835 3209 1890 Jesus
3256 1854 3268 1885 :

376 1938 459 1981 est
492 1942 638 1983 eum.
674 1928 743 1988 At
772 1926 847 1981 illi
881 1943 1069 1982 manus
1097 1927 1401 1996 injecerunt
1432 1928 1484 1980 in
1518 1943 1665 1991 eum,
1696 1938 1748 1983 et
1778 1938 1973 1985 tenue-

376 2030 505 2075 runt
527 2037 674 2079 eum.
710 2020 991 2093 [cexxxrm
1020 2022 1095 2093 1.]
1126 2021 1280 2077 Unus
1308 2032 1488 2077 autem
1521 2022 1739 2094 quidam
1771 2024 1839 2079 de
1866 2026 1972 2079 cir.

376 2113 773 2171 cumstantibus
822 2116 1059 2171 edocens
1110 2115 1345 2185 gladium
1374 2158 1387 2182 ,
1438 2120 1706 2187 percussit
1755 2134 1971 2175 servum

376 2209 577 2265 summi
624 2209 927 2266 sacerdotis
979 2229 991 2264 :
1040 2217 1096 2265 et
1150 2212 1449 2280 amputavit
1509 2212 1585 2268 illi
1645 2214 1971 2269 auriculam.

386 2304 670 2377 μιαίνειν,
702 2302 777 2373 1.]
809 2302 874 2359 Ει
906 2303 1240 2372 respondens
1269 2303 1426 2360 Jesus
1452 2347 1467 2371 ,
1519 2305 1594 2359 ait
1627 2305 1731 2359 illis
1763 2324 1776 2359 :
1813 2306 1979 2361 Tam-

378 2413 541 2469 quam
572 2397 637 2453 ad
670 2397 935 2453 latronem
970 2398 1156 2453 existis
1178 2414 1301 2457 cum
1333 2399 1528 2470 gladiis
1558 2408 1611 2454 et
1640 2399 1801 2469 lignis
1831 2415 1976 2455 com.

374 2491 718 2562 prehendere
746 2492 865 2549 me?
901 2493 1146 2562 quelidie
1177 2507 1327 2553 eram
1370 2492 1509 2562 apud
1542 2507 1639 2547 vos
1671 2493 1724 2548 in
1774 2494 1975 2563 templo

374 2586 603 2652 docens,
627 2594 682 2643 et
711 2602 815 2643 non
840 2601 927 2642 me
952 2587 1217 2643 tenuistis.
1266 2586 1517 2657 [ccxxvv,
1549 2586 1627 2658 6.]
1662 2588 1767 2644 Sed
1795 2597 1849 2641 nt
1877 2588 1977 2642 im.

374 2683 630 2754 pleantur
655 2683 969 2753 Scriptura}.
996 2683 1149 2739 Tunc
1176 2682 1425 2751 discipuli
1460 2683 1577 2753 ejus
1607 2684 1975 2754 relinquentes

375 2792 504 2834 eum
531 2822 544 2845 ,
602 2792 792 2833 omnes
837 2778 1106 2849 fugerunt.
1157 2779 1415 2849 [ccxxxvt
1446 2824 1459 2848 ,
1492 2778 1601 2851 10.]
1643 2779 1975 2835 Adolescens

376 2882 562 2927 autem
593 2871 812 2942 quidam
846 2872 1177 2941 sequebatur
1206 2887 1330 2927 eum
1360 2873 1588 2931 amictus
1620 2871 1850 2927 sindone
1880 2888 1975 2927 su-

376 2980 480 3037 per
512 2964 657 3020 nudo
690 2983 702 3017 :
736 2973 789 3021 et
832 2972 1126 3019 tenuerunt
1168 2980 1312 3019 eum.
1351 2966 1414 3019 At
1447 2964 1537 3020 ille
1565 3008 1578 3031 ,
1632 2965 1831 3035 rejecta
1868 2966 1977 3020 sin-

378 3058 523 3115 done
547 3100 563 3124 ,
616 3058 789 3112 nudus
821 3056 1055 3127 profugit
1102 3058 1169 3111 ab
1197 3060 1297 3113 eis.
1330 3056 1635 3130 [Icnxxxvm
1674 3056 1749 3127 1.]
1784 3059 1842 3111 Et
1883 3058 1979 3112 ad-

376 3150 653 3209 duxerunt
681 3150 865 3213 Jesum
897 3151 964 3207 ad
994 3167 1270 3209 summum
1304 3153 1643 3207 sacerdotem
1692 3170 1703 3205 ε
1754 3164 1806 3206 et
1844 3169 1975 3209 con-

2086 525 2212 569 cere
2242 511 2294 567 ei
2341 528 2355 570 ε
2400 509 2724 579 Pronbetiza
2760 527 2772 563 :
2799 517 2854 565 et
2881 508 3115 564 ministri
3146 510 3317 581 alapis
3348 527 3471 573 eum
3504 514 3677 571 ρωιΙορ

2084 608 2233 667 bant.
2283 606 2460 680 [nxcv,
2495 606 2573 677 1.]
2618 607 2683 662 Et
2704 621 2827 671 eum
2853 616 2999 661 esset
3026 604 3222 661 Petrus
3264 607 3317 665 in
3355 608 3494 663 atrio
3521 608 3678 665 deor-

2082 717 2224 767 sum,
2256 701 2405 758 venit
2430 714 2533 755 una
2561 715 2629 757 ex
2660 699 2878 755 ancillis
2898 700 3096 755 summi
3124 701 3456 758 sacerdotis:
3482 709 3679 757 etcum

2085 796 2306 852 vidisset
2341 795 2565 852 Petrum
2591 794 3003 857 calefacientem
3036 810 3097 851 se
3123 839 3137 865 ,
3167 798 3438 866 aspiciens
3490 799 3637 853 illum
3664 840 3681 867 ,

2085 891 2160 946 ait
2195 908 2207 943 :
2239 890 2303 945 Et
2333 900 2386 944 tu
2410 905 2531 945 cum
2561 890 2691 957 Jesu
2719 890 3015 947 Nazarene
3041 905 3185 946 eras.
3221 893 3288 945 At
3317 891 3407 947 ille
3438 892 3679 963 negavit,

2082 984 2272 1049 dicens
2305 1002 2317 1039 :
2347 983 2534 1055 Neque
2563 985 2677 1040 seio
2707 1029 2720 1055 ,
2756 1000 2935 1056 neque
2970 986 3092 1041 novi
3127 986 3252 1056 quid
3286 986 3455 1042 dicas.
3484 990 3682 1060 ]cxcvr,

2086 1077 2165 1148 1.]
2199 1077 2262 1132 Et
2294 1076 2433 1141 exiit
2464 1076 2607 1132 foras
2655 1087 2781 1134 ante
2832 1078 3030 1134 atrium
3061 1120 3074 1144 ,
3128 1088 3183 1135 et
3210 1080 3387 1151 gallus
3416 1081 3683 1136 cantavit.

2086 1168 2296 1227 Rursus
2326 1180 2506 1227 autem
2539 1186 2662 1226 cum
2697 1171 2927 1227 vidisset
2958 1172 3108 1227 illum
3136 1171 3335 1227 ancilla
3364 1214 3377 1238 ,
3411 1173 3579 1242 C(Bpil
3606 1172 3688 1227 tli-

2087 1280 2214 1322 cere
2255 1266 2738 1322 circumstantibus
2775 1266 2951 1335 :Quia
2983 1269 3071 1321 uie
3104 1282 3168 1322 ex
3210 1267 3318 1321 illis
3348 1276 3451 1323 est.
3500 1267 3569 1322 At
3599 1267 3688 1323 ille

2085 1364 2283 1420 iterum
2316 1364 2554 1437 negavit.
2592 1364 2659 1420 Et
2700 1374 2823 1436 post
2869 1364 3122 1435 pusillum
3168 1380 3358 1421 rursus
3403 1366 3491 1435 qui
3540 1376 3701 1419 asta--

2086 1459 2239 1526 bant,
2272 1459 2526 1516 dicebant
2556 1459 2718 1515 Petro
2751 1475 2764 1513 :
2798 1458 2937 1515 Vere
2958 1474 3024 1514 ex
3049 1459 3156 1513 illis
3181 1474 3239 1513 es
3273 1476 3286 1512 :
3313 1474 3436 1513 nam
3461 1459 3682 1514 etGuli-

2086 1554 2221 1609 lacus
2242 1568 2323 1611 es.
2360 1553 2453 1608 llle
2480 1562 2660 1607 autem
2684 1553 2849 1623 caspit
2882 1552 3445 1619 anathematizare,et
3471 1553 3688 1622 jnrare:

2086 1648 2225 1715 Quia
2254 1647 2441 1702 nescio
2467 1646 2747 1702 hominem
2781 1646 2944 1702 istum
2976 1662 3136 1717 quem
3166 1646 3369 1703 dicitis.
3397 1647 3461 1700 Et
3504 1646 3685 1701 Statim

2089 1742 2261 1813 gallus
2292 1742 2488 1796 iterum
2518 1742 2783 1796 cantavit.
2818 1741 3035 1814 [cxcvn,
3068 1741 3149 1813 2.]
3172 1742 3235 1796 Et
3260 1740 3576 1796 recordatus
3604 1748 3686 1795 est

3320 1833 3477 1890 Prius
3522 1846 3686 1904 quam

2082 1930 2261 2000 gallus
2292 1937 2475 1985 cantet
2504 1930 2609 1995 his,
2654 1940 2735 1984 ter
2766 1944 2853 1984 me
2894 1930 3137 1999 negabis.
3172 1930 3237 1984 Et
3268 1929 3436 1998 cmpit
3466 1927 3616 1985 flere.

2154 2027 2303 2099 [Cap.
2332 2026 2682 2083 XV.cxcvm.
2710 2028 2765 2080 :2.
2788 2026 2803 2096 ]
2828 2024 2892 2078 Et
2913 2023 3198 2078 confestim
3226 2039 3382 2077 mane
3401 2024 3689 2079 consilium

2082 2120 2342 2176 facientes
2400 2122 2599 2175 summi
2654 2119 2999 2187 sacerdotes,
3057 2133 3179 2172 cum
3236 2117 3573 2183 senioribus,
3632 2127 3689 2174 et

2081 2214 2302 2284 scribis,
2332 2223 2382 2269 et
2419 2213 2675 2269 universo
2705 2212 2970 2279 concilio,
3023 2211 3223 2285 [cxcrx,
3256 2211 3335 2283 1.]
3390 2211 3691 2268 vincientes

2080 2308 2298 2375 Jesum,
2333 2308 2633 2373 duxerunt,
2664 2317 2716 2363 et
2756 2306 3098 2362 tradiderunt
3146 2305 3341 2361 Pilato.
3399 2306 3419 2377 ί
3456 2321 3548 2369 cc,
3597 2306 3647 2359 1.
3678 2304 3696 2378 ]

2085 2406 2149 2459 Et
2178 2405 2533 2474 interrogavit
2561 2419 2682 2458 eum
2718 2403 2921 2457 Pilatus
2953 2421 2962 2455 :
2991 2401 3072 2457 Tu
3105 2416 3164 2456 es
3208 2416 3297 2456 rex
3328 2399 3689 2455 Iudaeorum?

2082 2499 2152 2553 At
2203 2497 2291 2552 ille
2322 2496 2696 2567 reSpondens,
2749 2496 2824 2550 ait
2851 2494 2971 2559 illi,
3002 2494 3081 2548 Tu
3114 2493 3272 2549 dicis.
3307 2491 3459 2564 [ccr,
3492 2491 3591 2564 4.]
3625 2492 3691 2547 Et

2081 2593 2412 2647 accusabant
2442 2606 2565 2646 eum
2597 2590 2791 2644 summi
2822 2588 3133 2643 sacerdotes
3164 2588 3217 2641 in
3244 2586 3453 2643 multis.
3488 2585 3691 2640 Pilatus

2082 2695 2259 2741 autem
2293 2699 2505 2741 rursum
2557 2685 2912 2756 interrogavit
2966 2698 3091 2738 eum
3144 2682 3376 2737 dicens:
3431 2679 3547 2734 Non
3600 2694 3691 2735 re-

2082 2782 2320 2854 spondes
2370 2780 2705 2852 quidquam?
2745 2782 2867 2834 vide
2927 2779 2978 2833 in
3012 2780 3227 2848 quantis
3280 2785 3332 2831 te
3382 2775 3685 2830 accusant!

2082 2877 2241 2933 Jcsus
2288 2883 2468 2930 autem
2499 2874 2732 2943 amplius
2762 2873 2895 2927 nihil
2941 2871 3255 2942 respondit,
3311 2870 3387 2925 ita
3435 2879 3491 2924 ut
3522 2869 3686 2923 mira-

2081 2982 2233 3027 retur
2280 2970 2509 3025 Pilatus.
2564 2970 2742 3041 lacu,
2776 2966 3013 3039 ‘2.]Per
3061 2967 3201 3021 diem
3257 2974 3434 3021 autem
3491 2966 3685 3019 festum

2083 3064 2291 3119 solebat
2320 3063 2595 3117 dimittere
2617 3062 2725 3117 illis
2756 3077 2922 3116 unum
2947 3076 3013 3116 ex
3045 3060 3259 3129 vinctis,
3290 3072 3687 3131 quemcumque

2084 3157 2390 3227 petiissent.
2417 3156 2606 3229 [ccm,
2640 3154 2732 3225 1.]
2767 3155 2897 3209 Erat
2937 3162 3114 3209 autem
3160 3154 3246 3223 qui
3277 3152 3557 3207 dicebatur
3586 3151 3689 3217 Ba-

380 3256 646 3303 venerunt
680 3262 869 3303 omnes
901 3247 1212 3302 sacerdotes
1237 3292 1251 3317 ,
1283 3258 1335 3303 et
1365 3248 1590 3313 scribae,
1625 3259 1677 3302 et
1708 3250 1976 3308 seniores.
2008 3239 2054 3303 C
2088 3252 2303 3318 rabbas,
2334 3249 2423 3321 qui
2452 3264 2575 3305 cum
2606 3248 2877 3304 seditiosis
2906 3257 3022 3303 erat
3050 3246 3283 3317 vinetus,
3313 3246 3403 3316 qui
3455 3246 3507 3299 in
3539 3243 3685 3301 sedi-

380 3338 699 3413 [cuxxvut,
728 3340 807 3412 4.]
836 3340 1028 3397 Petrus
1049 3350 1229 3399 autem
1261 3355 1290 3396 a
1323 3341 1480 3411 longe
1510 3354 1730 3397 secutus
1753 3355 1833 3398 est
1856 3360 1977 3400 eum

378 3450 554 3504 usque
588 3436 728 3489 intro
758 3435 809 3489 in
843 3435 1042 3491 atrium
1069 3436 1267 3491 stnnmi
1290 3437 1593 3491 sacerdotis
1629 3455 1641 3491 :
1673 3448 1727 3492 et
1751 3438 1980 3493 sedebat

378 3543 507 3600 cum
574 3529 894 3585 ministrisa
960 3530 1029 3585 ad
1094 3530 1321 3601 ignem,
1381 3542 1433 3585 et
1490 3530 1839 3586 calefaciebat
1895 3548 1977 3589 se.

378 3621 692 3693 [unum
719 3622 799 3692 2.]
843 3622 1049 3679 Summi
1084 3624 1395 3679 sacerdotes
1422 3633 1656 3680 etomue
1687 3626 1980 3681 concilium

378 3716 703 3786 quaerebant
737 3719 995 3773 adversus
1038 3720 1225 3773 Jesum
1277 3718 1645 3773 testimonium
1678 3762 1692 3784 ,
1743 3728 1802 3774 ut
1858 3735 1981 3776 eum

381 3810 547 3865 morti
576 3810 854 3866 traderent
880 3854 891 3874 ,
932 3826 1030 3867 nec
1058 3812 1428 3867 inveniebant.
1456 3812 1608 3867 Multi
1650 3814 1792 3868 enim
1826 3815 1981 3869 testi-

383 3904 630 3959 monium
664 3903 853 3959 falsum
894 3904 1148 3959 dicebant
1182 3905 1442 3965 adversus
1473 3922 1595 3961 eum
1631 3924 1643 3959 :
1677 3916 1732 3961 et
1782 3922 1984 3963 conve-

383 3998 591 4055 nientia
634 3998 944 4054 testimonia
976 4014 1079 4053 nun
1112 4008 1287 4054 erant.
1323 3999 1443 4071 [cxc
1469 4042 1483 4067 ,
1516 4000 1593 4070 6.]
1646 4003 1715 4055 Et
1763 4001 1983 4073 quidam

382 4101 686 4163 surgentes
748 4092 937 4147 falsum
1001 4091 1369 4147 testimonium
1427 4092 1675 4148 ferebant
1726 4093 1988 4151 adversus

380 4200 513 4241 eum
543 4227 559 4251 ,
588 4185 831 4241 dicentes
863 4225 877 4239 .
907 4184 1176 4253 Quoniam
1208 4199 1307 4240 nos
1334 4184 1638 4240 audivimus
1687 4201 1809 4241 eu'u
1838 4229 1851 4253 ,
1897 4187 1983 4241 di-

382 4289 601 4336 centem
629 4298 642 4334 :
676 4279 791 4350 Ego
820 4278 1117 4334 dissolvam
1150 4280 1413 4348 templum
1447 4283 1548 4333 hoc
1578 4293 1737 4334 manu
1763 4280 1986 4349 factum,

384 4385 445 4431 et
477 4391 575 4446 per
623 4375 861 4430 triduum
901 4375 1045 4429 aliud
1090 4390 1197 4429 non
1245 4390 1407 4431 manu
1450 4374 1649 4429 factum
1684 4374 1987 4432 aedificabo.

387 4470 459 4525 Et
485 4485 593 4524 non
620 4470 1095 4525 eratconveniens
1128 4469 1496 4524 testimonium
1536 4468 1773 4523 illorum.
1804 4469 1869 4524 Et
1894 4484 1989 4525 ex-

388 4578 622 4633 surgens
670 4576 912 4616 summus
944 4560 1202 4617 sacerdos
1232 4560 1285 4615 in
1319 4560 1556 4616 medium
1586 4603 1600 4629 ,
1640 4562 1990 4632 interrogavit

2088 3344 2238 3399 tione
2274 3344 2474 3398 fecerat
2505 3340 2876 3396 homicidium.
2910 3340 3119 3395 Etcum
3148 3339 3484 3394 ascendisset
3509 3336 3685 3403 turba,

2084 3440 2249 3508 C(Bpil
2276 3452 2498 3507 rogare,
2529 3437 2667 3491 sicut
2696 3450 2913 3504 semper
2940 3432 3173 3489 faciebat
3201 3432 3326 3486 illis.
3363 3430 3567 3485 Pilatus
3592 3444 3688 3483 au-

2084 3542 2191 3587 tem
2245 3530 2671 3601 respouditeis,
2714 3537 2767 3583 et
2795 3528 2970 3583 dixit:
3015 3526 3187 3581 Vultis
3217 3526 3484 3579 dimittam
3533 3524 3686 3577 vobis

2083 3640 2263 3696 regem
2311 3624 2658 3680 ludteorum?
2694 3621 2911 3678 Sciebat
2940 3621 3083 3675 enim
3135 3620 3277 3691 quod
3304 3634 3399 3690 per
3425 3618 3681 3673 invidiam

2087 3720 2439 3775 tradidissent
2500 3735 2622 3773 eum
2672 3718 2866 3771 summi
2920 3716 3257 3771 sacerdotes.
3296 3715 3317 3787 [
3352 3729 3471 3769 σοιν
3507 3755 3521 3777 ,
3578 3714 3626 3767 1.

2088 3816 2375 3870 Pontifices
2421 3823 2600 3868 autem
2650 3812 3067 3868 concitaverunt
3120 3812 3374 3875 turbam,
3427 3818 3487 3863 ut
3517 3808 3688 3879 magis

2089 3909 2387 3967 Barabbam
2434 3907 2736 3962 dimitteret
2777 3900 3197 3978 eis.[ccv,1.]
3250 3903 3452 3958 Pilatus
3504 3912 3683 3957 autem

2089 4006 2285 4060 iterum
2342 4000 2725 4071 respondens,
2784 4000 2856 4054 ait
2930 3999 3093 4054 illis:
3147 3995 3283 4064 Quid
3343 4012 3471 4067 ergo
3526 3995 3691 4050 vultis

2092 4098 2281 4153 faciam
2314 4095 2425 4165 regi
2451 4094 2758 4149 Judteorum
2788 4093 2811 4145 ἲ
2837 4096 2904 4146 At
2933 4090 3011 4147 illi
3046 4093 3241 4146 iterum
3265 4090 3639 4145 clamaverunt
3671 4104 3685 4143 :

2089 4188 2363 4259 Crucifige
2386 4202 2531 4242 eum.
2568 4186 2774 4241 Pilatus
2796 4199 2929 4240 vero
2956 4184 3168 4239 dicebat
3201 4183 3344 4237 illis:
3375 4181 3514 4251 Quid
3545 4182 3688 4237 enim

2090 4283 2218 4340 mali
2250 4282 2376 4337 fecit
2403 4282 2424 4334 l
2457 4282 2525 4335 At
2552 4278 2626 4335 illi
2662 4278 2835 4349 magis
2862 4276 3211 4334 clamabant:
3245 4274 3513 4346 Crucifige
3543 4289 3688 4330 eum.

2094 4374 2399 4449 [CCVI,1.]
2430 4372 2635 4428 Pilatus
2663 4380 2841 4427 autem
2894 4372 3083 4427 volens
3136 4370 3333 4440 populo
3380 4366 3695 4423 satisfacere

2094 4470 2301 4525 dimisit
2358 4468 2467 4523 illis
2497 4467 2798 4521 Barabbam
2827 4508 2841 4532 ,
2885 4474 2941 4519 et
2967 4462 3190 4518 tradidit
3237 4465 3420 4517 .lesum
3471 4460 3697 4532 ﬂagellis

2094 4577 2297 4617 caesum
2322 4602 2336 4627 ,
2371 4570 2427 4614 ut
2452 4560 2885 4630 crucifigeretur.
2914 4557 2925 4626 ]
2956 4571 3126 4621 ccvn,
3157 4556 3207 4610 4.
3235 4552 3254 4626 ]
3278 4554 3472 4609 Milites
3517 4562 3697 4608 autem

385 4656 580 4714 Jesum
610 4699 624 4721 ,
661 4656 849 4711 dicens
885 4674 898 4711 :
932 4655 1049 4711 Non
1094 4654 1393 4727 respondes
1442 4654 1732 4724 quidquam
1762 4655 1827 4709 ad
1875 4670 1942 4711 ea
1970 4697 1987 4725 ,
2019 4646 2070 4706 D
2096 4655 2369 4711 duxerunt
2398 4668 2521 4709 eum
2545 4654 2597 4707 in
2624 4655 2820 4707 atrium
2852 4650 3085 4720 praetorii
3108 4690 3123 4715 ,
3154 4658 3209 4703 et
3255 4656 3556 4702 convocant
3614 4653 3701 4699 to-

387 4767 514 4823 qute
548 4750 643 4805 tibi
673 4750 1005 4820 objiciuntur
1030 4750 1097 4805 ab
1133 4750 1264 4805 his?
1310 4749 1407 4805 Ille
1435 4762 1617 4803 autem
1654 4750 1904 4819 tacebat,
1938 4760 1993 4807 et

390 4844 524 4899 nihil
554 4844 850 4913 respondit.
903 4844 1136 4899 Rursum
1165 4857 1410 4899 summus
1456 4842 1717 4898 sacerdos
1750 4843 1989 4899 interro-

388 4939 556 5009 gabat
582 4940 799 5007 eunt,fet
828 4936 963 4991 dixit
988 4937 1037 4992 ei
1066 4955 1077 4991 :
1107 4936 1188 4991 Tu
1221 4952 1280 4992 es
1308 4935 1559 4991 Christus
1586 4936 1755 4991 Filius
1780 4936 1873 4991 Dei
1896 4938 1995 4994 be-

386 5031 632 5087 nedicti?
660 5028 816 5085 Jesue
845 5037 1026 5087 autem
1052 5028 1191 5087 dixit
1222 5030 1297 5087 illi
1327 5046 1342 5082 :
1377 5032 1489 5100 Ego
1514 5046 1634 5087 sum
1665 5048 1678 5087 :
1708 5032 1872 5103 [εισι.
1909 5031 1987 5105 1.]

387 5136 447 5183 et
484 5125 739 5182 videbitis
771 5124 967 5180 Filium
1007 5124 1250 5180 hominis
1280 5125 1560 5180 sedentem
1590 5140 1623 5179 a
1652 5126 1859 5181 dextris
1885 5126 1993 5181 vir-

384 5220 521 5275 tutis
548 5218 575 5255 ι)
613 5219 731 5284 llei,
763 5226 818 5273 et
848 5219 1156 5273 venientem
1189 5233 1309 5273 cum
1342 5219 1575 5273 nubibus
1608 5220 1753 5275 caeli.
1788 5222 1951 5293 [cxcn
1973 5262 1989 5288 ,

386 5314 469 5385 6.]
516 5314 778 5369 Summus
834 5322 1014 5368 autem
1068 5314 1321 5367 sacerdos
1370 5313 1627 5369 scindens
1667 5316 1991 5371 vestimenta

386 5421 511 5473 sua,
546 5407 650 5460 ait:
678 5406 886 5475 (exerit.
917 5406 997 5479 2.]
1027 5406 1157 5477 quid
1185 5405 1361 5462 adhuc
1390 5406 1763 5465 desideramus
1790 5412 1992 5465 testes?

389 5498 643 5553 Audistis
698 5498 1092 5568 blaSphemiam
1142 5518 1153 5553 :
1206 5499 1337 5569 quid
1381 5500 1539 5557 vobis
1588 5502 1840 5557 videtur?
1888 5504 1994 5573 Qui

388 5608 587 5648 omnes
636 5592 1143 5649 condemuaverunt
1207 5609 1330 5650 eum
1388 5610 1511 5653 esse
1564 5612 1718 5654 reum
1777 5599 1988 5655 mortis.

387 5690 606 5763 (cxcu,
642 5686 720 5759 1.]
756 5688 820 5742 Et
850 5697 1134 5757 cmpernnt
1158 5690 1377 5760 quidam
1410 5706 1719 5763 conspuere
1752 5708 1906 5762 eum,
1939 5701 1995 5750 et

464 5810 491 5839 ⁸³
524 5808 761 5892 \foculas
789 5809 857 5864 ad
886 5810 1089 5892 ignem,
1124 5826 1303 5883 neque
1331 5810 1553 5871 Gracus
1588 5819 1789 5879 textus,
1823 5826 2001 5882 neque

388 5891 565 5941 nostri
595 5897 728 5940 mss.
755 5891 1081 5954 agnoscunt.

2102 4762 2208 4806 tam
2235 4748 2535 4812 cohortem,
2568 4755 2621 4803 et
2650 4747 2877 4799 induunt
2902 4758 3024 4799 eum
3050 4757 3309 4813 purpura,
3336 4751 3388 4795 et
3417 4740 3703 4809 imponunt

2099 4844 2147 4899 ei
2173 4844 2473 4914 plectentes
2503 4842 2744 4911 spineam
2779 4853 3058 4893 coronam.
3113 4839 3176 4890 Et
3217 4843 3503 4905 coeperunt
3557 4831 3705 4887 salu-

2101 4947 2218 4994 tare
2248 4952 2404 4993 eum:
2431 4936 2568 5004 Ave,
2600 4950 2697 4990 rex
2727 4932 3059 4988 Judaeorum.
3107 4932 3323 5005 [(2ch11,
3352 4927 3430 5001 6.]
3464 4927 3531 4982 Et
3581 4943 3704 4997 per-

2099 5034 2379 5099 cutiebapt
2405 5038 2568 5102 caput
2594 5030 2715 5101 ejus
2742 5028 3043 5093 arundine:
3073 5037 3126 5082 et
3156 5024 3529 5096 conspuebent
3551 5036 3702 5091 eum,

2098 5137 2155 5183 et
2188 5136 2450 5197 ponentes
2504 5141 2716 5195 genua,
2766 5123 3065 5177 adurebant
3108 5138 3253 5176 eum.
3305 5121 3371 5176 Et
3414 5129 3705 5190 postquam

2101 5223 2391 5283 illuserunt
2414 5221 2495 5290 ei,
2530 5228 2795 5276 exuerunt
2846 5219 2996 5273 illum
3028 5234 3263 5289 purpura
3288 5262 3301 5286 ,
3335 5227 3389 5273 et
3416 5218 3708 5274 induerunt

2102 5331 2225 5372 eum
2254 5315 2597 5370 vestimentis
2622 5314 2736 5367 suis
2764 5328 2780 5365 .·
2808 5322 2861 5369 et
2907 5312 3142 5367 educunt
3189 5311 3341 5366 illum
3366 5354 3380 5378 ,
3437 5322 3494 5367 ut
3532 5311 3709 5367 cruci-

2100 5412 2327 5485 figerent
2353 5425 2498 5465 eum.
2530 5408 2757 5480 [ccle,
2794 5407 2846 5462 1.
2874 5404 2891 5477 ]
2925 5406 2993 5469 Et
3026 5406 3444 5475 angariaverunt
3481 5414 3708 5481 prteter-

2102 5516 2325 5563 euntem
2348 5505 2679 5574 quempiam,
2712 5500 2990 5557 Simonem
3015 5499 3359 5572 Cyrenazum,
3387 5499 3698 5556 venientem

2102 5599 2172 5654 de
2200 5599 2347 5662 villa,
2374 5606 2581 5667 patrem
2611 5594 2905 5649 Alexandri
2929 5603 2982 5648 et
3002 5593 3145 5657 Rufi,
3168 5602 3224 5649 ut
3254 5595 3469 5649 tolleret
3492 5607 3711 5647 crucem

2102 5692 2241 5765 ejus.
2276 5690 2448 5764 μοι,
2502 5687 2600 5762 1.]
2655 5688 2720 5743 Et
2761 5688 3073 5759 perducunt
3122 5689 3275 5744 illum
3330 5690 3384 5744 in
3442 5685 3711 5758 Golgotba

2182 5810 2208 5850 δ
2244 5810 2343 5865 llic
2393 5824 2610 5880 quoque
2662 5807 2761 5880 Dei
2801 5820 3005 5862 nomen
3033 5849 3047 5874 ,
3073 5806 3226 5880 quod
3271 5821 3445 5879 neque
3490 5804 3716 5861 Graecus

2110 5892 2295 5945 textus
2324 5879 2509 5951 addit,
2542 5882 2611 5938 ab
2638 5879 2834 5940 iisdem
2862 5893 2998 5937 mss.
3034 5879 3210 5935 abest.
