4036 6326
412 296 518 355 607

1416 297 1471 354 S.
1517 295 1900 356 lllERONYMl
1942 296 2172 356 DIVINA
2218 296 2696 359 BIDLIOTIIECA.

2363 108 2394 133 Ι

3610 308 3716 366 608

415 417 597 472 locum
658 432 671 470 :
725 414 868 488 quod
918 423 1001 472 est
1052 415 1468 487 interpretatum
1519 415 1787 472 Calvariae
1839 416 2012 472 locus.
2046 422 2096 480 Α
2123 417 2276 473 rione
2303 460 2316 483 ,
2347 417 2572 474 donavit
2594 431 2790 490 corpus
2811 418 3033 490 Josepli.
3069 419 3373 493 [ccxxvnt,
3400 423 3452 479 1.
3483 423 3722 496 [Ioseph

419 511 605 585 μω,
636 511 693 567 4.
722 511 738 582 ]
770 511 836 567 Et
855 511 1062 568 dabant
1089 512 1137 567 ei
1180 511 1372 568 bibere
1407 512 1749 584 myrrbatum
1782 515 1965 566 vinum
2001 530 2014 566 :

418 618 474 664 et
501 623 608 663 non
653 607 880 677 accepit.
935 605 1150 680 [ccxn,
1185 606 1277 678 1.]
1325 607 1392 662 Et
1421 606 1801 676 cruciﬁgentes
1849 620 1972 660 eum
2001 647 2016 671 ,

418 700 729 758 diviserunt
777 699 1103 756 vestimenta
1157 698 1296 768 ejus,
1324 699 1601 754 mittentes
1626 706 1830 752 sortem
1856 711 2022 765 super

419 794 523 860 eis,
553 794 676 866 quis
706 793 833 864 quid
863 794 1098 848 tolleret.
1129 791 1356 865 [ccxtn,
1388 793 1474 849 10.
1494 790 1511 864 ]
1532 793 1659 847 Erat
1684 801 1861 846 autem
1889 791 2022 845 bora

425 889 581 946 tertia
616 908 627 942 :
678 898 733 946 et
779 889 1170 944 cruciﬁxerunt
1221 903 1370 944 eum.
1405 889 1422 961 ι
1453 902 1624 953 ccxv,
1660 885 1750 958 1.]
1798 885 1866 940 Ει
1908 893 2027 940 erat

423 984 616 1040 titulus
635 997 812 1038 causa:
831 983 947 1054 ejus
975 980 1272 1051 inscriptus
1295 999 1306 1034 :
1333 980 1452 1036 Rex
1473 979 1808 1034 Iudaeorum.
1831 979 2022 1052 [ccxv,

427 1079 478 1133 1.
511 1076 528 1150 ]
563 1076 630 1131 Et
676 1091 796 1130 cum
828 1090 893 1130 eo
935 1073 1257 1146 crucitigunt
1296 1076 1435 1129 duos
1497 1074 1767 1138 latrones;
1801 1089 1965 1127 unum
1997 1088 2026 1125 a

428 1170 670 1234 dextris,
712 1180 768 1226 et
810 1170 974 1224 alium
1027 1184 1055 1223 a
1105 1167 1347 1224 sinistris
1375 1169 1517 1238 ejus.
1569 1167 1792 1241 [ccxvt,
1834 1165 1930 1239 8.]
1965 1167 2029 1222 Et

425 1263 648 1335 impleta
679 1272 762 1319 est
783 1263 1087 1333 scriptura,
1121 1279 1240 1335 quae
1285 1264 1417 1319 dicit
1459 1280 1473 1318 :
1532 1264 1597 1318 Et
1650 1279 1772 1318 cum
1829 1265 2029 1331 iniquis

405 1366 712 1430 ,reputatus
747 1365 852 1412 est.
878 1355 1110 1430 [ccxvtt,
1141 1357 1220 1429 6.]
1255 1359 1321 1412 Et
1346 1365 1738 1428 praetereuntes
1770 1355 2023 1426 blasphe-

429 1451 649 1506 mabant
669 1465 814 1516 eum,
847 1461 1129 1505 moventes
1151 1451 1326 1520 capita
1349 1464 1469 1515 sua,
1492 1459 1547 1506 et
1563 1451 1808 1506 dicentes
1831 1467 1844 1502 :
1874 1448 1987 1504 Vah
2013 1449 2027 1503 !

433 1557 457 1583 ιι
479 1547 569 1618 qui
593 1546 831 1602 destruis
854 1545 1115 1616 templum
1147 1545 1280 1611 Dei,
1319 1555 1374 1600 et
1399 1545 1453 1600 in
1479 1544 1648 1599 tribus
1674 1543 1868 1599 diebus
1899 1559 2034 1598 rea:-

429 1639 616 1695 dilieas
640 1657 654 1692 :
679 1641 886 1694 salvum
902 1638 986 1694 {ac
1011 1639 1359 1709 temetipsum
1388 1637 1725 1694 descendens
1753 1639 1822 1693 de
1849 1652 2029 1692 cruce.

437 1733 714 1805 [ccxvnt,
746 1730 848 1803 2.]
878 1731 1142 1788 Similiter
1200 1742 1254 1788 et
1301 1731 1499 1786 summi
1538 1731 1854 1786 sacerdotes
1914 1729 2038 1784 illu-

2121 525 2300 570 autem
2344 524 2616 570 mercatus
2643 513 2967 582 sindonem,
3026 528 3077 570 et
3133 515 3416 588 deponens
3465 531 3590 574 eum
3639 519 3727 574 in-

2124 609 2550 666 volvitsindone
2572 651 2585 675 ,
2614 619 2670 664 et
2701 609 2882 679 posuit
2903 625 3026 665 cum
3065 612 3114 665 in
3146 620 3532 678 monumento,
3574 613 3724 684 quod

2123 712 2241 759 erat
2289 702 2531 759 excisum
2589 702 2656 759 de
2723 713 2913 774 petra,
2961 713 3014 759 et
3069 705 3311 760 advolvit
3355 705 3589 776 lapidem
3655 705 3729 762 ad

2124 797 2323 852 Ostium
2392 796 2750 855 monumenti.
2802 798 3094 870 [ccxxrx,
3150 796 3258 870 6.]
3317 797 3480 854 Maria
3543 809 3730 856 autem

2126 889 2478 961 Magdalene,
2508 900 2560 946 et
2584 890 2746 946 Maria
2773 890 2973 962 .losepb
3006 890 3111 964 [ΑΙ.
3137 889 3326 963 Josue]
3348 935 3362 958 ,
3393 891 3734 961 inspiciebant

2129 985 2218 1040 ubi
2252 994 2566 1054 poneretur.

2204 1077 2220 1150 ]
2251 1076 2381 1146 Cap.
2414 1077 2552 1133 XVI.
2579 1094 2782 1145 ccxxx,
2831 1079 2927 1150 8.]
2961 1078 3025 1132 Et
3057 1093 3179 1132 cum
3215 1080 3502 1136 transisset
3530 1078 3737 1134 sabba-

2132 1177 2273 1232 tum,
2306 1169 2467 1224 Maria
2502 1169 2834 1241 Magdalene,
2864 1182 2918 1226 et
2961 1171 3125 1225 Maria
3167 1169 3394 1238 Jacobi,
3427 1179 3484 1226 et
3512 1170 3738 1227 Salome

2132 1271 2382 1317 emerunt
2429 1275 2702 1331 aromata,
2762 1274 2821 1319 ut
2876 1265 3160 1320 venientes
3206 1275 3473 1337 ungerent
3523 1264 3732 1321 Iesum.

2135 1357 2396 1429 locum,
2443 1355 2534 1427 1.]
2589 1357 2654 1411 Et
2721 1357 2880 1412 valde
2937 1372 3094 1413 mane
3157 1373 3260 1412 una
3336 1358 3690 1413 sabbatorum
3724 1401 3740 1429 ,

2135 1451 2364 1505 veniunt
2388 1450 2452 1504 ad
2481 1462 2913 1519 monumentum,
2939 1461 3062 1507 orto
3087 1452 3198 1524 jam
3222 1453 3358 1508 sole.
3393 1452 3458 1507 Et
3484 1452 3745 1508 dicebant

2136 1545 2203 1599 ad
2248 1544 2479 1599 invicem
2515 1561 2528 1599 :
2589 1547 2708 1616 quis
2759 1545 3002 1600 revolvet
3049 1546 3204 1600 nobis
3239 1545 3472 1617 lapidem
3501 1545 3570 1600 ab
3599 1546 3745 1600 ostio

2138 1639 2511 1693 monmuenti?
2535 1639 2600 1692 Et
2627 1637 2983 1708 respicientes
3002 1638 3248 1693 viderunt
3277 1637 3580 1693 revolutum
3605 1637 3748 1706 lapi-

2139 1732 2284 1788 dom.
2335 1732 2462 1787 Erat
2486 1733 2684 1801 quippe
2735 1747 2963 1802 magnus
2998 1731 3177 1786 valde.
3213 1732 3276 1786 Et
3320 1731 3663 1786 introeuntes
3689 1729 3745 1785 in

433 1825 655 1892 dentes,
698 1824 765 1890 ad
795 1827 1121 1880 alterutrum
1150 1839 1276 1879 cum
1308 1823 1506 1880 scribis
1537 1821 1787 1878 dicebant
1817 1839 1828 1874 :
1884 1822 2034 1876 Alios
2066 1833 2110 1893 Β
2140 1834 2548 1879 monumentum
2579 1823 2831 1878 viderunt
2861 1824 3126 1894 juvenem
3179 1823 3462 1878 sedentem
3506 1820 3561 1876 in
3610 1821 3750 1876 dex-

436 1923 624 1978 salvos
684 1921 846 1988 fecit,
893 1922 1130 1990 seipsum
1181 1935 1290 1975 non
1348 1927 1524 1988 potest
1575 1919 1784 1973 salvum
1836 1916 2032 1971 facere.

437 2014 690 2070 Christus
721 2030 816 2069 rex
851 2012 1016 2068 Israel
1057 2011 1356 2067 descendat
1407 2025 1549 2065 nunc
1601 2009 1668 2064 de
1726 2022 1923 2074 cruce,
1985 2015 2043 2062 ut

444 2107 759 2175 videamus,
806 2116 861 2161 et
910 2105 1217 2161 credamus.
1268 2104 1498 2176 [ccxnx,
1529 2103 1626 2174 2.]
1672 2103 1738 2157 Et
1776 2103 1868 2172 qui
1917 2116 2039 2157 cum

441 2217 511 2258 eo
550 2201 800 2256 cruciﬁxi
850 2209 1038 2266 erant,
1093 2197 1542 2254 conviciabantur
1591 2199 1663 2253 ei.
1699 2195 1904 2268 μου,
1944 2195 1994 2248 2.
2029 2193 2040 2266 ]

444 2295 513 2350 Et
543 2295 678 2350 facta
709 2293 839 2348 hora
871 2301 1023 2349 sexta
1045 2333 1059 2357 ,
1095 2293 1334 2347 tenebrae
1378 2294 1530 2347 tactae
1559 2300 1687 2346 sunt
1728 2305 1824 2358 per
1875 2297 2040 2343 totarn

449 2398 648 2443 terram
677 2401 851 2456 usque
884 2387 935 2440 in
961 2387 1150 2441 horam
1184 2399 1406 2439 nonam.
1443 2383 1666 2456 [ccxxu
1697 2382 1749 2437 6.
1778 2379 1883 2452 ]Et
1913 2379 2043 2434 hora

449 2497 590 2537 nona
621 2481 945 2552 exclamavit
971 2480 1129 2535 Jcsus
1176 2495 1308 2536 voce
1349 2496 1572 2548 magna,
1619 2479 1806 2532 dicens
1841 2495 1852 2530 ε
1889 2476 2041 2540 Eloi,

451 2573 604 2638 Elui,
663 2574 860 2628 lamma
889 2570 1245 2627 sabaetltani?
1275 2571 1420 2640 quod
1455 2580 1537 2626 est
1588 2571 2002 2639 interpretatum
2032 2584 2047 2622 :

456 2668 596 2724 Deus
643 2683 829 2736 meus,
873 2667 1017 2722 Deus
1064 2681 1252 2732 meus,
1301 2665 1487 2736 utquid
1545 2665 1879 2734 dereliquisli
1921 2680 2006 2719 me
2029 2664 2053 2717 ‘l

456 2762 479 2815 l'
501 2768 522 2815 t
545 2761 763 2831 quidam
793 2759 862 2815 de
888 2761 1364 2816 circumstantibus
1390 2759 1676 2814 audientes
1702 2800 1716 2824 ,
1755 2757 2008 2812 dicebant
2035 2775 2047 2810 :

455 2855 597 2911 Ecce
626 2856 796 2910 Eliam
827 2865 1004 2910 vocat.
1031 2855 1274 2927 locant,
1300 2853 1382 2927 2.]
1407 2854 1646 2909 Correus
1675 2863 1856 2908 autem
1889 2868 2050 2919 unus,

455 2961 511 3006 et
542 2950 774 3020 implens
814 2965 1094 3020 spongiam
1146 2959 1328 3015 aceto,
1383 2949 1910 3016 circumponensque
1961 2961 2053 3000 ca-

455 3041 632 3106 lamo,
664 3053 848 3112 potum
879 3041 1044 3095 dabat
1076 3039 1124 3094 ei
1146 3085 1160 3108 ,
1194 3040 1380 3094 dicens
1409 3039 1617 3094 :Sinite
1644 3082 1659 3106 ,
1712 3039 1989 3092 videamus
2011 3038 2056 3092 si

458 3135 639 3190 veniat
694 3135 840 3188 Elias
878 3133 944 3186 ad
995 3133 1377 3202 deponendum
1433 3148 1578 3187 eum.
1641 3129 1915 3203 [ccxxm,
1955 3132 2001 3184 l.
2040 3129 2055 3203 'J

2143 1919 2270 1987 tris,
2330 1928 2650 1986 coopertum
2707 1919 2845 1974 Stola
2889 1918 3153 1979 candida,
3205 1927 3261 1974 et
3320 1917 3748 1987 obstupuerunt.

2143 2011 2428 2085 [CCVXXII,
2472 2015 2524 2067 2.
2561 2012 2569 2082 Ι
2613 2013 2713 2082 Qui
2757 2013 2887 2068 dicit
2920 2013 3074 2070 illis:
3116 2011 3292 2069 Nolite
3337 2026 3749 2084 expavescere:

2143 2107 2329 2162 Jesum
2365 2107 2604 2175 quarritis
2630 2106 2984 2162 Nazartenum
3009 2149 3023 2173 ,
3053 2107 3371 2162 crncilixum
3409 2125 3419 2160 :
3465 2105 3749 2170 surrexit,

2146 2215 2253 2256 non
2286 2210 2368 2254 est
2394 2201 2511 2266 hic,
2547 2215 2676 2256 cccc
2700 2201 2852 2256 locus
2880 2201 2966 2254 ubi
2996 2209 3294 2270 posuerunt
3318 2214 3465 2255 eum.
3494 2197 3599 2254 Sed
3631 2199 3708 2252 ite
3732 2241 3750 2266 ,

2145 2293 2309 2348 dicite
2350 2293 2635 2364 discipulis
2667 2293 2784 2365 ejus
2807 2304 2860 2348 et
2902 2293 3066 2348 Petro
3089 2339 3102 2362 ,
3133 2293 3254 2364 quia
3289 2291 3546 2362 prmcedit
3567 2305 3664 2346 vos
3697 2292 3756 2346 in

2147 2385 2427 2442 Galilaeam
2468 2402 2482 2440 :
2547 2386 2621 2441 ibi
2677 2402 2798 2442 eum
2846 2386 3136 2453 videbitis,
3190 2387 3332 2440 sicut
3381 2383 3524 2439 dixit
3571 2383 3756 2438 vobis.

2150 2479 2426 2552 [ccxxxm
2447 2522 2460 2542 ,
2486 2479 2541 2533 2.
2566 2480 2585 2551 ]
2612 2480 2679 2534 At
2710 2479 2818 2534 illae
2865 2488 3130 2540 exeuntes
3155 2522 3170 2544 ,
3205 2479 3450 2550 fugerunt
3474 2477 3540 2533 de
3562 2491 3761 2531 monu-

2151 2583 2375 2629 mento:
2420 2575 2690 2628 invaserat
2725 2573 2868 2628 enim
2897 2587 2988 2627 eas
3018 2584 3222 2629 tretnor
3245 2583 3299 2627 et
3326 2587 3524 2643 pavor:
3569 2581 3624 2627 et
3664 2587 3764 2628 nc-

2153 2669 2284 2725 mini
2316 2669 2608 2740 quidquam
2651 2669 2906 2724 dixerunt
2937 2686 2952 2723 :
2987 2669 3247 2724 timebant
3291 2667 3457 2723 enim.
3510 2667 3762 2737 Surgens

2153 2772 2331 2818 autem
2364 2779 2552 2831 mane,
2578 2763 2748 2832 prima
2778 2761 3021 2831 sabbati,
3055 2763 3308 2833 apparuit
3350 2761 3531 2832 primo
3571 2759 3762 2814 Mariae

2157 2854 2506 2925 Magdalene,
2564 2855 2632 2909 de
2664 2869 2766 2925 qua
2799 2855 3039 2924 ejecerat
3079 2865 3284 2925 septem
3327 2851 3617 2907 dtcmouia.
3655 2850 3764 2905 Illa

2157 2950 2362 3004 vadens
2395 2950 2664 3004 nuntiavit
2694 2950 2796 3018 bis,
2831 2950 2920 3020 qni
2945 2964 3068 3004 cum
3092 2965 3158 3005 eo
3184 2949 3418 3013 fuerant,
3443 2947 3761 3018 lugentibus

2157 3053 2209 3098 et
2234 3043 2504 3098 ﬂentibus.
2535 3044 2598 3097 Et
2625 3043 3001 3098 illiaudientes
3023 3043 3145 3112 quia
3171 3043 3402 3099 viveret.
3431 3042 3642 3096 etvisns
3663 3055 3766 3094 es-

2160 3148 2242 3193 set
2264 3138 2335 3192 ab
2355 3153 2437 3199 ea.
2466 3152 2570 3192 non
2593 3137 2964 3192 crediderunt.
2991 3138 3261 3210 [casum
3284 3134 3362 3205 8.]
3380 3134 3505 3190 Post
3527 3135 3640 3190 haec
3660 3147 3771 3187 au-

455 3225 615 3282 Jesns
677 3237 854 3280 autem
889 3269 903 3291 ,
956 3224 1158 3278 emissa
1239 3239 1372 3279 voce
1443 3240 1632 3294 magna
1668 3267 1682 3292 ,
1738 3225 2045 3293 exspiravit.

2168 3244 2272 3290 tem
2293 3232 2507 3287 duobus
2533 3249 2597 3286 ex
2632 3233 2715 3286 bis
2735 3231 3136 3287 ambulantibus
3159 3241 3412 3286 ostensus
3440 3239 3522 3284 est
3566 3228 3618 3282 in
3647 3227 3772 3284 alia

462 3320 734 3392 [ccxxrv,
762 3320 817 3374 2.
851 3318 868 3390 ]
901 3319 963 3372 Et
989 3319 1164 3372 vclnm
1191 3319 1374 3388 templi
1399 3319 1628 3373 scissum
1651 3331 1730 3375 εει
1755 3318 1807 3372 in
1841 3318 1949 3373 duo
1975 3361 1990 3386 ,
2026 3333 2054 3372 a

457 3429 672 3470 summo
703 3415 722 3487 [
751 3413 836 3467 At.
865 3428 1080 3468 sursum
1108 3412 1126 3485 ]
1152 3429 1320 3482 usque
1354 3413 1633 3469 deorsum.
1669 3413 1685 3487 [ι
1709 3429 1881 3469 ccuv
1902 3455 1916 3477 ,
1955 3413 2011 3467 2.
2038 3411 2054 3482 J

460 3506 664 3563 Videas
691 3517 870 3562 autem
899 3507 1183 3573 Centurio,
1213 3507 1304 3578 qui
1335 3524 1400 3561 ex
1427 3507 1654 3562 adverso
1684 3509 1860 3562 stabat
1885 3550 1900 3572 ,
1933 3508 2056 3576 quia

463 3603 544 3658 sic
575 3603 818 3657 clamans
863 3603 1229 3671 ex5pirasset,
1261 3603 1332 3656 ait
1367 3619 1379 3656 :
1415 3602 1554 3658 Vere
1586 3603 1669 3656 hic
1701 3601 1862 3656 homo
1891 3600 2061 3657 Filius

461 3695 559 3751 Dei
589 3705 725 3751 erat.
762 3695 1026 3770 [ccxxvt,
1059 3696 1110 3751 6.
1142 3697 1160 3768 ]
1193 3697 1358 3752 Erant
1401 3707 1579 3752 autem
1633 3708 1683 3751 et
1715 3697 1972 3752 mulieres
1993 3696 2060 3750 de

461 3789 624 3860 longe
652 3790 977 3860 aspicientes
1008 3807 1020 3844 :
1059 3793 1200 3846 inter
1225 3805 1358 3860 quas
1380 3801 1499 3848 erat
1524 3791 1683 3846 Maria
1715 3791 2059 3862 Magdalene,

465 3894 518 3942 et
547 3886 712 3940 Maria
739 3885 925 3941 Jacobi
955 3885 1184 3940 minoris
1212 3894 1266 3941 et
1286 3885 1490 3957 Josepb
1515 3885 1630 3958 [ΑΙ.
1658 3885 1841 3955 Josue]
1867 3894 2058 3951 mater,

461 3988 517 4034 et
543 3979 809 4034 Salome:
863 3987 919 4034 et
945 3994 1066 4033 cum
1095 3990 1238 4034 esset
1293 3979 1344 4034 in
1383 3979 1641 4046 Galilrea,
1697 3979 2064 4048 sequehilntur

460 4087 626 4136 eum,
659 4081 712 4126 et
760 4071 1239 4136 ministrabantei,
1293 4082 1346 4126 et
1393 4073 1514 4126 aliae
1563 4071 1744 4125 multa:
1776 4112 1789 4136 ,
1823 4087 1942 4140 quae
1991 4069 2065 4124 si-

460 4167 575 4223 mul
599 4181 720 4220 cum
745 4180 810 4221 eo
831 4164 1193 4220 ascenderant
1215 4166 1632 4239 Jerosolymam.
1662 4169 1906 4237 |ccxxvn
1925 4207 1938 4230 ,
1966 4165 2014 4221 1.
2044 4165 2062 4236 ]

467 4260 532 4314 Et
561 4274 680 4312 cum
708 4259 818 4328 jam
841 4273 968 4313 sero
990 4269 1136 4314 esset
1168 4262 1366 4314 tactum
1393 4260 1559 4330 (quia
1590 4267 1708 4312 erat
1733 4273 2023 4328 parasceve
2047 4303 2062 4328 ,

466 4351 610 4422 quod
643 4362 727 4406 est
757 4361 886 4406 ante
931 4352 1295 4425 sabbatum),
1331 4353 1474 4408 venit
1506 4353 1706 4423 Joscpb
1739 4355 1806 4407 ab
1855 4353 2067 4408 Arima-

466 4450 606 4501 tbaea
639 4445 836 4502 nobilis
877 4447 1132 4516 decurio,
1178 4449 1272 4518 qui
1322 4457 1379 4502 et
1420 4447 1535 4516 ipse
1584 4459 1700 4503 erat
1742 4459 2066 4518 exspectans

466 4555 692 4612 regnum
722 4540 860 4608 Dei,
917 4553 972 4596 et
998 4541 1257 4598 audacter
1308 4544 1552 4599 introivit
1580 4544 1646 4598 ad
1688 4543 1956 4608 Pilatum,
2013 4553 2069 4600 et

2160 3328 2340 3398 efﬁgie
2359 3326 2614 3383 euntibus
2642 3327 2693 3381 in
2724 3326 2902 3381 villam
2929 3343 2942 3380 :
2966 3336 3019 3380 et
3051 3325 3128 3380 illi
3154 3333 3344 3380 euntes
3375 3324 3774 3379 nuntiaverunt

2160 3420 2402 3476 cmteris:
2425 3434 2522 3475 nec
2547 3420 2650 3474 illis
2669 3418 3037 3474 crediderunt.
3055 3417 3308 3491 [ccxxxv,
3336 3414 3447 3488 10.]
3460 3415 3776 3470 Novissime

2161 3511 2598 3571 recumbentibus
2617 3511 2722 3565 illis
2747 3510 2992 3566 undecim
3025 3510 3306 3579 apparuit:
3331 3517 3387 3564 et
3415 3506 3780 3579 exprobravit

2162 3604 2592 3661 incredulitatem
2617 3617 2807 3658 eorum
2831 3611 2884 3657 et
2906 3601 3160 3657 duritiam
3189 3600 3394 3668 cordis,
3413 3602 3537 3670 quia
3561 3599 3647 3668 iis,
3670 3599 3781 3669 qui

2162 3698 2411 3755 viderant
2439 3713 2560 3753 eum
2581 3695 2944 3752 resurrexisse
2965 3736 2978 3761 ,
3011 3709 3114 3748 non
3142 3693 3506 3749 crediderunt.
3538 3691 3604 3746 Et
3623 3691 3782 3746 dixit

2163 3793 2243 3847 eis
2269 3809 2278 3844 :
2308 3791 2508 3844 Eunles
2534 3788 2587 3844 itt
2615 3789 2870 3844 mundum
2900 3789 3235 3852 universum,
3269 3786 3560 3857 pradirate
3589 3783 3785 3838 Evan-

2163 3887 2360 3957 gelinm
2391 3884 2537 3939 omni
2565 3893 2852 3938 creaturze.
2881 3881 2984 3950 Qui
3011 3881 3334 3948 crediderit,
3369 3891 3418 3935 et
3464 3879 3781 3948 baptizatus

2165 3979 2356 4038 fuerit.
2392 3979 2572 4032 salvus
2603 3978 2706 4031 crit
2737 3994 2749 4030 :
2793 3976 2883 4046 qui
2939 3989 3072 4030 vero
3104 3989 3212 4028 non
3245 3971 3572 4033 crediderit,
3631 3985 3786 4025 con-

2165 4071 2528 4128 detnnabitur.
2565 4069 2726 4140 Signa
2768 4078 2946 4122 autem
2974 4083 3068 4121 eos
3097 4067 3187 4137 qui
3219 4063 3596 4129 crediderint,
3649 4062 3786 4118 haec

2167 4174 2468 4236 sequentur
2501 4180 2511 4216 ;
2543 4161 2601 4216 lu
2635 4161 2855 4216 nomine
2882 4175 3002 4214 meo
3033 4159 3298 4213 dmmonia
3347 4157 3567 4227 cjicient
3599 4173 3610 4209 :
3666 4154 3789 4210 lin-

2167 4261 2286 4331 guis
2317 4259 2604 4327 loquentur
2638 4256 2828 4310 novis:
2860 4263 3140 4324 serpentes
3169 4252 3357 4307 tollent
3385 4268 3399 4305 :
3433 4259 3486 4305 et
3507 4249 3551 4305 si
3577 4250 3790 4303 morti-

2167 4351 2340 4410 ferum
2373 4350 2500 4420 quid
2529 4349 2800 4414 biberint,
2832 4362 2936 4401 non
2979 4346 3057 4400 eis
3091 4344 3346 4399 nocebit:
3381 4356 3546 4412 super
3591 4353 3786 4409 εδει-οε

2171 4463 2364 4504 manus
2419 4446 2735 4514 imponent,
2784 4451 2836 4497 et
2867 4442 3006 4498 bene
3047 4439 3340 4495 habebunt.
3396 4437 3462 4491 Et
3506 4434 3787 4492 Dominus

2171 4538 2392 4610 quidem
2455 4536 2616 4592 Iesus
2679 4546 2960 4605 postquam
3015 4533 3221 4587 locutus
3271 4538 3355 4586 est
3402 4521 3521 4596 eis,
3555 4541 3787 4582 assum-

471 4633 630 4701 petiit
658 4645 858 4699 corpus
881 4631 1032 4688 Jesu.
1086 4631 1288 4689 Pilatus
1320 4645 1498 4690 autem
1529 4636 1826 4691 mirabatur
1875 4635 1919 4690 si
1956 4635 2066 4706 jam
2094 4629 2149 4690 D
2175 4643 2299 4705 plus
2325 4640 2406 4686 est
2431 4629 2482 4685 in
2506 4630 2702 4684 ctelum
2724 4671 2736 4691 ,
2770 4639 2820 4682 et
2851 4627 3004 4682 sedet
3028 4641 3058 4680 a
3087 4623 3292 4681 dextris
3316 4622 3436 4677 Dei.
3471 4620 3548 4676 Illi
3583 4629 3788 4677 autem

469 4726 716 4783 abiisset.
745 4726 810 4782 Et
838 4726 1113 4783 accersito
1141 4726 1508 4795 Centurione,
1542 4729 1896 4799 interrogavit
1947 4743 2068 4784 eum

465 4821 513 4881 si
553 4822 664 4894 jam
695 4833 945 4880 mortuus
975 4832 1140 4880 esset.
1170 4823 1378 4880 Etcum
1403 4825 1745 4895 cognovisset
1785 4839 1815 4879 a
1873 4822 2076 4878 Centu-

2176 4727 2406 4800 profecti
2439 4725 2870 4794 prmdicaverunt
2896 4723 3117 4792 ubique,
3144 4721 3378 4776 Domino
3406 4725 3744 4786 cooperante
3764 4759 3785 4784 ,

2177 4831 2232 4879 et
2281 4835 2590 4877 sermonem
2641 4817 3032 4883 conﬁrmante,
3085 4814 3444 4887 sequentibus
3471 4809 3658 4883 signis.

1525 4916 1751 4989 Explicit
1783 4915 2120 4985 Evangelium
2149 4913 2426 4971 secundum
2456 4911 2712 4966 Marcum.

536 5037 561 5066 ⁸
595 5027 743 5086 Unus
779 5029 999 5098 Regina:
1026 5043 1129 5084 ms.
1162 5030 1250 5102 qui
1279 5029 1529 5086 destruxit
1561 5046 1579 5084 :
1625 5029 1790 5094 alter,
1818 5029 1907 5100 qui
1928 5028 2150 5083 destruit
2177 5043 2195 5082 :
2229 5035 2340 5080 tum
2372 5025 2486 5094 pari
2514 5036 2816 5087 consensu,
2841 5019 3006 5075 tribus
3035 5019 3215 5073 diebus
3245 5015 3496 5086 tediﬁcat,
3525 5021 3631 5069 etc.

1331 5133 3783 5161 MM

1900 5227 2346 5311 INCIPIT

466 5375 1777 5541 EVANGELIUM
1862 5376 2952 5610 stgggNDUM
3013 5366 3777 5518 LUCAM.

542 5662 1042 5742 [ϐαρ.1.ι,10.]⁸
1094 5665 1360 5758 Quoniam
1412 5662 1629 5736 quidem
1679 5662 1832 5719 multi
1881 5662 2065 5718 conati

541 5815 566 5844 ⁸
601 5803 742 5863 Editi
772 5802 898 5860 librt
930 5801 1300 5872 quamplures.
1324 5817 1447 5858 cum
1477 5817 1607 5856 mss.
1639 5800 1922 5857 codicibus
1943 5817 2048 5854 non

460 5880 670 5950 paucis,
704 5877 872 5934 hocce
899 5874 1132 5948 primum
1174 5873 1334 5930 Lucae
1378 5875 1671 5945 capitulum
1700 5873 1834 5930 intra
1877 5887 2043 5944 appo-

2176 5665 2307 5716 sunt
2335 5655 2588 5712 ordinare
2618 5653 3012 5719 narrationem,
3042 5666 3166 5724 quae
3212 5650 3265 5706 in
3294 5647 3448 5704 nobis
3494 5643 3793 5714 completas

2163 5803 2302 5852 nunt
2325 5807 2489 5849 versu
2513 5793 2568 5857 5,
2601 5792 2666 5847 ad
2706 5791 2823 5846 haec
2857 5788 3023 5844 verba
3061 5806 3074 5842 :
3103 5784 3230 5840 Fuit
3256 5786 3308 5840 in
3337 5783 3516 5857 diebus
3549 5779 3791 5857 Herodis

2149 5869 2286 5938 regis
2329 5852 2803 5920 Indica-sacerdos
2844 5861 3078 5932 quidam,
3127 5869 3236 5914 etc.
3289 5852 3783 5917 Pt'azt’atiunculam

3978 150 3983 362 ι
