4166 6336
317 330 422 390 609
1347 329 1804 388 EVANGELIUM
1847 328 2218 388 SECUNDUM
2259 329 2513 390 LUCAM.
3502 330 3608 390 610

319 456 464 510 sunt,
487 459 671 502 rerum
703 461 716 497 :
749 443 890 500 sicut
933 442 1272 500 tradiderunt
1302 444 1484 512 nobis,
1517 447 1607 516 qui
1661 446 1731 501 ab
1762 445 1914 500 initio
1939 444 2230 520 A'Denm:
2261 446 2527 502 etmissus
2558 458 2677 500 sum
2707 443 2855 515 loqui
2879 442 2947 500 ad
2977 451 3054 513 te,
3084 451 3138 500 et
3169 443 3286 499 haec
3318 443 3412 500 tibi
3443 459 3612 502 evan—

322 538 422 609 ipsi
450 537 724 607 viderunt,
750 544 806 592 et
851 537 1082 593 ministri
1115 537 1331 593 fuerunt
1375 536 1682 594 sermonis:
1739 538 1917 594 visum
2018 538 2276 610 gelizare.
2305 539 2372 594 Et
2394 553 2525 595 ecce
2555 537 2670 593 eris
2704 547 2910 608 tacens,
2949 545 3006 593 et
3035 551 3145 592 non
3196 535 3401 606 poteris
3444 536 3615 609 loqui,

323 642 406 690 est
427 632 582 698 mihi,
616 641 870 688 assecuto
905 642 929 671 α
969 632 1154 688 omnia
1209 648 1239 687 a
1281 631 1552 704 principio
1611 633 1920 706 diligenter,
2024 647 2194 701 usque
2224 631 2277 686 in
2309 631 2451 687 diem
2481 645 2589 701 quo
2615 629 2731 685 hrec
2763 629 2913 700 ﬁant,
2949 644 3050 700 pro
3079 643 3149 686 eo
3173 630 3317 700 quod
3368 645 3475 684 non
3507 644 3626 686 cre-

323 741 391 783 ex
416 725 612 782 ordine
644 726 738 781 tibi
761 726 1022 797 scribere,
1049 728 1252 798 optime
1282 727 1610 797 Theoiihile.
1645 737 1697 784 ut
1723 744 1924 800 cogno-
2023 723 2214 780 didisti
2245 723 2427 779 verbis
2464 723 2623 791 meis,
2681 739 2803 793 qua:
2861 721 3234 793 implebantur
3275 723 3329 778 in
3377 731 3626 794 tempore

323 835 445 878 scas
472 835 662 875 eorum
685 819 996 888 verborum,
1027 819 1098 876 de
1126 819 1322 891 quibus
1344 820 1592 876 eruditus
1617 835 1699 888 es,
1727 822 1924 876 verita-
2026 831 2144 872 suo.
2163 818 2225 871 Et
2251 823 2371 873 erat
2402 816 2556 888 plebs
2576 826 2902 886 exspectans
2919 814 3331 872 Zachariamzet
3359 815 3630 871 miraban-

327 922 459 970 tern.
492 911 617 968 Fuit
674 914 727 968 in
765 912 956 969 diebus
991 912 1246 982 Herodis,
1279 916 1424 985 regis
1467 913 1689 982 ludicre,
1745 929 1924 970 saccr-
2029 918 2116 965 tur
2139 909 2282 980 quod
2312 908 2555 965 tardaret
2586 910 2706 979 ipse
2759 909 2814 964 in
2860 909 3081 979 templo.
3141 908 3405 980 Egressus
3451 919 3632 964 autem

326 1005 427 1062 dos
451 1005 670 1078 quidam
728 1006 954 1062 nomine
1005 1005 1323 1074 Zacharias,
1371 1007 1440 1062 de
1492 1008 1609 1062 vice
1664 1007 1822 1072 Abia;
1875 1014 1932 1061 et
2031 1017 2139 1057 non
2172 1011 2382 1071 poterat
2409 1001 2559 1073 loqui
2590 1001 2655 1057 ad
2683 1001 2822 1068 illos,
2867 1011 2922 1058 et
2952 1010 3328 1073 cognoverunt
3373 1001 3518 1074 quod
3549 1003 3634 1058 vi-

327 1113 466 1154 uxor
493 1098 641 1154 illius
681 1097 749 1154 de
795 1098 1012 1153 ﬁliabus
1040 1098 1246 1163 Aaron,
1280 1107 1335 1154 et
1366 1115 1562 1155 nomen
1604 1099 1724 1170 ejus
1757 1100 1934 1155 Eliza-
2033 1097 2241 1152 sionem
2272 1096 2497 1153 vidisset
2521 1097 2574 1151 in
2606 1098 2830 1168 templo.
2862 1096 2930 1152 Et
2957 1097 3072 1168 ipse
3102 1107 3221 1153 erat
3247 1097 3483 1153 innuens
3503 1096 3633 1164 illis,

325 1190 476 1247 beth.
511 1191 678 1246 Erant
704 1200 884 1246 autem
913 1189 1045 1256 justi
1075 1191 1234 1247 ambo
1265 1201 1391 1246 ante
1447 1193 1641 1260 Deum,
1673 1191 1930 1248 inceden-
2035 1201 2090 1247 et
2119 1193 2422 1264 permansit
2455 1203 2657 1248 mulus.
2689 1190 2760 1246 Et
2790 1191 2992 1246 factum
3022 1200 3128 1259 est,
3161 1201 3217 1246 ut
3259 1190 3464 1261 impleti
3511 1199 3639 1245 sunt

327 1291 411 1338 tes
432 1283 487 1338 in
517 1283 773 1338 omnibus
803 1282 1070 1338 mandatis
1097 1293 1151 1338 et
1189 1283 1672 1353 justilicationibus
1721 1284 1933 1340 Domini
2036 1290 2154 1344 dies
2183 1288 2353 1344 ofﬁcii
2374 1288 2513 1358 ejus,
2545 1288 2684 1344 abiit
2733 1288 2784 1342 in
2835 1288 3054 1343 domum
3103 1301 3302 1341 suam:
3359 1293 3480 1356 post
3536 1284 3638 1340 hos

329 1379 449 1436 sine
475 1377 727 1448 querela,
751 1385 807 1433 et
835 1393 944 1432 non
975 1386 1099 1433 erat
1142 1375 1250 1431 illis
1281 1377 1447 1443 ﬁlius,
1483 1392 1549 1432 eo
1597 1377 1740 1447 quod
1787 1387 1936 1432 esset
2038 1393 2222 1437 autem
2255 1381 2374 1438 dies
2397 1382 2649 1453 concepit
2671 1380 2950 1436 Elizabeth
2974 1395 3115 1435 uxor
3141 1380 3279 1450 ejus,
3313 1388 3366 1434 et
3398 1379 3640 1433 occulta-

337 1469 622 1526 Elizabeth
652 1470 881 1536 sterilis,
922 1479 978 1527 et
1032 1469 1192 1526 ambo
1239 1472 1635 1541 processissent
1666 1469 1718 1525 in
1749 1471 1940 1525 diebus
2045 1478 2133 1532 bat
2186 1493 2245 1532 se
2289 1478 2568 1533 mensibus
2615 1476 2875 1546 quinque,
2927 1475 3158 1529 dicens:
3200 1473 3333 1541 Quia
3387 1473 3465 1528 sic
3513 1471 3643 1527 fecit

342 1567 474 1621 suis.
520 1565 748 1621 Factum
779 1575 864 1621 est
898 1574 1102 1631 autem,
1137 1580 1258 1620 cuni
1292 1565 1600 1620 sacerdotio
1629 1565 1943 1635 fungeretur
2043 1571 2171 1626 mihi
2218 1571 2478 1626 Dominus
2518 1569 2574 1624 in
2630 1569 2844 1634 diebus,
2898 1569 3096 1640 quibus
3139 1567 3376 1638 respexit
3427 1568 3643 1622 auferre

333 1658 362 1700 ι)
385 1661 437 1715 in
458 1660 664 1717 ordine
687 1660 822 1716 vicis
843 1675 958 1716 sum
986 1669 1112 1715 ante
1131 1659 1322 1728 Deum,
1347 1659 1643 1715 secundum
1662 1667 1946 1715 consuetu-
2051 1663 2402 1735 opprobrium
2433 1677 2609 1718 meum
2642 1663 2782 1718 inter
2808 1662 3074 1716 homines.
3105 1661 3188 1734 [11,
3220 1657 3342 1731 5.]0‘
3369 1660 3425 1715 ln
3451 1673 3640 1716 mense

335 1752 516 1809 dinem
537 1751 848 1821 sacerdotii,
876 1761 1024 1808 sorte
1046 1751 1179 1808 exiit
1204 1753 1562 1807 utincensum
1591 1761 1836 1821 poneret,
1865 1753 1945 1804 in-
2047 1766 2227 1813 autem
2260 1765 2417 1812 sexto
2439 1758 2640 1812 missus
2673 1765 2760 1812 est
2803 1756 3026 1827 angelus
3079 1755 3297 1813 Gabriel
3339 1771 3369 1810 a
3425 1755 3540 1811 Deo
3588 1755 3643 1810 in

341 1861 559 1917 gressus
585 1847 637 1901 in
670 1847 929 1917 templum
953 1845 1169 1900 Domini
1198 1862 1211 1898 :
1241 1854 1293 1900 et
1322 1845 1498 1900 omnis
1530 1844 1817 1899 multitudo
1847 1859 1945 1914 po—
1974 1854 2022 1914 Β
2048 1853 2320 1907 civitatem
2350 1851 2604 1916 Galilaeam,
2633 1851 2721 1907 cui
2746 1865 2943 1906 nomen
2967 1851 3255 1916 Nazareth,
3285 1849 3352 1906 ad
3379 1849 3645 1920 virginem

342 1939 457 2012 puli
481 1948 601 1996 erat
621 1953 784 1994 orans
811 1939 943 1994 foris
967 1937 1097 1994 hora
1120 1938 1354 1995 incensi.
1382 1938 1645 2008 Apparuit
1664 1946 1843 1992 autem
1869 1936 1944 1990 illi
2052 1945 2438 2016 desponsatam
2458 1947 2578 2000 vim
2605 1945 2693 2000 cui
2719 1960 2915 2000 nomen
2943 1953 3059 1999 erat.
3083 1943 3308 2014 Joseph,
3367 1942 3435 1998 de
3484 1942 3650 1998 domo

346 2033 572 2104 angelus
591 2031 826 2098 Domini,
847 2042 998 2087 stans
1021 2049 1049 2084 a
1073 2031 1279 2086 dextris
1298 2030 1488 2086 altaris
1518 2029 1828 2086 inccnsi.Et
1847 2028 1950 2083 Za-
2058 2038 2254 2101 David,
2277 2045 2334 2093 ei
2364 2052 2560 2090 nomen
2592 2035 2818 2106 virginis
2843 2036 3032 2092 Mai-ia,
3059 2037 3164 2109 in],
3196 2033 3310 2107 10,]
3339 2035 3408 2090 Ei,
3433 2037 3649 2106 insi-es-

342 2126 552 2183 cbarias
574 2126 821 2182 turbatus
846 2137 928 2182 est
954 2124 1166 2193 videns,
1188 2126 1414 2180 ettimor
1433 2121 1591 2178 irruit
1613 2138 1777 2192 Super
1802 2138 1944 2178 eum.
2054 2142 2150 2184 sus
2173 2129 2397 2199 angelus
2420 2127 2486 2182 ad
2517 2143 2637 2184 eam
2669 2127 2808 2183 dixit
2833 2146 2844 2182 ε
2874 2128 3010 2194 Ave,
3034 2128 3206 2198 gratia
3235 2127 3392 2198 plena
3425 2145 3439 2180 τ
3466 2129 3652 2184 Domi-

343 2223 433 2277 Ait
460 2231 647 2278 autem
681 2220 746 2276 ad
775 2221 927 2276 illum
967 2220 1207 2290 Angelus
1238 2239 1248 2271 :
1283 2220 1360 2275 Ne
1388 2221 1609 2286 timeas,
1663 2216 1948 2286 Zacharia,

2057 2239 2156 2280 nus
2180 2233 2356 2280 tecum
2390 2243 2403 2278 :
2439 2223 2732 2280 Benedicta
2769 2234 2823 2277 tu
2853 2223 2906 2277 in
2948 2222 3296 2279 mulieribus.
3347 2223 3479 2290 Quae
3529 2237 3653 2278 cum

345 2316 600 2386 quoniam
640 2314 891 2371 exaudita
934 2323 1019 2370 est
1055 2313 1370 2384 deprecatio
1412 2321 1500 2368 tua
1548 2331 1560 2366 :
1613 2321 1666 2368 et
1698 2327 1838 2366 uxor
1866 2319 1953 2364 tua
2057 2317 2323 2381 audisset,
2353 2317 2564 2373 turbata
2587 2325 2673 2373 est
2709 2318 2763 2372 in
2795 2331 3048 2373 sermone
3100 2317 3239 2388 ejus,
3279 2327 3333 2372 et
3383 2317 3659 2389 cogitabat

348 2407 631 2464 Elizabeth
664 2407 834 2479 pariet
864 2406 957 2462 tibi
989 2406 1159 2460 filium
1191 2447 1209 2474 ,
1241 2415 1296 2460 et
1339 2404 1562 2460 vocabis
1608 2417 1806 2457 nomen
1837 2404 1956 2472 ejus
2057 2411 2235 2483 qualis
2259 2421 2407 2467 esset
2426 2411 2527 2467 ista
2563 2411 2845 2467 salutatio.
2879 2412 2946 2467 Et
2968 2412 3042 2467 ait
3071 2412 3298 2484 angelus
3329 2413 3413 2466 ei:
3460 2411 3538 2466 Ne
3588 2410 3657 2466 ti-

350 2499 652 2557 Joannem:
705 2510 760 2556 et
802 2500 908 2554 erit
950 2499 1202 2570 gaudium
1246 2497 1362 2564 tibi,
1419 2505 1474 2552 et
1528 2496 1849 2562 exsultatio,
1904 2504 1959 2550 et
2061 2519 2231 2573 meas,
2268 2505 2470 2570 Maria;
2507 2505 2761 2560 invenisti
2803 2505 2946 2559 enim
2995 2506 3224 2576 gratiam
3256 2504 3395 2573 apud
3441 2505 3656 2561 Deum;

351 2594 506 2651 multi
542 2595 595 2650 in
621 2594 905 2650 nativitate
933 2594 1051 2664 ejus
1094 2591 1443 2664 gaudebunt:
1502 2591 1607 2646 erit
1661 2592 1802 2646 enim
1847 2606 1956 2644 ma-
2062 2613 2189 2653 ecce
2215 2598 2488 2666 concipies
2518 2598 2570 2652 in
2597 2606 2776 2662 utero,
2807 2607 2863 2655 et
2891 2597 3072 2667 paries
3099 2597 3293 2665 ﬁlium,
3343 2607 3396 2653 et
3440 2596 3662 2653 vocabis
3701 2639 3707 2644 .

351 2703 490 2760 gnus
519 2703 703 2744 coram
732 2688 1070 2744 D0mino:et
1099 2689 1286 2743 vinum
1311 2698 1365 2742 et
1387 2687 1620 2742 siceram
1649 2702 1755 2742 non
1786 2686 1957 2755 bibet,
2063 2705 2262 2746 nomen
2294 2689 2410 2760 ejus
2437 2689 2646 2745 Jcsum.
2678 2690 2774 2745 llic
2794 2691 2900 2745 erit
2926 2704 3172 2759 magnus,
3204 2698 3260 2744 et
3292 2687 3438 2744 ﬁlius
3491 2688 3662 2744 Altis-

355 2791 413 2839 et
441 2782 647 2854 Spiritu
673 2791 864 2838 sancto
896 2783 1192 2852 replebitur
1240 2781 1419 2837 adhuc
1472 2797 1540 2836 ex
1579 2790 1733 2836 utero
1775 2781 1963 2836 matris
2065 2784 2183 2839 simi
2210 2784 2514 2851 vocabitur,
2549 2791 2605 2839 et
2653 2783 2804 2838 dabit
2852 2783 2928 2838 illi
2990 2782 3254 2839 Dominus
3293 2781 3437 2838 Deus
3477 2781 3662 2838 sedem

358 2893 473 2934 suae
504 2896 517 2932 :
543 2888 599 2934 et
625 2879 823 2933 multos
846 2878 1082 2933 ﬁliorum
1107 2876 1646 2933 lsraelconvertetad
1674 2875 1964 2930 Dominum
2069 2877 2237 2932 David
2273 2879 2439 2947 patris
2493 2877 2609 2946 ejus
2639 2894 2651 2932 :
2685 2887 2740 2932 et
2779 2877 3025 2948 regnabit
3080 2876 3133 2931 in
3192 2877 3357 2932 domo
3411 2875 3580 2932 Jacob
3614 2877 3666 2930 in

361 2972 535 3029 Deum
569 2973 815 3042 ipsorum
843 2989 856 3024 :
884 2982 938 3025 et
970 2970 1089 3041 ipse
1113 2970 1528 3040 praecedetante
1559 2971 1710 3024 illum
1763 2969 1816 3024 in
1859 2969 1968 3039 spi-
2070 2983 2362 3039 aeternum,
2389 2980 2441 3028 et
2472 2973 2625 3042 regni
2672 2973 2793 3041 ejus
2819 2986 2923 3026 non
2956 2973 3059 3026 erit
3091 2971 3232 3026 ﬁnis.
3292 2970 3443 3027 Dixit
3487 2983 3667 3024 autem

360 3067 471 3123 ritu
503 3075 560 3122 et
584 3066 784 3122 virtute
807 3064 942 3120 Elia:
971 3082 983 3118 :
1016 3074 1076 3118 ut
1126 3072 1410 3119 convertat
1450 3064 1612 3118 corda
1645 3073 1858 3133 patrum
1915 3062 1966 3115 in
2073 3067 2240 3122 Maria
2267 3066 2336 3121 ad
2366 3066 2620 3136 angelum
2655 3084 2668 3120 ε
2697 3065 2979 3133 Quomodo
3001 3065 3092 3120 ﬁet
3124 3065 3288 3130 istud,
3321 3065 3579 3135 quoniam
3599 3064 3676 3122 vi-

363 3159 528 3223 lilios,
548 3165 605 3214 et
625 3169 648 3198 α
676 3157 986 3214 incredulos
1009 3157 1078 3212 ad
1098 3155 1442 3228 prudentiam
1461 3154 1756 3224 justorum,
1781 3169 1970 3224 parare
2075 3177 2192 3215 rum
2220 3177 2329 3216 non
2361 3161 2668 3230 cognosco?
2693 3161 2759 3216 Et
2801 3161 3144 3231 respondens
3171 3161 3396 3232 angelus
3420 3161 3557 3216 dixit
3575 3161 3628 3218 ei
3657 3179 3672 3217 :

364 3252 601 3309 Domino
633 3251 846 3320 plebem
899 3251 1219 3320 perfectam.
1279 3249 1346 3304 Et
1395 3249 1531 3304 dixit
1574 3246 1972 3318 Zachariasgad
1999 3261 2043 3323 (ζ
2079 3252 2315 3322 Spiritus
2345 3263 2568 3309 sanctus
2600 3254 2950 3319 superveniet
2975 3253 3028 3308 in
3059 3262 3135 3324 te,
3165 3263 3219 3309 et
3245 3255 3417 3309 virtus
3457 3253 3675 3310 Altissi-

367 3347 623 3418 angelum
653 3362 668 3400 :
701 3343 853 3402 Unde
883 3346 986 3400 hoc
1013 3344 1223 3399 sciam?
1253 3357 1354 3414 ego
1383 3343 1527 3397 enim
1549 3358 1669 3396 sum
1693 3357 1888 3404 senex.
1920 3350 1974 3397 et
2080 3347 2152 3401 mi
2183 3345 2528 3402 obumbrabit
2557 3345 2653 3401 tibi
2685 3362 2699 3399 :
2727 3345 2960 3416 ideoque
2986 3355 3040 3401 et
3097 3345 3238 3416 quod
3283 3354 3536 3403 nascetur
3560 3356 3584 3385 ο
3607 3363 3674 3402 ex

371 3456 514 3496 uxor
546 3455 664 3495 mea
699 3439 966 3510 processit
997 3440 1050 3494 in
1081 3437 1274 3493 diebus
1322 3437 1457 3492 suis.
1513 3437 1579 3491 Et
1632 3435 1973 3506 respondens
2084 3449 2135 3494 te
2156 3449 2424 3506 sanctum,
2458 3439 2738 3494 vocabitur
2768 3439 2936 3495 Filius
2964 3439 3081 3495 Dei.
3127 3438 3196 3495 Et
3223 3455 3353 3496 ecce
3395 3440 3676 3498 Elizabetb

371 3531 601 3604 angelus
626 3532 766 3588 dixit
785 3533 834 3587 ei
869 3548 884 3587 :
915 3531 1030 3602 Ego
1075 3545 1196 3586 sum
1252 3528 1497 3594 Gabriel,
1547 3529 1638 3599 qui
1679 3540 1797 3585 asto
1845 3539 1976 3585 ante
2085 3537 2315 3602 cognata
2341 3539 2448 3597 tua,
2470 3539 2525 3586 et
2543 3530 2664 3600 ipsa
2685 3529 2938 3602 concepit
2967 3529 3137 3587 ﬁlium
3169 3530 3222 3586 in
3255 3541 3536 3589 senectute
3556 3547 3676 3589 sua:

379 3756 540 3810 vero,
583 3756 706 3810 qua:
749 3739 1031 3810 praecedit,
1083 3738 1233 3793 nullo
1283 3735 1540 3810 capitulo.
1598 3733 1977 3810 nulliucanoni
2083 3744 2198 3810 sata
2228 3733 2396 3788 Mater
2425 3737 2538 3810 (jus
2562 3733 2739 3810 Maria
2759 3732 2986 3810 Ioseph,
3000 3743 3286 3810 antequam
3323 3737 3672 3810 convenirent,

381 3805 684 3869 ascribunt.
706 3805 809 3868 sed
832 3827 991 3881 quam
1019 3805 1206 3877 parum
1225 3805 1396 3881 recte,
1424 3824 1487 3862 ex
1507 3805 1610 3862 hoc
1634 3806 1978 3881 intelligitur,
2085 3807 2292 3861 inventa
2315 3817 2391 3860 est
2418 3807 2472 3859 in
2505 3807 2867 3881 utero/labens
2898 3807 2968 3881 de
2982 3805 3191 3881 Spiritu
3220 3818 3420 3861 sancto.
3449 3808 3680 3881 Manife-

383 3883 532 3953 quod
563 3901 629 3940 ex
662 3886 745 3938 his
775 3877 925 3938 imiui
957 3883 1209 3936 videatur
1238 3879 1572 3953 praedictam
1597 3877 1984 3948 praifatiuncu-
2087 3888 2230 3935 stum
2254 3890 2433 3953 autem
2455 3888 2539 3953 est
2556 3878 2764 3953 nullam
2793 3878 2934 3953 inter
2955 3877 3046 3953 illa
3075 3894 3197 3953 esse
3224 3880 3640 3953 consensionem
3667 3898 3682 3947 ;

384 3948 500 4012 lam
532 3972 639 4012 non
665 3969 787 4010 esse
818 3955 1110 4022 genuinum
1139 3948 1299 4006 Luem
1323 3950 1676 4022 evangelista
1700 3963 1989 4022 opus,4ne-
2090 3965 2212 4004 cum
2253 3951 2368 4004 haec
2421 3949 2488 4003 ad
2546 3949 2770 4014 Christi,
2819 3949 3026 4022 illaad
3065 3948 3294 4022 Joannis
3333 3955 3684 4020 prazcursoris

387 4043 500 4098 que
519 4045 548 4080 a
573 4028 685 4082 Deo
705 4016 1046 4091 inspiratam.
1075 4024 1234 4091 Quod
1263 4021 1416 4098 nefas
1441 4016 1522 4098 esi
1545 4021 1718 4098 dictu:
1733 4016 1848 4074 Nos
1873 4020 1988 4074 hate
2093 4022 2513 4098 conceptionem
2557 4022 2881 4098 pertineant.
2911 4021 3083 4098 _Error
3115 4020 3204 4077 hic
3243 4016 3348 4088 est,
3377 4037 3474 4098 seu
3507 4023 3684 4094 potius

390 4092 755 4156 restituimus
781 4098 847 4152 ad
894 4099 1053 4152 [idem
1082 4094 1470 4165 exemplarium
1507 4092 1856 4165 bibliothecae
1901 4108 1996 4147 no-
2096 4095 2387 4148 oscitantia
2427 4093 2796 4159 librariorum,
2832 4092 2924 4160 qui
2962 4109 3084 4149 cum
3124 4104 3418 4150 cernerent
3463 4092 3517 4148 in
3554 4112 3684 4162 apo-

397 4181 530 4226 strae
562 4168 1092 4226 San-Germanensis
1112 4183 1214 4222 ms.
1243 4162 1397 4220 hum.
1423 4165 1478 4228 4,
1511 4165 1599 4225 19.
1624 4162 1716 4218 24.
1745 4164 1839 4218 llis
1861 4179 1994 4228 quo-
2095 4165 2338 4235 graphis,
2367 4175 2423 4217 ut
2453 4174 2508 4218 et
2533 4165 2584 4218 in
2619 4167 2989 4234 manuscripto
3016 4165 3512 4222 San-Gernmnensi
3535 4183 3684 4226 num.

396 4259 508 4308 que
555 4240 901 4297 annumerari
939 4239 1095 4294 facile
1128 4247 1311 4308 posset
1340 4238 1487 4290 aliud
1530 4238 1810 4305 exemplar
1841 4236 1991 4304 ejus-
2099 4239 2196 4308 18,
2223 4252 2388 4306 quem
2421 4236 2471 4290 in
2504 4235 2604 4292 hac
2646 4247 2825 4305 parte,
2863 4245 3049 4307 utpote
3076 4238 3605 4303 emendatissimum,
3637 4250 3693 4295 et

394 4307 524 4370 dem
549 4313 891 4368 bibliotheca
917 4307 1140 4380 Optimai
1170 4321 1313 4364 notae
1344 4325 1492 4363 num.
1527 4309 1628 4374 18;
1663 4308 1718 4361 in
1748 4321 1856 4376 quo
1889 4321 1993 4380 una
2099 4307 2296 4362 rationi
2346 4309 2581 4362 maxime
2631 4320 3086 4374 consentaneum,
3141 4311 3334 4365 merito
3391 4311 3688 4379 sequimur,

396 4401 524 4441 cum
583 4393 708 4440 nota
757 4378 978 4453 capituli
1028 4382 1214 4453 primi,
1261 4395 1382 4451 quce
1429 4380 1482 4434 in
1531 4378 1995 4453 consequentibus
2099 4381 2426 4453 caeterisque
2449 4380 2703 4453 omnibus
2735 4381 3150 4448 anteponimus;
3183 4395 3330 4443 cum,
3363 4378 3600 4453 inquam,
3637 4385 3689 4437 in

399 4471 674 4527 nusquam
728 4449 1002 4527 apparet,_
1027 4449 1295 4527 excisum
1326 4460 1626 4527 est_totnm
1678 4449 1812 4527 hoc__
1837 4449 1995 4527 Luca!
2099 4451 2183 4527 his
2212 4449 2540 4527 apographis
2577 4463 2888 4527 cernerent,
2941 4453 3043 4527 hoc
3068 4451 3569 4527 secundumALuc-a
3597 4468 3690 4527 ca-

402 4519 688 4625 exoidium
712 4519 905 4625 ἓίῳιᾳ
940 4524 1294 4625 ad.praedicia
1329 4521 1734 4625 veibauvcrsns
1780 4521 1836 4588 5,
1869 4519 1995 4574 Fuit
2029 4564 2084 4625 Β
2106 4519 2340 4625 pitullun'i
2366 4532 2685 4625 ai'inotaium
2713 4522 2870 4625 adea
2913 4524 3076 4625 verba
3107 4539 3299 4578 versus
3329 4525 3423 4625 261
3455 4539 3576 4591 qua:
3605 4524 3695 4625 hic

406 4600 464 4654 in
491 4600 674 4653 diebus
706 4594 952 4666 Herodis,
980 4606 1114 4661 etc.,
1147 4596 1452 4651 exclusive.
1484 4594 1659 4650 MART.
2029 4594 2083 4625 ν
2118 4595 2170 4648 in
2214 4605 2368 4647 textu
2415 4594 2932 4666 legunttir._scilicet
2961 4611 2973 4648 :
3005 4595 3070 4648 In
3115 4611 3286 4649 mense
3332 4603 3502 4666 autem
3550 4606 3696 4666 sexto

482 4679 511 4709 α
544 4669 792 4726 Pressius
822 4663 1014 4725 Graeco
1041 4670 1210 4722 nostri
1231 4682 1380 4738 __inss.
1414 4676 1648 4718 assecuta
1686 4684 1718 4720 a
1758 4667 2015 4738 principio
2117 4667 2302 4738 missus
2329 4673 2404 4738 est
2433 4665 2651 4734 angelus
2667 4663 2911 4738 Gabriel,
2944 4673 3077 4738 etc.,
3109 4667 3196 4719 ubi
3228 4667 3402 4736 angeli
3432 4665 3699 4738 Gabrielis

412 4742 651 4814 omnii-us
675 4742 984 4814 diligenter;
1011 4738 1202 4814 Graece
1227 4736 1410 4814 ’Ἔδοξε⁸
1426 4739 1601 4814 κᾴρεοὶ,
1633 4735 2014 4814 «etiamnum,-

2119 4736 2326 4814 mentio
2369 4735 2448 4814 _ﬁt.
2491 4745 2550 4790 ut
2570 4747 2638 4814 -et
2665 4736 2715 4789 in
2749 4737 2842 4814 illo
2883 4738 2994 4791 alio
3023 4737 3144 4792 loco
3184 4735 3374 4814 versus
3412 4737 3501 4804 19,
3535 4752 3698 4808 supra

411 4815 524 4889 κρτε
553 4811 740 4889 Sive-i633
761 4811 1179 4889 ﬂiatv_5txpt_65g
1208 4834 1257 4866 κ.
1290 4832 1340 4865 τ.
1397 4808 1766 4889 1:;Cil:lel'll'ln
1813 4809 2016 4889 videsis
2120 4809 2296 4889 relato
2327 4827 2341 4863 :
2369 4808 2745 4889 imprudenter
2784 4811 3016 4889 alterum
3047 4810 3340 4889 p_ro_altero
3369 4823 3650 4889 sumpsere
3683 4827 3697 4864 :

412 4887 486 4942 de
509 4885 678 4941 hocce
708 4884 985 4940 Prommio
1023 4878 1400 4952 'diSputantem
1437 4878 1803 4934 Martianaeum
1829 4882 1881 4935 in
1915 4881 2019 4936 Νο-
2124 4881 2360 4935 maxime
2390 4894 2511 4952 cum
2538 4882 2592 4934 in
2621 4880 2943 4950 quihusdam
2971 4878 3272 4952 codicibus.
3295 4890 3352 4935 ut
3381 4879 3434 4934 in
3466 4878 3569 4936 ms.
3599 4897 3701 4936 no-

417 4959 510 5014 tis.
1119 4949 1129 4952 ’
2123 4962 2238 5008 stro
2269 4949 2779 5007 San-Germanensi
2805 4969 2955 5009 num.
2989 4953 3078 5018 i9,
3106 4954 3211 5007 duo
3231 4951 3322 5007 illa
3353 4952 3465 5006 loca
3492 4953 3545 5008 in
3573 4953 3706 5008 dua-

494 5028 525 5068 ιι
559 5028 901 5085 lnterserunt
931 5027 1017 5084 hic
1063 5025 1334 5082 Zachariw
1380 5039 1578 5079 nomen
1633 5023 1743 5079 duo
1800 5023 2021 5095 Reginae
2126 5025 2226 5078 hos
2253 5023 2496 5093 ejusdem
2529 5023 2736 5094 paginae
2765 5024 3052 5088 columnis,
3079 5023 3320 5095 perfecte
3343 5025 3497 5094 quasi
3526 5026 3576 5080 in
3601 5040 3704 5079 una

422 5115 559 5158 mss.
588 5101 730 5169 quod
761 5109 816 5155 et
842 5099 1031 5156 Grirce
1060 5097 1304 5168 quaedam
1328 5095 1658 5169 exemplaria
1686 5094 1948 5151 retinent.
2126 5095 2268 5152 linea
2297 5095 2403 5169 sibi
2440 5095 2672 5169 invicem
2718 5113 2748 5149 e
2779 5100 3004 5169 regione
3035 5094 3418 5169 respondeant.
3455 5095 3565 5152 Hoc
3596 5112 3706 5152 non

499 5183 523 5212 ο
555 5166 754 5229 lterum
787 5172 896 5226 duo
922 5166 1144 5240 Regina:
1175 5184 1306 5225 mss.
1349 5167 1696 5234 incredibiles,
1727 5181 1827 5237 pro
1855 5169 2025 5223 incre-
2127 5167 2473 5240 attendentes
2505 5167 2638 5222 editi
2663 5166 3028 5240 omnes’libri,
3059 5167 3218 5240 nullo
3232 5183 3297 5221 ex
3327 5166 3415 5232 iis,
3442 5183 3580 5236 quos
3598 5184 3708 5237 pra:

423 5244 602 5314 datos,
647 5242 958 5314 praeferunt.
1009 5238 1029 5240 “
1345 5311 1354 5314 Α
1601 5311 1632 5314 η
2129 5240 2380 5295 manibus
2410 5239 2697 5314 habemus,
2739 5239 3077 5314 suffragante
3101 5238 3288 5293 codice
3319 5242 3710 5314 manuscripto,

505 5313 534 5354 ἀ
556 5311 742 5387 Magna
784 5315 874 5370 hic
915 5315 1298 5387 dissensioest
1341 5311 1486 5387 inter
1515 5311 2028 5387 codicescum‘ma-
2131 5326 2373 5387 prmsens
2399 5311 2693 5387 capitulum
2727 5312 3027 5387 secundum
3067 5311 3125 5387 in_
3149 5320 3312 5387 caput
3339 5324 3572 5380 sequens
3603 5312 3714 5368 dis-

431 5379 741 5455 nuscrip'tos
785 5398 898 5442 tum
941 5388 1141 5443 editos.
1192 5384 1541 5454 Mannscripti
1575 5383 1843 5455 siquidem
1889 5383 2028 5438 bene
2131 5379 2374 5448 irahunt,
2419 5398 2577 5437 versu
2604 5381 2707 5455 .26,
2754 5383 2821 5455 ad
2865 5389 2980 5455 MBO
3011 5381 3222 5455 verba:
3251 5379 3477 5437 Fusium
3503 5395 3577 5439 eu
3619 5402 3716 5440 au-

433 5453 952 5525 multi,‘secundum
991 5459 1288 5526 capitulum
1339 5453 1501 5528 supra
1531 5453 1835 5528 apponunt,
1865 5471 2028 5510 versu
2132 5465 2254 5518 tem.
2296 5464 2622 5528 cantarunt
2650 5453 2740 5515 ibi.
2776 5454 2976 5528 impleti
3007 5461 3125 5528 sunt
3167 5453 3294 5520 dies,
3330 5465 3390 5508 ut
3420 5466 3642 5528 pareret,
3669 5465 3716 5511 et

436 5531 530 5596 19,
560 5532 628 5585 ad
658 5531 774 5585 haec
803 5533 964 5586 verba
990 5547 1004 5586 :
1040 5529 1108 5584 Et
1155 5527 1474 5598 respondens
1508 5525 1748 5598 angelus,
1779 5528 1912 5581 dixit
1937 5529 1986 5582 ei
2011 5544 2031 5581 :
2132 5527 2327 5599 peperit
2356 5525 2524 5596 ﬁlium
2548 5540 2697 5580 suum
2739 5525 3162 5599 primogenitum,
3202 5536 3254 5581 et
3276 5525 3461 5597 pannis
3482 5545 3613 5599 eum
3636 5529 3719 5584 in-

438 5595 556 5677 Ego
585 5619 699 5677 sunt
727 5600 957 5677 Gabriel,
985 5603 1077 5677 qui
1101 5613 1214 5677 asto
1242 5595 1372 5677 ante
1401 5595 1612 5677 Dauni}
1642 5610 1689 5654 et
1712 5599 1895 5677 missus
1917 5615 2032 5652 sum
2133 5595 2286 5677 uoluit
2316 5613 2335 5652 :
2365 5613 2489 5652 cum
2539 5606 2720 5677 tamen
2742 5595 2848 5652 his
2875 5595 3060 5677 verbis
3098 5595 3298 5677 Christi
3323 5597 3584 5677 nativitas
3615 5601 3720 5677 de:

443 5667 584 5747 loqui
616 5675 684 5728 ad
708 5683 772 5740 te,
806 5685 852 5729 et
879 5667 1110 5730 haéc'tibi
1137 5672 1512 5747 euangelizare.
1545 5671 2030 5747 Qme_verba_cum
2135 5667 2570 5747 scribatur,_t_ton
2622 5667 2740 5738 ejus
2784 5669 3092 5743 conceptio,
3144 5669 3285 5726 utin
3323 5669 3443 5728 loco
3480 5672 3721 5731 Mattbtni

443 5739 518 5801 ad'
535 5747 1072 5829 cauonem_quinturp
1102 5739 1451 5829 referantur,
1467 5742 1806 5829 concordare
1827 5741 2032 5829 (ie-bllu-
2137 5739 2621 5829 paral‘ielo.‘Msn'r.

441 5827 572 5889 rant
621 5833 745 5874 cum
800 5812 886 5874 bis
936 5817 1160 5888 capituli
1210 5813 1352 5874 tertii
1409 5815 1693 5889 Evangelii
1747 5813 2032 5889 Matthaei:
2141 5812 2151 5889 ξ
2213 5823 2235 5851 ε
2265 5812 2504 5889 _Vocul_as
2525 5829 2590 5869 ea:
2616 5822 2832 5889 te,_qute
2854 5823 2912 5872 et
2939 5830 3066 5874 raro
3087 5816 3142 5874 in
3169 5816 3378 5876 Graecis
3399 5816 3724 5889 exemplari-

449 5888 646 5948 Chrisli
681 5897 854 5948 autem
894 5884 1162 5965 generatio
1197 5889 1275 5948 sic
1315 5895 1420 5945 erat
1445 5903 1462 5943 :
1483 5885 1614 5946 Cum
1648 5893 1774 5945 esset
1805 5886 2030 5957 despon-
2140 5885 2238 5944 bus
2265 5885 2651 5957 inveniuntur,
2679 5884 2903 5962 Reginae
2931 5903 3065 5955 mss.
3097 5904 3326 5964 prorsus
3343 5884 3614 5964 ignorarit.
