4166 6336
573 361 671 424 611

1585 363 1645 426 Β.
1687 363 2072 430 ΒῘΕΒΟΝΥΜι
2112 365 2346 428 ΒΝΙΝΔ
2386 366 2866 430 BIBLIOTHECA.

3773 380 3879 444 οη

574 486 629 534 et
660 477 749 534 ltie
773 479 978 537 mensis
1009 484 1203 536 sextus
1249 486 1337 540 est
1363 479 1467 552 illi,
1496 497 1615 553 quae
1647 494 1869 541 vocatur
1916 484 2118 541 sterilis
2151 501 2164 540 ε
2195 497 2250 559 Α
2273 486 2391 557 ejus
2415 489 2654 559 repletus
2687 497 2768 545 est
2797 487 3007 560 Spiritu
3052 496 3278 548 sancto:
3306 497 3363 548 et
3390 491 3741 565 prepbetavit
3789 497 3875 553 di-

576 573 703 642 quia
737 588 842 628 non
872 573 978 629 erit
999 572 1342 644 impossibile
1361 575 1503 646 apud
1529 576 1701 633 Deum
1729 592 1892 635 omne
1919 579 2167 635 verbum.

578 663 726 721 Dixit
755 676 935 722 autem
966 668 1134 725 Maria
1169 687 1181 721 :
1217 669 1359 726 Ecce
1390 670 1585 727 ancilla
1622 670 1864 740 Domini,
1897 672 1989 727 iiat
2037 671 2173 726 mihi

577 761 878 818 secundum
911 763 1136 819 verbum
1165 773 1336 820 tuum.
1371 766 1435 820 Et
1463 765 1715 822 discessit
1758 768 1826 822 ab
1875 767 1963 821 illa
2009 781 2177 838 ange-

577 855 680 912 lus.
713 857 1028 929 Exsurgens
1059 867 1240 916 autem
1274 859 1441 916 Maria
1471 862 1525 915 in
1549 860 1742 916 diebus
1778 861 1887 916 illis
1947 861 2079 916 abiit
2118 863 2172 918 in

574 961 827 1006 montana
856 967 981 1007 cum
1001 952 1370 1018 festinatione,
1395 952 1451 1008 in
1481 951 1752 1009 civitatem
1772 952 1912 1010 Juda
1946 969 1961 1008 ε
1988 953 2056 1009 Ει
2086 954 2173 1009 in-

577 1047 740 1102 travit
765 1047 817 1102 in
848 1047 1067 1102 domum
1116 1046 1426 1113 Zachariae,
1457 1056 1512 1102 et
1557 1049 1812 1104 salutavit
1862 1048 2170 1104 Elizabeth.

574 1137 645 1193 Et
666 1137 870 1194 factum
898 1147 1000 1204 est,
1027 1148 1081 1193 ut
1115 1139 1321 1193 audivit
1350 1140 1731 1196 salutationem
1783 1140 1966 1196 Maria:
1997 1141 2174 1197 Eliza-

571 1228 723 1295 beth,
747 1231 1040 1286 exsultavit
1077 1229 1254 1286 infans
1284 1232 1340 1286 in
1370 1244 1528 1288 utero
1557 1233 1698 1302 ejus,
1743 1243 1797 1288 et
1828 1233 2036 1304 repleta
2089 1243 2176 1290 est

571 1324 780 1394 Spiritu
803 1333 990 1379 sancto
1034 1324 1355 1383 Elizabetb:
1389 1335 1441 1382 et
1497 1327 1823 1384 exclamavit
1873 1343 2010 1384 voce
2059 1342 2176 1384 ma-

569 1432 700 1488 gna,
734 1425 789 1473 et
810 1417 982 1473 dixit:
1016 1418 1314 1476 Benedicta
1348 1430 1404 1474 tu
1423 1420 1566 1475 inter
1591 1420 1868 1486 mulieres,
1910 1429 1967 1477 et
2010 1421 2175 1477 bene-

574 1513 754 1568 dictus
771 1513 1212 1590 fructusventris
1241 1516 1337 1569 tui.
1370 1516 1435 1570 Et
1457 1515 1602 1570 unde
1632 1516 1737 1572 hoc
1760 1516 1914 1583 milti,
1961 1527 2023 1572 ut
2078 1532 2175 1572 ve—

574 1606 685 1662 niat
744 1617 918 1664 mater
948 1607 1165 1663 Domini
1185 1609 1290 1664 mei
1317 1609 1385 1664 ad
1420 1609 1552 1664 me?
1581 1611 1718 1667 Ecce
1741 1611 1892 1666 enim
1919 1618 1979 1666 ut
2032 1611 2173 1667 facta

569 1709 655 1756 est
678 1713 777 1754 vox
797 1700 1141 1756 salutationis
1169 1707 1274 1756 tuae
1294 1701 1350 1756 in
1391 1700 1617 1758 antibus
1675 1702 1837 1769 meis,
1883 1702 2176 1759 exsultavit

566 1795 623 1852 in
649 1796 846 1866 gaudio
878 1795 1056 1852 iulans
1082 1796 1137 1851 in
1172 1808 1328 1852 utero
1358 1812 1505 1852 meo.
1527 1797 1594 1852 Et
1638 1797 1794 1854 beata
1823 1813 1944 1867 quae
1981 1807 2009 1835 ιι
2052 1812 2174 1854 cre-

2274 596 2406 638 cens
2437 601 2451 637 2

2275 674 2603 733 Benedictus
2647 677 2904 734 Dominus
2935 679 3081 735 Deus
3129 678 3296 736 Israel
3337 697 3349 736 τ
3397 681 3522 752 quia
3561 683 3808 740 visitavit
3825 689 3880 744 et

2348 770 2477 827 fecit
2498 772 2932 844 redemptionem
2961 774 3137 844 plebis
3168 789 3302 830 suae.

2276 862 2344 918 Et
2367 865 2543 920 erexit
2569 881 2744 922 cornu
2767 866 2960 922 salutis
2994 867 3176 934 nobis,
3202 868 3257 924 in
3290 867 3452 924 domo
3498 869 3664 926 David
3725 871 3876 943 pueri

2348 957 2455 1012 sui.

2272 1050 2430 1106 Sicut
2461 1052 2675 1107 locutus
2703 1063 2788 1108 est
2835 1069 2932 1124 per
2959 1069 3021 1110 os
3078 1067 3411 1128 sanctorum,
3464 1057 3553 1130 qui
3589 1069 3622 1114 a
3670 1059 3878 1116 saeculo

2351 1155 2501 1213 sunt,
2529 1146 2921 1217 prophetarum
2946 1148 3063 1219 ejus
3092 1168 3105 1204 :

2277 1237 2520 1294 Salutem
2554 1256 2618 1295 ex
2642 1241 2884 1296 inimicis
2911 1244 3206 1314 nostris,et
3231 1242 3298 1300 de
3330 1242 3490 1299 manu
3521 1247 3766 1303 omnium
3788 1249 3878 1321 qui

2349 1333 2590 1389 oderunt
2619 1349 2720 1391 nos
2743 1354 2755 1390 :

2276 1423 2357 1479 Ad
2389 1425 2695 1482 faciendam
2721 1427 3151 1484 misericordiam
3183 1443 3305 1484 cum
3357 1429 3604 1500 patribus
3633 1433 3834 1490 nostris
3861 1443 3875 1490 :

2347 1529 2402 1572 et
2436 1520 2729 1575 memorari
2760 1522 3072 1576 testamenti
3095 1523 3180 1576 sui
3211 1522 3408 1577 sancti.

2279 1613 2698 1682 Jusjurandum,
2725 1616 2868 1684 quod
2888 1615 3090 1685 juravit
3119 1616 3185 1671 ad
3209 1616 3484 1673 Abraham
3512 1626 3721 1690 patrem
3750 1634 3881 1677 nos-

2351 1715 2516 1768 trum,
2547 1706 2798 1761 daturum
2830 1722 2892 1762 se
2919 1708 3075 1763 nobis
3108 1725 3119 1760 :

2277 1795 2348 1852 Ut
2376 1797 2494 1852 sine
2519 1799 2741 1864 timore,
2766 1799 2834 1854 de
2878 1815 3036 1854 manu
3071 1799 3420 1858 inimicorum
3447 1811 3760 1861 nostrorum
3807 1804 3877 1861 ii-

567 1889 776 1956 didisti,
797 1891 1058 1960 quoniam
1090 1890 1445 1960 perﬁcientur
1465 1907 1551 1960 ea,
1582 1908 1705 1963 quae
1740 1891 1884 1948 dicta
1915 1903 2041 1949 sunt
2071 1893 2164 1950 tibi
2201 1897 2243 1959 Β
2344 1889 2545 1953 berati.
2580 1891 2892 1946 serviamus
2923 1892 3036 1949 illi:

568 1997 600 2037 a
630 1983 880 2039 Domino.
913 1983 982 2039 Et
1002 1982 1076 2039 ait
1109 1983 1314 2039 Maria:

566 2075 874 2147 Magniﬁcat
896 2077 1078 2132 anima
1101 2091 1221 2133 mea
1236 2077 1544 2143 Dominum,
1577 2087 1633 2134 et
1665 2080 1963 2135 exsultavit
2017 2079 2172 2151 spiri-

643 2180 728 2226 tus
757 2187 906 2226 meus
940 2173 991 2226 itt
1027 2172 1138 2227 Deo
1161 2172 1386 2228 salutari
1417 2181 1562 2228 meo.

567 2264 705 2332 Quia
734 2265 974 2336 respexit
1006 2264 1367 2322 humilitatem
1414 2265 1630 2320 ancilla:
1658 2279 1769 2322 suae
1799 2286 1812 2322 :
1849 2282 1978 2324 ecce
2019 2268 2167 2324 enim

635 2373 711 2416 ex
736 2358 838 2414 hoc
870 2359 1084 2414 beatam
1117 2375 1205 2414 me
1233 2359 1417 2416 dicent
1439 2371 1630 2416 onines
1653 2362 2056 2431 generationes.

566 2449 700 2520 Quia
727 2450 1018 2506 fecitntihi
1054 2467 1249 2523 magna
1275 2453 1372 2524 qui
1423 2464 1616 2524 potens
1666 2464 1772 2521 est,
1815 2465 1873 2510 et
1917 2465 2165 2511 sanetum

637 2565 836 2605 nomen
860 2549 1004 2620 ejus.

571 2643 640 2700 Et
663 2645 1044 2702 misericordia
1059 2646 1179 2717 ejus
1200 2643 1229 2684 δ
1251 2661 1279 2700 a
1295 2647 1562 2718 progenie
1581 2647 1640 2702 in
1661 2648 1947 2719 progenies
1969 2646 2167 2703 timen-

635 2738 781 2794 tibus
808 2754 954 2795 eum.

568 2830 1035 2903 Fec-itpmentiam
1068 2833 1123 2888 in
1145 2833 1372 2889 brachio
1417 2848 1517 2890 suo
1549 2852 1561 2887 :
1595 2833 1853 2905 dispersit
1899 2835 2164 2906 superbos

638 2935 823 2981 mente
847 2925 1029 2981 cordis
1059 2927 1165 2982 sui.

641 3018 906 3088 Deposuit
934 3030 1186 3090 potentes
1203 3020 1276 3077 de
1297 3022 1452 3087 sede,
1467 3032 1524 3078 et
1549 3021 1813 3078 exaitavit
1834 3022 2090 3078 humiles.

568 3111 721 3167 Esuri
733 3121 886 3168 entes
901 3112 1142 3182 implevit
1159 3114 1314 3169 benis
1331 3123 1415 3169 εει
1427 3114 1626 3170 divites
1639 3115 1852 3170 dimisit
1879 3115 2087 3170 inanes.

569 3207 822 3277 Suscepit
853 3207 1017 3263 lsrael
1053 3224 1281 3278 puerum
1307 3224 1494 3277 suum,
1526 3220 1548 3248 ο
1579 3213 1898 3266 recordatus
1947 3209 2163 3265 miseri-

638 3303 837 3358 cordiae
861 3318 999 3358 sum.

567 3395 720 3452 Sicut
761 3397 986 3453 locutus
1013 3407 1099 3453 est
1125 3397 1194 3454 ad
1249 3409 1430 3468 patres
1468 3409 1709 3466 nostros,
1754 3395 2050 3468 Abraham,
2107 3410 2162 3455 et

639 3491 830 3547 semini
859 3491 978 3562 ejus
998 3491 1051 3546 in
1081 3493 1302 3548 secuta.

569 3582 768 3639 Mansit
789 3594 969 3639 autem
1001 3584 1166 3640 Maria
1183 3599 1310 3640 cum
1337 3585 1435 3641 illa
1461 3587 1614 3656 quasi
1647 3586 1929 3642 mensibus
1948 3586 2158 3646 tribus:

567 3685 622 3731 et.
654 3692 869 3732 reversa
901 3684 987 3732 est
1010 3678 1061 3732 in
1089 3677 1312 3733 domum
1344 3692 1520 3733 suam.
1557 3678 1835 3735 Elizabeth
1851 3689 2029 3733 autem
2062 3679 2162 3732 imo

566 3769 774 3840 pictum
805 3778 890 3825 est
930 3778 1143 3840 tempus
1161 3769 1431 3841 pariendi,
1486 3779 1542 3826 et
1588 3771 1798 3840 peperit
1843 3769 2037 3826 tilium.
2093 3769 2161 3825 Et

559 3864 1047 3919 adieruntviciui
1086 3877 1141 3920 et
1195 3865 1408 3936 Cognati
1452 3864 1591 3934 ejus,
1620 3866 1743 3937 quia
1794 3865 2160 3937 magniﬁcav'rt

566 3955 824 4011 Dominus
848 3957 1282 4012 misericordiam
1309 3971 1463 4012 suam
1490 3973 1612 4014 cum
1635 3957 1755 4024 illa,
1785 3969 1839 4015 et
1871 3968 2160 4030 congratu-

557 4041 818 4105 iabautur
844 4050 915 4106 ei.
948 4050 1014 4105 Et
1041 4049 1242 4106 factum
1269 4062 1352 4107 est
1390 4050 1443 4105 itt
1495 4052 1583 4106 die
1619 4061 1836 4120 octavo,
1886 4061 2158 4107 venerunt

563 4145 959 4200 circumcidere
988 4155 1319 4214 puerum,et
1348 4145 1616 4201 vocabant
1645 4159 1768 4202 eum
1815 4148 2033 4201 nomine
2058 4159 2155 4215 pa-

563 4239 662 4293 tris
689 4239 776 4293 sui
803 4237 1142 4295 Zachariam.
1164 4239 1236 4295 Et
1256 4241 1594 4312 respondens
1623 4248 1794 4296 mater
1817 4239 1961 4311 ejus,
1986 4240 2150 4295 dixit:

559 4331 932 4406 Nequaquam,
965 4335 1059 4392 sed
1089 4335 1377 4391 vocabitur
1405 4335 1668 4392 Joannes.
1704 4337 1768 4391 Et
1797 4335 2049 4391 dixerunt
2083 4334 2151 4390 ad

553 4427 706 4482 illam
733 4447 743 4481 :
771 4427 914 4496 Quia
947 4443 1108 4483 nemo
1133 4438 1218 4484 est
1249 4429 1306 4483 in
1333 4431 1665 4500 cognatione
1719 4440 1833 4496 tua,
1860 4430 1953 4499 qui
1992 4441 2154 4483 voce-

557 4529 646 4575 tur
678 4523 778 4576 hoc
807 4521 1055 4577 nomine.
1101 4521 1409 4577 'lnnuebaut
1437 4533 1615 4578 autem
1647 4523 1783 4592 patri
1816 4521 1955 4592 ejus,
1989 4531 2149 4592 quem

553 4615 721 4672 vellet
741 4616 923 4672 vocari
948 4631 1094 4672 eum.
1124 4615 1193 4672 Et
1237 4618 1514 4687 postulans
1547 4615 1863 4688 pugillarem
1911 4615 2145 4684 scripsit,

2277 1981 2332 2036 in
2364 1984 2654 2040 sanctitate
2679 1987 2966 2054 etjustitia
2996 2001 3180 2042 coram
3226 1987 3369 2060 ipso,
3404 1987 3660 2047 omnibus
3685 1987 3882 2048 diebus

2340 2080 2576 2134 nostris.

2273 2169 2340 2225 Et
2371 2185 2447 2239 tu,
2477 2188 2632 2243 puer,
2668 2173 2935 2243 PrOpheta
2968 2174 3236 2232 Altissimi
3275 2177 3604 2236 vocaberis:
3655 2181 3878 2254 prznibis

2341 2268 2485 2322 enim
2521 2277 2646 2324 ante
2677 2269 2874 2325 faciem
2905 2269 3123 2325 Domini
3158 2287 3354 2342 parare
3385 2273 3504 2329 vias
3528 2275 3648 2346 ejus
3676 2291 3691 2331 :

2271 2360 2351 2415 Ad
2381 2361 2611 2417 dandam
2645 2363 2932 2417 scientiam
2964 2365 3157 2420 salutis
3186 2366 3326 2438 plebi
3347 2367 3488 2440 ejus,
3513 2369 3569 2426 in
3596 2370 3881 2428 remissio-

2343 2471 2467 2510 nem
2502 2467 2852 2526 peccatorum
2886 2474 3077 2514 eorum
3107 2477 3118 2512 Ζ

2271 2549 2374 2605 Per
2405 2550 2615 2606 viscera
2645 2551 3035 2608 misericordiae
3060 2552 3158 2608 Dei
3190 2555 3363 2610 nostri
3397 2573 3410 2611 :
3439 2555 3492 2611 in
3520 2555 3718 2627 quibus
3744 2557 3878 2615 visi-

2347 2646 2483 2699 tavit
2511 2661 2610 2701 nos
2634 2647 2820 2702 oriens
2849 2663 2916 2702 ex
2941 2647 3093 2702 aito:

2269 2738 2580 2794 illuminare
2610 2738 2727 2806 his,
2759 2740 2850 2809 qui
2892 2741 2942 2794 in
2982 2740 3252 2808 tenebris,
3286 2751 3339 2797 et
3369 2742 3424 2798 in
3445 2744 3633 2800 umbra
3678 2744 3874 2802 mortis

2340 2833 2535 2889 sedent
2577 2851 2589 2888 :
2637 2833 2704 2889 ad
2757 2834 3074 2906 dirigendos
3125 2836 3295 2906 pedes
3344 2845 3563 2893 nostros
3617 2837 3670 2893 in
3728 2839 3872 2894 viam

2340 2932 2509 2997 pacis.

2268 3022 2408 3077 Puer
2436 3032 2614 3079 autem
2644 3023 2960 3090 crescebat,
3006 3035 3061 3079 et
3103 3025 3515 3081 coniortabatur
3545 3025 3742 3096 Spiritu
3771 3044 3785 3081 :
3819 3037 3874 3084 et

2267 3124 2388 3170 erat
2427 3115 2480 3170 in
2511 3115 2742 3171 desertis
2777 3131 2949 3186 usque
2995 3117 3045 3170 iu
3097 3117 3240 3175 diem
3290 3119 3622 3176 ostensionis
3653 3133 3769 3177 suae
3803 3115 3869 3175 ad

2273 3207 2462 3262 israel.

2342 3300 2492 3372 lCap.
2533 3300 2621 3373 1L]
2650 3301 2879 3356 Factum
2915 3312 2999 3357 est
3028 3315 3209 3359 autem
3243 3305 3298 3360 in
3341 3303 3532 3360 diebus
3561 3305 3700 3372 illis,
3743 3305 3873 3362 ekiit

2268 3393 2504 3447 edictum
2528 3408 2556 3446 a
2575 3392 2796 3449 Caesare
2809 3397 3147 3463 Attguslo,'ut
3163 3395 3568 3452 describeretur
3583 3397 3872 3453 universus

2267 3485 2437 3539 orbis.
2491 3485 2619 3539 llaec
2645 3485 2948 3556 descriptio
3001 3489 3174 3557 prima
3214 3487 3356 3542 facta
3389 3495 3477 3544 est
3509 3498 3531 3528 ε
3563 3503 3592 3543 a
3644 3488 3874 3558 praeside

2265 3579 2438 3650 Syrizc
2468 3577 2674 3648 Cyriuo
2705 3596 2718 3634 :
2750 3589 2805 3635 et
2825 3579 2977 3634 ibant
3005 3596 3219 3648 omnes,
3251 3593 3304 3636 ut
3332 3583 3730 3653 proﬁterentur
3753 3582 3871 3638 sin-

2265 3673 2374 3744 guli
2408 3674 2460 3728 in
2494 3688 2648 3728 suam
2677 3675 2978 3728 civitatem.
3015 3675 3276 3730 Ascendit
3306 3684 3486 3731 autem
3529 3686 3581 3730 et
3610 3675 3816 3747 Joseph
3839 3690 3871 3731 a

2255 3766 2487 3822 'Galiima
2517 3767 2586 3822 de
2609 3769 2832 3822 civitate
2851 3765 3142 3832 Nazaretit,
3171 3770 3221 3822 in
3245 3767 3489 3824 Judtnam
3514 3769 3566 3822 in
3589 3768 3871 3825 civitatem

2264 3863 2465 3929 David,
2500 3879 2621 3935 qua:
2649 3869 2874 3918 vocatur
2904 3862 3272 3918 BctlrLchem
3304 3881 3318 3917 :
3347 3877 3412 3918 co
3445 3862 3586 3932 quod
3619 3873 3770 3919 esset
3800 3862 3870 3920 de

2261 3957 2426 4014 domo
2466 3968 2522 4014 et
2569 3958 2769 4013 familia
2813 3957 3014 4024 David,
3062 3967 3118 4012 ut
3163 3958 3510 4028 proiiteretur
3541 3974 3664 4014 cum
3697 3951 3868 4012 Maria

2260 4050 2588 4122 desponsata
2611 4052 2712 4106 sibi
2736 4067 2908 4107 uxore
2935 4060 3266 4121 pra‘gttattte.
3294 4051 3520 4107 Factum
3542 4060 3628 4107 est
3648 4058 3863 4117 autem,

2261 4158 2384 4200 cum
2415 4155 2600 4198 essent
2635 4143 2728 4209 ibi,
2765 4142 2977 4212 impleti
3008 4152 3134 4198 sunt
3159 4142 3277 4199 dies
3308 4152 3365 4197 ut
3397 4152 3635 4214 pareret.
3665 4141 3734 4198 Et
3773 4156 3866 4212 ρο·

2258 4239 2402 4307 perit
2431 4237 2603 4292 ﬁlium
2637 4251 2794 4291 suum
2829 4235 3248 4308 primogenitum
3270 4277 3284 4304 ,
3315 4244 3369 4291 et
3403 4235 3596 4306 pannis
3627 4251 3754 4292 cum
3781 4235 3864 4291 in-

2259 4333 2448 4398 volvit,
2483 4341 2537 4387 et
2563 4331 2848 4387 reclinavit
2878 4347 3000 4386 eum
3030 4332 3080 4386 iu
3109 4334 3376 4401 praesepio
3401 4347 3416 4387 :
3446 4331 3574 4401 quia
3605 4347 3716 4386 non
3747 4341 3864 4390 erat

2256 4429 2335 4482 eis
2366 4427 2518 4482 locus
2545 4427 2598 4480 in
2623 4424 2948 4482 diversorio.
2984 4426 3050 4480 Et
3085 4434 3331 4494 pastores
3359 4435 3521 4482 erant
3551 4427 3605 4482 in
3638 4427 3861 4499 regione

2256 4520 2449 4576 eadem
2505 4520 2830 4591 vigilantes,
2883 4531 2938 4576 ct
2995 4520 3365 4576 custodientes
3414 4521 3627 4592 vigilias
3685 4521 3861 4578 noctis

2256 4629 2420 4685 super
2446 4629 2667 4686 gregem
2708 4629 2888 4669 suum.
2925 4613 2994 4669 Et
3022 4630 3151 4670 ecce
3190 4615 3414 4682 angelus
3452 4614 3667 4670 Domini
3705 4615 3860 4671 stetit

553 4711 744 4768 dicens
772 4729 783 4764 :
815 4710 1052 4767 Joannes
1077 4720 1160 4768 est
1182 4727 1376 4768 nomen
1401 4711 1543 4781 ejus.
1573 4711 1638 4766 Et
1666 4711 1846 4766 mirati
1874 4720 2000 4765 sunt
2029 4711 2148 4764 un-i-
2179 4716 2229 4776 ι)
2249 4709 2406 4778 juxta
2429 4707 2888 4773 ii'los,etclaritas
2913 4706 3008 4762 Dei
3035 4705 3393 4761 circnmfulsit
3413 4706 3558 4774 illos,
3583 4719 3638 4762 et
3667 4707 3859 4764 timue-

548 4807 716 4861 versi.
753 4807 1011 4876 Aperth
1066 4815 1149 4860 est
1178 4814 1359 4861 autem
1396 4805 1552 4861 illico
1581 4820 1643 4860 os
1673 4804 1810 4875 ejus,
1854 4813 1914 4860 et
1955 4804 2144 4875 'lingua

543 4901 694 4970 'ejus,
729 4910 782 4954 et
833 4899 1156 4970 loquebatur
1178 4897 1516 4954 benedicens
1569 4898 1766 4954 Deum.
1819 4897 1890 4953 Et
1938 4896 2143 4953 factum

549 5003 629 5049 est
663 4994 822 5048 timor
872 5007 1035 5061 super
1077 5005 1273 5047 omnes
1329 4990 1536 5047 vicinos
1579 5005 1815 5046 eorum:
1867 4997 1931 5046 et
1981 5005 2146 5060 super

545 5087 728 5142 omnia
749 5095 1010 5142 montana
1040 5084 1242 5141 Iudaeae
1283 5084 1705 5156 'divuigabantur
1749 5084 1934 5138 omnia
1979 5085 2145 5140 verba

539 5179 665 5236 haec
693 5190 794 5236 :ct
823 5189 1118 5250 posuerunt
1168 5193 1360 5235 omnes
1407 5179 1500 5250 qui
1542 5178 1826 5234 audierant
1865 5179 1932 5235 ‘in
1979 5179 2142 5236 corde

544 5288 665 5338 suo,
697 5272 977 5329 dicentes:
1000 5269 1028 5310 ἀ
1057 5273 1206 5343 Quis,
1242 5285 1418 5344 putas,
1445 5288 1583 5343 puer
1602 5273 1709 5330 iste
1748 5274 1853 5328 enit
1878 5273 1900 5328 ?
1926 5272 2139 5330 Etenim

537 5379 737 5423 manus
761 5367 977 5421 Domini
1009 5377 1132 5423 erat
1168 5382 1299 5423 cum
1335 5367 1456 5422 illo.
1509 5366 1590 5422 ‘Et
1643 5364 1942 5423 Zacharias
1978 5376 2141 5438 pater

619 5530 645 5560 λ
665 5521 839 5597 iidem
862 5531 1004 5579 ‘mss.
1032 5551 1053 5589 -,
1103 5525 1248 5597 beata
1272 5539 1388 5597 qum
1412 5523 1659 5592 credidit,
1693 5532 1749 5579 et
1774 5521 2140 5597 coiimrenter,

533 5611 657 5666 qua:
685 5595 823 5648 dictu
875 5607 994 5649 sunt
1031 5598 1081 5650 ei
1109 5614 1140 5649 a
1171 5592 1395 5651 Domino
1446 5603 1552 5652 etc.
1589 5607 1747 5666 atque
1792 5593 1898 5650 hoc
1943 5592 2138 5650 Grzeco

533 5668 805 5734 pressius.
837 5670 868 5727 ἠ
893 5672 1248 5736 πιστεύσασα,
1277 5667 1357 5727 ὅτι
1387 5667 1540 5725 ἔσται
1559 5669 1823 5729 τελείωσις
1849 5675 1964 5728 τοῖς
1988 5667 2135 5724 λελα-

537 5737 769 5819 ὶημὲξυις
953 5744 1100 5819 παρά
1119 5745 1324 5819 κυρίου,
1355 5751 1460 5797 etc.

610 5813 637 5850 ι’
666 5814 782 5887 _l_)t_to
810 5812 1204 5881 [tegittaa'mss.;
1239 5815 1292 5887 in
1316 5812 1974 5887 pragenies_et-progen'i_es.

609 5894 634 5924 ο
985 5879 1268 5940 memorari
1295 5879 1690 5953 misit-iunctim,
1736 5879 1978 5956 pressius
2022 5879 2128 5939 ite-

537 5955 892 6026 rum'Gr—mo,
917 5957 1198 6028 mm:
1215 5956 1409 6018 ὅκως.

2251 4811 2381 4857 runt
2425 4803 2617 4857 timore
2665 4816 2886 4872 magno.
2933 4799 3002 4854 Et
3032 4800 3164 4855 dixit
3208 4800 3312 4855 illis
3356 4799 3580 4872 angelus
3623 4819 3636 4856 :
3676 4799 3858 4858 Nolite

2251 4896 2446 4951 timere
2474 4915 2486 4951 :
2518 4910 2647 4951 ecce
2683 4894 2828 4950 enim
2879 4892 3192 4963 evangeiizo
3245 4893 3398 4948 vobis
3439 4892 3697 4963 gaudium
3743 4907 3858 4950 lna—

2249 5004 2438 5058 gnum,
2463 4987 2607 5058 quod
2638 4987 2743 5043 erit
2771 4986 2919 5043 omni
2951 4986 3151 5056 popqu
3183 5004 3195 5041 :
3231 4986 3355 5057 quia
3393 4997 3552 5042 natus
3583 4998 3665 5042 est
3701 4986 3861 5042 vobis

2249 5059 2412 5138 hodie
2437 5082 2707 5150 Salvator,
2740 5081 2831 5152 qui
2855 5091 2937 5136 est
2959 5078 3212 5135 Christus
3236 5078 3518 5147 Dominus,
3542 5079 3596 5135 in
3631 5078 3859 5135 civitate

2252 5177 2437 5233 David.
2477 5176 2543 5232 Et
2589 5173 2697 5230 hoc
2747 5173 2902 5231 vobis
2948 5174 3210 5245 signum:
3245 5171 3541 5230 Invenietis
3587 5173 3852 5229 infantem

2249 5270 2445 5343 pannis
2474 5271 2802 5336 involutum,
2833 5279 2888 5324 et
2915 5267 3150 5339 positum
3182 5267 3233 5322 in
3257 5266 3550 5338 praesepio.
3581 5266 3647 5322 Et
3668 5266 3855 5324 subito

2247 5367 2393 5423 facta
2432 5374 2513 5421 est
2553 5380 2679 5420 cum
2735 5362 2932 5434 angelo
2981 5361 3281 5418 multitudo
3323 5360 3538 5417 militiae
3581 5360 3850 5429 cteiestis,

2323 5516 2351 5556 ά
2379 5519 2501 5575 Pari
2534 5519 2729 5574 iterum
2783 5531 3056 5575 consensu
3091 5517 3256 5573 iidem
3299 5529 3433 5578 mss.
3462 5516 3622 5586 Quid,
3653 5527 3848 5587 putas,

2246 5602 2353 5646 etc.
2377 5590 2594 5667 graece,
2619 5594 2680 5646 Τί
2707 5588 2830 5667 ἄρα,
2875 5601 2982 5647 ete.

2323 5674 2345 5700 θ
2377 5660 2530 5718 Unus
2555 5679 2585 5718 ε
2609 5659 2808 5718 nosriis
2838 5679 2970 5720 mss.
2995 5674 3156 5728 atque
3185 5664 3322 5720 alter
3343 5659 3655 5719 Crassensis
3677 5667 3849 5733 penes

2239 5735 2611 5791 Martiaumum
2645 5752 2671 5809 :7
2690 5736 2830 5805 facta
2853 5745 2926 5790 est
2954 5737 3178 5809 prwside
3201 5777 3213 5801 ,
3242 5735 3590 5809 ctc._absque
3616 5733 3848 5809 apiarii-

2238 5809 2385 5873 cula,
2414 5822 2578 5863 sensu
2607 5808 2768 5863 etiam
2796 5806 3147 5864 concinniore
3167 5811 3324 5877 juxta
3351 5806 3627 5876 Graecum,
3653 5807 3847 5882 ἐγένετο

2236 5882 2629 5957 ἡγεμονεύοντος
2660 5889 2754 5944 τῆς
2777 5884 2964 5959 Συρίας
2995 5883 3271 5957 Κυρηνίου.
