4166 6336
302 304 401 403 6t:

1362 354 1808 419 EVANGELIUM
1848 356 2220 422 SECUNDUM
2258 358 2516 426 LUCAM.

3488 371 3595 437 θη

299 464 631 523 laudantium
660 468 847 535 Deum,
876 478 930 525 et
952 470 1247 528 dicentium
1275 490 1287 528 :
1317 473 1503 531 Gloria
1530 476 1587 531 in
1610 476 1897 534 altissimis
1923 482 1975 544 Α
2002 484 2143 539 Puer
2172 493 2353 539 autem
2400 485 2680 541 crescebat
2719 493 2773 542 et
2815 486 3244 556 confortabatur,
3274 488 3467 560 plenus
3513 506 3598 547 sa-

298 559 429 622 Deo,
464 572 518 616 et
549 562 600 617 in
630 572 775 619 terra
810 580 914 634 pax
945 565 1260 623 hominibus
1284 568 1442 625 bona:
1482 570 1796 627 voluntatis.
1828 571 1896 628 Et

298 655 501 711 factum
533 668 636 726 est,
664 668 725 715 ut
752 660 1121 719 discesserunt
1150 664 1218 721 ab
1247 665 1327 721 eis
1357 660 1534 737 angeli
1566 668 1619 723 in
1651 669 1887 725 coelum:

296 760 549 819 pastores
574 753 939 825 loquebantur
958 757 1024 812 ad
1050 758 1278 814 invicem
1298 775 1312 816 :
1331 757 1696 818 Transeamus
1719 776 1894 834 usque

295 842 692 915 Beth.Lehcm,
720 857 774 905 et
794 848 1076 907 videamus
1104 852 1207 909 hoc
1238 856 1486 924 verbum,
1519 855 1662 926 quod
1694 856 1893 912 factum

288 947 395 1007 est,
426 942 573 1010 quod
601 942 863 1001 Dominus
883 947 1121 1003 ostendit
1152 949 1330 1004 nobis.
1362 948 1427 1004 Et
1451 961 1719 1006 venerunt
1746 951 1892 1007 festi-

288 1045 486 1092 nantes
515 1055 526 1091 :
559 1047 614 1095 et
646 1039 969 1098 invenerunt
998 1038 1221 1100 Mariam
1243 1088 1256 1111 ,
1288 1055 1340 1102 et
1371 1046 1599 1118 Josepb,
1632 1053 1687 1103 et
1715 1049 1893 1104 infans

290 1137 397 1184 tem
428 1133 665 1200 positum
709 1134 761 1189 in
794 1138 1085 1208 praeacpio.
1114 1138 1375 1195 Videntes
1406 1149 1586 1197 autem
1618 1156 1891 1213 cognove-

285 1232 412 1279 runt
436 1225 505 1282 de
536 1228 724 1297 verbo,
764 1231 908 1302 quod
944 1233 1146 1289 dictum
1178 1242 1297 1290 erat
1328 1235 1435 1291 illis
1463 1236 1530 1292 de
1561 1240 1730 1308 puero
1762 1234 1887 1294 hoc.

286 1318 351 1373 Et
383 1334 610 1393 omnes,
655 1324 750 1396 qui
793 1325 1121 1399 audierunt,
1172 1329 1352 1385 mirati
1392 1340 1559 1388 sunt:
1592 1342 1643 1388 et
1670 1330 1742 1388 de
1770 1326 1886 1401 his,

284 1428 405 1486 quas
438 1416 589 1475 dicta
628 1430 785 1477 erant
815 1430 844 1477 ‘a
876 1424 1186 1494 pastoribus
1220 1424 1287 1481 ad
1313 1426 1480 1497 ipsos.
1510 1426 1675 1481 Maria
1706 1436 1890 1482 autem

282 1512 650 1569 conservabat
693 1515 874 1571 omnia
926 1518 1091 1573 verba
1122 1518 1270 1584 haec,
1304 1518 1597 1576 conferens
1628 1520 1678 1573 in
1724 1519 1891 1575 corde

280 1618 400 1662 suo.
435 1606 507 1663 Et
550 1611 759 1666 reversi
811 1618 939 1667 sunt
967 1618 1216 1683 pastores
1259 1613 1636 1684 gloriﬁcantes
1682 1624 1737 1671 et
1766 1613 1890 1669 lau-

280 1701 477 1759 dantes
510 1704 698 1776 Deum,
756 1706 808 1760 in
860 1708 1118 1764 omnibus
1161 1725 1279 1780 quae
1308 1706 1615 1776 audierant,
1648 1716 1704 1765 et
1732 1708 1890 1764 vide-

279 1806 423 1868 rant,
482 1798 627 1856 sicut
657 1799 860 1857 dictum
898 1812 985 1859 est
1028 1803 1099 1860 'ad
1130 1804 1276 1861 illos.
1309 1798 1376 1861 Et
1421 1814 1704 1877 postquam
1750 1818 1889 1860 con-

1998 575 2197 646 pientia
2230 585 2321 633 :et
2344 578 2516 648 gratia
2549 578 2645 635 Dei
2686 587 2805 634 erat
2845 579 2898 634 in
2925 580 3036 634 illo.
3065 581 3131 635 Et
3162 581 3310 635 ibant
3342 591 3596 652 parentes

1996 671 2117 741 ejus
2152 685 2250 743 per
2283 687 2473 729 omnes
2503 687 2675 729 annos
2706 674 2759 730 in
2790 675 3117 741 Jerusalem,
3159 675 3212 730 in
3241 676 3328 731 die
3361 677 3594 733 solemni

2000 761 2239 819 Paschze.
2286 763 2503 821 Etcum
2548 765 2725 822 factus
2775 776 2919 824 esset
2963 782 3229 824 annorum
3280 769 3591 837 duodecim,

1994 856 2418 914 ascendentibus
2448 858 2558 914 illis
2594 858 2988 934 Jerosolymam
3035 862 3333 918 secundum
3364 876 3597 918 consue-

1995 950 2235 1006 tudinem
2263 950 2373 1007 diei
2400 951 2553 1021 festi,
2583 958 3083 1024 consummatisque
3107 956 3321 1025 diebus,
3353 972 3474 1014 cum
3507 973 3594 1014 re-

1993 1042 2199 1113 dirent,
2247 1048 2511 1103 remansit
2555 1063 2690 1119 puer
2718 1048 2875 1104 Jesus
2922 1051 2972 1104 in
3022 1052 3349 1116 Jerusalem,
3388 1058 3443 1107 et
3483 1068 3589 1108 non

1993 1147 2366 1206 cognoverunt
2386 1152 2638 1208 parentes
2660 1141 2799 1211 ejus.
2829 1142 3209 1200 Existimantes
3233 1156 3411 1201 autem
3436 1146 3589 1202 illum

1993 1245 2114 1287 esse
2151 1231 2206 1286 in
2237 1231 2526 1301 comitatu,
2559 1245 2825 1291 venerunt
2858 1240 2960 1292 iter
2987 1238 3123 1308 diei,
3155 1249 3209 1294 et
3241 1242 3592 1311 requirebant

1992 1337 2118 1379 eum
2160 1324 2304 1380 inter
2348 1335 2604 1398 cognatos
2650 1338 2708 1384 et
2753 1338 2935 1385 notos.
2970 1330 3040 1385 Et
3071 1346 3175 1386 non
3226 1331 3588 1401 invenientes,

1993 1421 2228 1490 regressi
2280 1432 2407 1477 sunt
2452 1422 2506 1477 in
2564 1422 2893 1492 Jerusalem,
2946 1427 3285 1496 requirentes
3333 1443 3479 1483 eum.
3524 1429 3590 1483 Et

1991 1514 2189 1570 factum
2216 1526 2317 1583 est,
2345 1524 2469 1587 post
2494 1518 2731 1573 triduum
2758 1520 3081 1576 invenerunt
3108 1522 3260 1576 illum
3282 1525 3337 1577 in
3361 1522 3585 1593 templo,

1992 1606 2272 1662 sedentem
2322 1609 2375 1663 in
2423 1610 2602 1665 medio
2646 1610 2951 1678 doctorum,
3004 1614 3312 1668 audientem
3360 1615 3503 1679 illos,
3536 1625 3592 1674 et

1991 1700 2417 1771 interrogantem
2445 1717 2562 1758 eos.
2598 1704 2692 1776 [tv,
2724 1702 2807 1774 2.]
2835 1704 3139 1775 Stupebant
3166 1719 3347 1763 autem
3371 1723 3587 1775 omnes,

1992 1794 2085 1864 qui
2114 1808 2238 1851 eum
2289 1797 2607 1863 audiebant,
2653 1814 2819 1869 super
2868 1802 3154 1868 prudentia
3203 1811 3257 1858 et
3306 1805 3589 1873 responsis

278 1891 541 1947 summati
580 1904 708 1950 sunt
741 1894 860 1951 dies
888 1906 1011 1953 octo
1048 1906 1106 1954 ut
1138 1896 1621 1955 circumcideretnr
1650 1906 1676 1935 α
1702 1910 1881 1968 puer:
1913 1882 1963 1947 Β
1991 1890 2130 1961 ejus.
2166 1892 2231 1947 Et
2279 1892 2527 1949 videntes
2573 1893 2823 1949 admirati
2868 1906 3013 1950 sunt.
3065 1896 3154 1966 tv,
3193 1896 3315 1969 10.]
3362 1900 3425 1954 Et
3455 1898 3591 1954 dixit

276 1994 531 2044 vocatum
574 1999 659 2047 est
702 1994 905 2049 nomen
958 1994 1076 2064 ejus
1114 1994 1295 2064 Jesus,
1344 1991 1488 2065 quod
1521 2000 1769 2048 vocatum
1802 1994 1887 2047 est

276 2081 344 2138 ab
366 2086 565 2154 angelo
587 2085 735 2156 prius
758 2098 921 2155 quam
946 2086 1000 2141 in
1028 2096 1185 2143 utero
1206 2086 1611 2159 conciperetur.
1642 2084 1709 2140 Et
1736 2090 1883 2155 post-

278 2186 441 2247 quam
484 2178 697 2250 impleti
730 2188 858 2236 sunt
900 2180 1018 2237 dies
1048 2183 1386 2253 purgationis
1430 2178 1551 2251 ejus
1583 2178 1883 2235 secundum

274 2268 451 2341 legem
492 2271 690 2345 Moysi,
716 2274 960 2331 tulerunt
986 2275 1133 2330 illum
1168 2276 1220 2330 in
1251 2275 1555 2331 Jerusalem
1576 2316 1592 2342 ,
1625 2281 1683 2328 ut
1722 2272 1882 2326 siste-

274 2373 397 2419 rent
419 2380 544 2420 eum
570 2364 824 2436 Domino,
850 2366 998 2425 sicut
1020 2371 1281 2441 scriptum
1307 2380 1389 2426 est
1413 2369 1466 2424 in
1490 2369 1609 2439 lege
1636 2364 1879 2422 Domini:

273 2458 417 2527 Quia
447 2472 612 2519 omne
638 2462 997 2521 masculinum
1029 2465 1355 2538 adaperiebs
1383 2464 1597 2519 vulvam
1632 2471 1880 2517 sanctum

270 2550 507 2609 Domino
535 2555 838 2612 vocabitur.
870 2555 940 2612 Et
978 2566 1038 2613 ut
1074 2556 1270 2613 darent
1301 2556 1537 2611 hostiam
1580 2553 1880 2610 secundum

270 2644 417 2716 quod
448 2640 652 2703 dictum
683 2650 848 2705 estin
893 2650 1014 2721 lege
1043 2651 1284 2717 Domini,
1328 2664 1429 2721 par
1461 2658 1753 2713 turturum,
1789 2652 1883 2702 aut

271 2737 409 2795 duos
444 2742 623 2810 pullos
660 2742 1059 2801 columbarum.
1103 2745 1169 2801 Et
1198 2761 1327 2802 ecce
1360 2745 1525 2800 homo
1552 2751 1668 2800 erat
1701 2744 1754 2797 in
1785 2740 1879 2797 Je-

280 2833 546 2903 rusalem,
580 2837 666 2892 cui
694 2852 891 2895 nomen
924 2838 1167 2907 Simeon,
1203 2849 1257 2896 et
1278 2840 1444 2895 homo
1474 2839 1578 2893 iste
1601 2837 1797 2908 justus,
1827 2836 1884 2891 et

268 2925 582 2997 timoratu‘s,
611 2941 939 3001 exspectans
964 2933 1397 2989 constitutionem
1442 2930 1629 2999 Israel,
1669 2940 1723 2984 et
1753 2928 1881 3001 Spi-

266 3019 409 3074 ritus
438 3031 667 3079 sanctus
698 3024 895 3080 eratin
927 3040 1013 3081 eo.
1064 3025 1137 3081 Et
1165 3040 1486 3097 responsum
1528 3031 1817 3095 acceperat
1846 3036 1877 3078 a

268 3110 483 3182 Spiritu
513 3126 725 3182 sancto,
770 3126 880 3173 non
916 3119 1157 3175 visurum
1197 3133 1258 3174 se
1296 3127 1561 3183 mortem,
1594 3116 1699 3171 nisi
1727 3117 1878 3187 prius

266 3203 483 3261 videret
508 3208 783 3264 ChriStum
809 3208 1043 3267 Domini.
1074 3212 1144 3267 Et
1170 3213 1392 3268 venitin
1423 3212 1617 3282 spiritu
1650 3210 1701 3265 in
1735 3218 1876 3265 teut-

1986 1997 2165 2043 mater
2210 1987 2328 2059 ejus
2374 1989 2440 2043 ad
2490 1989 2640 2045 illum
2673 2007 2686 2044 :
2720 1990 2843 2059 Fili,
2890 1991 3017 2061 quid
3064 1992 3243 2048 fecisti
3293 1994 3443 2049 nobis
3474 1993 3588 2051 sic?

1985 2095 2113 2135 ecce
2143 2090 2294 2149 pater
2337 2093 2459 2136 tuus
2486 2093 2541 2137 et
2570 2097 2672 2153 ego
2718 2082 2964 2138 dolentes
3005 2084 3380 2155 quaerebamus
3412 2096 3485 2141 te.
3520 2087 3586 2143 Et

1985 2175 2061 2227 ait
2085 2172 2151 2228 ad
2191 2174 2347 2229 illos:
2383 2173 2522 2241 Quid
2552 2183 2639 2230 est
2681 2176 2825 2245 quod
2864 2191 2949 2233 me
2980 2177 3343 2248 quaerebatis?
3374 2179 3588 2236 nescie-

1985 2265 2128 2322 batis
2159 2270 2283 2338 quia
2314 2269 2367 2323 in
2414 2269 2529 2337 bis,
2564 2284 2683 2338 quas
2710 2269 2887 2325 Patris
2920 2272 3020 2326 mei
3054 2274 3214 2338 sunt,
3250 2284 3464 2343 oportet
3496 2287 3583 2330 me

1983 2359 2139 2415 esse?
2168 2359 2237 2415 Et
2256 2361 2358 2431 ipsi
2384 2376 2488 2416 non
2518 2362 2914 2418 intellexerunt
2936 2366 3184 2431 verbum,
3209 2366 3350 2436 quod
3373 2367 3587 2424 locutus

1980 2465 2067 2511 est
2096 2458 2163 2510 ad
2194 2471 2311 2513 eos.
2345 2457 2414 2511 Et
2440 2458 2721 2514 descendit
2750 2474 2871 2515 cum
2905 2460 3001 2526 eis,
3028 2470 3082 2517 et
3110 2463 3258 2517 venit
3280 2462 3582 2519 Nazareth:

1982 2558 2039 2607 et
2076 2562 2194 2606 erat
2246 2551 2495 2608 subditus
2541 2553 2668 2608 illis.
2722 2554 2788 2609 Et
2836 2565 3012 2610 mater
3053 2556 3171 2626 ejus
3226 2559 3586 2613 “conservabat

1980 2644 2163 2700 omnia
2191 2646 2351 2701 verba
2385 2648 2498 2702 hrec
2544 2648 2596 2701 in
2630 2649 2795 2703 corde
2826 2664 2944 2705 suo.
2983 2650 3049 2704 Et
3079 2650 3235 2705 Jesus
3266 2651 3581 2722 proﬁciebat

1982 2738 2266 2806 sapientia,
2298 2746 2354 2796 et
2379 2749 2553 2806 aetate,
2584 2750 2636 2795 et
2657 2743 2828 2812 gratia
2854 2743 2993 2813 apud
3025 2744 3192 2819 Deum
3224 2754 3279 2800 et
3307 2744 3579 2801 homines.

2054 2830 2207 2903 [ϐαρ.
2240 2832 2327 2887 lll.
2352 2848 2426 2900 v1,
2449 2830 2527 2905 3.]
2551 2835 2707 2889 Anno
2731 2846 2910 2890 autem
2940 2837 3341 2903 quintodecimo
3371 2837 3585 2908 imperii

1980 2925 2183 2982 Tiberii
2224 2924 2488 2994 Cfesaris,
2518 2940 2850 2999 procurante
2880 2930 3076 2986 Pontio
3108 2931 3284 2987 Pilato
3313 2933 3581 2999 Judaeum,

1977 3020 2251 3076 tetrarcha
2284 3024 2465 3078 autem
2516 3022 2758 3079 Galilzeat
2800 3024 3034 3092 Herode,
3088 3025 3342 3097 Philippo
3394 3026 3581 3084 autem

1978 3115 2147 3170 fratre
2174 3116 2294 3185 ejus
2322 3116 2597 3171 tetrarcha
2632 3118 2861 3185 ltnrwae,
2887 3129 2939 3174 et
2974 3118 3377 3175 Trachonitidis
3404 3121 3581 3191 regio-

1978 3210 2083 3277 nis,
2116 3217 2171 3265 et
2202 3209 2432 3278 Lysania
2479 3209 2707 3264 Abilinae
2756 3211 3051 3280 tetrarcha,
3086 3213 3187 3267 sub
3240 3212 3578 3282 principibus

266 3297 442 3366 plum.
478 3299 545 3354 Et
585 3316 708 3357 cum
752 3303 1081 3361 inducerent
1122 3318 1351 3375 puerum
1397 3304 1580 3361 Jesum
1622 3314 1878 3374 parentes
1904 3288 1949 3351 C
1983 3302 2329 3357 sacerdotum
2376 3304 2529 3357 Anna
2581 3312 2637 3359 et
2680 3303 2883 3373 Caipha
2922 3306 3168 3360 :factum
3216 3315 3301 3361 est
3351 3305 3579 3361 verbum

267 3391 414 3461 ejus,
447 3402 505 3448 ut
531 3394 775 3451 facerent
798 3399 1097 3455 secundum
1122 3398 1578 3455 consuetudinem
1612 3398 1748 3469 legis
1776 3410 1877 3468 pro

266 3497 369 3542 eo:
394 3495 454 3540 et
483 3486 599 3557 ipse
632 3489 844 3559 accepit
879 3504 1003 3547 eum
1043 3492 1099 3548 in
1133 3491 1289 3548 ulnas
1329 3506 1474 3559 suas,
1515 3498 1569 3545 et
1601 3488 1876 3547 benedixit

267 3578 464 3648 Deum,
497 3591 551 3638 et
580 3582 760 3639 dixit:

262 3672 423 3732 Nunc
450 3676 678 3733 dimittis
697 3692 917 3736 servum
946 3690 1126 3750 tuum,
1152 3681 1403 3750 Domine,
1427 3680 1724 3739 secundum
1747 3696 1874 3739 ver-

338 3767 468 3825 bum
499 3779 677 3838 tuum,
708 3773 763 3828 in
792 3789 925 3845 pace
954 3795 966 3831 :

264 3863 410 3931 Quia
430 3866 687 3923 viderunt
715 3869 859 3925 oculi
891 3872 997 3927 mei
1032 3871 1272 3927 salutare
1298 3879 1445 3927 tuum
1478 3889 1491 3926 :

261 3957 426 4025 Quod
462 3962 664 4029 parasti
687 3970 812 4019 ante
834 3963 1028 4021 faciem
1060 3965 1306 4021 omnium
1333 3964 1689 4036 pepulorum;

262 4050 478 4108 Lumen
518 4054 583 4110 ad
628 4058 1019 4114 revelationem
1048 4060 1315 4130 gentium,
1344 4066 1401 4115 et
1430 4059 1661 4131 gloriam
1703 4059 1876 4131 plebis

335 4156 442 4201 tuae
469 4147 656 4205 Israel.

261 4241 333 4296 Et
364 4252 485 4299 erat
520 4253 675 4315 pater
711 4246 828 4317 ejus
844 4254 905 4305 ’et
934 4257 1111 4303 mater
1140 4249 1402 4306 mirantes
1427 4262 1591 4321 super
1621 4251 1728 4317 his,
1755 4260 1875 4320 Quae

257 4334 590 4395 dicebantur
610 4338 678 4395 de
705 4341 822 4395 illo.
849 4340 916 4397 Et
945 4343 1225 4399 benedixit
1253 4344 1361 4401 illis
1391 4343 1635 4411 Simeon,
1666 4350 1718 4400 e't
1740 4344 1877 4399 dixit

260 4428 329 4484 ad
360 4429 587 4487 Mariam
610 4446 839 4489 matrem
869 4436 986 4507 ejus
1015 4454 1027 4487 :
1060 4436 1205 4492 Ecce
1230 4437 1436 4507 positus
1459 4448 1541 4494 est
1579 4438 1666 4495 hic
1690 4440 1740 4493 in
1764 4436 1878 4493 rui-

266 4541 424 4595 nam,
451 4537 504 4583 et
530 4528 581 4584 in
611 4532 1076 4587 resurrectionem
1107 4532 1401 4589 multorum
1425 4532 1481 4589 in
1509 4532 1672 4590 Israel
1699 4550 1714 4589 :
1737 4544 1790 4589 et
1820 4533 1875 4589 in

1978 3396 2195 3451 Domini
2219 3406 2385 3466 super
2408 3396 2695 3463 Joannem,
2721 3396 2997 3453 Zachariae
3028 3398 3216 3467 ﬁlium,
3248 3398 3301 3453 in
3333 3398 3575 3455 deserto;

1981 3488 2101 3563 [ηιμ
2130 3489 2207 3561 1.]
2238 3491 2302 3545 Et
2330 3493 2481 3545 venit
2504 3492 2556 3546 in
2591 3506 2811 3548 omnem
2846 3493 3124 3563 regionem
3152 3493 3404 3549 Jordanis
3432 3509 3577 3563 prm-

1979 3586 2165 3641 dicans
2190 3586 2518 3656 baptismum
2544 3589 2881 3657 poenitentiae
2905 3588 2957 3642 in
2987 3588 3363 3644 remissionem
3395 3602 3585 3659 pecca-

1974 3686 2179 3745 torum,
2212 3678 2354 3732 sicut
2398 3679 2663 3749 scriptum
2692 3687 2777 3734 est
2812 3678 2865 3733 in
2898 3679 3041 3735 libro
3073 3693 3384 3736 sermonum
3428 3679 3583 3735 Isaia:

1976 3774 2260 3843 prepbetaa
2288 3790 2299 3826 :
2332 3772 2447 3827 Vox
2488 3773 2772 3829 clamantis
2814 3773 2867 3828 in
2905 3773 3166 3830 deserto:
3202 3775 3394 3830 Parate
3440 3774 3581 3830 viam

1976 3865 2191 3922 Domini
2224 3884 2237 3920 :
2268 3875 2447 3921 rectas
2502 3865 2670 3922 facite
2719 3867 2939 3923 semitas
2982 3868 3105 3939 ejus
3139 3886 3153 3922 :
3191 3867 3372 3925 omnis
3425 3867 3584 3925 vallis

1977 3962 2289 4033 implebitur
2319 3980 2331 4016 :
2365 3968 2421 4018 et
2449 3963 2625 4016 omnis
2666 3974 2845 4031 mons,
2878 3970 2932 4017 et
2961 3961 3122 4017 collis
3162 3961 3538 4016 humiliahitur
3566 3979 3578 4015 :

1978 4066 2033 4111 et
2057 4066 2215 4111 erunt
2256 4069 2421 4126 prava
2455 4066 2510 4111 et.
2534 4055 2762 4122 directa,
2791 4064 2846 4110 et
2878 4064 3069 4124 aSpera
3116 4056 3167 4109 in
3196 4056 3315 4109 vias
3339 4054 3580 4123 planas:

1974 4160 2033 4208 et
2061 4150 2265 4207 videbit
2293 4153 2473 4206 omnis
2492 4166 2622 4206 caro
2649 4150 2887 4206 salutare
2909 4148 3028 4205 Dei.
3061 4149 3205 4222 [vm,
3238 4147 3316 4219 5.]
3352 4148 3576 4203 Dicebat

1977 4261 2107 4317 ergo
2149 4246 2214 4300 ad
2272 4245 2456 4301 turbas
2507 4258 2628 4316 quze
2681 4245 2931 4310 exibant,
2962 4254 3023 4298 ut
3071 4243 3480 4313 haptizarentur
3510 4242 3578 4300 ab

1974 4342 2134 4411 ipso:
2166 4338 2454 4397 Genimina
2496 4341 2808 4409 viperarum
2839 4356 2851 4392 :
2882 4340 3005 4409 quis
3035 4337 3273 4393 OSlen'dii.
3311 4337 3465 4393 vobis
3496 4336 3581 4392 fu-

1972 4451 2106 4507 gere
2134 4450 2163 4489 a
2184 4441 2413 4490 ventura
2446 4432 2562 4487 ira?
2584 4431 2769 4488 Facite
2792 4446 2921 4501 ergo
2944 4431 3155 4487 fructus
3184 4431 3376 4502 dignos
3410 4430 3585 4499 ῃωηί-

1977 4530 2185 4594 ῖεηιίξε,
2231 4537 2284 4583 et
2333 4542 2402 4583 ne
2449 4527 2725 4597 cceperitis
2777 4523 3007 4581 dicere:
3052 4524 3270 4579 Patrem
3315 4523 3583 4580 habemus

261 4622 505 4690 signum,
540 4622 626 4679 cui
657 4624 1106 4681 contradicetur:
1140 4636 1195 4681 et
1240 4637 1384 4682 tuam
1428 4626 1597 4697 ipsius
1636 4627 1875 4683 animam
1900 4690 1943 4697 _
1979 4623 2271 4679 Abraham.
2302 4622 2436 4678 Dico
2466 4622 2609 4678 enim
2641 4621 2820 4686 vobis,
2855 4622 2981 4690 quia
3014 4628 3203 4688 potens
3232 4626 3315 4673 est
3336 4616 3485 4673 Deus
3512 4618 3583 4674 de

262 4718 619 4787 pertransibit
643 4721 877 4791 gladius,
907 4730 969 4776 ut
992 4721 1301 4776 revelentur
1322 4736 1386 4776 ex
1410 4721 1593 4776 multis
1623 4716 1876 4778 cordibus
1900 4690 1956 4753 D
1984 4715 2252 4787 lapidibus
2294 4715 2418 4769 istis
2468 4714 2733 4769 suscitare
2781 4712 2919 4766 lilios
2967 4710 3226 4766 Abrahae.
3274 4710 3392 4766 Ja'm
3436 4710 3581 4765 enim

261 4810 646 4881 cogitationes.
670 4811 741 4867 Et
764 4823 881 4868 erat
905 4818 1058 4868 Anna
1085 4815 1451 4885 prephetissa,
1480 4813 1588 4868 ﬁlia
1612 4812 1879 4882 Phanuel,

260 4902 332 4957 de
362 4903 505 4959 tribu
533 4904 710 4962 Aser:
744 4904 861 4962 btec
894 4918 1242 4976 processerat
1272 4908 1324 4961 in
1359 4906 1550 4962 diebus
1583 4907 1794 4974 multis,
1827 4916 1882 4963 et

259 5001 479 5056 vixerat
509 5016 628 5056 cum
656 5004 773 5058 viro
801 5018 902 5059 suo
930 5004 1088 5058 annis
1117 5013 1324 5073 septem
1357 5018 1383 5056 a
1418 5004 1728 5073 virginitate
1760 5015 1875 5057 sua.

260 5091 331 5146 Et
357 5091 474 5148 hate
493 5092 651 5149 vidua
677 5110 846 5167 usque
873 5096 943 5150 ad
969 5106 1141 5149 annos
1167 5095 1437 5165 octoginta
1462 5104 1694 5165 quatuor
1719 5113 1730 5149 :
1760 5110 1879 5166 qua:

263 5199 379 5239 non
410 5185 727 5243 discedebat
758 5189 826 5245 de
854 5189 1085 5259 templo,
1124 5188 1345 5259 jejuniis
1389 5199 1444 5245 et
1487 5186 1879 5245 obsecrationi-

258 5278 369 5333 bus
400 5280 650 5335 serviens
683 5291 845 5339 nocte
873 5294 939 5338 ac
974 5281 1084 5337 die.
1114 5280 1183 5335 Et
1213 5282 1346 5348 haec,
1380 5283 1495 5351 ipsa
1520 5284 1650 5336 liora
1683 5298 1879 5353 super-

258 5375 515 5441 veniens,
548 5376 912 5433 conﬁtebatur
936 5376 1180 5431 Domino
1209 5396 1220 5429 :
1255 5377 1656 5446 et‘loquebatur
1687 5375 1752 5431 de
1772 5376 1877 5431 illo

256 5469 543 5539 omnibus,
577 5472 669 5540 qui
710 5472 1113 5541 exspectabant
1154 5470 1588 5540 redemptionem
1626 5469 1653 5509 δ
1686 5467 1875 5527 Israel.

258 5562 333 5618 Et
375 5573 435 5619 ut
475 5563 825 5634 perfecerunt
869 5564 1054 5620 omnia
1085 5564 1387 5620 secundum
1436 5565 1606 5636 legem
1637 5565 1875 5637 Domini,

257 5657 472 5713 reversi
501 5660 702 5712 suntin
725 5657 1013 5715 Galilaeam
1037 5657 1092 5711 in
1115 5656 1386 5711 civitatem
1410 5671 1563 5711 suam
1586 5658 1876 5715 Nazareth.

337 5804 364 5832 δ
390 5794 541 5851 Istud
571 5812 698 5867 puer
726 5811 923 5852 nomen
943 5836 958 5861 ,
1001 5795 1146 5865 quod
1181 5804 1235 5847 et
1281 5793 1583 5867 ἰπὶ-ϐιηθεὶς
1630 5796 1872 5851 melioris

257 5877 411 5923 nota:
431 5864 715 5923 codicibus
735 5868 1107 5932 desideratur,
1132 5868 1182 5940 in
1212 5882 1319 5921 uno
1338 5864 1690 5940 Beginaagms.
1710 5884 1873 5940 pror-

257 5953 359 5997 sus
390 5954 500 5997 non
524 5950 638 6007 est,
664 5940 720 5996 in
747 5941 925 5998 altero
956 5936 1215 5997 secundis
1236 5939 1380 5995 curis
1410 5936 1493 5996 est
1523 5936 1791 5998 additum.

1983 4809 2192 4866 securis
2223 4807 2289 4864 ad
2322 4807 2560 4862 radicem
2593 4807 2851 4863 arborum
2884 4808 3058 4878 posita
3091 4815 3196 4863 est.
3224 4805 3420 4861 Omnis
3450 4812 3579 4874 ergo

1983 4904 2145 4960 arbor
2190 4918 2297 4958 non
2326 4902 2532 4957 faciens
2578 4902 2813 4957 fructum
2845 4901 3067 4964 bonum,
3102 4901 3406 4965 excidetur,
3440 4911 3495 4955 et
3526 4900 3579 4955 in

1987 4998 2165 5068 ignem
2223 4996 2489 5051 mittetur.
2549 4995 2646 5069 lix,
2698 4993 2817 5067 ‘10.]
2873 4994 2943 5050 Et
2998 4994 3405 5065 interrogabant
3456 5008 3579 5049 eum

1984 5093 2177 5163 turbae,
2211 5091 2456 5146 dicentes
2493 5107 2509 5147 :
2549 5089 2686 5158 Quid
2719 5104 2847 5159 ergo
2872 5088 3168 5143 faciemus?
3216 5085 3579 5157 Restiondcn‘s

1984 5198 2164 5242 autem
2198 5186 2415 5242 dicebat
2440 5185 2547 5240 illis
2574 5204 2585 5239 :
2617 5184 2718 5253 Qui
2744 5184 2911 5240 habet
2943 5186 3075 5239 ditas
3108 5186 3336 5252 tunicas,
3361 5183 3451 5240 det
3475 5196 3580 5238 non

1974 5280 2245 5337 babenti:
2275 5290 2330 5336 et
2365 5281 2452 5351 qui
2482 5279 2648 5334 habet
2677 5292 2861 5346 escas,
2895 5277 3151 5333 similiter
3174 5276 3363 5334 'faciat.
3400 5276 3580 5332 Vene-

1976 5383 2109 5430 runt
2134 5383 2312 5429 autem
2340 5382 2393 5431 et
2422 5373 2718 5445 publicani,
2748 5382 2808 5428 ut
2851 5371 3276 5443 baptizarentur,
3326 5381 3380 5428 et
3430 5370 3588 5427 dixe-

1983 5479 2109 5526 runt
2135 5470 2203 5525 ad
2232 5469 2379 5525 illam
2405 5488 2415 5523 :
2442 5466 2718 5541 Magister,
2742 5469 2871 5540 quid
2899 5468 3195 5524 faciemus?
3225 5470 3295 5523 At
3324 5469 3415 5523 ille
3444 5467 3582 5524 dixit

1980 5564 2047 5621 ad
2078 5579 2209 5619 eos:
2238 5562 2384 5619 Nihil
2427 5566 2695 5635 amplius,
2746 5580 2906 5636 quam
2940 5564 3082 5636 quod
3115 5564 3468 5620 constitutum
3499 5569 3585 5617 est

1981 5661 2162 5727 vobis,
2196 5660 2425 5715 faciatis.
2452 5642 2876 5731 Interrogabant
2905 5669 3084 5716 autem
3118 5675 3241 5716 eum
3271 5669 3327 5715 et
3356 5656 3580 5723 milites,

2054 5794 2079 5833 ι)
2110 5794 2216 5850 Pro
2274 5792 2468 5862 Israel,
2512 5794 2565 5848 in
2606 5795 2814 5850 nostris
2860 5811 2989 5853 mss.
3024 5792 3318 5850 Jerusalem
3364 5792 3582 5863 legitur,

1976 5865 2437 5995 quamadmodum
2464 5875 2521 5925 et
2548 5866 2754 5925 Grecis
2809 5866 3085 5942 plerisque
3136 5867 3293 5925 libris
3320 5876 3584 5948 Ἰερουσα-

2007 5962 2099 5995 nu.

2007 5962 2099 6012 ημο
