4166 6336
571 311 679 371 615

1588 312 1645 370 S.
1688 310 2074 370 HIERONYMI
2113 309 2346 366 DIVINA
2389 311 2869 372 BIBLIOTHECA.

3775 323 3876 379 (516

567 429 812 486 dicentes
844 443 857 482 :
889 425 1028 498 Quid
1059 427 1324 487 faciemus
1354 438 1410 488 et
1436 431 1570 487 nos?
1603 432 1667 486 Et
1695 432 1770 486 ait
1803 431 1947 488 illis:
1977 429 2164 486 Nemi-
2195 431 2240 488 A
2272 429 2386 484 tiat.
2433 430 2502 486 Et
2552 433 2836 503 respondit
2869 431 2937 489 ad
2985 432 3133 489 illum
3185 431 3386 492 Jesus:
3433 433 3710 505 Scriptum
3757 447 3876 494 est:

574 538 698 580 nem
725 521 1071 590 concutiatis,
1105 539 1283 595 neque
1312 525 1639 580 calumniam
1679 525 1892 581 faciatis
1919 542 1932 578 :
1961 533 2016 580 et
2041 537 2175 580 con-

575 617 711 673 tenti
754 625 930 674 estote
979 617 1267 688 stipendiis
1317 619 1531 674 vestris.
1587 619 1946 673 Existimante
1990 625 2173 672 autem

577 710 801 783 populo,
836 720 893 767 et
921 712 1284 783 cogitantibus
1310 712 1564 768 omnibus
1596 713 1650 766 in
1673 711 1930 767 cordibus
1961 711 2076 766 snis
2107 711 2175 767 de

572 805 804 872 Joanne,
850 823 920 864 ne
979 805 1120 863 forte
1174 807 1290 878 ipse
1341 816 1488 863 esset
1542 807 1792 862 Christus
1833 824 1847 861 :
1892 805 2178 876 respondit

573 899 844 967 Joannes,
889 899 1080 956 dicens
1107 901 1378 956 omnibus.
1411 902 1498 973 jx,
1530 898 1607 968 1.]
1643 899 1755 970 Ego
1791 899 2009 970 quidem
2039 912 2174 966 aqua

581 992 800 1062 baptizo
827 1007 927 1049 vos
955 1009 970 1048 :
1003 994 1184 1049 veniet
1231 1003 1412 1048 autent
1465 991 1658 1046 fortior
1705 1008 1814 1058 me,
1863 991 2176 1061 cujusnon

573 1101 694 1144 sum
722 1088 917 1158 dignus
939 1088 1154 1144 solvere
1180 1087 1468 1156 corrigiam
1497 1087 1992 1142 calceamentorum
2023 1085 2172 1153 ejus:

576 1181 693 1251 ipse
722 1195 818 1236 vos
849 1180 1141 1250 baptizabit
1174 1181 1225 1234 in
1265 1179 1472 1250 Spiritu
1501 1190 1692 1235 sancto
1727 1190 1780 1234 et
1808 1179 1936 1248 igni.
1972 1178 2068 1250 [xt,
2098 1176 2175 1246 5.]

573 1275 740 1346 Cujus
776 1275 1141 1331 ventilabrum
1177 1277 1228 1330 in
1263 1291 1422 1329 manu
1453 1275 1596 1345 ejus,
1630 1285 1683 1330 et
1717 1274 1966 1345 purgabit
1991 1289 2174 1330 aream

574 1384 761 1435 suam,
811 1379 864 1423 et
911 1369 1266 1440 congregabit
1320 1369 1554 1424 triticum
1606 1371 1656 1423 in
1706 1370 1962 1424 horreum
1994 1384 2176 1432 suum,

574 1461 758 1534 paleas
789 1469 964 1516 autem
1017 1463 1303 1517 comburet
1357 1462 1466 1530 igni
1516 1462 1967 1532 incxstingnibili.
2016 1462 2178 1516 Multa

573 1552 796 1624 quidem
853 1565 906 1609 et
971 1553 1075 1609 alia
1133 1558 1431 1609 exhortans
1491 1555 1898 1625 cvangelizahat
1955 1557 2174 1625 populo.

575 1650 692 1724 ιω,
723 1647 804 1721 2.]
833 1648 1074 1706 Herodes
1100 1658 1280 1705 autem
1312 1649 1614 1718 tetrarcha,
1644 1668 1766 1705 eum
1801 1653 2174 1720 corriperctur

575 1741 646 1797 ab
676 1740 768 1797 illo
795 1743 862 1798 de
886 1741 1194 1798 Herodiade
1219 1759 1392 1804 uxore
1415 1743 1597 1798 fratris
1625 1745 1727 1808 sui,
1755 1744 1899 1799 etde
1924 1745 2177 1800 omnibus

2279 522 2414 592 Quia
2463 539 2570 579 non
2623 527 2674 578 in
2707 526 2825 580 solo
2868 541 3006 595 pane
3067 524 3201 582 vivit
3250 525 3431 596 homo,
3488 527 3582 584 sed
3629 529 3684 589 in
3735 530 3878 586 omni

2280 616 2454 670 verbo
2486 616 2602 671 Dei.
2634 615 2702 671 Et
2728 616 2886 672 duxit
2913 617 3061 673 illum
3091 617 3339 674 diabolus
3365 627 3392 658 ι
3433 619 3485 672 in
3521 629 3758 676 montem
3790 637 3881 678 ex-

2278 707 2510 772 celsum,
2545 719 2598 762 et
2641 707 2878 764 oswndit
2925 709 3000 763 illi
3050 711 3230 764 omnia
3263 725 3424 776 regna
3457 711 3606 767 orbis
3637 721 3794 767 terrae
3826 714 3880 769 in

2280 811 2553 857 momento
2583 803 2864 871 temporis,
2898 811 2954 857 et
2978 804 3052 858 ait
3081 802 3156 857 illi
3181 821 3194 857 :
3239 803 3355 859 Tibi
3385 803 3526 859 dabo
3558 815 3879 874 potestatem

2280 892 2420 950 hanc
2447 894 2776 962 universam,
2825 903 2881 951 et
2918 896 3146 967 gloriam
3179 896 3394 951 illorum
3421 915 3434 951 :
3463 897 3587 967 quia
3613 899 3745 954 mihi
3777 911 3885 955 tra-

2278 987 2390 1044 dita
2422 998 2548 1044 sunt
2573 1006 2586 1056 ;
2616 999 2671 1044 et
2697 990 2782 1044 cui
2812 990 2957 1057 volo,
2991 991 3060 1044 do
3085 991 3195 1045 illa.
3225 989 3306 1046 Tu
3338 1007 3469 1062 ergo
3497 991 3543 1048 si
3566 993 3885 1052 adoraveris

2279 1095 2464 1136 coram
2496 1097 2602 1145 me,
2649 1091 2808 1136 erunt
2855 1094 2940 1136 tua
2970 1083 3172 1136 omnia.
3222 1082 3287 1136 Et
3319 1083 3656 1151 respondens
3688 1084 3879 1154 Jesus,

2279 1173 2412 1229 dixit
2444 1175 2520 1230 illi
2547 1193 2557 1227 :
2585 1175 2858 1245 Scriptum
2887 1185 2971 1230 est
2997 1195 3006 1228 :
3035 1174 3062 1213 δ
3094 1175 3382 1230 Dominum
3417 1185 3566 1232 tuum
3591 1178 3875 1247 adorabis,

2281 1275 2336 1320 et
2366 1266 2444 1321 illi
2471 1266 2572 1322 soli
2617 1268 2846 1322 servies.
2899 1268 2965 1322 Et
3006 1267 3158 1322 duxit
3207 1267 3360 1322 illum
3393 1270 3446 1323 in
3472 1268 3799 1337 Jerusalem,
3832 1281 3889 1328 et

2280 1359 2465 1414 statuit
2494 1375 2618 1414 eum
2645 1376 2810 1431 super
2842 1361 3059 1429 pinnam
3085 1362 3296 1432 templi,
3323 1371 3378 1418 et
3408 1363 3546 1418 dixit
3577 1364 3652 1418 illi
3675 1380 3688 1419 :
3709 1364 3768 1420 Si
3792 1365 3880 1420 Fi-

2280 1452 2385 1508 lios
2431 1454 2526 1509 Dei
2569 1470 2649 1519 es,
2702 1455 2855 1511 mitte
2895 1466 2946 1511 te
2997 1457 3120 1511 hinc
3167 1455 3446 1512 deorsum.
3492 1457 3763 1529 Scriptum
3801 1469 3887 1516 est

2282 1547 2424 1601 enim
2453 1548 2598 1618 quod
2631 1549 2836 1619 angelis
2882 1551 2993 1604 suis
3024 1550 3300 1606 mandavit
3329 1551 3397 1606 de
3444 1562 3518 1618 te,
3572 1564 3628 1608 ut
3657 1568 3886 1611 conser-

2286 1649 2414 1696 vent
2462 1650 2511 1696 te
2537 1659 2548 1693 :
2590 1651 2644 1696 et
2678 1643 2805 1712 quia
2836 1643 2888 1697 in
2919 1644 3172 1697 manibus
3201 1643 3389 1700 tollent
3420 1655 3492 1712 te,
3527 1662 3594 1701 ne
3623 1645 3766 1702 forte
3791 1647 3884 1703 of-

2285 1735 2473 1791 fendas
2494 1737 2558 1789 ad
2584 1737 2814 1806 lapidem
2841 1737 3032 1808 pedem
3051 1747 3222 1794 tuum.
3247 1738 3316 1794 Et
3343 1740 3681 1808 restiondens
3701 1741 3885 1813 Jesus,

578 1837 770 1903 malis,
819 1853 942 1908 qua:
996 1836 1126 1894 fecit
1186 1838 1456 1906 Herodes,
1513 1839 1710 1907 adjecit
1761 1849 1816 1896 et
1872 1841 1973 1895 hoc
2017 1856 2180 1913 super
2209 1825 2256 1886 B
2286 1831 2360 1886 ait
2389 1831 2464 1886 illi
2495 1850 2506 1886 ἒ
2539 1831 2753 1888 Dictum
2797 1845 2916 1888 CSl:
2961 1834 3077 1889 Non
3121 1834 3354 1889 tentabis
3400 1834 3687 1891 Dominum
3715 1837 3890 1893 Deum

578 1930 784 1996 omnia,
835 1942 890 1987 et
944 1931 1164 1987 inclusit
1218 1932 1485 1988 Joannem
1541 1934 1593 1988 in
1649 1950 1895 1990 carcere.
1939 1934 2077 2006 ltuit,
2111 1935 2181 2005 I.]

580 2022 803 2080 Factum
835 2033 920 2080 est
956 2035 1138 2081 autem
1169 2041 1292 2081 cum
1323 2027 1692 2097 baptizaretur
1722 2030 1901 2083 omnis
1930 2030 2182 2099 populus,

584 2125 640 2172 et
669 2115 795 2172 Jesu
839 2115 1117 2187 baptizan
1139 2159 1152 2183 ,
1183 2128 1235 2172 et
1283 2129 1501 2186 orante,
1548 2131 1793 2190 apertum
1834 2132 1917 2175 est
1947 2121 2182 2177 malum:

587 2218 643 2265 et
691 2209 969 2266 descendit
1002 2209 1237 2281 Spiritus
1267 2222 1489 2268 sanctus
1539 2214 1805 2284 corporali
1837 2215 2021 2283 specie
2051 2214 2190 2268 sicut

583 2302 836 2358 columba
869 2303 919 2358 in
954 2303 1128 2374 ipsum
1159 2323 1168 2356 :
1201 2314 1257 2360 et
1281 2320 1385 2360 vox
1414 2305 1481 2360 de
1522 2307 1662 2361 caelo
1689 2307 1828 2360 facta
1859 2315 1944 2361 est
1974 2325 1984 2358 :
2019 2306 2096 2360 Tn
2128 2321 2188 2362 es

586 2395 757 2452 Filius
792 2411 947 2451 meus
972 2395 1227 2464 dilectus,
1262 2398 1316 2453 in
1351 2407 1402 2452 te
1426 2398 1729 2468 complacui
1757 2399 1909 2454 mihi.
1946 2399 2077 2471 [xtv,
2109 2397 2188 2470 5.]

585 2489 657 2545 Et
682 2490 796 2561 ipse
829 2488 989 2546 Jesus
1011 2500 1129 2545 erat
1157 2490 1427 2560 incipiens
1453 2492 1608 2562 quasi
1644 2507 1911 2547 annorum
1946 2493 2187 2563 triginta,

585 2594 644 2640 ut
688 2585 998 2656 putabatur,
1035 2585 1180 2640 ﬁlius
1226 2585 1454 2655 Joseph,
1492 2587 1582 2657 qui
1637 2586 1736 2642 fuit
1783 2585 1925 2651 Heli,
1959 2587 2050 2658 qui
2091 2586 2191 2642 fuit

587 2677 814 2744 Mathat,
838 2678 930 2748 qui
954 2676 1053 2733 fuit
1077 2677 1234 2745 Levi,
1259 2680 1349 2749 (ιυί
1375 2678 1477 2733 fuit
1501 2678 1718 2744 Melclii,
1747 2680 1836 2749 qui
1867 2679 1968 2733 fuit
1992 2679 2186 2747 Janne,

587 2773 678 2843 qui
711 2772 812 2828 fuit
840 2772 1064 2843 Joseph,
1107 2773 1198 2843 qui
1243 2771 1341 2828 iuit
1372 2773 1668 2840 Mathatim,
1717 2774 1806 2844 qui
1856 2774 1954 2828 fuit
2001 2775 2187 2841 Amos,

587 2868 680 2938 qui
713 2867 813 2923 fuit
843 2867 1074 2930 Nahum,
1109 2866 1198 2937 qui
1230 2865 1330 2922 fuit
1380 2867 1553 2936 llesli,
1603 2869 1693 2939 (ιυί
1739 2868 1840 2924 fuit
1867 2869 2068 2941 Nagge,
2100 2871 2189 2940 qui

586 2960 692 3017 fuit
721 2959 964 3027 Mahath,
992 2961 1083 3031 qui
1114 2959 1212 3014 fuit
1237 2958 1571 3029 Mathathiaa,
1607 2962 1696 3032 qui
1728 2961 1830 3016 fuit
1861 2961 2066 3030 Semei,
2099 2963 2190 3034 qui

588 3054 691 3110 fuit
716 3054 942 3125 Joseph,
971 3054 1064 3125 qui
1096 3055 1191 3109 fuit
1218 3054 1354 3110 Juda
1374 3097 1386 3120 ,
1413 3057 1502 3126 qui
1534 3055 1634 3110 fuit
1669 3055 1938 3124 Johanna,
1969 3057 2060 3128 qui
2093 3056 2192 3113 fuit

591 3149 756 3214 Resa,
781 3149 870 3219 qui
905 3149 1003 3203 fuit
1033 3148 1362 3217 Zorobabel,
1394 3152 1483 3222 qui
1519 3151 1619 3206 fuit
1651 3152 1944 3219 Salathiel,
1976 3154 2065 3223 qui
2092 3153 2191 3208 fuit

2289 1933 2460 1980 tuum.
2494 1925 2560 1980 Et
2581 1935 2953 1981 consummata
2983 1927 3133 1981 omni
3171 1927 3491 1993 tentatione,
3525 1927 3776 1984 diabolus
3804 1944 3893 1985 re-

2287 2019 2449 2076 cessit
2472 2018 2540 2073 ab
2568 2019 2680 2082 illo,
2717 2035 2886 2090 usque
2915 2019 2983 2074 ad
3015 2031 3250 2088 tempus.
3287 2020 3441 2092 μνη,
3477 2020 3554 2091 1.]
3583 2020 3650 2075 Et
3677 2036 3894 2093 regres-

2287 2127 2380 2167 sus
2402 2123 2482 2166 est
2508 2111 2665 2166 Jesus
2694 2111 2744 2165 in
2768 2111 2971 2168 virtute
2995 2113 3231 2182 Spiritus
3257 2113 3310 2167 in
3334 2112 3636 2180 Galilaeam,
3668 2123 3723 2169 ct
3749 2116 3893 2170 fama

2289 2205 2416 2258 exiit
2452 2221 2547 2275 per
2576 2205 2883 2259 universam
2914 2205 3192 2276 regionem
3237 2204 3307 2260 de
3335 2205 3449 2259 illo.
3486 2205 3556 2259 Et
3581 2204 3695 2276 ipse
3723 2206 3895 2261 doce-

2289 2297 2382 2352 bat
2414 2298 2464 2352 in
2496 2298 2786 2370 synagogis
2835 2313 3050 2364 eorum,
3098 2309 3150 2352 et
3200 2298 3644 2368 magniIiCabatur
3671 2301 3737 2355 ab
3769 2316 3896 2354 om-

2292 2391 2471 2446 nibus.
2503 2391 2678 2463 [πενιιι9
2716 2390 2826 2462 10.]
2869 2391 2934 2446 Ει
2961 2392 3106 2446 venit
3131 2390 3421 2459 Nazareth,
3459 2393 3549 2447 ubi
3576 2402 3692 2449 erat
3720 2395 3898 2450 nutri-

2294 2492 2399 2549 tus,
2436 2495 2492 2539 et
2519 2485 2739 2540 intravit
2776 2485 3079 2540 secundum
3123 2486 3570 2542 consuetudinem
3619 2503 3772 2542 suam
3803 2488 3897 2544 die

2292 2577 2504 2632 sabbati
2527 2578 2578 2632 in
2603 2593 2958 2650 synagogam,
2985 2589 3038 2634 et
3066 2581 3309 2635 surrexit
3340 2579 3539 2652 legere.
3575 2579 3900 2637 Ettraditus

2292 2681 2375 2726 est
2404 2672 2474 2726 illi
2521 2671 2658 2726 liber
2687 2671 2840 2726 Isaiae
2874 2672 3171 2743 prophetae.
3207 2674 3278 2730 Et
3317 2683 3374 2730 ut
3399 2679 3629 2732 revolvit
3657 2678 3859 2734 librum
3881 2721 3895 2745 ,

2293 2765 2502 2820 invenit
2553 2766 2727 2820 locum
2772 2767 2860 2821 ubi
2908 2769 3166 2837 scriptum
3212 2780 3364 2823 erat:
3415 2770 3648 2841 Spiritus
3680 2772 3900 2828 Domini

2295 2875 2457 2930 super
2506 2877 2630 2914 me:
2683 2875 2905 2931 propter
2958 2862 3100 2932 quod
3151 2863 3304 2918 unxit
3348 2880 3458 2931 me,
3513 2869 3902 2938 evangelizare

2292 2954 2624 3027 pauperibus
2653 2953 2798 3010 misit
2830 2971 2939 3019 me,
2973 2967 2996 2995 ο
3030 2972 3224 3015 Sonare
3253 2961 3728 3029 contritoscorde,
3754 2978 3903 3032 prae-

2293 3047 2476 3103 dieare
2504 3049 2733 3110 captivis
2765 3051 3167 3117 remissionem,
3213 3062 3268 3109 et
3297 3054 3458 3110 czecis
3486 3055 3683 3121 visum,
3719 3056 3906 3112 dimit-

2296 3149 2409 3198 tere
2451 3142 2755 3197 contractos
2797 3144 2862 3209 in
2897 3145 3306 3214 remissionem,
3339 3147 3636 3217 praedicare
3684 3165 3895 3205 annum

589 3240 738 3308 Neri,
772 3243 862 3311 qui
905 3240 1006 3298 fuit
1045 3241 1264 3313 Melchi,
1298 3243 1389 3312 qui
1431 3243 1526 3299 fuit
1549 3244 1710 3310 Addi,
1742 3247 1830 3316 qui
1858 3247 1958 3300 fuit
1980 3246 2182 3313 Cosa“,
2211 3226 2256 3290 C
2291 3234 2507 3289 Domini
2531 3244 2834 3303 acceptum,
2859 3247 2912 3291 et
2941 3236 3083 3291 diem
3116 3239 3512 3295 retributionis.
3545 3241 3611 3296 Et
3635 3255 3756 3295 cum
3793 3241 3902 3310 pli-

592 3336 683 3406 qni
734 3334 835 3391 fuit
885 3336 1174 3404 Elmadan,
1225 3340 1318 3408 qui
1357 3339 1456 3396 fuit
1505 3341 1632 3406 Her,
1670 3342 1759 3412 qui
1794 3341 1896 3397 fuit
1917 3342 2066 3411 Jesu,
2098 3343 2189 3414 qui

590 3428 690 3483 iuit
716 3429 948 3497 Eliezer,
979 3431 1069 3502 qui
1101 3432 1199 3487 fuit
1228 3432 1427 3511 Jorim,
1464 3433 1555 3502 qui
1589 3435 1688 3488 fuit
1717 3435 1939 3498 Mathat.
1971 3435 2064 3507 qui
2091 3436 2190 3491 fuit

591 3519 746 3586 Levi,
777 3520 869 3591 qui
899 3521 1002 3576 fuit
1032 3522 1278 3592 Sirneon,
1303 3523 1395 3595 qui
1417 3523 1517 3580 fuit
1540 3525 1699 3594 Jnda,
1722 3528 1812 3598 qui
1842 3528 1942 3583 fuit
1963 3528 2186 3599 Joseph,

593 3615 683 3687 qui
717 3614 812 3670 iuit
839 3614 1000 3684 Jona,
1050 3617 1140 3688 qui
1192 3618 1293 3672 fuit
1335 3617 1588 3685 Eliakim,
1622 3622 1712 3690 qui
1751 3620 1849 3676 fuit
1878 3623 2066 3693 Melea,
2099 3623 2188 3694 qui

591 3707 692 3764 fuit
723 3708 938 3775 Menna,
971 3713 1060 3784 qui
1109 3711 1210 3766 fuit
1239 3711 1537 3779 Mathatha,
1572 3713 1663 3784 qui
1690 3714 1787 3769 luit
1832 3714 2068 3783 Nathan,
2098 3718 2190 3787 qui

588 3799 696 3856 fuit
745 3801 932 3868 David,
965 3803 1056 3872 qui
1107 3802 1206 3858 fuit
1255 3803 1440 3872 Jessc,
1476 3806 1564 3876 qui
1599 3805 1700 3860 fuit
1745 3807 1918 3872 Ohed,
1953 3808 2044 3876 qui
2090 3809 2192 3864 fuit

591 3893 758 3959 Booz,
788 3895 881 3966 qui
915 3895 1016 3950 fuit
1045 3895 1291 3963 Salmon,
1347 3897 1440 3968 qui
1487 3897 1586 3952 fuit
1639 3897 1906 3963 Naasson,
1955 3901 2044 3972 qni
2095 3902 2191 3958 luit

591 3986 920 4058 Aminadab,
951 3988 1042 4058 (ιυί
1075 3987 1176 4043 fuit
1217 3987 1404 4055 Aram,
1456 3990 1545 4058 qui
1599 3990 1697 4045 fuit
1748 3991 1943 4058 Esron,
1972 3994 2060 4061 qui
2092 3993 2190 4049 fuit

591 4081 817 4144 Phares,
848 4080 940 4150 qui
973 4080 1070 4135 fuit
1099 4080 1275 4149 Judte,
1298 4083 1388 4154 qui
1422 4083 1735 4148 iuitJacob,
1769 4085 1862 4155 (ιυί
1891 4084 1988 4140 fuit
2016 4086 2187 4156 Isaac,

591 4174 685 4247 qui
716 4173 819 4229 fuit
847 4173 1105 4240 Abrahae,
1151 4175 1242 4244 qui
1290 4176 1389 4231 luit
1436 4175 1636 4243 Thare,
1685 4177 1775 4246 qui
1822 4177 1923 4231 fuit
1953 4179 2185 4248 Nacbor,

592 4268 687 4339 qni
716 4269 814 4323 fuit
839 4267 1037 4341 Sarug,
1070 4270 1160 4341 qui
1194 4269 1293 4326 fuit
1325 4270 1532 4341 Ragau,
1579 4273 1668 4340 qui
1701 4273 1800 4327 fuit
1845 4275 2068 4347 Phaleg,
2096 4278 2186 4348 qui

593 4363 696 4418 fuit
728 4363 928 4431 lleber,
976 4365 1066 4434 qui
1099 4365 1198 4419 fuit
1229 4364 1377 4428 Sale,
1411 4369 1500 4436 qui
1545 4365 1645 4420 fuit
1674 4366 1914 4436 Cainan,
1958 4369 2046 4439 qui
2091 4370 2190 4426 fuit

593 4456 910 4527 Arphaxad,
961 4459 1052 4529 (ιυί
1098 4457 1196 4512 luit
1247 4459 1400 4523 Sem,
1455 4461 1542 4527 qui
1604 4459 1703 4514 fuit
1758 4460 1906 4528 Noe,
1958 4466 2046 4534 qni
2092 4465 2191 4521 fuit

591 4547 852 4617 Lamech,
878 4552 968 4621 qui
993 4550 1093 4605 fuit
1119 4550 1441 4618 Mathusale,
1467 4551 1556 4621 qui
1584 4552 1685 4606 fuit
1709 4553 1950 4618 Henoch,
1977 4558 2066 4628 qui
2094 4557 2189 4614 fuit

2293 3329 2494 3384 cuisset
2535 3329 2750 3398 librum,
2799 3331 3036 3387 reddidit
3099 3333 3372 3402 ministro,
3397 3345 3453 3390 et
3490 3335 3651 3391 sedit.
3689 3337 3753 3390 Et
3778 3353 3902 3391 om-

2293 3427 2440 3480 niurn
2473 3427 2524 3480 in
2555 3440 2827 3498 synagoga
2871 3428 3014 3482 oculi
3047 3437 3205 3484 erant
3230 3429 3598 3486 intendentes.
3628 3430 3682 3487 in
3721 3447 3847 3488 eum
3881 3447 3897 3488 :

2293 3519 2468 3588 Ciepit
2496 3529 2672 3574 autem
2703 3521 2884 3577 dicere
2903 3521 2968 3577 ad
3005 3521 3129 3578 illos
3157 3541 3168 3575 :
3203 3523 3340 3589 Quia
3373 3523 3533 3579 hodie
3564 3525 3783 3595 impleta
3808 3535 3900 3581 est

2293 3611 2411 3668 haec
2439 3614 2710 3684 scriptura
2740 3614 2794 3669 in
2825 3617 3053 3672 auribus
3083 3619 3302 3673 vestris.
3334 3617 3468 3689 [xtx,
3503 3619 3580 3692 1.]
3611 3621 3673 3675 Et
3701 3635 3898 3676 omnes

2294 3707 2662 3762 testimonium
2719 3709 2792 3762 illi
2835 3709 3081 3766 dabant:
3127 3718 3183 3766 et
3231 3710 3572 3767 mirabantur
3612 3711 3664 3767 in
3711 3713 3898 3768 verbis

2291 3800 2501 3870 gratim,
2533 3817 2653 3869 qua:
2683 3801 3051 3871 procedebant
3081 3803 3149 3858 de
3173 3819 3270 3859 ore
3300 3804 3495 3875 ipsius,
3518 3815 3570 3862 et
3599 3805 3893 3862 dicebant:

2292 3893 2482 3950 Nonne
2509 3895 2596 3949 hic
2637 3904 2721 3950 est
2767 3896 2908 3950 illius
2934 3896 3185 3968 Joseph?
3226 3898 3338 3971 [xx,
3376 3897 3488 3972 10.]
3521 3898 3588 3955 Et
3633 3899 3708 3954 ait
3736 3900 3893 3955 illis:

2293 3985 2491 4058 Utique
2535 3986 2728 4042 dicetis
2773 3988 2904 4042 mihi
2952 3987 3094 4045 hanc
3147 3991 3599 4048 similitudinem:
3648 3993 3895 4062 Medice,

2291 4097 2419 4136 cura
2453 4091 2506 4137 te
2537 4084 2745 4150 ipsum:
2778 4093 2978 4153 quanta
3009 4084 3318 4142 audivimus
3359 4086 3498 4142 facta
3548 4087 3600 4142 in
3647 4084 3896 4157 Caphar-

2294 4190 2476 4240 naum,
2503 4174 2587 4230 fac
2617 4186 2672 4231 et
2713 4175 2802 4232 hic
2832 4177 2883 4231 in
2913 4179 3080 4248 patria
3117 4188 3225 4234 tua.
3273 4179 3406 4252 [xxt,
3444 4181 3515 4252 1.]
3547 4181 3636 4236 Ait
3663 4191 3847 4237 autem
3881 4202 3893 4238 :

2292 4269 2466 4324 Amen
2494 4268 2617 4324 dico
2649 4270 2821 4336 vobis,
2868 4271 2993 4339 quia
3026 4287 3188 4327 neruo
3221 4273 3483 4343 prephcta
3527 4287 3779 4344 acceptus
3808 4284 3900 4332 est

2293 4361 2345 4416 in
2381 4363 2550 4431 patria
2582 4378 2698 4418 sua.
2731 4363 2786 4417 lo
2812 4365 3047 4421 veritate
3092 4365 3215 4421 dico
3259 4368 3412 4421 vobis
3435 4410 3450 4432 ,
3500 4369 3682 4424 multa:
3713 4367 3897 4424 viduae

2292 4467 2446 4511 erant
2473 4455 2524 4510 in
2555 4455 2746 4511 diebus
2780 4457 2912 4511 Elite
2945 4460 2996 4512 in
3029 4459 3191 4514 Israel
3221 4505 3234 4528 ,
3283 4459 3502 4528 quando
3531 4461 3771 4516 clausum
3807 4469 3898 4517 cst

2293 4549 2490 4606 caelum
2519 4551 2675 4606 annis
2702 4550 2874 4606 tribus
2902 4562 2956 4606 et
2981 4553 3257 4608 mensibus
3281 4568 3402 4619 sex,
3435 4570 3556 4610 cum
3589 4557 3724 4611 facta
3747 4566 3899 4613 esset

590 4642 884 4715 Jared,qui
909 4643 1007 4698 fuit
1033 4643 1276 4699 Malaleel
1300 4643 1426 4716 [Μδ.
1449 4645 1679 4718 Maleel],
1701 4648 1792 4718 (ιυί
1817 4647 1916 4704 fuit
1937 4626 2182 4716 Cainam,
2213 4626 2264 4687 Ῑ)
2295 4644 2463 4700 fames
2493 4660 2684 4717 magna
2739 4647 2792 4700 'In
2825 4649 2970 4701 omni
3007 4657 3181 4703 terra:
3233 4658 3288 4704 ct
3331 4649 3397 4704 ad
3444 4651 3642 4706 nullam
3675 4651 3894 4708 illarum

592 4738 684 4807 qni
716 4736 816 4791 fuit
860 4735 1064 4806 Henos,
1112 4737 1205 4808 qui
1236 4735 1338 4793 fuit
1382 4738 1534 4806 Seth,
1568 4739 1659 4810 qui
1706 4740 1808 4796 fuit
1859 4741 2054 4810 Adam,
2097 4746 2186 4815 qui

589 4826 694 4884 luit
722 4829 839 4885 Dei.

666 4924 838 4999 [Cap.
878 4925 967 4981 ιν.
1017 4941 1119 4992 xv,
1169 4925 1264 4998 2.]
1315 4925 1476 4982 Jesns
1499 4937 1677 4983 autem
1736 4929 1932 5000 plenus
1985 4931 2186 5000 Spiritu

595 5029 786 5079 sancto
828 5033 1114 5090 regressus
1152 5030 1230 5074 est
1261 5035 1290 5074 a
1325 5018 1566 5076 Jordane
1593 5041 1606 5076 :
1630 5029 1685 5077 et
1717 5021 1979 5091 agebatur
2008 5038 2037 5077 a
2062 5023 2185 5092 Spi-

593 5115 704 5172 ritu
735 5115 788 5169 in
818 5113 1118 5179 desertum,
1155 5112 1345 5168 diebus
1387 5113 1762 5184 quadraginta,
1804 5124 1858 5170 et
1884 5116 2187 5171 tentahatur

595 5223 628 5263 a
656 5207 893 5264 diabolo.
945 5207 1078 5279 [xvr,
1121 5204 1202 5278 5.]
1237 5207 1304 5262 Et
1331 5207 1464 5264 nihil
1518 5208 1865 5263 manducavit
1908 5209 1962 5264 in
1997 5209 2187 5266 diebus

591 5299 730 5357 illis:
775 5309 832 5356 et
852 5301 1246 5356 consummatis
1290 5299 1397 5354 illis
1422 5342 1437 5368 ,
1469 5299 1684 5356 esuriit.
1730 5300 1874 5354 Dixit
1899 5310 2076 5357 autem
2111 5302 2187 5357 illi

595 5391 841 5450 diabolus
876 5395 971 5451 :Si
993 5393 1166 5451 Filius
1195 5393 1288 5450 Dei
1334 5408 1415 5463 es,
1458 5394 1548 5450 dic
1588 5393 1752 5467 lapidi
1792 5394 1917 5451 huic
1945 5405 1998 5451 ut
2033 5396 2187 5466 panis

670 5568 694 5632 τι
727 5557 903 5632 Verba
941 5560 994 5613 in
1043 5569 1272 5632 montem
1292 5556 1615 5632 (ντεεεξιδυπι,Δ
1654 5570 1774 5626 quae
1803 5565 1858 5611 et
1888 5557 1939 5611 in
1969 5553 2185 5632 _Gra_:cis

593 5631 916 5706 quibusdam
961 5631 1112 5689 libris
1153 5629 1530 5688 desiderantur
1555 5671 1570 5697 ,
1602 5627 1656 5684 in
1686 5636 1883 5685 neutro
1905 5644 1936 5686 e
1969 5627 2187 5699 Reginae

594 5715 1067 5834 mﬁditltlgtiserunt
1089 5774 1311 5845 Regina:
1359 5789 1492 5830 mss.
1513 5771 1715 5845 Deum,
1741 5772 1881 5842 quod
1910 5787 2109 5845 nomen
2134 5780 2188 5826 et

594 5851 784 5910 Grmca
827 5849 1065 5907 retinent
1105 5844 1456 5918 exemplaria.
1506 5844 1676 5902 Paulo
1714 5853 1841 5902 ante
1874 5844 1994 5918 plus
2026 5844 2188 5902 habet

2293 4738 2492 4793 missus
2517 4747 2601 4794 est
2629 4739 2798 4805 Elias,
2832 4740 2932 4795 nisi
2957 4739 3008 4794 in
3043 4742 3268 4812 Sarepta
3305 4742 3567 4811 Sidonite,
3601 4745 3664 4800 ad
3698 4746 3897 4801 mulie-

2292 4846 2406 4888 rem
2454 4832 2694 4887 vidnam.
2731 4832 2795 4888 Et
2824 4834 2973 4888 multi
3020 4836 3218 4904 lcprosi
3271 4845 3426 4892 erant
3468 4838 3520 4892 in
3577 4837 3739 4893 Israel
3787 4839 3895 4894 sub

2293 4925 2488 4982 Elisaro
2515 4927 2780 4997 propheta
2813 4945 2826 4982 :
2859 4937 2912 4984 et
2947 4910 3106 4985 nemo
3135 4944 3323 4986 eorum
3358 4933 3649 4987 mundatus
3675 4941 3756 4987 est
3785 4933 3892 4988 nisi

2290 5021 2530 5076 Naaman
2564 5021 2691 5093 [Με.
2721 5021 2950 5095 Neman]
2984 5024 3176 5096 Syrus.
3227 5023 3296 5080 Et
3322 5026 3516 5096 repleti
3547 5035 3672 5081 sunt
3698 5042 3891 5083 omnes

2292 5115 2344 5170 in
2372 5130 2642 5188 synagoga
2688 5117 2786 5186 ira,
2836 5115 2952 5173 hrec
2995 5117 3298 5174 audientes.
3333 5118 3402 5173 Et
3423 5129 3803 5186 surrexerunt,
3832 5128 3889 5175 et

2292 5209 2573 5278 ejeeerunt
2602 5208 2750 5263 illum
2783 5220 2938 5264 extra
2987 5209 3260 5265 civitatem
3289 5226 3308 5265 :
3355 5220 3410 5266 et
3440 5211 3712 5267 duxerunt
3734 5211 3885 5266 illum

2292 5317 2464 5371 usque
2510 5302 2575 5356 ad
2622 5302 2974 5371 supercilium
3023 5303 3246 5373 montis,
3300 5319 3466 5375 super
3506 5319 3664 5372 quem
3695 5304 3888 5359 civitas

2293 5397 2511 5452 illorum
2556 5405 2674 5451 erat
2714 5395 3008 5466 a-dilicata,
3050 5407 3110 5454 ut
3158 5399 3560 5468 prazcipitarent
3586 5413 3731 5454 eum.
3766 5398 3887 5465 Ipse

2283 5554 2492 5611 Sixtina
2523 5554 2724 5618 Etlitio,
2757 5555 2798 5610 si
2830 5555 3107 5627 procidens
3133 5555 3434 5610 adoraveris
3461 5572 3562 5609 me.

2360 5638 2383 5666 ο
2427 5627 2528 5682 Hic
2559 5628 2752 5682 iterum
2780 5627 2967 5691 verba,
3003 5644 3192 5683 sanare
3222 5630 3470 5682 contritas
3501 5627 3679 5691 corde,
3709 5640 3828 5692 qua:
3849 5640 3880 5681 a

2285 5697 2494 5756 Graecis
2527 5699 2803 5754 nonnullis
2843 5699 3125 5756 codicibus
3154 5699 3476 5765 reticentur,
3506 5699 3700 5754 absunt
3734 5708 3786 5753 et
3812 5697 3880 5750 ab

2285 5778 2522 5856 utroque
2549 5769 3030 5856 Reginat‘ms‘qhin
3060 5771 3231 5827 altero
3280 5782 3462 5829 autem
3505 5771 3767 5828 Vaticano
3793 5783 3878 5824 se-

2285 5841 2476 5900 cundis
2507 5841 2653 5899 curis
2683 5850 2808 5899 sunt
2831 5842 3036 5899 addita.
