4166 6336
326 296 430 357 617

1394 300 1846 359 EVANGELIUM
1883 302 2251 364 SECUNDUM
2289 305 2547 364 LUCAM.

3515 311 3620 371 618

323 418 510 465 autem
533 407 813 467 transiens
840 422 934 479 per
958 409 1197 469 medium
1222 412 1456 483 illorum,
1485 415 1614 470 ibat.
1646 417 1819 488 [xxtn,
1843 418 1923 489 8.]
1952 419 2003 482 Α
2031 421 2105 475 ait
2132 420 2198 473 ad
2230 419 2508 477 Simonem
2553 420 2754 475 Jesus:
2795 419 2917 475 Noli
2971 419 3161 476 timere
3193 440 3205 476 :
3250 437 3315 480 ex
3366 421 3469 478 hoc
3510 424 3623 495 jam

324 502 396 559 Et
446 502 735 559 descendit
781 505 834 559 in
883 505 1263 577 Capharnaum
1320 510 1594 566 civitatem
1648 510 1921 580 Galilteze,

322 597 511 668 ibique
551 597 781 654 docebat
830 598 952 655 illos
982 602 1243 657 sabbatis.
1284 603 1453 675 [xxtv,
1498 602 1578 675 2.]
1631 604 1697 659 Et
1736 614 1923 675 stupe-

321 691 452 747 bant
485 692 537 747 in
569 692 817 749 doctrina
846 696 963 763 ejus
1011 696 1134 766 quia
1182 698 1233 751 in
1270 707 1534 767 potestate
1580 709 1701 754 erat
1744 715 1926 754 sermo

324 788 523 858 ipsius.
554 790 705 862 [xxv,
740 790 820 863 8.]
853 790 919 845 Et
962 792 1013 846 in
1044 807 1315 865 synagoga
1365 804 1484 849 erat
1529 794 1692 849 homo
1722 795 1928 851 habens

324 881 655 938 daemonium
697 883 1059 950 immundum,
1092 898 1147 941 et
1193 888 1519 943 exclamavit
1548 904 1682 943 voce
1711 904 1925 959 magna,

321 977 550 1033 dicens:
586 978 739 1046 Sine,
772 980 900 1051 qttid
935 980 1122 1048 nobis,
1153 990 1207 1037 et
1249 982 1345 1038 tibi
1373 1027 1386 1053 ,
1428 984 1555 1041 Jesu
1586 985 1929 1041 Nazarzene?

320 1072 527 1129 venisti
556 1073 785 1144 perdere
816 1091 913 1130 nos
937 1078 961 1130 ?
986 1077 1097 1132 scio
1132 1085 1182 1132 te
1208 1086 1234 1115 ιι
1262 1078 1385 1148 quis
1416 1080 1514 1147 sis,
1557 1094 1778 1135 sanetus
1808 1080 1923 1135 Dei.

322 1167 391 1223 Et
431 1169 733 1239 increpavit
782 1169 931 1224 illum
983 1170 1162 1236 Jesus,
1214 1171 1443 1227 dicens:
1496 1174 1842 1230 Obmutesce.
1877 1183 1931 1229 et

323 1263 412 1317 cxi
440 1262 511 1317 ab
553 1278 639 1318 eo.
686 1262 753 1317 Et
800 1278 922 1317 cum
970 1264 1289 1335 proiecisset
1322 1266 1473 1321 illum
1516 1266 1841 1322 daemonium
1876 1268 1928 1321 in

324 1356 592 1423 medium,
616 1357 749 1412 exiit
770 1358 836 1412 ab
864 1358 981 1424 illo,
1016 1359 1260 1431 nihilque
1298 1360 1445 1415 illum
1480 1363 1690 1416 nocuit.
1719 1361 1787 1415 Et
1819 1361 1932 1415 fac-

329 1459 414 1503 tus
446 1458 531 1504 est
560 1464 726 1520 pavor
775 1452 829 1505 in
860 1451 1133 1517 omnibus,
1173 1463 1227 1509 et
1267 1454 1719 1525 colloqttehantur
1749 1454 1815 1508 ad
1846 1455 1929 1509 in-

329 1540 529 1605 vicem,
583 1540 867 1599 dicentes:
918 1546 1071 1611 Quod
1122 1556 1204 1602 est
1258 1548 1361 1603 hoc
1408 1550 1660 1615 verbum,
1708 1549 1831 1618 quia
1874 1549 1929 1602 in

324 1644 600 1705 poteSIate
622 1648 676 1691 et
713 1638 916 1693 virtute
939 1638 1172 1709 imperat
1211 1641 1505 1696 immundis
1532 1643 1809 1711 spiritibus
1833 1684 1848 1708 ,
1879 1652 1934 1697 et

326 1728 571 1784 exeunt?
600 1728 1072 1803 Etdivulgabatur
1104 1734 1242 1788 fama
1275 1733 1343 1789 de
1377 1735 1469 1790 illo
1510 1736 1561 1789 in
1605 1750 1821 1791 omnem
1854 1736 1928 1791 Ιο⁴

2030 513 2281 571 homines
2311 516 2419 570 eris
2462 515 2706 585 capiens.
2735 515 2800 570 Et
2838 514 3117 571 subductis
3145 516 3209 571 ad
3239 526 3437 574 terram
3472 522 3624 576 navi-

2029 608 2150 678 bus,
2182 609 2385 664 relictis
2436 610 2690 665 omnibus
2742 611 2913 665 secuti
2965 618 3088 664 sunt
3120 625 3265 665 eum.
3300 609 3511 683 [xxx1tt,
3542 613 3624 683 2.]

2030 703 2095 759 Et
2122 704 2328 760 factum
2358 713 2463 773 est,
2490 720 2613 760 cum
2637 715 2781 760 esset
2808 705 2861 758 in
2898 720 3055 759 unam
3087 705 3385 772 civitatem,
3416 715 3471 760 et
3496 720 3625 761 ecce

2029 798 2112 852 vir
2142 798 2332 869 plenus
2379 800 2553 869 lepra,
2588 808 2637 854 et
2681 798 2872 855 videns
2912 800 3119 864 Jesum,
3155 808 3207 852 et
3248 798 3537 869 procidens
3567 802 3623 854 in

2030 892 2244 960 faciem,
2279 895 2490 965 rogavit
2518 910 2663 957 eum,
2698 895 2923 949 dicens:
2977 894 3221 959 Domine,
3258 894 3301 948 si
3330 894 3433 961 vis,
3469 902 3626 963 potes

2030 1001 2119 1041 me
2142 986 2425 1042 mundare.
2482 986 2550 1042 Et
2604 987 2905 1042 extendens
2961 1002 3200 1051 manum,
3234 986 3411 1058 tetigit
3459 1002 3623 1052 eum,

2031 1076 2261 1134 dicens:
2306 1079 2469 1134 Volo.
2504 1078 2782 1135 Mundare.
2820 1080 2883 1133 Et
2915 1078 3203 1134 confestim
3235 1079 3383 1148 lepra
3421 1078 3627 1134 disces-

2031 1173 2101 1226 sit
2130 1173 2341 1229 abillo.
2374 1174 2440 1228 Et
2467 1174 2582 1244 ipse
2629 1175 2888 1244 praecepit
2918 1175 3016 1241 illi,
3050 1182 3108 1228 ut
3136 1174 3339 1228 nemini
3372 1173 3620 1230 diceret:

2032 1267 2149 1335 sed,
2184 1267 2353 1333 Vade,
2402 1269 2626 1323 ostende
2656 1278 2707 1323 te
2737 1268 3028 1333 sacerdoti,
3062 1277 3115 1323 et
3142 1266 3280 1322 offer
3312 1283 3409 1337 pro
3435 1284 3629 1322 emun-

2033 1360 2251 1417 datione
2284 1370 2397 1427 tua,
2428 1363 2571 1417 sicut
2603 1363 2860 1432 praecepit
2900 1362 3135 1433 Moyses,
3169 1362 3221 1415 in
3258 1361 3627 1417 testimonium

2036 1456 2161 1512 illis.
2192 1455 2404 1529 [xxxtv,
2439 1456 2514 1528 1.]
2538 1456 2954 1512 Peratubulabat
3005 1467 3190 1512 autem
3232 1456 3402 1526 magis
3451 1470 3632 1511 sermo

2036 1550 2103 1605 de
2136 1551 2264 1606 illo:
2298 1560 2353 1606 et
2375 1551 2773 1606 conveniebant
2813 1550 2987 1605 turbm
3028 1549 3234 1614 multae,
3270 1558 3329 1603 ttt
3355 1549 3628 1614 audirent,

2036 1655 2089 1701 et
2120 1657 2443 1702 curarentur
2462 1646 2529 1701 ab
2566 1645 2969 1701 infirmitatibus
3010 1643 3143 1699 suis.
3187 1643 3372 1714 [xxxv,
3400 1641 3482 1713 2.]
3513 1642 3631 1712 Ipse

2036 1750 2216 1795 autem
2250 1740 2472 1795 sedebat
2508 1738 2560 1793 in
2604 1740 2904 1806 desertum,
2938 1747 2991 1794 et
3029 1738 3241 1792 orabat.
3294 1735 3502 1807 [xxxv1,
3546 1735 3628 1805 2.]

330 1837 455 1878 cum
507 1826 763 1895 regionis.
826 1826 1000 1898 [xxvt,
1049 1827 1127 1898 2.]
1178 1827 1423 1899 Surgens
1454 1839 1631 1884 autem
1671 1830 1827 1884 Jesus
1865 1829 1932 1885 de
1964 1814 2011 1874 Β
2042 1835 2106 1888 Et
2130 1834 2325 1889 factum
2350 1844 2435 1888 est
2464 1834 2517 1887 in
2540 1850 2646 1889 una
2668 1833 2877 1890 dierum
2905 1851 2918 1898 ;
2953 1844 3003 1888 et
3029 1834 3142 1902 ipse
3166 1830 3385 1887 sedebat
3410 1832 3631 1885 docens.

332 1930 633 1989 synagoga,
664 1918 911 1974 introitit
952 1920 1005 1974 in
1054 1920 1277 1975 domum
1317 1922 1575 1977 Simonis.
1607 1922 1808 1977 Socrus
1841 1938 1935 1977 au-

332 2018 440 2064 tem
476 2010 713 2066 Simonis
745 2013 1028 2069 tenebatur
1062 2015 1271 2083 magnis
1301 2014 1542 2070 febribus
1572 2034 1584 2069 :
1620 2025 1675 2071 et
1706 2032 1937 2087 rogave-

334 2118 465 2160 runt
499 2106 651 2161 illum
688 2123 787 2178 pro
819 2125 901 2164 ea.
954 2108 1022 2163 Et
1066 2118 1215 2163 stans
1244 2124 1411 2179 super
1446 2110 1615 2175 illam,
1650 2110 1940 2179 imperavit

336 2198 478 2255 febri
512 2209 563 2254 et
596 2201 800 2256 dimisit
826 2201 996 2258 illam.
1026 2202 1093 2257 Et
1116 2203 1376 2258 continuo
1402 2219 1634 2273 surgens
1659 2204 1937 2259 ministra-

336 2274 433 2351 bat
461 2297 593 2352 illis.
636 2299 768 2353 Cum
801 2308 983 2354 autem
1029 2298 1111 2353 sol
1144 2299 1457 2367 occidisset,
1494 2314 1689 2355 omnes
1720 2303 1811 2369 qui
1843 2298 1939 2355 ha-

333 2388 541 2445 bebant
591 2390 841 2467 inﬁrmos
888 2391 1054 2447 variis
1088 2392 1461 2461 languoribus,
1513 2392 1783 2465 ducebant
1817 2392 1942 2447 illos

338 2482 410 2537 ad
438 2498 586 2540 eum.
636 2486 707 2539 At
752 2484 844 2540 ille
890 2484 1120 2557 singulis
1151 2501 1343 2541 manus
1369 2486 1677 2556 imponens,
1717 2487 1943 2542 curabat

340 2589 459 2631 eos.
512 2574 701 2648 [xxvlt,
752 2575 829 2648 8.]
873 2575 1104 2632 Exibant
1132 2587 1312 2632 autem
1362 2577 1685 2633 daemoniaa
1717 2578 1941 2646 multis,

339 2669 634 2724 clamantia
689 2677 744 2725 et
792 2669 1062 2725 dicentia:
1096 2670 1231 2738 Quia
1283 2679 1342 2724 tu
1389 2685 1449 2724 es
1494 2669 1663 2725 Filius
1719 2670 1857 2726 Dei:
1891 2679 1947 2726 et

340 2762 644 2834 increpans
667 2778 771 2819 non
800 2764 1015 2819 sinebat
1043 2780 1104 2819 ea
1135 2763 1305 2834 loqui,
1331 2763 1454 2834 quia
1484 2763 1735 2818 sciebant
1768 2764 1943 2833 ipsum

341 2872 466 2914 esse
497 2858 796 2914 Christum.
829 2860 1042 2931 [XXVII],
1076 2858 1156 2929 8.]
1203 2856 1364 2914 Facta
1394 2867 1574 2913 autem
1597 2858 1707 2923 die,
1759 2872 1943 2929 egres-

340 2966 437 3007 sus
476 2950 589 3007 ibat
633 2952 685 3006 in
730 2951 1007 3007 desertum
1058 2952 1269 3018 locum,
1303 2959 1360 3007 et
1400 2952 1571 3006 turbae
1594 2950 1950 3021 requirebant

342 3057 491 3109 eum,
526 3051 584 3098 et
608 3042 638 3081 δ
668 3059 774 3099 non
818 3053 1085 3100 venerunt
1115 3057 1284 3114 usque
1306 3043 1371 3097 ad
1402 3043 1577 3113 ipsum
1604 3062 1617 3096 :
1650 3052 1706 3098 et
1732 3042 1945 3098 detine-

342 3136 477 3192 bant
530 3136 683 3192 illttm
717 3153 784 3193 ne
814 3136 1129 3193 discederet
1174 3137 1243 3191 ab
1288 3138 1389 3192 eis.
1439 3137 1647 3205 Quibus
1688 3137 1780 3193 ille
1830 3137 1942 3192 ait:

2039 1927 2104 1983 Et
2152 1935 2315 1982 erant
2358 1926 2619 1982 Pharisaei
2671 1927 2948 1987 sedentes.
2980 1936 3034 1980 et
3066 1925 3200 1993 legis
3232 1924 3507 1985 doctores,
3542 1921 3635 1992 qui

2039 2030 2302 2075 venerant
2347 2036 2411 2075 ex
2462 2020 2607 2075 omni
2656 2020 2881 2074 castello
2933 2018 3194 2084 Galilatze,
3245 2026 3299 2071 et
3327 2016 3550 2082 Iudaeae,
3584 2023 3641 2071 et

2039 2112 2371 2170 Jerusalem:
2404 2121 2459 2169 et
2486 2112 2657 2167 virtus
2686 2111 2903 2166 Domini
2937 2120 3055 2165 erat
3081 2110 3147 2163 ad
3180 2109 3483 2164 sanandum
3515 2124 3631 2164 eos.

2040 2209 2276 2280 [xxxvn,
2306 2207 2384 2279 1.]
2430 2208 2497 2262 Et
2524 2222 2653 2262 ecce
2704 2205 2808 2260 viri
2861 2214 3138 2275 portantes
3189 2205 3242 2259 in
3270 2204 3415 2259 lecto
3465 2202 3639 2258 homi-

2042 2318 2191 2368 nem,
2226 2303 2320 2373 qui
2350 2310 2467 2356 erat
2518 2300 2886 2372 paralyticus:
2938 2309 2995 2355 et
3044 2298 3359 2368 qurerebant
3400 2312 3525 2353 eum
3562 2296 3644 2351 in-

2045 2396 2207 2461 ferre,
2236 2405 2289 2451 et
2318 2408 2525 2464 ponere
2553 2406 2677 2448 ante
2706 2408 2851 2448 eum.
2901 2391 2966 2446 Et
3014 2405 3122 2445 non
3172 2388 3509 2445 invenientes
3536 2404 3641 2461 qua

2046 2498 2197 2561 parte
2244 2489 2393 2543 illum
2434 2486 2697 2542 inferrent
2727 2501 2839 2555 pra:
2868 2485 3047 2548 turba,
3081 2483 3447 2538 ascenderunt
3476 2496 3639 2551 supra

2048 2590 2270 2647 tectum,
2313 2591 2365 2633 et
2396 2595 2489 2649 per
2521 2579 2728 2648 tegulas
2780 2577 3168 2633 summiserunt
3199 2591 3322 2630 eum
3354 2590 3476 2630 cum
3501 2574 3642 2630 lecto

2048 2674 2373 2728 inmedium
2429 2682 2553 2725 ante
2604 2670 2811 2725 Jesum.
2860 2670 3102 2737 Quorum
3156 2668 3313 2723 [idem
3367 2679 3425 2721 ttt
3482 2668 3639 2732 vidit,

2047 2766 2220 2823 dixit:
2256 2765 2439 2829 homo,
2495 2764 2847 2820 remittuntur
2881 2760 2977 2817 tibi
3021 2770 3241 2829 peccata
3289 2770 3396 2815 tua.
3431 2760 3499 2814 Et
3534 2775 3645 2816 caa-

2050 2871 2251 2933 perttnt
2280 2861 2522 2931 cogitare
2554 2859 2768 2923 scribae,
2808 2868 2861 2913 et
2891 2855 3173 2927 pharisaei,
3205 2855 3481 2910 dicentes:
3514 2854 3646 2920 Quis

2048 2964 2132 3009 est
2165 2954 2251 3007 hic
2294 2952 2384 3023 qui
2441 2950 2682 3021 loquitur
2714 2946 3129 3017 blasphemias?
3178 2945 3315 3013 Quis
3363 2952 3542 3015 potest
3566 2944 3647 2999 di-

2051 3048 2268 3103 mittere
2296 3054 2537 3117 peccata,
2566 3044 2670 3098 nisi
2698 3042 2847 3097 solus
2880 3040 3057 3096 Deus?
3084 3039 3149 3095 Ut
3176 3040 3431 3109 cognovit
3462 3048 3645 3093 autem

2052 3143 2210 3200 Jesns
2267 3140 2622 3212 cogitationes
2680 3152 2909 3203 eorum,
2963 3132 3335 3203 reSpoudens,
3389 3132 3526 3186 dixit
3579 3129 3646 3185 ad

343 3229 480 3297 00ῖέ
531 3241 589 3286 ει
636 3230 758 3285 aliis
809 3230 1129 3287 CiVilalibUS
1176 3239 1394 3300 οροτιει
1440 3204 1528 3286 “le
1568 3229 1946 3301 evangelizare
1973 3204 2021 3268 δ
2052 3238 2212 3293 illos:
2258 3204 2398 3303 Quid
2431 3232 2681 3303 cogitatis
2724 3230 2778 3283 in
2811 3226 3068 3284 cordibus
3097 3226 3338 3281 vestris?
3385 3224 3523 3293 Quid
3566 3234 3652 3280 est

344 3338 570 3394 regnum
602 3324 697 3379 Dei
726 3342 736 3376 :
770 3325 894 3395 quia
937 3324 1059 3379 ideo
1087 3324 1287 3379 missus
1324 3339 1469 3380 sum.
1505 3324 1571 3379 Et
1598 3334 1719 3380 erat
1749 3324 1947 3395 praedi-

342 3430 475 3472 cans
509 3417 564 3472 in
597 3420 889 3489 synagogis
927 3418 1187 3475 Galilaeae.

418 3512 571 3585 [Cap.
598 3510 662 3567 ν.
692 3529 847 3581 xxix,
878 3512 987 3585 10.]
1016 3512 1238 3568 Factum
1266 3523 1351 3569 est
1382 3524 1585 3581 autem,
1620 3529 1741 3569 cum
1771 3514 1948 3571 turba:

343 3605 623 3662 irruerent
656 3608 709 3661 in
737 3623 881 3673 eum,
915 3617 975 3662 ut
1014 3608 1268 3663 audirent
1312 3608 1537 3663 verbum
1582 3610 1698 3675 Dei,
1750 3619 1805 3664 et
1832 3608 1949 3677 ipse

342 3701 528 3757 stabat
555 3716 712 3757 secus
737 3710 985 3771 stagnum
1032 3700 1391 3757 Genesaretb.
1428 3701 1499 3755 Et
1538 3700 1669 3756 vidit
1697 3700 1831 3756 duas
1854 3719 1951 3756 na—

342 3810 442 3850 ves
484 3803 692 3850 stantes
733 3810 889 3851 secus
943 3806 1225 3865 stagnum:
1278 3795 1578 3865 piscatores
1627 3804 1808 3849 autem
1842 3794 1941 3849 de-

343 3879 720 3955 'scenderant,
749 3898 803 3943 et
848 3887 1102 3942 lavabant
1143 3885 1301 3941 retia.
1344 3884 1657 3941 Ascendens
1683 3893 1863 3940 autem
1896 3885 1950 3940 in

348 3982 565 4049 navim,
601 3998 723 4052 quae
752 3993 871 4038 erat
917 3981 1177 4045 Simonis,
1231 3983 1441 4052 rogavit
1487 3997 1610 4037 eum
1638 3997 1666 4035 a
1700 3991 1842 4036 terra
1874 3997 1954 4037 re-

347 4075 555 4131 ducere
577 4076 853 4146 pusillum.
888 4076 954 4131 Et
985 4074 1184 4131 sedens
1208 4074 1441 4132 docebat
1461 4074 1530 4131 de
1557 4075 1805 4130 navicula
1840 4084 1954 4131 tur-

347 4167 471 4224 bas.
505 4174 659 4235 [ιιι.
693 4167 774 4240 9.]
808 4168 877 4225 Ut
919 4169 1153 4224 cessavit
1184 4177 1365 4224 autem
1398 4168 1567 4239 loqui,
1602 4168 1738 4223 dixit
1766 4168 1833 4222 ad
1864 4169 1950 4224 Si-

346 4276 613 4317 monem:
665 4261 777 4317 Duc
833 4262 885 4315 in
935 4261 1129 4326 altum,
1191 4270 1246 4315 et
1298 4261 1473 4316 laxate
1521 4262 1656 4316 retia
1687 4270 1870 4315 vestra
1900 4261 1951 4315 in

346 4364 661 4423 capturam.
685 4352 756 4408 Et
783 4354 1130 4423 respondens
1170 4352 1382 4421 Simon,
1418 4352 1555 4407 dixit
1593 4352 1711 4406 illi:
1744 4351 1955 4407 Prazce-

348 4456 499 4518 ptor,
550 4462 647 4517 per
675 4454 845 4505 totam
879 4457 1095 4503 noctem
1142 4446 1475 4512 laborantes,
1503 4444 1635 4499 nihil
1667 4444 1914 4515 cepimus
1941 4486 1954 4510 ,

347 4541 409 4596 in
432 4539 605 4597 verbo
636 4551 815 4597 autem
862 4551 955 4597 tuo
982 4541 1178 4596 laxabo
1218 4549 1353 4597 rete.
1398 4539 1615 4596 Etcum
1663 4538 1768 4594 hoc
1798 4540 1957 4595 fecis-

2053 3333 2266 3389 facilius
2293 3331 2476 3385 dicere
2504 3346 2516 3381 :
2544 3326 2893 3383 dimittuntur
2926 3323 3020 3379 tibi
3054 3330 3303 3392 peccata;
3332 3337 3401 3375 an
3425 3321 3645 3375 dicere:

2051 3428 2247 3497 Surge,
2280 3435 2335 3480 et
2366 3422 2617 3478 ambula?
2646 3419 2715 3476 Ut
2744 3418 3164 3482 autem‘sciatis,
3213 3417 3336 3486 quia
3368 3416 3533 3470 Filius
3563 3415 3652 3469 ho-

2052 3518 2217 3573 minis
2241 3517 2403 3571 habet
2433 3522 2759 3585 potestatem
2798 3512 2851 3566 in
2883 3518 3026 3565 terra
3057 3508 3369 3564 dimittendi
3400 3516 3651 3577 peccata,

2055 3612 2171 3683 (ait
2218 3608 2608 3681 paralytico:)
2659 3605 2780 3661 Tibi
2834 3604 2979 3671 dico,
3032 3618 3213 3673 surge,
3266 3602 3393 3657 tolle
3452 3603 3652 3657 lectum

2056 3715 2230 3770 tuum,
2261 3714 2313 3759 et
2341 3702 2476 3757 vade
2508 3703 2565 3754 iu
2611 3700 2833 3754 domum
2888 3710 3056 3752 tuam.
3096 3699 3161 3752 Et
3207 3696 3492 3752 confestim
3524 3712 3654 3751 con-

2056 3813 2283 3871 surgens
2312 3812 2495 3851 coratn
2527 3794 2653 3859 illis,
2689 3794 2811 3848 tulit
2840 3794 3061 3856 lectum,
3112 3791 3165 3845 in
3198 3806 3305 3860 quo
3332 3790 3569 3859 jacebat,
3594 3796 3643 3844 ε’

2053 3894 2184 3950 abiit
2211 3892 2263 3947 in
2291 3892 2508 3945 domum
2534 3904 2711 3953 suam,
2746 3887 3094 3957 magnificans
3142 3885 3335 3938 Deum.
3368 3883 3433 3937 Et
3465 3893 3654 3952 stupor

2058 3985 2417 4057 apprehendit
2446 3998 2637 4040 omnes
2658 4024 2673 4049 ,
2705 3991 2761 4036 et
2800 3978 3217 4051 magnificabant
3246 3978 3437 4031 Deum.
3475 3978 3538 4031 Et
3566 3993 3651 4031 re-

2057 4080 2189 4152 pleti
2215 4087 2341 4135 sunt
2379 4078 2598 4140 timore,
2644 4074 2887 4129 dicentes
2918 4090 2929 4123 :
2963 4071 3087 4141 quia
3125 4070 3358 4124 vidimus
3385 4068 3653 4123 mirabilia

2060 4174 2221 4230 hodie
2251 4191 2261 4225 :
2297 4173 2552 4243 ixxxvttt,
2581 4168 2659 4239 2.]
2693 4168 2756 4222 Ει
2787 4176 2907 4235 post
2936 4165 3049 4219 lucc
3076 4165 3205 4219 exiit
3234 4175 3286 4219 et
3316 4163 3447 4218 vidit
3481 4163 3656 4233 publi-

2058 4283 2257 4324 canum
2300 4264 2515 4321 nomine
2562 4262 2713 4328 Levi,
2746 4263 3027 4315 sedentem
3074 4257 3139 4311 ad
3190 4256 3471 4321 telouium,
3504 4264 3558 4309 et
3586 4255 3660 4309 ait

2061 4364 2140 4418 illi
2169 4382 2179 4415 :
2208 4362 2448 4430 Sequere
2480 4372 2585 4413 me.
2618 4356 2686 4411 Et
2712 4355 2911 4410 relictis
2945 4353 3217 4416 omnibus,
3247 4365 3475 4421 surgo-ns
3501 4366 3659 4405 secu-

2062 4465 2146 4510 tus
2172 4464 2255 4510 est
2284 4469 2431 4509 eum.
2477 4451 2683 4525 [xxxm
2713 4449 2793 4519 2.]
2838 4450 2900 4503 Ει
2954 4446 3085 4501 fecit
3112 4445 3160 4500 ei
3191 4447 3496 4501 convivium
3544 4460 3659 4498 ma—

2062 4565 2222 4621 gnttm
2254 4548 2380 4603 Levi
2414 4546 2466 4601 in
2499 4545 2661 4600 domo
2692 4560 2787 4598 sua
2816 4561 2828 4597 :
2876 4552 2930 4597 et
2956 4550 3074 4597 erat
3096 4541 3248 4595 turba
3288 4540 3454 4595 multa
3486 4540 3659 4609 publi-

359 4643 506 4700 sent,
538 4634 927 4690 concluserunt
960 4635 1189 4701 piscium
1219 4633 1622 4689 multitudinem
1654 4632 1943 4703 copiosam,

2061 4659 2351 4709 canorum,
2403 4650 2457 4696 et
2482 4641 2711 4695 aliorum
2737 4682 2751 4705 ,
2784 4636 2873 4707 qui
2905 4651 3025 4691 cum
3078 4634 3184 4688 illis
3236 4643 3389 4687 erant
3419 4633 3659 4687 discum-

350 4726 713 4797 rumpehatur
741 4737 926 4783 autem
979 4737 1093 4783 rete
1139 4742 1351 4783 eorum.
1407 4726 1477 4779 Et
1502 4735 1811 4782 annuerunt
1862 4741 1953 4781 so-

351 4821 477 4889 ciis,
512 4821 606 4892 qui
633 4832 788 4877 erant
818 4822 872 4877 in
900 4821 1005 4877 alia
1052 4821 1205 4888 navi,
1238 4828 1295 4875 ut
1326 4820 1606 4887 venirent,
1650 4829 1703 4875 et
1734 4819 1958 4889 adjuva-

352 4922 620 4971 renteos.
654 4915 720 4970 Et
748 4924 1062 4983 tenuerunt,
1098 4925 1152 4971 et
1198 4914 1560 4985 impleverunt
1591 4915 1779 4969 ambas
1810 4914 1958 4967 navi-

354 5009 533 5075 culas,
574 5007 647 5063 ita
681 5018 739 5064 ttt
781 5021 801 5048 ε
852 5024 992 5080 pene
1024 5018 1423 5080 mergerentur.
1459 5008 1629 5081 [xxxt,
1661 5007 1771 5078 10.]
1803 5008 1957 5075 Quod

356 5116 483 5159 cum
514 5104 724 5161 videret
749 5104 937 5162 Simon
969 5107 1181 5177 Petrus,
1228 5108 1463 5180 procidit
1503 5108 1566 5164 ad
1599 5124 1773 5180 genua
1801 5107 1952 5172 Jesu,

356 5198 583 5254 dicens:
638 5199 742 5255 Exi
774 5214 806 5254 a
834 5216 945 5266 me,
1004 5203 1131 5272 quia
1164 5204 1327 5258 homo
1385 5212 1639 5273 peccator
1677 5218 1818 5268 sum,
1850 5202 1957 5257 Do—

356 5292 529 5347 mine.
565 5290 766 5363 Stupor
818 5295 964 5350 enim
1019 5296 1456 5353 circumdederat
1507 5313 1653 5366 eum,
1684 5306 1739 5353 et
1768 5312 1959 5352 omnes

358 5385 453 5455 qui
484 5400 609 5442 cum
639 5386 737 5441 illo
788 5398 967 5458 erant,
1020 5391 1075 5445 in
1115 5400 1339 5462 captura
1390 5392 1643 5463 piscium,
1675 5408 1837 5463 quam
1865 5407 1959 5447 ce-

357 5487 593 5547 perant:
628 5479 882 5536 similiter
911 5491 1090 5539 autem
1122 5485 1382 5541 Jacobum
1410 5494 1463 5541 et
1490 5487 1775 5549 Joannem,
1821 5485 1964 5539 filios

360 5570 634 5641 Zebedazi,
687 5575 776 5648 qui
824 5589 978 5632 erant
1008 5578 1142 5634 socii
1198 5579 1455 5636 Simonis.
1514 5580 1717 5652 [xxxtt,
1772 5579 1851 5651 2.]
1896 5581 1963 5635 Et

438 5721 467 5789 fl
506 5712 699 5789 Graece
726 5718 804 5777 τίς
832 5713 907 5787 εἷ,
942 5716 1165 5789 Regium:
1195 5731 1299 5772 ms.
1330 5718 1421 5789 qui
1449 5717 1542 5772 sis.

435 5782 466 5822 δ
508 5784 728 5857 Absque
759 5782 989 5857 negandi
1023 5782 1284 5857 particula
1309 5782 1401 5854 ,ἐι
1433 5798 1681 5843 venerunt
1719 5805 1777 5841 us
1797 5804 1875 5851 lue
1899 5787 1966 5840 ad

364 5856 562 5928 ipsum,
591 5855 794 5914 habent
838 5855 1061 5931 Reginae
1106 5876 1237 5916 mss.
1284 5862 1438 5929 juxta
1492 5862 1746 5931 pleraque
1782 5860 1964 5915 omnia

701 5955 977 6017 PATROL.
1025 5953 1279 6016 XXIX.‘

2061 4737 2272 4791 bentes.
2306 4735 2374 4789 Et
2402 4732 2813 4788 murmurahant
2859 4727 3109 4798 pharismi
3139 4734 3194 4781 et
3223 4725 3414 4781 scribto
3446 4740 3655 4790 eorum,

2063 4830 2309 4886 dicentes
2348 4828 2415 4881 ad
2464 4824 2759 4895 discipulos
2802 4822 2957 4892 ejus:
3000 4822 3178 4890 Quare
3203 4837 3323 4876 cum
3357 4820 3659 4889 publicanis

2064 4934 2117 4981 et
2164 4921 2543 4994 peccatoribus
2584 4917 2919 4973 manducatis
2968 4926 3021 4970 et
3068 4914 3295 4969 bibitis?
3344 4913 3451 4983 [xm
3481 4911 3561 4983 2.]
3596 4912 3661 4965 Et

2064 5018 2397 5087 respondens
2443 5014 2633 5079 Jesus,
2688 5012 2825 5066 dixit
2869 5010 2934 5065 ad
2984 5009 3142 5064 illos:
3189 5006 3305 5061 Non
3351 5015 3513 5076 egent
3566 5006 3659 5075 qui

2066 5111 2183 5167 sani
2228 5121 2353 5165 sunt
2382 5152 2396 5176 ,
2432 5108 2639 5164 medico
2664 5149 2678 5171 ,
2714 5106 2808 5161 sed
2839 5104 2930 5175 qui
2961 5102 3101 5157 male
3140 5101 3360 5154 habent.
3391 5098 3507 5153 Non
3538 5098 3658 5152 veni

2067 5222 2261 5263 vocare
2284 5205 2480 5275 justos,
2512 5202 2605 5259 sed
2631 5208 2944 5273 peccatores
2968 5196 3031 5250 ad
3066 5192 3462 5265 paenitentiam.
3486 5191 3557 5245 At
3584 5190 3661 5245 illi

2068 5301 2327 5356 dixerunt
2357 5298 2426 5352 ad
2457 5312 2578 5353 eum
2607 5312 2621 5348 :
2671 5294 2849 5361 Quare
2875 5288 3124 5359 discipuli
3172 5285 3664 5354 Joannisjejunant

2068 5393 2416 5465 frequenter,
2470 5400 2523 5443 et
2581 5384 2986 5442 obsecrationes
3035 5382 3257 5447 faciunt,
3310 5379 3560 5435 similiter
3608 5389 3664 5435 et

2074 5488 2499 5557 pltariszeorum:
2559 5480 2633 5534 ttti
2680 5488 2855 5533 autem
2893 5475 3057 5531 edttut
3100 5484 3153 5528 ct
3192 5474 3426 5529 bibunt?
3456 5473 3665 5541 Quibus

2072 5579 2187 5649 ipse
2216 5578 2326 5632 ait:
2378 5571 2648 5644 Numquid
2679 5568 2901 5641 poteSIis
2951 5566 3090 5620 ﬁlios
3138 5566 3342 5634 sponsi,
3377 5564 3504 5618 dttm
3536 5578 3660 5618 cum

2074 5714 2261 5769 Grmca
2285 5709 2635 5779 exemplaria.
2868 5776 2880 5781 Α
3112 5776 3122 5781 _
3198 5772 3226 5781 ,
3350 5774 3361 5781 ,
3516 5773 3545 5781 ..
3619 5772 3629 5781 .

2150 5798 2171 5824 ο
2206 5772 2535 5840 Atlverbiittn
2568 5797 2717 5853 pene,
2741 5776 2884 5849 quod
2916 5791 3089 5853 neque
3112 5776 3162 5853 in
3188 5772 3393 5831 Grmcis
3422 5772 3661 5828 melioris

2076 5868 2217 5914 nota:
2240 5857 2393 5913 libris
2422 5846 2671 5923 habetur,
2709 5846 2927 5922 prorsus
2949 5848 2998 5902 itt
3034 5846 3254 5919 Regitue
3287 5863 3387 5901 tns.
3422 5862 3527 5900 non
3556 5854 3660 5899 est.

3232 5944 3307 6001 ‘20
