4166 6336
568 328 677 387 619
769 328 798 335 ”

1581 337 1641 396 S.
1682 335 2068 401 BIERONYMI
2105 332 2341 401 DIVINA
2379 338 2857 402 BIBLIOTHECA.

3766 337 3886 407 6‘20

575 444 686 545 illis
730 451 815 503 est
862 458 1117 545 sponsus,
1166 447 1349 509 facere
1393 451 1691 525 jejunare?
1735 455 1964 537 Venient
1993 467 2173 516 autem
2201 458 2449 521 Astrum
2492 467 2579 518 est
2624 474 2852 534 regnum
2895 455 3017 517 Dei.
3068 456 3364 534 [xam,5.]
3410 454 3561 516 Beati
3606 456 3701 533 qui
3730 475 3882 545 nunc

573 539 715 612 dies,
745 556 867 600 cum
893 543 1105 602 ablatus
1129 544 1289 605 fuerit
1310 548 1378 605 ab
1400 548 1506 606 illis
1530 564 1781 625 sponsus,
1814 563 1941 611 tunc
1955 552 2171 627 jejuna-

568 636 706 694 bunt
732 637 788 695 in
820 639 931 697 illis
958 640 1169 699 diebus.
1207 644 1433 702 Dicebat
1465 655 1644 704 autem
1671 657 1728 706 et
1755 649 2167 708 similitudinem

569 733 637 789 ad
668 732 821 792 illos:
847 735 981 803 Quia
1010 752 1171 795 nemo
1190 739 1601 798 commissuram
1631 759 1662 798 a
1688 759 1827 801 novo
1843 744 2167 805 vestimento

566 825 809 885 immittit
856 828 911 886 in
958 831 1335 891 vestimentum
1368 844 1566 894 vetus:
1609 830 1850 911 alioquin
1882 848 1937 895 et
1962 854 2163 896 novum

568 921 793 994 rumpit,
825 931 877 978 et
903 925 1075 981 veteri
1102 940 1209 982 non
1240 929 1498 985 convenit
1544 930 1903 987 commissura
1932 946 1964 987 a
1998 946 2159 989 novo.

563 1010 633 1068 Et
649 1028 806 1071 nemo
821 1016 982 1072 mittit
1010 1017 1193 1075 viuum
1206 1034 1407 1078 novum
1432 1007 1488 1079 in
1505 1032 1653 1082 utres
1664 1034 1879 1083 veteres
1894 1026 2159 1098 :_alioquin

563 1119 778 1180 rumpet
805 1111 987 1167 vinum
1020 1128 1219 1171 novum
1247 1125 1397 1174 utres
1416 1159 1432 1188 ,
1465 1126 1521 1176 et
1544 1117 1721 1191 ipsum
1748 1112 2073 1193 effundetur,
2103 1129 2162 1180 et

561 1214 711 1262 utres
733 1205 1007 1277 peribunt.
1031 1209 1137 1267 Sed
1160 1211 1345 1269 vinum
1370 1228 1568 1271 novum
1595 1213 1651 1272 in
1679 1224 1826 1273 utres
1848 1230 2019 1274 novos
2042 1216 2159 1273 mit-

557 1296 777 1353 tendum
801 1308 905 1367 est,
934 1309 1657 1376 etutraqueconservantur.
1689 1304 1759 1363 Et
1779 1322 1937 1364 nemo
1964 1304 2157 1365 bibens

553 1400 731 1461 vetus,
750 1393 931 1449 statim
946 1395 1059 1452 vult
1074 1412 1295 1467 novum,
1314 1397 1447 1456 dicit
1468 1401 1613 1456 enim
1630 1398 1819 1458 :Vetus
1833 1400 2026 1458 melius
2046 1410 2150 1457 est.

618 1484 776 1560 [Cap.
805 1486 893 1545 Vl.
920 1506 1034 1547 xu.
1065 1490 1145 1565 2.]
1187 1490 1413 1549 Factum
1458 1503 1544 1550 est
1596 1502 1777 1551 autem
1824 1493 1881 1551 in
1923 1493 2154 1552 sabbato

546 1582 795 1638 secundo
829 1585 1005 1653 primo
1033 1628 1048 1655 ,
1083 1601 1207 1642 cum
1240 1587 1498 1644 transiret
1532 1603 1630 1659 per
1669 1598 1786 1646 sata
1813 1634 1827 1659 ,
1874 1587 2152 1645 vellebant

549 1674 804 1748 discipuli
831 1678 949 1748 ejus
978 1680 1158 1750 spicas
1177 1721 1192 1748 ,
1258 1689 1313 1738 et
1342 1680 1750 1757 manducabant
1779 1678 2148 1740 confricantes

549 1769 824 1826 manibus.
845 1768 1077 1859 Quidam
1102 1770 1283 1830 autem
1308 1774 1705 1847 phariszeorum
1725 1762 1981 1859 dicebant
2006 1776 2141 1834 illis:
2184 1844 2194 1859 ι

2276 552 2537 610 esuritis:
2585 553 2711 627 quia
2757 552 3159 611 saturabimini.
3209 548 3538 628 [mrtt,5.]
3583 551 3734 610 Beati
3777 553 3880 629 qui

2274 662 2418 703 nunc
2446 645 2624 705 ﬂetis:
2652 645 2777 719 quia
2810 644 3072 705 ridebitis.
3099 645 3268 722 [xux,
3294 646 3372 720 5.]
3395 644 3547 703 Beati
3568 645 3721 703 eritis
3744 663 3876 704 cum

2275 757 2374 797 vos
2400 741 2615 799 oderint
2646 740 2894 799 homines
2917 783 2933 811 ,
2982 750 3036 799 et
3076 756 3197 798 cum
3234 740 3610 815 separaveriut
3646 756 3774 811 vos,
3812 748 3876 798 et

2270 833 2765 907 exprobraverint,
2815 843 2871 893 et
2913 834 3179 907 ejeeerint
3223 850 3419 893 nomen
3452 822 3697 891 vestrum
3728 842 3872 891 tam—

2268 943 2432 1000 quam
2479 927 2680 986 malum
2708 971 2724 997 ,
2759 936 2982 1001 propter
3008 914 3205 985 Filium
3239 926 3498 986 hominis.
3531 910 3778 1009 Gaudete
3807 927 3866 983 in

2269 1021 2361 1078 illa
2387 1021 2498 1087 die,
2522 1030 2576 1078 et
2594 1019 2896 1089 exsultate;
2919 1037 3048 1078 ecce
3071 1021 3216 1080 enim
3244 1035 3456 1079 merces
3484 1028 3665 1077 vestra
3693 1019 3869 1077 multa

2266 1122 2353 1172 est
2377 1114 2432 1174 in
2463 1115 2602 1173 ctelo
2628 1133 2640 1170 :
2684 1114 2982 1173 secundum
3010 1113 3127 1173 haec
3153 1115 3298 1175 enim
3326 1113 3596 1172 faciebant
3626 1111 3868 1187 prophe-

2264 1210 2337 1267 tis
2375 1220 2559 1282 patres
2611 1226 2826 1268 eorum.
2872 1209 2947 1285 [1.,
2980 1207 3093 1284 10.]
3138 1204 3528 1268 Verumtamen
3571 1225 3652 1266 vae
3702 1208 3865 1265 vobis

2262 1302 2518 1363 divitibus
2538 1349 2552 1376 ,
2606 1303 2732 1376 quia
2763 1302 2981 1361 habetis
3003 1302 3430 1362 consolationem
3462 1290 3722 1361 vestram.
3766 1301 3864 1359 Va:

2261 1399 2418 1456 vobis
2442 1443 2457 1469 ,
2486 1397 2577 1472 qui
2601 1398 2829 1455 saturati
2861 1395 3035 1455 estis:
3076 1399 3201 1471 quia
3242 1394 3517 1455 esurietis.
3552 1396 3645 1453 Va:
3676 1395 3857 1465 vobis,

2259 1492 2351 1565 qui
2378 1488 2569 1548 ridetis
2595 1506 2739 1548 nunc
2769 1509 2783 1547 :
2837 1490 2962 1561 quia
2995 1488 3251 1562 lugebitis
3272 1499 3329 1547 et
3356 1487 3575 1547 flebitis.
3606 1484 3702 1561 isi,
3740 1480 3859 1560 10.]

2260 1584 2354 1641 Vze
2383 1600 2504 1642 cum
2538 1593 2566 1623 α
2595 1581 2981 1643 benedixerint
3024 1582 3177 1640 vobis
3222 1572 3514 1640 homines:
3552 1574 3857 1638 secundum

2255 1677 2376 1735 hmc
2411 1677 2552 1736 enim
2600 1678 2873 1738 faciebant
2903 1677 3395 1759 pseudopmphetis
3432 1666 3616 1759 patres
3637 1690 3855 1731 eorum.

2254 1773 2384 1850 [L|l,
2417 1773 2496 1849 5.]
2546 1773 2653 1832 Sed
2685 1773 2839 1830 vobis
2884 1771 3037 1844 dico,
3082 1774 3171 1846 qui
3219 1762 3418 1828 auditis
3450 1790 3461 1827 :
3496 1768 3712 1843 Diligite
3740 1762 3853 1857 ini-

541 1860 683 1929 Quid
716 1863 894 1920 facitis
924 1852 1071 1937 quod
1105 1883 1213 1925 non
1249 1864 1385 1925 licet
1414 1858 1467 1926 in
1496 1854 1788 1929 sabbatis?
1828 1871 1895 1927 Et
1923 1870 2149 1943 respo'n-
2256 1870 2427 1924 micos
2456 1876 2702 1937 vestros,
2738 1858 3043 1924 benefacite
3074 1866 3159 1923 bis
3190 1866 3546 1943 quioderunt
3573 1858 3695 1921 ves.
3742 1852 3849 1919 Be-

542 1953 680 2011 dens
726 1956 884 2013 Jesus
947 1957 1016 2015 ad
1047 1974 1142 2016 eos
1168 2000 1182 2026 ,
1253 1960 1427 2018 dixit:
1470 1962 1578 2019 Nec
1610 1962 1715 2020 hoc
1751 1962 1959 2036 legistis
1995 1963 2139 2036 quod

536 2048 665 2108 fecit
714 2042 885 2108 David
914 2098 929 2124 ,
975 2068 1098 2110 cum
1143 2056 1409 2113 esurisset
1454 2057 1605 2128 ipse,
1656 2066 1712 2114 et
1748 2046 1843 2129 qui
1885 2072 2009 2114 cum
2045 2058 2140 2116 illo

533 2156 727 2205 erant:
777 2149 1057 2220 quomodo
1100 2150 1325 2208 intravit
1368 2152 1424 2208 in
1455 2138 1676 2209 domum
1717 2151 1847 2221 Dei,
1882 2162 1937 2211 et
1967 2144 2139 2226 panes

532 2246 926 2319 pr0positionis
946 2246 1223 2319 sumpsit,
1272 2255 1329 2304 et
1357 2248 1747 2320 manducavit,
1797 2258 1854 2307 et
1873 2248 2024 2306 dedit
2051 2248 2136 2309 his

528 2338 620 2408 qui
649 2353 771 2394 cum
821 2340 941 2411 ipso
971 2351 1156 2406 erant,
1199 2355 1335 2409 quos
1366 2356 1475 2398 non
1503 2341 1631 2398 licet
1664 2343 1999 2401 manducare
2030 2343 2134 2400 nisi

530 2439 737 2490 tantum
762 2432 1175 2491 sacerdotibus?
1197 2435 1352 2509 [χιιι⁹
1376 2433 1458 2507 2.]
1493 2437 1555 2492 Et
1581 2436 1801 2494 dicebat
1822 2437 1965 2494 illis:
1994 2438 2132 2508 Quia

519 2526 784 2585 Dominus
815 2534 920 2586 'est
944 2528 1115 2586 Filius
1147 2530 1385 2586 hominis
1427 2532 1593 2587 etiam
1621 2533 1853 2589 sabbati.
1904 2534 2133 2591 Factum

527 2632 613 2681 est
638 2631 819 2680 autem
848 2632 905 2680 et
934 2623 986 2679 in
1010 2624 1122 2679 alio
1151 2624 1383 2680 sabbato
1407 2667 1422 2695 ,
1454 2635 1513 2681 ut
1536 2626 1769 2684 intraret
1806 2628 1860 2684 in
1890 2644 2129 2702 synago-

523 2734 647 2791 gam
673 2761 689 2785 ,
723 2728 779 2777 et
806 2719 1052 2776 doceret.
1114 2720 1180 2776 Et
1211 2730 1328 2776 erat
1354 2720 1428 2776 ibi
1461 2721 1626 2778 homo
1650 2764 1665 2789 ,
1698 2732 1753 2778 et
1789 2738 1982 2780 manus
2010 2724 2129 2796 ejus

521 2811 747 2869 dextera
791 2824 908 2870 erat
946 2813 1118 2870 arida.
1161 2814 1543 2871 Observabam
1584 2825 1766 2873 autem
1803 2818 2029 2887 scribae,
2074 2827 2128 2876 et

2247 1962 2482 2020 nedicite
2527 1962 2981 2019 maledicentibus
3026 1958 3183 2018 vobis
3210 2004 3225 2035 ,
3255 1937 3309 2017 ei
3339 1972 3494 2017 orate
3519 1962 3620 2033 pro
3644 1958 3851 2016 calum-

2244 2058 2522 2115 niantibus
2564 2073 2681 2113 vos.
2714 2056 2870 2130 [1.111,
2901 2050 2982 2129 5.]
3012 2056 3082 2111 Et
3135 2050 3227 2129 qui
3270 2063 3322 2112 te
3362 2046 3595 2127 percutit
3635 2040 3688 2111 in
3730 2042 3847 2141 ma-

2241 2153 2425 2208 xillam
2455 2198 2469 2225 ,
2502 2152 2686 2225 praebe
2716 2161 2773 2209 et
2811 2152 3062 2208 alteram.
3092 2150 3166 2208 Et
3199 2151 3267 2208 ab
3298 2166 3385 2213 eo.
3416 2146 3508 2223 qui
3540 2144 3717 2229 aufert
3748 2142 3846 2208 tibi

2240 2242 2625 2304 vestimentum
2646 2292 2661 2317 ,
2696 2247 2861 2303 etiam
2893 2238 3128 2302 tunicam
3160 2244 3270 2300 noli
3313 2230 3630 2317 prohibere.
3681 2241 3843 2300 Otnui

2239 2348 2421 2397 autem
2444 2340 2655 2413 petenti
2687 2351 2758 2407 te,
2792 2328 2972 2396 tribue
2998 2358 3010 2394 :
3043 2324 3099 2397 εἰ
3120 2338 3213 2409 qui
3235 2336 3412 2395 aufert
3436 2353 3556 2411 qua:
3577 2342 3664 2393 tua
3688 2345 3836 2406 sunt,

2236 2416 2308 2490 ne
2339 2443 2579 2506 repetas.
2613 2432 2744 2509 μιν,
2775 2430 2852 2505 5.]
2885 2431 2955 2489 Et
2976 2424 3136 2506 prout
3159 2432 3357 2501 vultis,
3382 2438 3437 2488 ut
3456 2430 3657 2488 faciant
3686 2430 3839 2488 vobis

2235 2527 2489 2587 homines
2514 2570 2528 2596 ,
2576 2537 2633 2586 et
2664 2545 2762 2584 vos
2800 2527 2968 2586 facile
2992 2526 3100 2584 illis
3122 2524 3401 2584 “similiter.
3441 2524 3511 2583 Et
3536 2527 3583 2583 si
3610 2522 3838 2598 diligitis

2234 2640 2327 2682 eos
2353 2664 2372 2693 ,
2414 2620 2507 2698 qui
2553 2639 2651 2680 vos
2682 2623 2911 2695 diligunt
2940 2668 2954 2693 ,
3005 2612 3126 2697 quae
3160 2620 3316 2679 vobis
3343 2606 3427 2679 est
3461 2620 3674 2692 gratia?
3706 2637 3832 2678 nam

2233 2728 2287 2778 et
2325 2710 2647 2794 peccatores
2685 2706 2975 2792 diligentes
3017 2718 3078 2776 se
3118 2708 3375 2791 diligunt.
3409 2702 3521 2793 (LV,
3552 2714 3632 2782 5.]
3668 2710 3738 2773 Et
3786 2706 3833 2773 si

2233 2815 2613 2872 benefeceritis
2644 2814 2731 2870 his
2758 2859 2771 2885 ,
2805 2814 2897 2885 qui
2924 2814 3082 2871 vobis
3114 2811 3494 2881 benefaciunt,
3524 2804 3647 2884 qua:
3677 2808 3834 2869 vobis

520 2906 776 2977 pharisaai
802 2949 816 2973 ,
850 2907 896 2963 si
919 2907 973 2962 in
1006 2907 1236 2965 sabbato
1266 2915 1485 2964 curaret
1511 2926 1524 2965 :
1555 2918 1610 2965 et
1641 2910 1954 2968 invenirent
1980 2911 2126 2967 unde
2229 2915 2311 2965 est
2334 2908 2554 2980 gratia?
2581 2907 2849 2981 siquidem
2880 2918 2935 2964 et
2976 2898 3294 2979 peccatores
3346 2908 3448 2965 hoc
3480 2904 3705 2965 faciunt.
3758 2892 3828 2962 Fit

525 3009 854 3058 accusarent
881 3016 1024 3057 eum.
1082 3000 1205 3074 Ipse
1234 3018 1366 3061 vero
1392 3004 1597 3062 sciebat
1633 3005 1991 3078 cogitationes
2024 3020 2123 3063 eo-
2225 3002 2272 3057 si
2300 3010 2550 3059 mutuum
2577 3001 2839 3058 dederitis
2871 3000 2957 3058 his
2978 3043 2994 3068 ,
3020 3016 3051 3057 a
3075 3001 3271 3073 quibus
3292 3000 3527 3077 speratis
3552 2999 3828 3071 recipere,

517 3107 637 3147 rum
664 3109 678 3146 :
710 3102 766 3148 et
812 3092 890 3147 ait
931 3092 1169 3161 homini,
1220 3095 1314 3164 qui
1355 3094 1593 3151 habebat
1625 3112 1843 3153 manum
1868 3098 2078 3155 aridam
2106 3116 2119 3152 :
2224 3111 2345 3166 quas
2374 3096 2549 3167 gratia
2583 3103 2668 3152 est
2697 3093 2899 3152 vobis?
2930 3110 3055 3151 nam
3106 3103 3163 3151 et
3192 3103 3509 3167 peccatores
3535 3090 3831 3167 peccatori-

517 3182 715 3256 Surge,
746 3192 800 3242 et
822 3193 904 3240 sta
933 3182 988 3239 in
1016 3185 1277 3242 medium.
1322 3186 1390 3242 Et
1418 3202 1649 3259 surgens
1680 3190 1854 3246 stetit.
1900 3190 1992 3246 Ait
2020 3207 2120 3247 au-
2222 3172 2324 3244 bus
2355 3188 2697 3260 fenerantur,
2730 3197 2788 3245 ut
2827 3187 3096 3260 recipiant
3124 3188 3388 3260 mqualia:
3442 3187 3827 3251 Verumtamen

515 3287 625 3333 tem
654 3278 721 3333 ad
751 3276 876 3334 illos
903 3277 1105 3336 .lesus:
1137 3279 1419 3352 Interrogo
1445 3296 1541 3338 vos
1566 3321 1581 3348 ,
1626 3281 1674 3337 si
1703 3282 1830 3340 licet
1875 3284 2121 3342 sabbatis
2146 3278 2192 3343 C
2225 3282 2434 3356 diligite
2483 3282 2736 3341 inimicos
2778 3292 2994 3341 vestros
3030 3303 3042 3338 :
3095 3280 3400 3341 benefacite
3421 3325 3437 3353 ,
3478 3291 3534 3339 et
3576 3291 3824 3338 mutuum

513 3372 840 3430 benefacere
869 3414 884 3441 ,
935 3388 1003 3430 an
1055 3374 1229 3443 male;
1280 3375 1517 3432 animam
1557 3376 1766 3434 salvam
1806 3378 2016 3447 facere,
2046 3395 2115 3437 an

515 3464 777 3535 perdere?
792 3474 846 3521 et
863 3465 1274 3538 circumspectis
1286 3466 1564 3539 omnibus,
1590 3470 1728 3526 dixit
1750 3469 1984 3528 homini:
2010 3473 2118 3529 Ex-

514 3559 679 3616 tende
726 3575 947 3616 manum
993 3570 1162 3618 tuam.
1204 3560 1276 3617 Et
1315 3563 1604 3621 extendit:
1656 3574 1710 3622 et
1753 3566 2003 3624 restituta
2030 3578 2114 3626 est

513 3670 710 3715 manus
741 3656 880 3728 ejus.
915 3655 1023 3727 Ipsi
1061 3666 1241 3713 autem
1284 3659 1482 3730 repleti
1518 3668 1646 3716 sunt
1686 3658 2033 3733 insipientia;
2061 3678 2093 3720 e

512 3750 968 3821 colloquebantur
996 3750 1063 3806 ad
1088 3751 1352 3821 invicem,
1391 3753 1651 3826 quidnam
1682 3753 1927 3825 facerent
1960 3756 2108 3814 Jesu.

515 3841 693 3914 [κιιιι.
724 3842 803 3915 2.]
834 3842 1058 3900 Factum
1089 3852 1175 3901 est
1197 3852 1380 3901 autem
1408 3845 1463 3901 in
1494 3846 1605 3903 illis
1630 3846 1852 3914 diebus,
1885 3848 2020 3907 exiit
2056 3838 2112 3907 in

514 3947 753 3991 montem
800 3951 960 3992 orare
986 3979 1000 4003 ,
1032 3945 1087 3993 et
1125 3947 1243 3994 erat
1272 3948 1607 4012 pernoctans
1636 3940 1689 3997 in
1717 3941 1965 4000 oratione
1990 3943 2107 4001 Dei.

516 4031 684 4101 lxuv,
716 4028 798 4100 2.]
830 4030 895 4084 Et
920 4045 1039 4085 cum
1068 4029 1184 4088 dies
1213 4031 1392 4089 factus
1420 4042 1591 4102 esset,
1623 4035 1842 4090 vocavit
1870 4034 2113 4107 discipu-

513 4122 597 4178 lus
628 4138 797 4178 suus:
838 4133 894 4179 et
929 4123 1097 4192 elegit
1122 4123 1411 4182 duodecim
1437 4142 1505 4184 ει
1536 4126 1669 4198 ipsis
1698 4126 1855 4200 (quos
1885 4137 1940 4185 et
1966 4129 2112 4202 Apo-

510 4217 686 4271 stulos
731 4216 1074 4288 nominavit)
1113 4218 1429 4275 :Simonem
1453 4261 1469 4288 ,
1500 4235 1662 4292 quem
1710 4222 2113 4293 cognominavit

510 4308 758 4375 Petrum,
793 4317 848 4366 et
880 4309 1150 4367 Andream
1183 4311 1406 4368 fratrem
1435 4314 1574 4384 ejus,
1599 4312 1860 4370 Jacobum
1883 4357 1898 4381 ,
1928 4324 1985 4371 et
2012 4314 2108 4372 Jo-

513 4418 709 4457 annem
732 4445 745 4470 ,
780 4401 1086 4475 Philippum
1109 4447 1125 4471 ,
1150 4412 1206 4462 et
1235 4406 1695 4463 Bartholomazum
1720 4449 1735 4475 ,
1766 4407 2105 4480 Matthteum,

511 4501 564 4550 ct
595 4493 885 4561 Thomam,
914 4494 1174 4551 Jacobum
1202 4496 1433 4568 Alphaei,
1460 4505 1516 4553 et
1542 4498 1820 4556 Simonem
1851 4542 1865 4568 ,
1897 4502 1988 4573 qui
2010 4516 2107 4559 vo-

512 4597 663 4645 catur
694 4588 951 4645 Zelotes:
995 4599 1048 4647 et
1075 4589 1270 4646 Judam
1312 4591 1532 4663 Jacobi,
1568 4602 1624 4650 et
1648 4594 1845 4651 Judam
1876 4596 2109 4653 Iscario—

2222 3378 2385 3446 date,
2434 3377 2567 3433 nihil
2612 3377 2740 3434 inde
2783 3387 3107 3450 sperantes:
3152 3387 3207 3434 et
3243 3377 3353 3434 erit
3400 3391 3613 3434 merces
3638 3366 3822 3432 vestra

2221 3474 2418 3545 multa,
2442 3484 2497 3531 et
2519 3475 2673 3531 eritis
2703 3473 2797 3531 filii
2828 3474 3120 3539 Altissimi,
3146 3473 3268 3545 quia
3297 3472 3415 3544 ipse
3442 3472 3709 3543 benignus
3735 3479 3821 3527 est

2219 3583 2384 3641 super
2413 3569 2655 3640 ingratos
2685 3576 2741 3626 et
2783 3567 2975 3624 malos.
3020 3566 3211 3623 Estote
3246 3552 3379 3638 ergo
3410 3556 3816 3633 miSericordes,

2216 3663 2359 3718 sicut
2381 3671 2436 3720 et
2461 3671 2618 3735 pater
2646 3671 2830 3720 vester
2863 3660 3180 3717 misericors
3209 3667 3311 3715 est.
3352 3657 3484 3731 [nr],
3515 3654 3599 3730 2.]
3639 3650 3820 3713 Nolite

2210 3754 2491 3826 judicare,
2524 3766 2582 3813 et
2609 3770 2718 3811 non
2748 3745 3129 3827 judicabimini
3162 3771 3179 3809 :
3225 3744 3395 3809 nolite
3425 3749 3814 3819 condemnare,

2216 3858 2410 3905 etnon
2459 3848 2984 3927 condemnabimiui.
3029 3847 3327 3917 Dimittitc,
3360 3856 3418 3904 et
3442 3840 3813 3903 dimittemini.

2217 3944 2353 4001 Date
2376 3987 2394 4013 ,
2422 3954 2478 4001 et
2505 3944 2724 4002 dabitur
2763 3944 2916 4001 vobis
2945 3962 2957 3998 :
2994 3958 3303 4000 uzensuram
3334 3942 3572 4012 bonam,
3605 3950 3659 3997 et
3686 3956 3819 3996 con-

2216 4038 2434 4108 fertam,
2460 4049 2515 4097 et
2538 4040 2864 4112 coagitatam
2892 4082 2906 4109 ,
2934 4047 2990 4096 et
3017 4037 3495 4109 superefﬂuentem
3522 4026 3729 4093 dabunt
3760 4037 3814 4091 in

2215 4133 2395 4190 sinum
2430 4144 2697 4191 vestrum.
2733 4132 2941 4191 Eadem
2972 4134 3173 4205 quippe
3201 4147 3481 4199 mensura,
3512 4147 3616 4205 qua
3638 4130 3816 4187 mensi

2213 4228 2429 4286 fueritis
2452 4272 2468 4299 ,
2502 4229 2827 4285 remetietur
2854 4229 3027 4286 vobis.
3058 4227 3209 4302 μνη,
3241 4226 3323 4301 5.]
3372 4214 3603 4282 Dicebat
3628 4222 3813 4280 autem

2214 4324 2323 4381 illis
2353 4333 2409 4382 et
2437 4323 2878 4382 similitudinem:
2907 4323 3179 4395 Numquid
3202 4330 3387 4394 potest
3406 4334 3584 4378 caecus
3606 4333 3812 4376 caecum

2212 4418 2458 4476 ducere?
2502 4433 2683 4475 nonne
2726 4417 2888 4475 ambo
2922 4417 2979 4473 in
3002 4416 3216 4473 foveam
3244 4414 3483 4472 cadunt?
3524 4414 3697 4499 [Lvtt_t.
3726 4410 3811 4485 3.]

2214 4510 2331 4567 Non
2356 4520 2443 4568 est
2464 4509 2763 4582 discipulus
2790 4524 2955 4582 super
2988 4507 3308 4581 magistrum
3335 4523 3349 4562 :
3392 4504 3674 4578 perfectus
3707 4519 3809 4561 au-

2212 4613 2321 4662 tem
2353 4604 2536 4659 omnis
2560 4602 2707 4670 erit,
2737 4602 2785 4659 si
2817 4601 2891 4658 sit
2922 4601 3064 4657 sicut
3098 4601 3360 4673 magister
3388 4600 3527 4672 ejus.
3562 4600 3693 4674 μη,
3727 4594 3808 4666 5.]

513 4689 619 4737 tem
650 4680 781 4756 [M3,
828 4681 1143 4755 Scarioth],
1174 4684 1266 4756 qui
1308 4684 1411 4741 fuit
1439 4686 1702 4757 proditor.
1739 4690 1883 4763 [va,
1915 4690 1993 4763 1.]
2036 4690 2103 4747 Et
2134 4690 2184 4751 D
2209 4699 2348 4771 Quid
2372 4709 2555 4754 autem
2588 4696 2740 4754 vides
2766 4695 3033 4754 festucam
3061 4697 3119 4752 in
3152 4695 3311 4752 oculo
3335 4693 3521 4750 fratris
3549 4693 3664 4758 tui;
3698 4701 3810 4747 tra-

508 4775 853 4833 descendens
897 4791 1020 4833 cum
1066 4777 1176 4834 illis
1202 4820 1217 4845 ,
1269 4780 1421 4835 stetit
1463 4780 1515 4836 in
1550 4781 1668 4838 loco
1697 4784 2017 4854 campestri,
2048 4792 2104 4841 et

510 4870 669 4925 turba
692 4869 1085 4941 discipulorum
1112 4871 1252 4943 ejus,
1282 4880 1339 4929 et
1366 4873 1659 4932 multitudo
1681 4878 1902 4949 copiosa
1927 4878 2103 4949 plebis

506 4968 575 5025 ab
604 4968 754 5024 omni
785 4966 993 5039 Judrea,
1024 4976 1080 5025 et
1102 4968 1432 5040 Jerusalem,
1463 4979 1520 5027 et
1541 4972 1836 5040 maritima,
1862 4980 1919 5030 et
1945 4972 2097 5046 Tyri,

505 5076 559 5121 et
583 5066 827 5136 Sidonis,
864 5068 956 5139 qui
989 5078 1273 5139 venerant,
1309 5080 1369 5128 ut
1395 5070 1652 5129 audirent
1679 5087 1826 5139 eum,
1857 5080 1913 5128 et
1942 5086 2101 5129 sana-

508 5172 699 5220 rentur
724 5180 753 5219 a
782 5165 1134 5237 languoribus
1158 5167 1294 5225 suis.
1336 5168 1402 5225 Et
1429 5170 1520 5242 qui
1549 5169 1889 5227 vexabantur
1916 5185 1946 5226 a
1987 5172 2101 5243 spi-

507 5259 702 5315 ritibus
733 5262 1051 5333 immundis,
1085 5264 1436 5322 curabantur.
1469 5265 1537 5321 Et
1564 5265 1742 5323 omnis
1770 5265 1925 5322 turba
1946 5281 2100 5338 qua:-

505 5354 661 5409 rcbat
691 5370 816 5410 eum
845 5366 1068 5427 tangere
1092 5373 1109 5418 :
1140 5359 1266 5430 quia
1291 5358 1465 5416 virtus
1496 5358 1567 5417 de
1597 5359 1695 5417 illo
1719 5361 1924 5430 exibat,
1940 5371 1994 5419 et
2015 5376 2101 5419 sa-

504 5445 669 5501 nabat
710 5461 941 5506 omnes:
986 5449 1154 5523 [mn
1185 5451 1265 5524 5.]
1312 5452 1382 5507 Et
1421 5451 1539 5524 ipse
1583 5452 1812 5512 elevatis
1834 5456 2011 5513 oculis
2039 5455 2095 5513 in

500 5537 797 5611 discipulos
824 5555 953 5599 suos
979 5585 994 5612 ,
1026 5544 1281 5602 dicebat:
1324 5544 1476 5603 Beati
1506 5561 1777 5620 pauperes
1805 5569 1816 5605 :
1850 5550 1974 5623 quia
1996 5567 2092 5610 ve-

567 5714 590 5739 "
634 5703 874 5761 Vaticnn.
920 5722 980 5761 ac
1027 5706 1248 5775 Regium
1292 5721 1422 5760 mss.
1456 5722 1571 5762 cum
1616 5709 1740 5765 bene
1778 5711 1919 5765 vobis
1945 5713 2094 5767 dire—

494 5773 599 5827 rint
630 5794 802 5832 omnes
829 5778 1060 5832 homines
1087 5773 1274 5845 {quod
1308 5778 1522 5843 quidem
1556 5796 1732 5837 omnes
1760 5824 1773 5844 ,
1816 5784 1868 5836 in
1898 5780 2090 5838 Grarco

495 5847 656 5925 ctiam
686 5850 932 5925 origﬂin‘ali
958 5859 1102 5903 textu
1112 5859 1339 5925 _r_esona_t
1360 5850 1511 5925 jugta
1528 5852 1822 5925 plerosque
1850 5856 2088 5924 codices,

504 5919 686 5983 πάντες
713 5920 758 5977 οἱ
784 5917 1059 5993 ἅνθρωποι.
1112 5918 1246 5974 Tum
1289 5917 1396 5977 duo
1427 5917 1647 5994 Regina:
1686 5917 1796 5980 Itth
1836 5917 2091 5996 faciebant

2212 4793 2334 4850 bem
2370 4800 2553 4850 autem
2580 4832 2595 4859 ,
2620 4806 2744 4864 quae
2772 4791 2824 4846 in
2855 4790 3015 4848 oculo
3044 4799 3138 4865 tuo
3162 4796 3276 4856 est,
3310 4803 3419 4844 non
3444 4782 3807 4845 consideras?

2211 4890 2318 4947 Aut
2357 4887 2630 4961 quomodo
2671 4895 2827 4958 potes
2856 4885 3045 4942 dicere
3084 4884 3235 4941 fratri
3269 4891 3364 4939 tuo
3397 4900 3410 4937 ;
3439 4868 3654 4949 Frater,
3682 4870 3805 4937 dsine

2210 4983 2425 5055 ejiciam
2470 4978 2738 5036 festucam
2784 4977 2854 5035 de
2886 4977 3062 5055 oculo
3099 4985 3193 5033 tuo
3221 5017 3237 5045 ,
3270 4976 3387 5050 ipse
3424 4975 3477 5030 in
3516 4974 3677 5032 oculo
3710 4982 3804 5029 tuo

2212 5075 2419 5133 trabem
2450 5088 2558 5131 non
2592 5070 2827 5129 videas?
2868 5070 3164 5144 Hypocrita
3187 5111 3205 5139 ,
3255 5068 3394 5142 ejice
3423 5068 3660 5141 primum
3693 5077 3804 5124 tra-

2208 5172 2332 5229 bem
2355 5169 2422 5227 de
2451 5168 2611 5227 oculo
2642 5177 2768 5224 tuo:
2816 5174 2872 5224 et
2899 5170 3032 5222 tunc
3057 5165 3360 5238 perspicies
3402 5172 3465 5221 ut
3492 5163 3692 5221 educas
3719 5161 3800 5221 fe-

2202 5276 2410 5325 stucam
2452 5262 2523 5320 de
2559 5261 2722 5320 oculo
2761 5260 2945 5318 fratris
2987 5259 3085 5316 tui.
3129 5260 3238 5333 [L3,
3268 5258 3347 5331 5.]
3378 5258 3497 5315 Non
3535 5268 3620 5315 est
3649 5257 3796 5314 enim

2202 5366 2366 5423 arbor
2394 5366 2536 5424 bona
2560 5408 2576 5436 ,
2624 5382 2750 5439 quae
2777 5367 2907 5423 facit
2934 5366 3143 5423 fructus
3170 5364 3348 5423 malos
3383 5382 3395 5418 :
3430 5375 3606 5435 neque
3634 5360 3800 5418 arbor

2200 5460 2340 5515 mala
2368 5502 2385 5532 ,
2438 5458 2645 5518 faciens
2691 5459 2927 5518 fructum
2974 5460 3199 5518 bonum.
3260 5458 3612 5530 Unaquaeque
3653 5455 3798 5513 enim

2199 5554 2365 5611 arbor
2396 5553 2465 5611 de
2494 5554 2671 5612 fructu
2720 5569 2822 5613 suo
2850 5554 3219 5627 cognoscitur.
3273 5551 3406 5627 [ιιι.
3440 5549 3521 5623 5.]
3564 5548 3791 5621 Neque,

2212 5711 2487 5787 Prop/telis
2515 5716 2688 5787 patres
2710 5731 2887 5779 eantm
2913 5758 2927 5781 ,
2974 5714 3116 5785 quod
3146 5730 3210 5771 ex
3243 5713 3544 5787 superioris
3564 5715 3638 5772 23
3666 5727 3793 5787 ver-

2202 5784 2357 5839 siculi
2392 5784 2598 5841 isoloco
2629 5790 2915 5857 repetitum
2947 5784 3029 5844 εει
3058 5806 3070 5842 :
3107 5803 3228 5842 nam
3250 5784 3791 5858 et’Psendopro‘phe-

2202 5867 2283 5909 tas
2309 5857 2610 5930 rectissime
2642 5859 2730 5914 hic
2753 5860 2852 5915 loci
2888 5871 3041 5916 vocat
3076 5867 3354 5925 textus,et
3372 5860 3625 5916 secundis
3656 5857 3794 5930 quo-

2201 5942 2308 5998 que
2331 5928 2478 5986 curis
2505 5929 2558 5985 in
2588 5932 2762 5988 altero
2787 5931 3007 6004 Reginae
3047 5945 3148 5989 ms.
3183 5930 3479 6003 repositum
3511 5932 3585 5989 ita
3612 5928 3716 5990 est.
