4166 6336
319 432 427 494 ωε

1406 442 1856 510 EVANGELIUM
1892 441 2265 510 SECUNDUM
2302 445 2556 511 LUCAM.

3519 462 3621 524 ωε

319 552 475 609 enim
497 550 565 608 de
590 550 764 625 spinis
796 556 1062 628 colligunt
1094 559 1269 618 ficus:
1301 578 1481 637 neque
1519 568 1587 625 de
1626 571 1765 627 rubo
1806 572 1925 628 vin-
1950 568 2006 631 A
2028 568 2271 627 Judaeam
2303 569 2371 627 de
2398 583 2486 640 eo,
2520 574 2577 626 et
2606 567 2661 625 in
2684 581 2902 627 omnem
2931 567 3076 629 circa
3111 573 3408 646 regionem.
3432 575 3615 649 [Lxrx,

318 645 568 703 dentiant
598 663 777 705 uvam.
810 652 958 724 [an,
993 654 1070 726 5.]
1102 656 1285 713 Bonus
1324 658 1488 717 homo
1527 662 1596 721 de
1622 665 1764 721 bono
1796 667 1918 723 the-

319 755 490 796 sauro
518 741 700 798 cordis
729 743 812 799 sui
850 746 1057 815 profert
1089 749 1287 807 bonum
1315 771 1328 807 :
1367 763 1419 809 et
1452 756 1631 814 malus
1666 759 1830 816 homo
1855 760 1923 818 de

320 834 471 889 malo
502 833 758 893 thesauro
797 840 1004 908 profert
1036 843 1255 899 malum.
1305 848 1377 900 Ex
1412 848 1740 907 abundantia
1778 854 1922 909 enim

320 927 507 983 cordis
533 943 593 986 os
614 929 879 1001 loquitur.
916 933 1087 1004 [LXlll,
1110 937 1187 1009 5.]
1214 938 1347 1007 Quid
1377 954 1562 998 autem
1586 945 1788 1002 vocatis
1812 964 1921 1018 me,

322 1019 558 1076 Domine
582 1064 597 1089 ,
632 1023 897 1082 Domine:
943 1036 999 1084 et
1036 1045 1143 1085 nou
1184 1031 1363 1089 facitis
1404 1052 1523 1107 qua:
1556 1036 1724 1093 dico?
1753 1040 1919 1113 μων,

319 1115 407 1189 5.]
440 1118 627 1176 Omnis
657 1122 748 1192 qui
779 1122 930 1179 venit
953 1124 1021 1181 ad
1050 1142 1160 1195 me,
1196 1129 1416 1197 claudit
1440 1146 1725 1191 sermones
1748 1150 1919 1204 meos,

324 1224 384 1267 et
418 1212 550 1269 facit
572 1230 708 1271 eos:
742 1219 1021 1276 ostendam
1066 1223 1218 1279 vobis
1249 1228 1339 1281 cui
1374 1228 1571 1286 similis
1595 1230 1698 1287 sit:
1729 1232 1926 1291 similis

327 1318 415 1364 cst
440 1308 650 1366 homini
683 1312 972 1370 aediﬁcanti
1001 1316 1242 1387 domum,
1271 1321 1363 1391 qui
1395 1322 1532 1379 fodit
1555 1324 1609 1381 in
1640 1326 1838 1396 altum,
1872 1336 1924 1385 et

316 1404 510 1472 posuit
540 1404 949 1465 fundamentum
976 1425 1142 1485 super
1168 1422 1413 1485 petram;
1443 1418 1798 1479 inundatione
1828 1438 1927 1480 au-

319 1506 436 1552 tem
468 1497 631 1567 facta,
667 1501 868 1559 illisum
894 1515 977 1562 est
1018 1507 1220 1565 ﬂumen
1250 1510 1437 1569 domui
1461 1512 1539 1569 illi
1564 1558 1578 1583 ,
1612 1524 1669 1573 et
1697 1533 1803 1575 non
1830 1536 1925 1589 po-

319 1590 430 1645 tuit
460 1606 581 1647 eam
622 1609 845 1654 movere
874 1615 886 1654 :
914 1597 1139 1657 fundata
1171 1603 1316 1661 enim
1352 1614 1471 1663 erat
1506 1623 1671 1680 super
1691 1621 1923 1682 petram.

318 1685 427 1755 Qui
478 1697 658 1745 autem
702 1692 894 1765 audit,
944 1706 1000 1751 et
1047 1712 1158 1754 non
1192 1700 1348 1773 facit,
1381 1703 1577 1761 similis
1611 1716 1697 1764 est
1717 1706 1927 1765 homini

317 1780 613 1839 aediﬁcanti
660 1784 880 1845 domum
923 1806 1078 1848 suam
1131 1810 1299 1866 super
1342 1806 1542 1855 terram
1574 1801 1690 1858 sine
1733 1801 1927 1859 funda-

318 1886 513 1934 mento
538 1895 551 1942 ;
586 1879 640 1935 in
663 1896 824 1953 quam
850 1885 1023 1943 illisus
1048 1897 1132 1944 est
1156 1889 1375 1961 ﬂuvius,
1411 1903 1466 1950 et
1495 1895 1753 1953 continuo
1783 1897 1925 1955 ceci-

321 1970 405 2027 dit
432 1990 443 2025 :
473 1980 528 2027 et
558 1973 697 2030 facta
730 1989 812 2033 est
841 1980 997 2036 ruina
1032 1982 1227 2040 domus
1254 1985 1399 2043 illius
1430 2004 1646 2062 magna.

392 2062 543 2137 [Cap.
559 2065 672 2122 VII.
690 2072 897 2143 va,'5.]
917 2070 1053 2129 Cum
1070 2086 1250 2133 autem
1272 2078 1551 2150 implesset
1565 2083 1746 2140 omnia
1764 2084 1930 2143 verba

321 2172 418 2213 sua
444 2162 494 2213 in
518 2175 681 2218 aures
704 2164 900 2234 plebis,
922 2168 1560 2243 intravitCapharnaum.
1579 2178 1927 2238 Centurionis

318 2260 501 2307 autem
523 2254 805 2326 cujusdam
830 2274 1020 2317 servus
1041 2264 1183 2320 male
1199 2264 1433 2333 habens,
1452 2277 1570 2324 erat
1592 2273 1916 2328 moriturus:

316 2347 410 2418 qui
445 2348 517 2403 illi
542 2353 964 2422 eratpretiosus.
998 2357 1209 2415 Etcum
1239 2360 1483 2420 audisset
1501 2362 1709 2422 deJesu
1734 2409 1747 2434 ,
1780 2367 1927 2423 misit

318 2441 388 2497 ad
420 2458 543 2499 eum
564 2446 807 2505 seniores
830 2449 1138 2509 Judaeorum
1157 2468 1352 2527 rogans
1367 2472 1513 2529 eum,
1542 2468 1599 2516 ut
1622 2460 1851 2527 veniret,
1872 2471 1925 2518 et

318 2537 788 2599 salvaretservum
816 2544 953 2616 ejus.
985 2547 1055 2603 At
1082 2548 1160 2604 illi
1186 2565 1311 2606 cum
1326 2553 1682 2610 venissentad
1712 2554 1919 2627 Jesum,

318 2636 587 2705 rogabant
617 2652 741 2693 eum
772 2640 1290 2713 sollicite,dicentes
1310 2649 1358 2704 ei
1388 2667 1400 2703 τ
1432 2648 1566 2718 Quia
1593 2650 1787 2721 dignus
1816 2659 1919 2721 est,

316 2739 376 2784 ut
404 2729 507 2785 hoc
532 2731 613 2788 illi
642 2746 887 2805 praestes.
930 2739 1119 2811 Diligit
1141 2743 1284 2798 enim
1318 2752 1531 2816 gentem
1562 2756 1838 2803 nostram:
1868 2758 1923 2806 et

314 2838 646 2898 synagogam
666 2831 780 2902 ipse
801 2834 1087 2891 aedificavit
1104 2838 1278 2895 nobis.
1301 2841 1329 2896 J
1336 2855 1464 2897 esus
1480 2852 1658 2899 autem
1675 2843 1780 2898 ibat
1797 2858 1919 2900 cum

322 2917 455 2973 illis.
505 2920 573 2976 Et
599 2936 721 2978 cum
743 2925 855 2994 jam
888 2943 996 2984 non
1026 2929 1189 3003 longe
1214 2944 1359 2989 esset
1386 2950 1414 2989 a
1447 2935 1610 2991 domo
1636 2980 1649 3002 ,
1680 2937 1829 2993 misit
1853 2938 1920 2993 ad

316 3026 443 3068 eum
472 3014 736 3075 Centurio
764 3021 993 3091 amicos,
1024 3022 1212 3081 dicens
1238 3043 1252 3084 :
1288 3027 1535 3096 Domine,
1562 3030 1672 3085 noli
1701 3031 1917 3086 vexari:

314 3102 441 3160 Non
474 3110 618 3164 enim
648 3125 767 3167 sum
799 3113 1027 3185 dignus,
1058 3124 1120 3173 ut
1158 3118 1258 3174 sub
1290 3128 1489 3176 tectum
1515 3137 1693 3178 meum
1724 3122 1914 3181 intres.

314 3197 556 3271 Propter
583 3205 727 3275 quod
755 3215 809 3263 ct
839 3224 925 3266 me
956 3211 1132 3281 ipsum
1166 3229 1272 3269 non
1306 3231 1423 3270 sum
1444 3216 1663 3287 dignum
1687 3218 1919 3273 arbitra-

313 3302 433 3359 tus,
462 3306 517 3352 ut
544 3299 785 3357 venirem
826 3303 891 3359 ad
923 3312 1012 3362 te:
1045 3306 1140 3363 sed
1175 3308 1262 3363 dic
1294 3311 1460 3366 verbo
1485 3354 1498 3377 ,
1546 3320 1599 3367 et
1637 3311 1918 3369 sanabitur

2028 666 2119 739 5.]
2148 666 2218 723 Et
2241 667 2630 724 nuntiaverunt
2648 666 2843 723 Joanni
2869 667 3118 740 discipuli
3143 670 3261 740 ejus
3279 671 3348 728 de
3369 673 3621 731 omnibus

2026 761 2131 818 his.
2175 763 2244 819 Et
2270 763 2593 820 convocavit
2624 762 2761 818 duos
2792 762 2861 819 de
2898 762 3178 836 discipulis
3208 766 3320 821 suis
3357 765 3617 838 Joannes,

2028 864 2081 912 et
2116 855 2262 911 misit
2298 856 2363 911 ad
2395 857 2605 922 Jesum,
2639 855 2833 913 dicens
2858 872 2870 910 :
2895 855 2977 912 Tu
3012 871 3072 914 es
3102 857 3196 929 qui
3224 865 3487 915 venturus
3518 874 3576 917 es
3598 902 3615 928 ,
3642 907 3649 918 .

2028 965 2094 1006 an
2135 951 2301 1008 alium
2349 952 2772 1024 exspectamus?
2813 952 2948 1009 Cum
2996 962 3179 1011 autem
3222 955 3507 1012 venissent
3549 955 3618 1012 ad

2027 1060 2150 1102 eum
2195 1047 2322 1117 viri,
2367 1048 2665 1105 dixerunt:
2695 1048 2930 1104 Joannes
2962 1049 3208 1121 Baptista
3255 1052 3403 1108 misit
3432 1066 3531 1108 nos
3555 1052 3622 1108 ad

2030 1148 2104 1208 te,
2136 1141 2326 1199 dicens
2354 1160 2367 1200 :
2402 1143 2483 1198 Tu
2511 1158 2571 1199 es
2600 1142 2695 1215 qui
2727 1151 2988 1200 venturus
3014 1158 3095 1212 es,
3128 1160 3198 1199 an
3234 1145 3397 1201 alium
3426 1162 3628 1218 exspe-

2030 1237 2271 1293 ctamus?
2313 1237 2410 1308 (in
2442 1237 2564 1308 ipsa
2596 1247 2777 1295 autem
2813 1237 2947 1294 hora
2975 1238 3176 1295 multos
3207 1240 3421 1296 curavit
3447 1256 3476 1295 a
3509 1241 3626 1296 lan-

2030 1329 2314 1400 guoribus,
2364 1338 2418 1386 et
2461 1330 2658 1402 plagis,
2708 1340 2763 1387 et
2807 1330 3093 1402 spiritibus
3138 1332 3324 1399 malis;
3370 1342 3425 1388 et
3469 1333 3628 1389 crucis

2029 1421 2216 1477 multis
2244 1421 2470 1477 donavit
2507 1422 2743 1494 visum.)
2784 1423 2848 1478 Et
2890 1423 3254 1493 respondens,
3298 1423 3434 1479 dixit
3477 1424 3624 1479 illis:

2031 1517 2240 1575 Euntes
2258 1517 2286 1556 δ
2317 1519 2628 1575 renuntiate
2650 1520 2851 1575 Joanni
2878 1536 2997 1591 quae
3018 1520 3250 1576 audistis
3266 1562 3281 1589 ,
3311 1530 3365 1577 ct
3391 1520 3631 1578 vidistis:

2030 1613 2166 1681 Quia
2198 1614 2328 1670 casei
2359 1614 2570 1681 vident,
2597 1615 2775 1671 claudi
2798 1614 3097 1682 ambulant,
3130 1615 3331 1686 leprosi
3363 1618 3632 1673 mundan—

2030 1713 2138 1773 tur,
2160 1705 2309 1761 surdi
2336 1706 2584 1775 audiunt,
2610 1706 2811 1763 mortui
2834 1716 3149 1780 resurgunt,
3181 1723 3453 1782 pauperes
3472 1726 3634 1768 evan-

2030 1802 2334 1873 gelizantur
2361 1820 2372 1855 :
2396 1812 2453 1859 et
2474 1802 2665 1858 beatus
2693 1812 2778 1859 est
2800 1803 3125 1875 quicumque
3152 1820 3261 1860 non
3284 1803 3454 1861 fuerit
3474 1820 3632 1864 scané

2030 1897 2299 1955 dalizatus
2329 1899 2383 1955 in
2425 1914 2535 1955 me.
2572 1898 2643 1954 Et
2684 1914 2810 1955 cum
2839 1898 3225 1958 discessissent
3254 1902 3430 1957 nuntii
3469 1902 3609 1959 Joan

1962 1987 2011 2049 B
2038 1993 2145 2061 nis,
2177 1994 2343 2064 coepit
2373 1993 2441 2050 de
2469 1993 2679 2049 Joanne
2708 1993 2895 2050 dicere
2924 1994 2991 2049 ad
3024 1995 3214 2051 turbas
3236 1995 3407 2065 :Quid
3444 1995 3633 2056 existis

2034 2089 2091 2145 in
2132 2088 2410 2146 desertum
2456 2089 2679 2145 videre?
2716 2089 3038 2146 arundinem
3086 2098 3253 2148 vento
3284 2102 3305 2129 ε
3336 2092 3636 2163 agitatam?

2032 2182 2139 2239 Sed
2168 2184 2297 2254 quid
2340 2182 2535 2239 existis
2564 2182 2789 2238 videre?
2831 2182 3112 2239 hominem
3158 2183 3422 2239 mollibus
3470 2184 3637 2241 vesti-

2032 2278 2231 2335 mentis
2262 2278 2549 2333 indutum?
2583 2278 2724 2334 Ecce
2758 2276 2848 2348 qui
2886 2279 2939 2334 in
2968 2286 3119 2335 veste
3152 2280 3394 2349 pretiosa
3428 2290 3555 2336 sunt
3584 2289 3638 2337 et

2030 2372 2267 2438 deliciis,
2292 2373 2349 2427 in
2377 2371 2630 2429 domibus
2656 2388 2841 2443 regum
2864 2381 3013 2428 sunt.
3044 2372 3150 2429 Sed
3188 2373 3315 2443 quid
3343 2375 3536 2430 existis
3558 2375 3640 2430 vi-

2030 2468 2198 2523 dere?
2227 2468 2597 2538 Prophelam?
2634 2468 2828 2538 Utique
2870 2466 2995 2523 dico
3034 2468 3210 2535 vobis,
3255 2478 3310 2524 et
3347 2469 3633 2540 plusquam

2028 2560 2353 2631 prophetam
2385 2577 2397 2613 :
2428 2560 2590 2632 [Lxx,
2619 2558 2717 2633 2.]
2750 2559 2836 2615 hic
2863 2568 2969 2629 est,
3003 2559 3074 2616 de
3102 2575 3211 2631 quo
3241 2562 3504 2631 scriptum
3527 2572 3631 2619 est:

2028 2652 2171 2709 Ecce
2199 2653 2355 2709 mitto
2395 2654 2648 2725 angelum
2685 2669 2865 2709 meum
2914 2661 3042 2710 ante
3090 2652 3283 2710 faciem
3324 2662 3496 2722 tuam,
3540 2657 3634 2727 qui

2029 2748 2360 2819 praeparabit
2382 2750 2524 2804 viam
2559 2756 2707 2803 tuam
2731 2759 2859 2803 ante
2883 2756 2955 2803 te.
2991 2748 3169 2819 μω,
3204 2748 3298 2821 5.]
3327 2748 3461 2805 Dico
3487 2752 3633 2806 enim

2028 2841 2185 2897 vobis
2214 2860 2227 2895 :
2252 2841 2425 2913 Major
2454 2842 2596 2898 inter
2625 2852 2780 2897 natos
2806 2842 3094 2898 mulierum
3127 2843 3395 2913 propheta
3421 2846 3635 2903 Joanne

2026 2934 2274 3005 Baptista
2326 2949 2489 2991 nemo
2520 2943 2622 2990 est.
2654 2935 2757 3004 Qui
2786 2944 2967 2991 autem
3014 2934 3196 2991 minor
3242 2944 3326 2994 est
3363 2938 3418 2994 in
3462 2952 3634 3011 regno

2025 3028 2145 3097 Dei,
2186 3031 2358 3101 major
2385 3040 2471 3088 est
2504 3031 2619 3087 illo.

2097 3128 2282 3198 [tum
2307 3126 2420 3199 10.]
2439 3127 2505 3181 Et
2525 3126 2701 3182 omnis
2717 3126 2946 3198 populus
2960 3128 3183 3184 audiens
3200 3136 3254 3184 et
3266 3128 3538 3200 publicani
3544 3130 3633 3201 ju-

2023 3220 2394 3278 stiiicaverunt
2424 3222 2615 3287 Deum,
2643 3221 2896 3292 baptizati
2917 3222 3185 3293 baptismo
3216 3224 3460 3282 Joannis.
3494 3226 3636 3282 Pha-

2022 3315 2168 3370 riszci
2198 3325 2401 3383 autem,
2421 3325 2476 3373 et
2506 3315 2641 3387 legis
2672 3316 2831 3386 periti
2865 3317 3153 3374 consilium
3180 3319 3277 3376 Dei
3304 3330 3631 3392 spreverunt

312 3402 452 3459 puer
482 3408 656 3449 meus.
681 3395 813 3451 Nam
836 3408 890 3453 et
912 3414 1011 3471 ego
1028 3400 1194 3456 homo
1226 3418 1345 3459 sum
1375 3406 1474 3463 sub
1490 3414 1757 3476 potestate
1787 3422 1918 3464 con-
1950 3387 1995 3452 C
2026 3409 2081 3464 in
2100 3410 2445 3481 semetipsos,
2481 3426 2588 3467 non
2617 3411 2876 3483 baptizati
2909 3414 2977 3469 ab
3008 3428 3094 3469 eo.
3130 3412 3156 3449 ἀ
3185 3414 3275 3469 Ait
3305 3427 3485 3471 autem
3516 3416 3627 3473 Do-

310 3484 566 3556 stitutus,
609 3490 816 3547 habens
846 3494 948 3549 sub
975 3511 1061 3551 me
1102 3497 1300 3554 milites
1328 3517 1342 3554 :
1376 3508 1431 3555 et
1468 3500 1591 3556 dico
1621 3500 1780 3569 huic,
1812 3502 1920 3557 Va-

314 3578 418 3647 de,
462 3590 518 3636 et
558 3583 743 3651 vadit;
786 3596 838 3642 et
880 3588 990 3655 alii,
1032 3588 1199 3655 Veni,
1240 3600 1293 3647 et
1331 3595 1518 3660 venit;
1554 3602 1609 3650 et
1648 3610 1770 3650 meo
1808 3610 1921 3651 ser-

309 3686 421 3740 vo,
475 3675 582 3731 Fac
623 3676 764 3747 hoc,
817 3689 872 3736 et
922 3681 1071 3739 facit.
1120 3682 1242 3751 Quo
1280 3686 1506 3756 audito,
1559 3688 1717 3744 Jesus
1756 3690 1919 3745 mira.

314 3774 402 3821 tus
437 3777 520 3823 est
550 3785 563 3822 :
606 3778 661 3826 et
690 3786 987 3830 conversus
1016 3778 1375 3848 sequentibus
1406 3794 1465 3835 se
1490 3781 1658 3836 turbis
1682 3823 1696 3847 ,
1730 3781 1871 3839 dixit
1902 3800 1914 3836 :

305 3860 485 3917 Amen
512 3872 538 3900 ει
569 3862 694 3920 dico
721 3867 875 3923 vobis
896 3912 909 3935 ,
960 3885 1062 3925 nec
1097 3871 1149 3925 in
1196 3871 1363 3928 Israel
1407 3882 1610 3929 tantam
1640 3875 1801 3932 ﬁdem
1836 3877 1916 3933 in-

302 3955 451 4009 veni.
489 3956 665 4029 [var,
706 3960 803 4032 5.]
836 3963 899 4016 Et
937 3967 1177 4033 reversi,
1211 3969 1300 4038 qui
1343 3969 1495 4025 missi
1526 3969 1766 4044 fuerant,
1805 3976 1908 4030 do.

304 4062 478 4115 mum,
533 4052 859 4110 invenerunt
905 4071 1147 4129 servum,
1196 4062 1287 4128 qui
1339 4065 1654 4135 languerat,
1698 4080 1909 4123 sanum.

311 4142 501 4213 [Lm-ii,
537 4146 649 4219 10.]
682 4149 745 4203 Et
790 4149 989 4208 factum
1027 4163 1112 4209 est
1145 4172 1158 4209 :
1192 4154 1449 4229 deinceps
1495 4159 1606 4214 ibat
1633 4160 1685 4216 in
1718 4162 1910 4219 civita-

302 4244 437 4307 tem,
472 4258 591 4311 qua:
626 4254 849 4302 vocatur
895 4246 1049 4305 Naim
1085 4266 1097 4303 :
1136 4260 1190 4305 et
1226 4251 1374 4306 ibant
1402 4268 1523 4309 cum
1563 4269 1629 4310 eo
1658 4256 1907 4327 discipuli

301 4333 455 4403 ejus,
488 4346 541 4391 et
570 4339 724 4394 turba
754 4342 999 4423 copiosa.
1044 4342 1182 4399 Cum
1223 4356 1402 4401 autem
1446 4349 1911 4422 appropinquaret

300 4438 476 4500 portas
507 4434 769 4506 civitatis,
796 4451 925 4494 ecce
950 4438 1233 4496 defunctus
1261 4441 1591 4500 efferebatur
1619 4446 1760 4501 illius
1790 4447 1910 4502 uni-

298 4538 396 4580 cus
440 4532 629 4585 matris
660 4546 773 4588 sua)
808 4550 820 4587 :
855 4542 911 4591 et
937 4534 1054 4592 hazc
1095 4536 1255 4593 vidua
1302 4546 1419 4595 erat
1455 4558 1466 4594 :
1499 4548 1555 4596 et
1583 4540 1739 4597 turba
1770 4543 1905 4598 civi-

300 4621 432 4675 tatis
464 4624 631 4680 multa
666 4640 788 4681 cum
830 4628 942 4683 illa.
978 4630 1150 4696 Quam
1180 4646 1302 4688 cum
1333 4632 1559 4689 vidisset
1602 4635 1863 4691 Dominus
1888 4677 1901 4703 ,

297 4714 674 4773 misericordia
705 4730 886 4779 motus
916 4738 1081 4795 super
1104 4740 1246 4793 eam,
1279 4725 1414 4782 dixit
1451 4727 1526 4781 illi
1555 4747 1565 4781 :
1595 4728 1715 4783 Noli
1746 4728 1898 4785 ﬂere.

2027 3504 2248 3560 minus:
2285 3505 2492 3577 [LXXII],
2530 3504 2611 3574 5.]
2634 3504 2729 3560 Cui
2760 3505 3112 3575 ergosimiles
3153 3505 3332 3562 dicam
3380 3508 3628 3566 homines

2024 3599 2391 3669 generationis
2415 3599 2615 3669 hujus?
2648 3609 2702 3655 et
2723 3601 2809 3654 cui
2834 3601 3041 3657 similes
3067 3604 3235 3657 sunt?
3264 3603 3483 3661 Similes
3504 3615 3635 3662 sunt

2024 3693 2211 3762 pueris
2251 3691 2573 3749 sedentibus
2615 3693 2672 3748 in
2718 3694 2856 3763 foro,
2899 3703 2954 3749 et
2992 3694 3342 3765 loquentibus
3374 3698 3440 3753 ad
3489 3699 3628 3756 invi-

2023 3800 2167 3855 cem,
2202 3795 2255 3842 ct
2283 3786 2591 3843 dicentibus
2622 3804 2637 3842 :
2666 3787 3019 3843 Cantavimus
3050 3789 3206 3845 vobis
3238 3789 3410 3860 tibiis,
3436 3802 3490 3849 et
3517 3808 3625 3851 non

2021 3880 2267 3936 saltastis
2302 3899 2315 3936 :
2348 3880 2795 3947 lamentavimus,
2847 3889 2903 3937 et
2933 3895 3042 3938 non
3090 3891 3113 3920 θ
3144 3883 3427 3955 plorastis.
3463 3885 3624 3942 Venit

2020 3975 2162 4031 enim
2192 3973 2430 4031 Joannes
2468 3975 2736 4047 Baptista,
2790 3990 2967 4047 neque
3018 3978 3354 4035 manducans
3390 3995 3619 4053 panem,

2018 4082 2194 4138 neque
2226 4068 2417 4124 bibens
2453 4067 2666 4140 vinum,
2699 4076 2756 4124 et
2786 4067 2967 4130 dicitis
3002 4088 3013 4124 :
3055 4070 3390 4127 Dmmonium
3432 4074 3616 4130 habet.

2018 4161 2183 4218 Venit
2211 4162 2383 4219 Filius
2408 4163 2647 4221 hominis
2680 4164 3036 4234 manducans,
3062 4175 3117 4221 et
3138 4167 3353 4235 bibens,
3387 4176 3442 4223 et
3461 4169 3617 4239 1dici-

2016 4256 2085 4311 tis
2113 4274 2125 4312 :
2157 4257 2296 4314 Ecce
2330 4257 2492 4317 homo
2513 4259 2835 4329 devoratur,
2868 4271 2923 4317 et
2948 4261 3141 4317 bibens
3170 4263 3381 4331 vinum,
3406 4266 3618 4323 amicus

2011 4350 2456 4423 publicanorum,
2502 4362 2556 4411 et
2584 4364 2956 4426 peccatorum.
2992 4353 3061 4409 Et
3086 4355 3383 4425 justiﬁcata
3416 4365 3497 4413 est
3527 4370 3615 4414 sa-

2012 4444 2213 4515 pientia
2242 4446 2310 4503 ab
2335 4446 2585 4504 omnibus
2620 4448 2746 4505 ﬁliis
2772 4448 2905 4505 suis.
2943 4450 3153 4523 [Lxxtv,
3191 4445 3284 4523 1,]
3326 4448 3609 4521 Rognbatf

2003 4549 2191 4594 autem
2240 4539 2392 4596 illum
2436 4540 2657 4613 quidam
2690 4542 2760 4598 de
2790 4541 3117 4609 Pharisaeis,
3163 4551 3223 4598 ut
3258 4544 3615 4601 manducaret

2008 4646 2134 4689 cum
2180 4633 2293 4688 illo.
2338 4634 2406 4689 Et
2443 4636 2727 4706 ingressus
2773 4635 2995 4692 domum
3023 4635 3276 4706 phariszei
3306 4635 3606 4693 discubuit.

2008 4724 2079 4781 Et
2110 4741 2237 4783 ecce
2264 4726 2494 4795 mulier,
2534 4744 2659 4799 quae
2703 4740 2823 4785 erat
2862 4729 2919 4785 in
2964 4729 3185 4786 civitate
3223 4733 3519 4802 peccatrix,
3554 4741 3613 4788 ut

296 4804 366 4862 Et
399 4813 648 4880 accessit,
676 4824 730 4871 et
777 4816 955 4889 tetigit
982 4818 1217 4874 loculum
1252 4819 1346 4891 (hi
1370 4829 1571 4889 autem,
1606 4823 1695 4894 qui
1720 4832 1901 4893 porta—
1929 4806 1982 4868 D
2009 4822 2267 4890 cognovit
2293 4820 2437 4892 quod
2466 4823 2815 4879 accubuisset
2845 4822 2902 4879 in
2926 4824 3091 4880 domo
3118 4824 3395 4895 pharisaei,
3432 4824 3612 4881 attulit

293 4898 448 4967 bant,
479 4908 803 4980 steterunt).
833 4909 899 4964 Et
921 4910 1018 4979 ait,
1050 4911 1404 4979 Adolescens,
1436 4914 1529 4969 tibi
1553 4913 1694 4983 dico,
1716 4931 1893 4987 surge.

294 4992 364 5048 Et
395 4998 600 5053 resedit
628 5001 718 5072 qui
746 5011 863 5058 erat
892 5015 1165 5074 mortuus,
1201 5015 1254 5063 et
1284 5007 1455 5078 coepit
1495 5008 1664 5079 loqui.
1695 5009 1761 5065 Et
1798 5008 1897 5066 de-

292 5086 377 5146 dit
404 5091 555 5148 illum
584 5096 743 5151 matri
774 5112 907 5154 suze.
943 5101 1169 5172 Accepit
1198 5112 1377 5159 autem
1403 5120 1591 5160 omnes
1619 5105 1814 5161 timor:
1844 5114 1900 5162 et

289 5185 722 5254 magnificabant
752 5190 920 5248 Deum
943 5239 957 5263 ,
993 5193 1275 5252 dicentes:
1303 5197 1439 5265 Quia
1484 5198 1743 5268 prepheta
1784 5216 1897 5255 ma-

287 5289 432 5347 gnus
453 5281 700 5337 surrexit
722 5283 776 5339 in
800 5285 955 5343 nobis
983 5304 995 5342 :
1018 5296 1072 5344 et
1096 5289 1218 5359 quia
1244 5290 1387 5346 Deus
1416 5289 1655 5346 visitavit
1682 5291 1893 5362 plebem

287 5384 468 5428 suam.
503 5375 727 5449 [mnu
762 5378 890 5452 10.]
920 5381 988 5439 Et
1014 5383 1251 5442 exiithic
1284 5401 1466 5442 sermo
1490 5386 1544 5441 in
1579 5386 1892 5443 universam

364 5547 393 5575 ει
435 5538 717 5621 Bis_Aru_en
747 5546 943 5621 repetit
982 5563 1117 5604 unus
1148 5546 1368 5620 Reginae
1404 5566 1506 5605 ms.
1540 5551 1893 5621 quemadmo-

284 5608 418 5691 dum
448 5620 506 5666 ct
535 5612 589 5694 i_n
621 5608 825 5671 Graecis
848 5608 1257 5694 exemplaribus
1274 5608 1880 5694 plerisque'retinetur:

283 5687 339 5736 in
375 5698 483 5737 uno
513 5687 753 5742 alterove
783 5691 953 5745 semel
980 5687 1197 5748 dicitur.

356 5753 384 5791 δ
426 5754 609 5837 ςέοδμθί
637 5773 769 5814 mss.
810 5763 922 5837 pari
952 5780 1142 5837 names
1172 5781 1461 5837 consensu,
1495 5770 1808 5827 renuntiate.

361 5837 383 5864 ε
431 5826 742 5907 Vali_calLus,
777 5826 831 5887 et
860 5834 965 5889 duo
994 5835 1215 5907 Regina:
1247 5854 1377 5893 mss.
1409 5826 1716 5898 arundinem
1738 5826 1883 5898 uento

280 5901 514 5954 moveri?
544 5900 605 5955 lu
635 5902 832 5961 Graeco
862 5916 968 5975 est,
998 5900 1219 5982 κάὶῖαμον
1246 5912 1349 5967 ὑπὸ
1377 5914 1565 5986 ἀνέμου
1600 5916 1883 5989 σαλευόμε-

282 5987 367 6026 νον
377 6014 389 6024 .

354 6039 383 6080 τι
428 6040 627 6115 Verba,
668 6048 741 6105 ait
785 6060 957 6109 autem
989 6050 1266 6127 Dominus,
1315 6072 1437 6129 quae
1478 6064 1533 6118 et
1577 6058 1629 6115 in
1674 6058 1883 6117 Grtecis

2010 4917 2335 4973 alabastrum
2362 4919 2627 4990 unguenti
2650 4936 2664 4974 :
2684 4930 2738 4976 et
2757 4929 2912 4977 stans
2932 4928 3081 4977 retro
3100 4936 3261 4977 secus
3286 4920 3452 4991 pedes
3470 4920 3609 4991 ejus,

2008 5013 2261 5087 lacrymis
2286 5016 2452 5086 coepit
2482 5014 2666 5086 rigare
2695 5016 2862 5087 pedes
2894 5016 3035 5087 ejus,
3081 5024 3133 5071 et
3159 5014 3380 5087 capillis
3412 5014 3608 5085 capitis

2002 5112 2085 5168 sui
2121 5111 2388 5183 tergebat,
2417 5117 2473 5167 et
2502 5111 2855 5167 osculabatur
2884 5110 3051 5182 pedes
3073 5111 3211 5180 ejus,
3245 5119 3300 5167 et
3330 5117 3611 5180 unguento

2002 5204 2255 5275 ungebat.
2307 5203 2509 5260 Videns
2557 5213 2740 5261 autem
2787 5204 3115 5275 pharismus,
3166 5203 3257 5273 qui
3310 5209 3605 5260 vocaverat

1999 5312 2147 5367 eum,
2196 5297 2273 5353 ait
2309 5298 2449 5353 intra
2483 5312 2545 5353 se
2597 5297 2786 5353 dicens
2822 5314 2835 5350 :
2870 5296 2968 5352 Hic
3016 5294 3063 5350 si
3105 5302 3255 5350 esset
3294 5296 3561 5367 propheta
3586 5340 3599 5367 ,

2000 5393 2168 5450 sciret
2199 5392 2408 5464 utique,
2439 5406 2561 5462 qua:
2590 5400 2645 5448 et
2668 5390 2848 5464 qualis
2878 5398 2961 5447 est
2993 5398 3018 5439 8
3051 5389 3274 5460 mulier,
3322 5407 3447 5464 quae
3480 5400 3603 5451 tan-

2000 5553 2279 5611 nonnullis
2309 5552 2715 5623 exemplaribus
2758 5552 3161 5619 desiderantur,
3212 5554 3388 5610 nostri
3432 5555 3599 5615 etiam

1995 5642 2128 5683 mss.
2163 5628 2435 5697 ignorant.

2063 5709 2085 5736 θ
2129 5698 2288 5774 Unus
2318 5697 2608 5774 Vaticanus
2642 5712 2743 5752 ms.
2789 5706 2857 5769 et,
2878 5715 2983 5753 non
3017 5701 3295 5771 ptanccistis
3320 5717 3339 5757 :
3365 5700 3591 5774 Graece,

1991 5774 2077 5831 καὶ
2102 5772 2194 5827 οὐκ
2223 5771 2522 5828 ἐκλαύσατε.

2066 5842 2088 5881 τ
2132 5844 2231 5899 Hic
2264 5858 2399 5920 cum
2438 5840 2701 5920 Vaticano
2739 5858 2877 5899 unus
2919 5844 3144 5917 Reginae
3190 5861 3293 5902 ms.
3338 5848 3598 5920 Rogavit,

1991 5931 2090 5987 pro
2127 5916 2344 5987 rogabat
2370 5931 2387 5969 :
2415 5929 2541 5970 mox
2579 5916 2698 5983 pari
2737 5932 2928 5973 omnes
2975 5916 3275 5988 censensu,
3318 5916 3589 5988 accubuit,

1990 6004 2090 6059 pro
2128 5988 2461 6043 accubuisset.

2068 6069 2092 6110 κ
2135 6059 2282 6117 Idem
2312 6074 2415 6116 ms.
2446 6076 2561 6132 qua:
2590 6071 2636 6117 et
2663 6061 2832 6133 qualis
2864 6060 3054 6117 mulier
3086 6071 3236 6131 esset,
3272 6069 3379 6120 etc.
