4166 6336
569 387 676 446 8’25
1579 373 1639 430 S.
1680 366 2063 429 HIEBONYMI
2103 361 2337 424 DIVINA
2375 360 2850 421 BlBLlOTHECA.
3765 354 3867 412 6%

568 506 646 575 git
682 514 805 557 eum
840 515 853 554 :
883 497 1006 570 quia
1047 493 1326 567 peccatrix
1367 499 1472 548 est.
1507 489 1575 545 Et
1614 489 1959 562 respondens
2003 488 2167 544 Jesus
2195 487 2252 548 Α
2275 485 2555 556 etoptimo
2583 482 2868 539 audientes
2895 475 3122 533 verbum
3153 473 3421 540 retinent,
3455 478 3511 528 et
3541 471 3775 528 fructum
3799 473 3875 528 af-

570 568 709 654 dixit
737 594 805 651 ad
837 568 990 650 illum
1023 608 1038 651 :
1065 589 1280 655 Simon,
1303 586 1483 642 habeo
1507 585 1600 641 tibi
1632 583 1836 656 aliquid
1863 583 2068 639 dicere.
2102 579 2172 634 At
2272 582 2452 638 ferunt
2477 581 2529 635 in
2574 578 2855 650 patientia.
2889 574 3121 649 μυίης,
3151 571 3245 645 2.]
3276 569 3447 627 Nemo
3477 577 3656 624 autem
3702 568 3878 622 lucer-

571 691 666 747 ille
694 690 768 745 ait
801 706 815 744 :
844 686 1122 758 Magister,
1155 684 1259 739 die.
1291 683 1420 738 'Duo
1461 677 1739 735 debitores
1767 685 1930 733 erant
1955 672 2168 730 cuidam

575 782 878 842 feneratori
911 794 1090 836 :unus
1129 775 1365 834 debebat
1409 771 1664 830 denarios
1715 769 2076 842 quingentos,
2119 773 2176 821 et

574 880 713 936 alius
747 875 1160 950 quinquaginta.
1193 871 1312 928 Non
1355 866 1680 925 habentibus
1720 863 1830 920 illis
1868 861 2013 918 unde
2042 859 2173 914 red—

578 975 793 1040 derent,
817 971 1042 1028 donavit
1085 966 1357 1036 utrisque.
1403 962 1537 1030 Quis
1575 974 1710 1030 ergo
1739 971 1862 1013 eum
1898 955 2020 1026 plus
2049 951 2174 1008 dili-

575 1067 689 1140 git?
729 1061 1091 1135 Respondens
1123 1058 1311 1116 Simon
1371 1054 1549 1111 dixit:
1575 1051 1810 1107 [Estimo
1859 1049 1986 1120 quia
2013 1046 2058 1101 is
2087 1043 2175 1100 cui

575 1139 701 1232 plus
742 1157 981 1216 donavit.
1021 1156 1093 1210 At
1138 1152 1229 1209 ille
1266 1151 1403 1208 dixit
1440 1149 1491 1205 ei
1521 1165 1536 1206 :
1562 1147 1733 1203 Recte
1777 1140 2058 1214 iudicasti.
2107 1139 2178 1195 Et

575 1266 877 1310 conversus
906 1249 975 1306 ad
1009 1247 1301 1303 mulierem
1335 1261 1349 1297 :
1376 1243 1516 1299 dixit
1560 1237 1810 1297 Simoni:
1843 1235 2011 1291 Vides
2038 1233 2179 1288 hanc

577 1344 896 1403 mulierem?
922 1339 1124 1400 intravi
1172 1339 1225 1395 in
1258 1338 1479 1394 domum
1514 1343 1686 1398 tuam,
1721 1344 1917 1401 aquam
1951 1325 2180 1398 pedibus

575 1442 716 1498 meis
743 1455 849 1497 non
877 1436 1076 1494 dedisti
1107 1454 1116 1489 :
1149 1436 1268 1489 haec
1297 1440 1480 1486 autem
1503 1425 1762 1498 lacrymis
1785 1423 1983 1493 rigavit
2014 1419 2180 1491 pedes

576 1551 755 1602 meos,
793 1543 850 1590 et
874 1529 1086 1602 capillis
1115 1527 1230 1583 suis
1263 1526 1442 1582 tersit.
1477 1522 1734 1578 Osculum
1766 1516 1900 1571 mihi
1947 1529 2055 1569 non
2087 1512 2183 1567 de-

575 1628 706 1684 disti
742 1643 756 1683 :
793 1626 910 1680 hrrc
957 1630 1139 1677 autem
1193 1635 1259 1675 ex
1310 1633 1417 1688 quo
1466 1613 1726 1676 intravit,
1787 1625 1893 1664 non
1945 1603 2184 1662 cessavit

579 1720 820 1777 osculari
855 1717 1023 1788 pedes
1045 1728 1216 1770 meos.
1249 1713 1381 1766 ()Ieo
1409 1719 1571 1780 caput
1603 1721 1782 1762 meum
1815 1719 1923 1759 non
1954 1698 2178 1756 unxisti:

578 1814 699 1868 haec
745 1820 926 1867 autem
979 1813 1255 1876 unguento
1305 1803 1459 1858 unxit
1503 1800 1670 1872 pedes
1717 1811 1891 1852 meos.
1944 1795 2179 1863 Propter

2275 690 2398 730 nam
2422 673 2750 740 accendens,
2783 669 2962 741 operit
2995 683 3113 725 eam
3146 681 3298 733 vase,
3331 673 3426 719 aut
3449 662 3642 717 subtus
3671 661 3874 716 lectum

2276 770 2426 841 ponit
2451 787 2462 823 :
2491 766 2588 824 sed
2618 781 2781 837 supra
2802 761 3193 821 candelabrum
3217 759 3390 831 ponit,
3418 765 3478 812 ut
3505 756 3772 812 intrantes
3797 753 3881 809 vi-

2275 865 2438 922 deant
2488 863 2690 919 lumen.
2727 862 2937 936 [Lxxx,
2967 858 3061 931 2.]
3092 857 3210 914 Non
3253 864 3337 912 est
3381 853 3526 912 enim
3573 852 3868 920 occultum,

2275 959 2418 1031 quod
2446 973 2553 1013 non
2584 954 2964 1012 manifestetur
2992 970 3005 1006 :
3034 967 3134 1008 nec
3165 949 3564 1012 absconditum,
3589 947 3735 1018 quod
3763 961 3874 1002 non

2276 1059 2660 1124 cognoscatur,
2695 1060 2750 1107 et
2776 1051 2828 1104 in
2868 1047 3047 1119 palam
3082 1045 3284 1103 veniat.
3317 1045 3506 1119 [Lxxt,
3553 1038 3646 1110 5.]
3685 1039 3881 1096 Videte

2278 1160 2409 1215 ergo
2436 1142 2713 1215 quomodo
2742 1139 2999 1195 audiatis.
3024 1137 3127 1206 Qui
3154 1137 3300 1193 enim
3331 1133 3516 1201 habet,
3541 1133 3760 1188 dabitur
3785 1131 3883 1186 illi:

2281 1249 2336 1295 et
2361 1238 2691 1310 quicumque
2715 1251 2820 1289 non
2846 1233 3032 1300 habet,
3058 1229 3393 1310 etiamquod
3416 1236 3640 1299 putatse
3655 1225 3886 1293 habere,

2281 1331 2560 1387 auferetur
2591 1330 2659 1384 ab
2703 1327 2821 1383 illo.
2855 1327 3096 1400 [Lxxxn,
3128 1322 3221 1396 2.]
3260 1322 3540 1378 Venerunt
3588 1329 3770 1375 autem
3817 1317 3886 1373 ad

2283 1425 2433 1479 illum
2479 1433 2655 1478 mater
2684 1430 2738 1476 ct
2768 1420 2964 1476 fratres
3005 1418 3145 1488 ejus,
3203 1427 3254 1472 et
3290 1431 3398 1471 non
3443 1423 3698 1486 poterant
3735 1412 3890 1469 adire

2281 1533 2402 1574 eum
2430 1531 2547 1588 prze
2577 1515 2761 1571 turba.
2798 1515 2863 1568 Et
2890 1513 3192 1569 nuntiatum
3217 1520 3299 1565 est
3333 1511 3411 1565 illi
3447 1527 3460 1564 :
3491 1509 3662 1565 Mater
3689 1520 3796 1574 tua,
3828 1516 3887 1564 et

2282 1612 2480 1666 fratres
2521 1610 2595 1664 tui
2645 1616 2793 1664 stant
2836 1605 2994 1673 foris,
3039 1605 3289 1661 volentes
3323 1613 3376 1661 te
3410 1604 3621 1659 videre.
3651 1603 3752 1670 Qui
3791 1618 3885 1659 re-

2283 1701 2579 1772 spondens,
2613 1699 2750 1756 dixit
2784 1699 2853 1756 ad
2885 1713 2981 1755 eos
3011 1716 3026 1754 :
3060 1699 3235 1753 Mater
3269 1712 3411 1760 mea,
3453 1704 3508 1752 et
3547 1696 3747 1751 fratres
3775 1694 3887 1750 mei

2286 1796 2340 1851 hi
2360 1804 2507 1862 sunt,
2531 1797 2619 1866 qui
2646 1795 2875 1850 verbum
2898 1793 2994 1847 Dei
3019 1791 3269 1856 audiunt,
3300 1799 3357 1846 et
3383 1788 3605 1845 faciunt.
3633 1788 3890 1861 [Lxxxm,

577 1904 720 1976 quod
745 1903 868 1958 dico
894 1900 988 1956 tibi
1019 1917 1032 1954 :
1058 1907 1082 1935 α
1105 1898 1479 1952 Remittuntur
1502 1894 1549 1948 ei
1581 1899 1802 1962 peccata
1828 1889 2022 1951 multa,
2046 1897 2180 1956 quo.

2288 1889 2368 1960 2.]
2401 1889 2626 1944 Factum
2659 1898 2743 1944 est
2767 1897 2947 1942 autem
2976 1886 3028 1940 in
3052 1899 3155 1939 una
3184 1883 3431 1939 dierum:
3457 1892 3512 1938 et
3544 1882 3662 1952 ipse
3694 1896 3894 1937 ascen-

578 1999 726 2054 niam
759 1996 950 2052 dilexit
981 1993 1229 2048 multum.
1261 1989 1364 2045 Cui
1402 1997 1581 2042 autem
1630 1986 1812 2040 minus
1856 1981 2176 2044 dimittitur,

579 2094 760 2149 minus
807 2089 1000 2162 diligit.
1048 2087 1192 2141 Dixit
1233 2096 1413 2138 autem
1459 2081 1525 2136 ad
1568 2079 1714 2134 illam
1750 2093 1766 2132 ι
1807 2075 2181 2130 Remittuntur

582 2187 682 2242 tibi
712 2193 954 2257 peccata.
993 2181 1061 2235 Et
1089 2182 1375 2247 coeperunt
1409 2173 1501 2246 qui
1541 2172 1705 2228 simul
1747 2165 2177 2229 accumbebant,

581 2284 772 2340 dicere
796 2281 939 2334 intra
971 2292 1030 2332 se
1062 2274 1231 2342 :Quis
1262 2281 1348 2328 est
1372 2269 1485 2337 hic,
1521 2267 1613 2339 qui
1643 2265 1808 2322 etiam
1839 2268 2064 2334 peccata
2098 2258 2181 2314 di-

582 2377 782 2434 mittit?
820 2375 961 2430 Dixit
992 2378 1172 2425 autem
1204 2367 1271 2422 ad
1303 2365 1590 2422 mulierem
1624 2378 1636 2414 :
1670 2359 1834 2414 Fides
1869 2366 1958 2412 tua
1990 2364 2043 2410 te
2071 2351 2182 2409 sal-

583 2485 709 2527 vam
737 2469 865 2526 fecit
896 2484 908 2519 :
940 2463 1079 2520 vade
1102 2463 1155 2516 in
1187 2475 1347 2531 pace.

647 2561 820 2637 jCap.
854 2559 987 2614 Vlll.
1017 2570 1178 2623 Lxxv,
1212 2551 1338 2624 10.]
1373 2550 1438 2605 Et
1463 2549 1665 2604 factum
1696 2553 1781 2602 est
1809 2543 2095 2613 deinceps,
2125 2549 2180 2596 et

582 2633 699 2730 ipse
729 2633 834 2712 iter
862 2652 1092 2709 faciebat
1128 2664 1226 2721 per
1255 2647 1283 2685 δ
1310 2645 1566 2702 civitates
1597 2651 1652 2698 et
1682 2638 1906 2695 castella
1927 2677 1942 2702 ,
1980 2633 2182 2706 prmdi-

581 2765 714 2808 cans
741 2758 796 2806 et
820 2746 1200 2817 evangelizans
1224 2755 1452 2812 regnum
1494 2736 1626 2792 Dei:
1650 2743 1708 2791 et
1742 2730 2032 2788 duodecim
2059 2742 2179 2784 cum

577 2847 697 2914 illo,
721 2854 777 2901 et
814 2844 1072 2900 mulieres
1096 2841 1314 2908 aliquas,
1348 2850 1468 2906 qua:
1493 2838 1652 2888 erant
1671 2837 1874 2886 curatae
1908 2841 1940 2880 a
1967 2821 2181 2894 spiriti-

578 2941 681 2996 bus
717 2937 992 3008 malignis,
1021 2942 1078 2990 et
1107 2929 1518 2987 infirmitatibus
1544 2944 1556 2980 :
1581 2925 1772 2988 Maria,
1801 2935 1926 2991 quae
1955 2927 2181 2974 vocatur

582 3029 924 3102 Magdalene.
966 3027 1036 3082 de
1075 3039 1181 3096 qua
1228 3031 1441 3092 septem
1491 3015 1764 3073 d:emonia
1815 3011 2081 3076 exierant,
2128 3013 2182 3062 et

579 3100 789 3182 Joanna
835 3136 978 3177 uxor
1012 3118 1208 3174 Chusae
1251 3110 1630 3185 procuratoris
1671 3104 1943 3172 llerodis,
1987 3110 2043 3156 et
2081 3100 2182 3154 Su-

580 3234 783 3285 sanna,
816 3225 872 3270 et
893 3213 1013 3268 aliae
1046 3211 1258 3275 multm,
1291 3221 1413 3278 qua:
1442 3199 1894 3258 ministrabantei
1922 3194 1990 3250 de
2016 3191 2180 3248 facul-

2282 1982 2364 2038 dit
2397 1982 2449 2036 in
2481 1979 2816 2047 naviculam,
2849 1988 2904 2034 et
2934 1976 3189 2046 discipuli
3231 1975 3370 2046 ejus,
3414 1984 3470 2030 et
3509 1973 3584 2028 ait
3614 1973 3682 2028 ad
3713 1973 3837 2029 illos
3870 1988 3886 2026 :

2283 2075 2724 2132 Transfretemus
2763 2083 2914 2130 trans
2959 2083 3238 2143 stagnum.
3284 2070 3352 2126 Et
3381 2067 3769 2125 ascenderunt.
3821 2069 3896 2124 Et

2285 2169 2663 2241 navigantibus
2691 2167 2820 2234 illis,
2853 2165 3212 2229 obdormivit,
3245 2171 3301 2220 et
3326 2163 3608 2220 descendit
3647 2163 3892 2232 procella

2282 2262 2427 2318 venti
2462 2261 2518 2316 in
2546 2271 2823 2330 stagnum,
2856 2268 2911 2314 et
2939 2256 3381 2327 complebantur,
3413 2265 3469 2310 et
3499 2253 3893 2324 periclitabanc

2283 2364 2394 2411 tur.
2413 2353 2753 2410 Accedentes
2780 2360 2964 2407 autem
2995 2348 3397 2406 suscitaverunt
3434 2363 3580 2414 eum,
3612 2348 3892 2403 dicentes:

2284 2447 2622 2518 Praeceptor,
2652 2445 2915 2516 perimus.
2941 2443 3013 2499 At
3035 2443 3127 2499 ille
3148 2455 3399 2514 surgens,
3427 2441 3729 2511 increpavit
3751 2456 3889 2496 ven-

2286 2552 2422 2609 tum,
2453 2549 2508 2597 et
2540 2547 2924 2610 tempestatem
2951 2552 3127 2608 aquas,
3159 2545 3214 2591 et
3241 2535 3475 2591 cessavit
3509 2552 3522 2589 :
3555 2543 3607 2590 et
3640 2533 3781 2590 facta
3805 2543 3894 2590 est

2285 2632 2668 2704 tranquillitas.
2705 2629 2848 2685 Dixit
2874 2638 3057 2685 autem
3083 2628 3190 2683 illis
3221 2646 3236 2683 :
3267 2625 3370 2684 Ubi
3397 2634 3482 2682 est
3505 2625 3642 2682 fides
3674 2625 3894 2682 vestra?

2283 2726 2388 2794 Qui
2435 2727 2716 2789 timentes,
2767 2722 2949 2778 mirati
2999 2731 3126 2776 sunt
3172 2719 3240 2775 ad
3287 2719 3544 2789 invicem,
3596 2719 3887 2775 dicentes:

2283 2820 2440 2889 Quis,
2461 2829 2641 2891 putas,
2669 2818 2758 2874 hic
2787 2828 2892 2884 est,
2924 2817 3049 2887 quia
3079 2825 3136 2873 et
3162 2815 3339 2871 ventis
3359 2825 3414 2872 et
3450 2815 3590 2870 mari
3619 2815 3894 2885 imperat,

2289 2923 2343 2968 et
2372 2911 2639 2968 obediunt
2664 2913 2748 2968 ei?
2774 2912 2842 2966 Et
2869 2911 3264 2981 navigaverunt
3300 2909 3368 2964 ad
3413 2910 3690 2980 regionem
3716 2909 3897 2966 Gera-

2283 3021 2563 3072 senorum,
2588 3021 2710 3077 qua:
2740 3013 2826 3062 est
2847 3015 3036 3060 contra
3060 3003 3364 3060 Galilteam.
3390 3003 3459 3058 Et
3481 3018 3605 3059 eum
3633 3017 3897 3073 egressus

2283 3107 2431 3154 esset
2455 3098 2523 3153 ad
2554 3108 2778 3164 terram,
2805 3097 3046 3153 occurrit
3068 3097 3143 3152 illi
3166 3096 3254 3152 vir
3275 3095 3512 3165 quidam,
3538 3097 3630 3167 qui
3655 3096 3900 3152 habebat

2283 3189 2608 3246 dazmonium
2627 3188 2738 3258 jam
2763 3189 3100 3259 temporibus
3123 3188 3332 3256 multis,
3357 3199 3414 3244 et
3435 3191 3757 3245 vestimento
3780 3204 3898 3244 non

586 3272 789 3368 iatibus
817 3306 952 3364 suis.
987 3307 1206 3379 [ωινμ
1362 3299 1496 3354 Cum
1529 3304 1711 3351 autem
1747 3291 1902 3348 turba
1953 3287 2181 3358 plurima
2210 3272 2258 3338 C
2289 3281 2639 3348 induebatur,
2673 3297 2853 3353 neque
2882 3281 2937 3337 in
2967 3281 3132 3337 domo
3177 3281 3453 3350 manebat,
3487 3281 3582 3338 sed
3610 3282 3665 3337 in
3691 3298 3900 3337 monu-

585 3402 966 3465 convenirent,
997 3409 1053 3455 et
1082 3398 1151 3453 de
1181 3393 1495 3451 civitatibus
1525 3394 1894 3460 properarent
1926 3383 1992 3438 ad
2027 3398 2181 3448 eum,

582 3499 720 3555 dixit
743 3511 840 3568 per
865 3491 1281 3550 similitudinem
1309 3505 1322 3540 :
1346 3486 1496 3541 Exiit
1517 3482 1608 3553 qui
1633 3481 1887 3545 seminat,
1913 3477 2185 3532 seminare

581 3606 775 3650 semen
803 3605 959 3645 suum
987 3604 999 3640 :
1025 3596 1078 3642 et
1108 3585 1234 3640 dum
1275 3579 1532 3642 seminat,
1578 3574 1728 3630 aliud
1773 3571 1972 3628 cecidit
2023 3583 2185 3625 secus

585 3687 753 3753 viam,
787 3692 842 3738 et
867 3679 1246 3738 conculcatum
1279 3683 1384 3738 est,
1419 3681 1473 3727 et
1498 3669 1754 3724 volucres
1777 3665 1907 3722 coeli
1937 3662 2186 3719 comede.

585 3784 712 3835 runt
743 3774 895 3831 illud.
931 3774 999 3829 Et
1020 3770 1165 3826 aliud
1194 3766 1391 3826 cecidit
1419 3778 1585 3834 super
1613 3770 1826 3832 petram
1867 3776 1878 3812 :
1911 3767 1966 3813 et
1998 3765 2184 3811 natum

584 3870 748 3935 aruit,
781 3867 908 3939 quia
937 3880 1048 3920 non
1091 3860 1329 3917 habebat
1356 3857 1667 3914 humorem.
1715 3852 1781 3907 Et
1811 3850 1955 3906 aliud
1987 3847 2189 3905 cecidit

585 3963 732 4020 inter
773 3963 981 4032 spinas,
1009 3965 1066 4014 et
1097 3953 1260 4010 simul
1305 3960 1515 4008 exorta:
1562 3947 1734 4017 spinae
1779 3941 2190 4000 suﬂ‘ocaverunt

587 4056 746 4114 illud.
783 4055 852 4110 Et
877 4051 1022 4108 aliud
1053 4049 1251 4106 cecidit
1291 4047 1345 4101 in
1388 4054 1588 4100 terram
1635 4041 1836 4096 bonam
1869 4046 1963 4092 :et
2006 4044 2186 4091 ortum

585 4153 714 4210 fecit
741 4149 980 4205 fructum
1011 4143 1350 4213 centuplum.
1390 4139 1518 4194 llaac
1539 4136 1726 4192 dicens
1751 4133 2026 4189 clamabat
2052 4130 2187 4198 :Qui

591 4246 755 4302 habet
792 4255 958 4297 aures
996 4235 1275 4302 audiendi,
1313 4232 1516 4289 audiat.
1565 4227 1980 4298 lnterrogabant
2006 4233 2188 4280 autem

586 4353 714 4397 eum
745 4335 998 4406 discipuli
1028 4332 1170 4402 ejus,
1202 4345 1325 4400 qua:
1347 4337 1495 4385 esset
1521 4326 1639 4382 haec
1665 4323 1948 4395 parabola.
1981 4320 2190 4390 Quibus

585 4433 704 4503 ipse
730 4429 867 4484 dixit
899 4444 913 4486 :
939 4426 1112 4482 Vobis
1152 4423 1336 4478 datum
1367 4430 1451 4477 est
1481 4434 1646 4475 nosse
1685 4416 2004 4489 mysterium
2036 4413 2191 4484 regni

587 4523 708 4592 Dei,
744 4524 975 4596 [Lxxvn,
1016 4516 1103 4589 1.]
1133 4515 1351 4572 caneris
1379 4523 1558 4569 autem
1589 4512 1644 4566 in
1677 4508 1952 4580 parabolis
1983 4523 1996 4559 :
2022 4517 2085 4560 ut
2113 4505 2194 4560 vi-

594 4617 786 4673 dentes
819 4629 925 4670 non
957 4610 1204 4677 videant,
1237 4617 1295 4664 et
1323 4606 1607 4662 audientes
1649 4617 1757 4659 non
1791 4600 2116 4672 intelligant.

2289 3378 2510 3432 mentis.
2540 3375 2613 3445 Is,
2647 3385 2705 3431 ut
2731 3376 2864 3431 vidit
2907 3376 3119 3444 Jesum,
3161 3377 3394 3446 procidit
3423 3387 3554 3433 ante
3592 3377 3747 3432 illum
3780 3396 3792 3431 :
3836 3386 3901 3434 et

2289 3471 2608 3527 exclamans
2630 3486 2765 3528 voce
2791 3485 2985 3542 magna
3007 3513 3020 3538 ,
3045 3470 3187 3527 dixit
3210 3487 3224 3525 :
3247 3470 3391 3538 Quid
3420 3470 3553 3526 mihi
3576 3481 3632 3528 et
3654 3471 3749 3527 tibi
3773 3481 3862 3528 est
3884 3513 3900 3540 ,

2288 3566 2444 3634 Jesu,
2484 3565 2586 3621 Fili
2608 3566 2702 3621 Dei
2733 3565 3024 3621 altissimi?
3054 3565 3286 3622 obsecro
3310 3575 3382 3629 te,
3403 3579 3474 3621 ne
3495 3581 3583 3622 me
3614 3574 3900 3637 torqueas.

2291 3662 2650 3734 Praecipiebat
2688 3662 2833 3718 enim
2877 3661 3095 3733 spiritui
3140 3661 3463 3730 immundo,
3492 3671 3552 3718 ut
3599 3663 3777 3719 exiret
3826 3664 3906 3721 ab

2288 3756 2534 3812 homine.
2569 3755 2754 3812 Multis
2793 3756 2938 3812 enim
2981 3755 3323 3827 temporibus
3365 3755 3668 3825 arripiebat
3705 3754 3907 3824 illum;

2286 3861 2343 3908 et
2371 3850 2719 3908 vinciebatur
2746 3852 2954 3908 catenis
2981 3862 3036 3908 et
3064 3851 3422 3922 compedibus
3459 3851 3792 3908 custoditus.
3827 3851 3908 3907 Et

2288 3946 2465 4016 ruptis
2496 3945 2735 4001 vinculis
2774 3946 3041 4017 agebatur
3077 3960 3106 3999 a
3145 3944 3418 4001 daemonio
3459 3944 3511 3999 in
3541 3943 3778 4000 deserta.
3809 3944 3908 4000 In-

2292 4041 2590 4112 terrogavit
2631 4050 2814 4095 autem
2871 4040 3027 4095 illum
3074 4039 3266 4102 Jesus.
3313 4038 3504 4095 dicens
3541 4055 3556 4095 :
3590 4037 3744 4108 Quod
3799 4037 3907 4095 tibi

2291 4149 2489 4190 nomen
2535 4134 2652 4190 est?
2679 4137 2749 4190 At
2790 4133 2882 4189 ille
2923 4133 3060 4188 dixit
3089 4153 3100 4187 :
3126 4131 3294 4204 Legio
3332 4150 3346 4186 :
3390 4132 3513 4204 quia
3561 4133 3912 4188 intraverant

2289 4229 2560 4285 dmmonia
2591 4228 2759 4284 multa
2788 4229 2840 4283 in
2871 4243 3016 4285 eum.
3053 4228 3119 4282 Et
3154 4227 3419 4298 rogabant
3463 4226 3640 4292 illum,
3687 4240 3756 4281 ne
3797 4225 3910 4280 im-

2292 4332 2509 4393 peraret
2534 4320 2665 4389 illis,
2695 4330 2756 4376 ut
2804 4320 2859 4375 in
2907 4320 3162 4392 abyssum
3196 4321 3358 4374 irent.
3406 4319 3535 4374 Erat
3583 4327 3765 4373 autem
3825 4318 3908 4374 ibi

2291 4433 2424 4488 grex
2457 4431 2751 4488 porcorum
2783 4414 3079 4470 multorum
3108 4412 3444 4484 pascentium
3473 4412 3525 4467 in
3575 4422 3758 4467 monte
3787 4427 3802 4465 :
3846 4418 3912 4466 et

2293 4509 2555 4580 mgabant
2585 4524 2732 4576 eum,
2765 4516 2825 4562 ut
2847 4507 3184 4577 permitteret
3211 4505 3292 4562 eis
3315 4506 3369 4561 in
3392 4505 3517 4561 illos
3542 4503 3776 4576 ingredi.
3830 4504 3907 4559 Et

2296 4604 2544 4677 permisit
2567 4604 2695 4660 illis.
2730 4603 3001 4660 Exierunt
3025 4616 3156 4674 ergo
3177 4601 3446 4658 daemonia
3477 4600 3547 4654 ab
3578 4599 3821 4664 homine,
3845 4607 3908 4654 et

663 4669 922 4783 j—Lxxvm,
953 4702 1042 4775 2.]
1073 4701 1170 4757 Est
1189 4669 1382 4756 autem
1410 4697 1529 4752 haec
1557 4694 1815 4766 parabola
1845 4669 2076 4750 :Semen
2109 4699 2184 4747 est

2299 4702 2645 4756 intraverunt
2677 4699 2730 4753 in
2761 4713 2957 4770 porcos
2988 4716 3000 4752 :
3025 4669 3305 4767 etimpetu
3335 4695 3466 4749 abiit
3485 4710 3617 4767 grex
3643 4709 3741 4764 per
3762 4707 3908 4764 prae-

591 4801 820 4860 verbum
844 4798 967 4854 Dei.
997 4797 1099 4864 Qui
1126 4805 1310 4850 autem
1352 4807 1512 4849 secus
1541 4790 1707 4856 viam,
1736 4788 1791 4843 hi
1820 4795 1949 4843 sunt
1976 4787 2068 4859 qui
2099 4802 2196 4842 au-

594 4893 792 4959 diunt;
834 4887 1034 4946 deinde
1078 4887 1228 4943 venit
1272 4884 1544 4950 diabolus,
1589 4892 1643 4937 et
1686 4881 1826 4936 tollit
1864 4879 2087 4936 verbum
2127 4878 2196 4935 de

593 4985 762 5044 corde
782 4997 997 5048 eorum,
1021 4995 1091 5036 ne
1111 4978 1400 5035 credentes
1423 4975 1557 5030 salvi
1588 4975 1736 5029 fiant.
1761 4973 1893 5028 Nam
1916 4975 2005 5043 qui
2032 4986 2196 5041 supra

596 5088 833 5152 petram,
865 5076 958 5148 qui
988 5089 1110 5130 cum
1151 5072 1445 5138 audierint,
1493 5085 1616 5124 eum
1653 5066 1851 5138 gaudio
1894 5065 2199 5134 suscipiunt

593 5172 844 5237 verbum,
880 5179 934 5225 et
971 5169 1025 5222 hi
1057 5164 1268 5221 radices
1305 5179 1412 5218 non
1458 5162 1703 5218 habent:
1733 5159 1827 5230 qui
1873 5160 1936 5214 ad
1980 5168 2195 5230 tempus

595 5264 827 5321 credunt
851 5271 908 5316 et
940 5260 993 5314 in
1037 5267 1285 5328 tempore
1336 5253 1659 5312 tentationis
1705 5251 1985 5307 recedunt.
2037 5252 2196 5320 Quod

599 5366 780 5412 autem
825 5355 878 5408 in
915 5353 1102 5423 spinas
1127 5349 1362 5407 cecidit:
1389 5348 1445 5402 hi
1483 5355 1630 5416 sunt,
1663 5346 1757 5416 qui
1807 5345 2120 5410 audierunt,
2144 5353 2200 5403 et

600 5464 630 5502 a
659 5444 1146 5510 sollicitudinibus,
1191 5451 1248 5497 et
1288 5441 1516 5507 divitiis,
1548 5449 1602 5495 et
1632 5440 1998 5510 voluptatibus
2042 5440 2195 5507 vitae,

601 5550 796 5600 euntes
828 5538 1194 5603 suﬁ'ocantur,
1229 5547 1422 5592 etnon
1455 5535 1702 5591 referunt
1742 5536 1997 5590 fructum.
2043 5534 2198 5602 Quod

601 5647 784 5695 autem
814 5637 867 5692 in
900 5636 1096 5692 bonam
1122 5641 1320 5689 terram
1346 5647 1361 5685 :
1384 5631 1438 5685 hi
1475 5638 1623 5697 sunt,
1653 5628 1742 5700 qui
1773 5629 1828 5682 in
1861 5629 2027 5686 corde
2057 5630 2200 5686 bono

676 5784 703 5813 ι
742 5773 802 5829 ln
832 5772 1012 5828 futuro
1045 5768 1394 5823 Remittentur
1426 5765 1648 5837 praefert
1690 5778 1830 5819 unus
1863 5763 2195 5836 Vaticanus,

607 5855 770 5914 atque
793 5844 937 5914 alter
951 5841 1174 5908 Reginae
1196 5855 1298 5895 ms.

674 5908 704 5958 5
742 5913 945 5975 Minori
971 5926 1200 5969 numero
1229 5927 1318 5982 per
1346 5911 1606 5966 civitatem
1635 5916 1682 5964 et
1717 5908 2009 5975 castellum,
2043 5909 2196 5980 juxta

2297 4808 2426 4863 ceps
2456 4793 2508 4848 in
2541 4802 2816 4862 stagnum,
2849 4802 2906 4846 et
2952 4789 3248 4846 suffocatus
3277 4796 3385 4844 est.
3440 4788 3594 4857 Quod
3642 4796 3700 4843 ut
3750 4787 3909 4844 vide-

2299 4896 2423 4942 runt
2450 4886 2647 4940 factum
2679 4885 2772 4957 qui
2823 4883 3143 4955 pascebant,
3207 4881 3491 4952 fugerunt,
3525 4888 3580 4936 et
3617 4881 3909 4936 nuntiave-

2300 4985 2427 5033 runt
2485 4977 2538 5032 in
2583 4977 2884 5042 civitatem,
2931 4983 2986 5030 et
3047 4974 3102 5028 in
3161 4972 3341 5027 villas.
3405 4971 3670 5026 Exierunt
3721 4981 3906 5026 autem

2303 5071 2494 5127 videre
2523 5071 2667 5142 quod
2696 5071 2900 5126 factum
2928 5079 3032 5137 est,
3083 5077 3139 5125 et
3171 5068 3438 5124 venerunt
3462 5067 3530 5123 ad
3567 5066 3750 5123 Jesum
3786 5085 3799 5120 :
3849 5076 3911 5124 et

2303 5168 2626 5242 invenerunt
2649 5167 2924 5222 hominem
2952 5165 3258 5228 sedentem,
3278 5179 3308 5220 a
3337 5179 3445 5236 quo
3464 5164 3734 5220 daemonia
3755 5165 3912 5220 exie-

2302 5271 2448 5328 rant,
2505 5261 2785 5328 vestitum,
2843 5276 2908 5316 ac
2955 5275 3086 5315 sana
3135 5269 3338 5327 mente,
3369 5258 3435 5313 ad
3481 5257 3649 5328 pedes
3677 5249 3818 5328 ejus,
3851 5265 3912 5313 et

2306 5353 2629 5410 timuerunt.
2659 5354 3054 5410 Ntmtiaverunt
3085 5361 3264 5408 autem
3297 5351 3407 5406 illis
3437 5365 3493 5410 et.
3521 5351 3613 5422 qui
3633 5350 3902 5418 viderant,

2301 5449 2577 5520 quomodo
2609 5464 2778 5505 sanus
2807 5449 2982 5505 factus
3034 5457 3183 5504 esset
3229 5463 3258 5501 a
3308 5445 3550 5516 legione;
3580 5455 3634 5501 et
3680 5459 3908 5515 rogave-

2308 5542 2605 5598 runtillum
2635 5544 2814 5598 omnis
2855 5541 3146 5598 multitudo
3199 5539 3438 5610 regionis
3479 5539 3901 5604 Gerasenorum,

2310 5643 2370 5688 ut
2393 5633 2700 5691 discederet
2727 5635 2794 5690 ab
2823 5635 2956 5706 ipsis
2991 5651 3004 5689 :
3037 5633 3164 5704 quia
3204 5648 3400 5703 magno
3422 5632 3620 5688 timore
3650 5630 3908 5688 teneban-

2307 5767 2577 5835 Graecum,
2607 5773 2738 5827 κατὰ
2766 5772 2912 5827 πόλιν
2943 5774 3031 5826 καὶ
3053 5774 3251 5842 κώμην,
3285 5767 3579 5826 Vaticanus
3602 5779 3656 5825 et
3687 5767 3904 5838 Regina:

2305 5855 2523 5911 quoque
2552 5857 2652 5897 ms.
2679 5842 2995 5914 prmferunt.
