4166 6336
379 309 490 368 625

1448 265 1896 367 nvanomun
1936 309 2309 368 SECUNDUM
2351 311 2604 370 LUCAM.

3577 319 3680 374 626

383 436 489 482 tur.
525 425 782 500 [Lxxxtv,
829 425 907 498 8.]
962 426 1082 498 Ipse
1109 435 1294 483 autem
1327 425 1629 483 ascendens
1659 426 1862 492 navim,
1889 441 1980 482 re-
2008 432 2064 493 Α
2087 435 2142 482 et
2173 426 2478 494 haesitabat,
2511 442 2577 482 eo
2613 427 2755 500 quod
2790 428 3066 484 diceretur
3097 445 3124 484 a
3154 429 3473 501 quibusdam
3504 450 3514 483 :
3547 431 3684 498 Quia

382 533 579 575 versus
609 529 716 576 est.
769 520 836 575 Et
876 520 1104 592 rogabat
1131 519 1284 576 illum
1332 521 1437 589 vir,
1488 536 1518 575 a
1566 535 1674 592 quo
1717 521 1985 576 daamonia

380 613 661 679 exierant,
685 622 742 668 ut
771 627 892 668 cum
916 628 984 669 eo
1009 622 1175 670 esset.
1205 613 1420 668 Dimisit
1442 623 1624 669 autem
1654 629 1778 670 eum
1804 615 1985 680 Jesus,

380 705 574 761 dicens
609 723 622 760 :
652 705 788 761 Redi
817 707 870 761 in
907 707 1130 763 domum
1163 715 1332 773 tuam,
1373 716 1430 762 et
1449 723 1613 770 narra
1661 720 1859 778 quanta
1889 709 1984 765 tibi

382 799 510 855 fecit
537 799 701 856 Deus.
733 801 799 856 Et
826 799 964 855 abiit
995 817 1090 871 per
1113 802 1422 857 universam
1456 801 1755 871 civitatem,
1795 803 1986 872 praedi-

380 907 514 949 cans
542 903 745 964 quanta
777 893 853 948 illi
883 893 1207 951 fecitJesus.
1245 895 1474 968 [Lxxxv,
1506 894 1585 967 2.]
1626 895 1848 950 Factum
1901 905 1985 951 est

377 996 564 1042 autem
615 1001 740 1044 cum
791 988 1045 1045 rediisset
1101 988 1281 1058 Jesus,
1332 989 1546 1059 excepit
1606 990 1754 1044 illum
1805 991 1981 1044 turba.

377 1079 549 1135 Erant
575 1081 720 1135 enim
768 1096 958 1137 omnes
988 1091 1379 1154 exspectantes
1403 1099 1551 1139 eum.
1578 1082 1645 1138 Et
1681 1099 1811 1140 ecce
1840 1086 1986 1140 venit

374 1175 484 1239 vir,
518 1175 609 1230 cui
655 1189 853 1230 nomen
893 1173 1095 1242 Jairus,
1143 1188 1197 1232 et
1247 1177 1364 1246 ipse
1402 1178 1649 1246 princeps
1694 1192 1984 1249 synagogas

375 1274 499 1322 erat
531 1287 542 1319 :
572 1278 627 1323 et
650 1268 850 1324 cecidit
896 1267 964 1324 ad
1004 1268 1170 1340 pedes
1196 1270 1348 1336 Jesu,
1385 1285 1583 1340 rogans
1612 1286 1760 1336 eum,
1800 1280 1856 1324 ut
1896 1270 1984 1325 in-

377 1368 555 1416 traret
607 1361 659 1415 in
692 1361 912 1417 domum
965 1362 1102 1432 ejus,
1129 1364 1255 1434 quia
1304 1364 1460 1419 unica
1510 1363 1615 1419 ﬁlia
1648 1375 1764 1420 erat
1794 1367 1842 1421 ei
1866 1365 1982 1420 fere

377 1468 649 1509 annorum
675 1453 989 1522 duodecim,
1017 1466 1073 1511 et
1099 1454 1216 1512 haec
1246 1457 1601 1514 moriebatur.
1640 1459 1704 1514 Et
1727 1460 1977 1530 contigit,

375 1546 507 1604 dum
533 1549 710 1616 iret,a
739 1549 914 1604 turbis
934 1549 1420 1620 comprimebatur.
1465 1552 1532 1606 Et
1581 1552 1775 1607 mulier
1823 1569 1979 1624 qua:-

374 1639 504 1697 dam
531 1651 650 1697 erat
675 1641 729 1697 in
752 1641 906 1696 fluxu
931 1643 1214 1714 sanguinis
1241 1644 1308 1699 ab
1338 1644 1497 1699 annis
1522 1643 1831 1714 duodecim,
1857 1661 1979 1716 quae

375 1733 434 1789 in
467 1733 708 1790 medicos
762 1745 1084 1806 erogaverat
1121 1750 1338 1791 omnem
1394 1737 1752 1793 substantiam
1800 1753 1974 1803 suam,

2088 521 2327 577 Joannes
2371 522 2609 577 surrexit
2638 536 2668 575 a
2718 522 3000 578 mortuis:
3043 538 3073 576 a
3127 524 3445 594 quibusdam
3499 541 3682 583 vero:

2088 616 2224 684 Quia
2257 616 2406 672 Elias
2439 617 2690 688 apparuit
2725 635 2737 670 :
2769 617 2838 672 ab
2864 617 2986 673 aliis
3006 628 3184 673 autem
3218 618 3389 686 :Quia
3416 621 3683 689 propheta

2087 724 2225 767 unus
2252 710 2320 766 de
2345 711 2582 782 antiquis
2609 710 2865 766 surrexit.
2901 711 2967 766 Et
2994 710 3068 766 ait
3097 711 3338 767 Herodes
3373 731 3384 766 ε
3414 711 3683 767 Joannem

2086 819 2188 875 ego
2208 803 2474 858 decollavi
2504 821 2519 856 :
2565 803 2696 872 Quis
2726 812 2809 858 est
2829 812 3008 860 autem
3034 804 3156 871 iste,
3183 804 3253 860 de
3289 821 3395 876 quo
3424 821 3524 876 ego
3555 806 3682 860 talia

2085 896 2287 951 audio?
2317 897 2383 951 Et
2406 897 2685 968 quaarebat
2715 898 2900 953 videre
2929 914 3075 954 cum.
3102 897 3233 970 [xcr,
3269 898 3346 970 8.]
3381 901 3448 954 [ﬁt
3476 899 3683 956 reversi

2085 989 2358 1060 Apostoli,
2416 1001 2772 1046 uarraverunt
2835 993 2909 1047 illi
2964 1008 3316 1064 quaecumque
3389 993 3680 1050 fecerunt:

2086 1081 2234 1154 μου,
2261 1080 2339 1153 5.]
2371 1091 2426 1138 et
2450 1084 2743 1154 assumptis
2766 1082 2872 1140 illis
2899 1085 3388 1140 secessitseorsum
3420 1087 3472 1141 in
3505 1087 3684 1141 locum

2086 1174 2384 1241 desertum,
2435 1177 2528 1247 qui
2560 1185 2644 1232 est
2697 1177 3020 1232 Bethsaidac.
3056 1177 3208 1246 Quod
3239 1194 3362 1233 cum
3391 1180 3681 1252 cognovis-

2083 1276 2207 1324 sent
2231 1268 2423 1334 turbae,
2454 1279 2654 1324 secutae
2699 1281 2825 1324 sunt
2880 1270 3031 1324 illum
3065 1286 3080 1325 :
3113 1280 3167 1326 et
3197 1271 3418 1341 excepit
3462 1286 3579 1339 eos,
3628 1280 3686 1328 et

2084 1361 2417 1432 loquebatur
2448 1363 2560 1419 illis
2587 1364 2656 1420 de
2687 1380 2855 1434 regno
2884 1364 3001 1433 Dei,
3035 1373 3090 1420 et
3134 1381 3253 1432 eos,
3304 1365 3398 1435 qui
3426 1381 3553 1422 cura
3600 1367 3684 1422 itt-

2083 1456 2360 1527 digebant,
2413 1457 2660 1512 sanabat.
2700 1457 2877 1529 [xcnt,
2911 1456 2986 1528 1.]
3047 1457 3170 1513 Dies
3223 1468 3401 1514 autem
3447 1469 3689 1529 ccepcrat

2081 1549 2378 1606 declinare.
2429 1550 2494 1605 Et
2542 1550 2867 1606 accedentes
2921 1550 3209 1606 duodecim
3269 1551 3626 1606 dixeruutilli
3661 1568 3681 1606 :

2083 1644 2301 1700 Dimitte
2329 1643 2536 1710 turbas,
2567 1653 2627 1697 ut
2658 1653 2852 1700 euntes
2882 1644 2932 1698 in
2978 1645 3205 1699 castella
3259 1643 3520 1715 villasque
3562 1659 3683 1714 qua:

2082 1737 2226 1792 circa
2273 1746 2419 1802 sunt,
2453 1736 2746 1802 divertant,
2790 1747 2844 1793 et
2883 1737 3158 1792 inveniant
3199 1752 3354 1792 escas
3387 1754 3400 1791 :
3434 1738 3560 1806 quia
3594 1737 3683 1790 hic

375 1839 481 1882 nec
505 1825 574 1882 ab
596 1826 710 1882 ullo
741 1826 916 1898 potuit
957 1827 1138 1883 curari
1165 1845 1177 1881 :
1235 1827 1466 1883 accessit
1509 1840 1674 1896 retro,
1711 1840 1767 1885 et
1798 1832 1973 1902 tetigit
2002 1838 2050 1898 B
2081 1830 2133 1886 in
2157 1831 2278 1887 loco
2300 1830 2518 1886 deserto
2546 1847 2756 1886 sumus.
2803 1832 2888 1887 Ait
2920 1840 3098 1886 autem
3128 1829 3192 1884 ad
3218 1830 3342 1884 illos
3375 1849 3385 1884 :
3421 1832 3528 1885 Vos
3555 1829 3682 1886 date

375 1917 653 1975 ﬁmbriam
704 1921 1011 1978 vestimenti
1051 1923 1191 1993 ejus,
1220 1932 1274 1978 et
1299 1923 1584 1979 confestim
1617 1924 1769 1979 stetit
1798 1924 1977 1982 ﬁuxus

379 2011 666 2083 sanguinis
707 2012 849 2084 ejus.
879 2015 944 2069 Et
969 2014 1252 2071 aitJesus:
1278 2013 1409 2083 Quis
1423 2024 1527 2084 est,
1552 2018 1644 2086 qui
1668 2032 1753 2070 tne
1781 2017 1978 2089 tetigit?

376 2104 715 2175 Negantibus
741 2116 923 2163 autem
951 2109 1204 2163 omnibus
1225 2109 1361 2165 dixit
1393 2109 1610 2180 Petrus,
1641 2119 1695 2165 et
1723 2111 1812 2181 qui
1852 2126 1976 2166 cum

377 2200 474 2256 illo
503 2212 661 2256 erant
691 2219 704 2256 :
737 2201 1071 2273 Praeceptor,
1104 2202 1275 2258 turbae
1304 2213 1355 2258 te
1400 2203 1786 2273 comprimunt,
1817 2212 1870 2258 et
1899 2201 1981 2257 af-

376 2294 591 2365 ﬂigunt,
623 2303 678 2350 et
708 2294 841 2350 dicis
874 2314 885 2348 :
942 2295 1076 2363 Quis
1121 2311 1208 2352 me
1239 2297 1448 2367 tetigit?
1495 2296 1567 2352 Et
1595 2298 1732 2351 dixit
1769 2295 1929 2352 Jesus
1963 2315 1976 2351 :

377 2387 582 2459 Tetigit
633 2403 722 2444 me
761 2387 992 2460 aliquis:
1028 2402 1153 2444 nam
1201 2405 1302 2460 ego
1339 2392 1462 2446 novi
1503 2391 1756 2447 virtutem
1785 2390 1852 2445 de
1892 2406 1979 2447 me

378 2481 606 2536 exiisse.
642 2479 846 2536 Videns
874 2489 1056 2536 autem
1106 2482 1326 2550 mulier,
1365 2483 1486 2553 quia
1521 2499 1627 2539 non
1657 2483 1838 2551 latuit,
1867 2493 1980 2540 tre-

379 2587 536 2628 mens
565 2571 736 2639 venit,
760 2583 813 2628 et
845 2573 1076 2644 procidit
1103 2584 1230 2630 ante
1256 2576 1424 2645 pedes
1454 2575 1573 2646 ejus
1601 2594 1611 2629 :
1647 2585 1702 2632 et
1733 2577 1802 2630 ob
1820 2592 1978 2646 quam

379 2681 602 2722 causam
633 2665 871 2738 tetigerit
896 2681 1044 2734 eum,
1071 2667 1332 2724 indicavit
1357 2683 1540 2724 coram
1560 2670 1705 2723 omni
1739 2670 1977 2739 populo:

379 2772 436 2818 et
463 2761 921 2833 quemadmodum
955 2761 1241 2816 confestim
1271 2771 1457 2818 sanata
1485 2763 1574 2818 sit.
1601 2765 1670 2818 At
1695 2763 1809 2832 ipse
1842 2763 1982 2818 dixit

379 2855 431 2912 ei
456 2875 469 2912 :
496 2856 656 2923 Filia,
692 2856 825 2911 ﬁdes
861 2865 948 2912 tua
979 2857 1183 2911 salvam
1239 2867 1290 2913 te
1334 2856 1506 2914 fecit:
1552 2858 1690 2914 vade
1731 2858 1784 2914 in
1823 2874 1978 2928 pace.

379 2950 573 3007 Adhuc
596 2951 690 3007 illo
710 2951 986 3023 loquente,
1004 2952 1152 3007 venit
1173 2952 1389 3022 quidam
1419 2953 1485 3007 ad
1516 2953 1818 3025 principem
1848 2969 1978 3025 syn-

376 3059 589 3115 agoga),
644 3045 830 3101 dicens
861 3047 910 3100 ei
949 3061 963 3101 :
997 3045 1133 3114 Quia
1167 3057 1384 3101 mortua
1431 3055 1521 3101 est
1552 3045 1656 3101 ﬁlia
1701 3056 1812 3114 tua,
1870 3045 1980 3101 noli

380 3152 587 3193 vexare
617 3137 792 3193 illum.
815 3137 975 3194 Jesus
993 3146 1173 3194 autem
1196 3139 1381 3194 audito
1406 3138 1509 3195 hoc
1539 3140 1726 3203 verbo,
1757 3154 1986 3208 respon-

2081 1925 2189 1981 illis
2233 1924 2582 1981 manducare.
2613 1923 2682 1978 At
2732 1923 2813 1978 illi
2868 1924 3122 1981 dixerunt
3155 1943 3168 1978 :
3202 1923 3319 1979 Non
3372 1934 3498 1980 sunt
3528 1925 3683 1978 nobis

2082 2021 2204 2091 plus
2226 2036 2384 2091 quam
2418 2020 2655 2091 quinque
2686 2034 2871 2090 panes,
2925 2030 2978 2075 et
3007 2019 3113 2074 duo
3144 2021 3324 2090 pisces
3356 2037 3370 2075 :
3413 2018 3515 2074 nisi
3543 2019 3683 2074 forte

2082 2128 2183 2170 nos
2229 2128 2458 2183 eamus,
2515 2125 2568 2168 et
2615 2127 2862 2168 emamus
2913 2113 2966 2169 in
3020 2127 3234 2168 omnem
3291 2112 3432 2166 hanc
3470 2114 3686 2168 turbam

2084 2223 2256 2264 escas.
2281 2208 2452 2264 Erant
2481 2218 2662 2264 autem
2693 2208 2809 2264 fere
2853 2209 2952 2262 viri
2979 2210 3216 2279 quinque
3258 2207 3446 2262 millia.
3473 2208 3562 2262 Ait
3588 2223 3681 2262 au-

2086 2309 2193 2356 tem
2225 2300 2291 2354 ad
2327 2299 2624 2370 discipulos
2642 2315 2772 2357 suos
2805 2318 2818 2355 :
2854 2299 3036 2356 Facite
3062 2301 3186 2356 illos
3210 2301 3556 2356 discumbere
3587 2315 3682 2370 per

2083 2391 2329 2447 convivia
2381 2391 2810 2464 quinquagenos.
2849 2393 2914 2446 Et
2937 2393 3008 2446 ita
3042 2392 3299 2448 fecerunt.
3344 2391 3410 2447 Et
3436 2392 3679 2446 discum-

2084 2487 2214 2543 bere
2235 2484 2960 2555 feceruntomnes.Acceptis
2981 2494 3158 2540 autem
3179 2486 3416 2556 quinque
3436 2485 3680 2554 panibus,

2083 2589 2139 2636 et
2162 2579 2372 2634 duobus
2414 2579 2675 2649 piscibus,
2719 2578 2960 2648 respexit
2991 2578 3043 2631 in
3075 2578 3291 2641 ctelum,
3316 2586 3371 2632 et
3400 2575 3682 2632 benedixit

2083 2672 2212 2739 illis,
2246 2680 2304 2728 et
2341 2671 2518 2742 fregit,
2566 2680 2622 2726 et
2646 2668 3221 2738 distribuitdiscipulis
3263 2668 3393 2728 suis.
3429 2680 3484 2722 ttt
3516 2683 3685 2738 pone-

2084 2775 2210 2821 rent
2234 2776 2359 2820 ante
2402 2764 2606 2820 turbas.
2661 2764 2730 2819 Et
2766 2763 3229 2819 manducaverunt
3253 2778 3463 2828 omnes,
3493 2771 3546 2816 et
3577 2776 3682 2816 sa-

2087 2861 2250 2917 turati
2302 2869 2449 2916 sunt.
2509 2859 2579 2914 Et
2619 2858 2887 2914 sublatum
2943 2868 3028 2913 est
3072 2857 3217 2927 quod
3247 2855 3508 2926 superfuit
3549 2853 3680 2921 illis,

2084 2953 2510 3024 fragmentorum
2534 2950 3070 3022 cophiniduodecim.
3094 2951 3261 3023 [xc1v,
3291 2947 3365 3020 1.]
3393 2949 3455 3004 Et
3481 2948 3680 3002 factum

2085 3058 2171 3105 est
2188 3065 2309 3104 cum
2334 3049 2485 3103 solus
2511 3057 2854 3112 essetorans,
2875 3056 3029 3100 erant
3055 3061 3178 3100 cum
3205 3044 3297 3098 illo
3320 3054 3374 3099 et
3396 3043 3682 3113 discipuli:

2086 3152 2142 3198 et
2180 3141 2534 3212 interrogavit
2562 3140 2687 3196 illos
2740 3139 2928 3194 dicens
2959 3156 2972 3193 :
3031 3138 3200 3203 Quem
3233 3152 3316 3191 me
3345 3136 3533 3191 dicunt
3560 3149 3684 3190 esse

380 3229 460 3284 dit
492 3231 631 3300 patri
677 3229 874 3301 puellae
905 3246 922 3287 :
971 3230 1095 3285 Noli
1141 3231 1359 3298 timere,
1411 3229 1574 3287 crede
1625 3239 1829 3286 tantum
1853 3273 1868 3296 ,
1928 3235 2054 3298 etC
2089 3234 2297 3292 turbat?
2331 3237 2397 3289 At
2427 3234 2503 3288 illi
2531 3231 2949 3302 responderunt,
2979 3230 3318 3286 etdixerunt
3344 3245 3360 3281 :
3393 3228 3483 3282 alii
3515 3227 3680 3282 Joan-

380 3324 536 3379 salva
563 3323 687 3379 erit.
734 3324 947 3380 Etcum
994 3325 1233 3380 venisset
1268 3325 1522 3395 domum,
1572 3341 1682 3380 non
1736 3325 1983 3395 permisit

381 3419 590 3475 intrare
617 3435 800 3476 secum
824 3435 1174 3491 quemquam,
1207 3422 1310 3476 nisi
1339 3421 1579 3491 Petrum,
1607 3429 1663 3477 et
1690 3419 1976 3490 Jacobum,

379 3522 435 3569 et
464 3513 752 3580 Joannem,
787 3524 839 3568 et
868 3522 1098 3584 patrem,
1150 3524 1206 3569 et
1248 3523 1474 3569 matrem
1506 3512 1717 3584 puellae.
1751 3512 1980 3568 Flebant

379 3616 565 3662 autem
597 3622 806 3674 omnes,
858 3616 915 3663 et
958 3608 1289 3679 plangebant
1335 3609 1482 3663 illam
1520 3627 1531 3662 :
1571 3618 1628 3663 at
1681 3609 1774 3663 ille
1801 3608 1976 3663 dixit:

379 3700 559 3757 Nolite
611 3701 768 3767 flere,
802 3712 1022 3758 nonest
1067 3713 1279 3757 mortua
1313 3713 1337 3740 ιι
1367 3703 1564 3772 puella,
1611 3701 1707 3757 sed
1754 3701 1975 3756 dormit.

382 3795 452 3851 Et
492 3796 816 3852 deridebant
854 3813 1003 3863 eum,
1049 3797 1290 3853 scientes
1342 3798 1489 3868 quod
1546 3806 1755 3852 mortua
1807 3805 1973 3850 esset.

376 3885 501 3957 ipse
527 3896 710 3942 autem
757 3897 950 3943 tenens
991 3904 1206 3942 manum
1263 3888 1381 3958 ejus
1413 3889 1694 3957 clamavit,
1749 3887 1976 3944 dicens:

379 3977 589 4046 Puella,
629 3993 812 4050 surge.
846 3980 916 4035 Et
956 3995 1208 4036 reversus
1236 3991 1320 4037 est
1345 3981 1567 4051 spiritus
1607 3981 1745 4049 ejus,
1777 3990 1832 4035 et
1857 3996 1979 4034 sur-

378 4075 528 4130 rexit
576 4076 854 4130 continuo.
914 4074 983 4130 Et
1008 4075 1176 4146 jussit
1221 4074 1296 4129 illi
1344 4075 1460 4130 dari
1510 4075 1857 4130 manducare.
1912 4074 1981 4129 Et

377 4157 709 4236 stupuerunt
737 4175 993 4237 parentes
1021 4170 1160 4237 ejus,
1196 4167 1390 4238 quibus
1415 4167 1693 4240 praecepit,
1726 4183 1793 4222 ne
1820 4165 1978 4223 alicui

376 4259 627 4316 dicerent
657 4260 801 4330 quod
840 4259 1044 4316 factum
1087 4271 1225 4317 erat.

453 4350 606 4423 [ϐαρ.
637 4350 727 4406 IX.
761 4368 988 4420 Lxxxvt,
1019 4351 1099 4424 2.]
1127 4352 1450 4408 Convocatis
1480 4363 1658 4408 autem
1689 4352 1978 4408 duodecim

379 4443 680 4513 Apostolis,
713 4443 862 4499 dedit
890 4445 994 4498 illis
1035 4446 1294 4500 virtutem
1346 4453 1399 4499 et
1441 4427 1768 4515 potestatem
1816 4461 1980 4515 super

378 4543 564 4593 omnia
603 4542 894 4604 daemonia,
930 4546 985 4592 et
1012 4546 1071 4592 ut
1118 4537 1404 4608 languores
1427 4547 1702 4592 curarent.
1738 4538 1804 4592 Et
1833 4538 1981 4593 misit

2085 3345 2208 3385 nem
2241 3327 2557 3398 Baptistam,
2584 3327 2672 3380 alii
2695 3333 2875 3380 autem
2903 3323 3100 3388 Eliam,
3132 3322 3222 3376 alii
3244 3321 3520 3390 veroquia
3544 3334 3683 3374 unus

2083 3428 2348 3494 prOpheta
2377 3422 2446 3476 de
2492 3419 2765 3490 prioribus
2810 3417 3063 3474 surrexit.
3119 3416 3268 3471 Dixit
3313 3426 3495 3470 autem
3527 3414 3679 3468 illis:

2085 3517 2194 3573 Vos
2217 3525 2400 3571 autem
2430 3530 2590 3584 quem
2619 3528 2706 3569 me
2734 3527 2853 3567 esse
2877 3510 3090 3566 dicitis?
3112 3509 3470 3579 Respondens
3493 3508 3682 3564 Simon

2082 3613 2277 3668 Petrus
2322 3609 2462 3666 dixit
2494 3627 2507 3662 :
2540 3608 2816 3663 Christum
2847 3606 2963 3661 Dei.
2999 3605 3140 3677 μον,
3175 3603 3257 3674 2.]
3292 3604 3362 3659 At
3395 3603 3482 3657 ille
3510 3603 3684 3656 incre-

2081 3721 2216 3776 pans
2258 3703 2406 3768 illos,
2440 3701 2719 3772 praecepit,
2773 3715 2842 3756 ne
2890 3699 2978 3754 cui
3007 3698 3258 3753 dicerent
3284 3695 3409 3761 hoc,
3445 3695 3632 3749 dicens
3663 3712 3677 3750 :

2081 3798 2217 3867 Quia
2256 3805 2470 3867 oportet
2499 3793 2697 3849 Filium
2756 3791 2994 3846 hominis
3048 3790 3214 3844 multa
3242 3787 3373 3859 pati,
3403 3799 3457 3842 et
3486 3802 3680 3858 repro-

2082 3891 2199 3946 bari
2253 3906 2280 3943 a
2325 3889 2650 3954 senioribus,
2704 3895 2759 3941 et
2817 3884 3151 3955 principibus
3209 3881 3578 3946 sacerdotum,
3629 3888 3686 3933 et

2082 3982 2301 4047 scribis,
2350 3990 2405 4036 et
2454 3979 2650 4045 occidi,
2675 3987 2730 4033 et
2757 3978 2911 4034 tertia
2940 3971 3028 4032 die
3049 3990 3354 4044 resurgere.
3384 3972 3550 4045 μανι,
3597 3970 3680 4043 2.]

2083 4075 2310 4132 Dicebat
2341 4084 2524 4129 autem
2553 4073 2621 4128 ad
2654 4087 2843 4127 omnes
2876 4090 2886 4123 :
2921 4070 2979 4127 Si
3009 4069 3126 4140 quis
3159 4067 3274 4123 vult
3304 4077 3426 4138 post
3467 4080 3555 4120 me
3591 4078 3682 4120 ve-

2082 4169 2222 4235 nire,
2282 4169 2519 4237 abneget
2564 4165 2939 4236 semetipsum,
2981 4170 3038 4217 et
3085 4161 3243 4218 tollat
3285 4174 3499 4215 crucem
3528 4172 3681 4213 suam

2081 4260 2347 4334 quotidie,
2370 4271 2426 4317 et
2454 4268 2710 4330 sequatur
2743 4274 2850 4316 me.
2886 4257 2986 4324 Qui
3017 4256 3162 4311 enim
3186 4254 3417 4310 voluerit
3441 4253 3679 4306 animam

2083 4371 2235 4411 suam
2266 4355 2474 4410 salvam
2507 4354 2704 4421 facere,
2758 4351 2946 4422 perdet
2999 4349 3146 4405 illam
3180 4365 3193 4402 :
3228 4363 3349 4403 nam
3381 4348 3467 4416 qui
3500 4344 3681 4416 perdi-

2082 4449 2224 4504 derit
2252 4448 2484 4502 animam
2519 4461 2672 4500 suam
2701 4452 2926 4515 pr0pter
2953 4459 3059 4509 me,
3091 4441 3295 4496 salvam
3320 4438 3477 4494 faciet
3509 4437 3676 4491 illam.

2083 4541 2222 4609 Quid
2251 4543 2393 4597 enim
2424 4540 2642 4611 proﬁcit
2671 4540 2830 4594 homo
2852 4539 2898 4592 si
2921 4539 3160 4593 lucretur
3181 4537 3493 4590 universum
3527 4547 3683 4586 mun-

379 4629 507 4686 illos
562 4629 865 4700 praedicare
912 4645 1137 4701 regnum
1189 4629 1305 4696 Dei,
1361 4639 1414 4684 et
1465 4645 1660 4686 sanare
1714 4631 1976 4687 inﬁrmos.
2009 4636 2238 4706 Ddum,
2270 4651 2330 4688 sc
2382 4643 2564 4688 autem
2615 4634 2789 4702 ipsum
2845 4631 3056 4702 perdat,
3091 4639 3141 4683 et
3171 4628 3555 4682 detrimentum
3598 4626 3683 4680 sui

376 4722 660 4796 [Lxxxvm
684 4721 766 4794 2.]
798 4723 869 4780 Et
905 4723 981 4778 ait
1029 4723 1096 4778 ad
1129 4723 1249 4778 illos
1281 4741 1293 4777 :
1341 4724 1483 4778 Nihil
1513 4724 1739 4779 tuleritis
1766 4725 1820 4780 in
1870 4726 1979 4790 via,

381 4832 562 4888 neque
588 4817 820 4888 virgam,
865 4832 1042 4887 neque
1073 4832 1280 4886 peram,
1333 4831 1507 4887 neque
1555 4832 1768 4888 panem,
1802 4832 1980 4888 neque

378 4911 698 4985 pecuniam,
729 4927 906 4983 neque
930 4910 1064 4965 duas
1092 4911 1302 4965 tunicas
1329 4909 1595 4964 habeatis.
1623 4911 1687 4964 Et
1710 4909 1763 4964 in
1793 4926 1981 4980 quam-

380 5021 618 5076 cumque
645 5005 867 5061 domum
900 5003 1259 5072 intraveritis,
1303 5003 1376 5058 ibi
1405 5017 1638 5070 manete,
1674 5014 1730 5060 et
1762 5004 1888 5059 inde
1914 5021 1982 5059 ne

381 5098 618 5155 exeatis.
646 5097 926 5169 [cxxxvnn
957 5095 1038 5167 2.]
1072 5097 1138 5150 Et
1164 5097 1491 5166 quicumque
1523 5111 1630 5151 non
1675 5098 1980 5168 receperint

381 5210 485 5251 vos
515 5211 528 5248 :
578 5203 842 5249 exeuntes
880 5193 948 5247 de
976 5191 1192 5246 civitate
1223 5191 1333 5260 illa,
1364 5190 1528 5246 etiam
1572 5191 1848 5261 pulverem
1879 5207 1977 5261 pe-

380 5287 510 5341 dum
543 5294 852 5342 vestrorum
883 5284 1129 5340 excutite
1157 5284 1210 5338 in
1240 5283 1609 5338 testimonium
1639 5296 1806 5354 supra
1831 5283 1972 5339 illos.

382 5378 673 5452 [Lxxxxtx,
701 5375 781 5446 8.|
806 5376 1242 5447 Egressijautem
1273 5375 1704 5443 circuibantfper
1731 5375 1975 5444 castella,

383 5469 826 5540 evangelizantes
853 5477 908 5524 et
951 5476 1206 5522 curantes
1241 5465 1460 5536 ubique.
1493 5464 1603 5538 [xc,
1634 5464 1715 5538 2.]
1760 5467 1984 5523 Audivit

390 5573 575 5620 autem
607 5562 852 5620 Herodes
887 5562 1156 5619 tetrarcha
1196 5560 1380 5618 omnia
1414 5576 1540 5633 quae
1564 5560 1768 5619 ﬁebant
1801 5563 1870 5618 ab
1895 5578 1984 5629 eo,

2082 4730 2284 4785 faciat?
2339 4726 2530 4799 [xcvtt,
2562 4725 2642 4798 2.]
2669 4725 2800 4780 Nam
2831 4725 2922 4794 qui
2970 4738 3056 4778 me
3099 4719 3396 4785 erubuerit,
3447 4727 3502 4773 et
3531 4733 3683 4772 meos

2082 4836 2383 4885 sermones,
2428 4819 2570 4876 hunc
2596 4819 2737 4873 ﬁlius
2763 4816 2993 4872 hominis
3035 4815 3339 4879 erubescet,
3363 4827 3484 4868 cum
3516 4825 3685 4866 vene--

2082 4915 2154 4968 rit
2174 4913 2226 4966 in
2261 4911 2543 4982 majestate
2571 4898 2688 4974 sua,
2713 4917 2769 4964 et
2798 4909 2990 4978 patris,
3017 4917 3071 4963 et
3120 4913 3431 4961 sanctorum
3461 4901 3686 4972 angelo-

2085 5020 2228 5060 rum.
2255 5004 2462 5076 [xcvut,
2491 5000 2572 5074 2.]
2604 5001 2736 5056 Dico
2767 5009 2949 5055 autem
2987 4998 3161 5064 vobis,
3196 5005 3474 5066 veresunt
3518 4993 3684 5064 aliqui

2085 5097 2176 5153 hic
2205 5107 2430 5163 stantes,
2482 5095 2573 5166 qui
2606 5108 2712 5148 non
2764 5093 3058 5164 gustabunt
3113 5098 3361 5153 mortem,
3405 5087 3579 5170 donec
3605 5087 3686 5140 vi-

2085 5193 2248 5248 deant
2277 5206 2503 5263 regnum
2529 5189 2644 5245 Dei.
2673 5189 2896 5242 Factum
2928 5192 3208 5242 estautem
3231 5191 3356 5252 post
3387 5183 3500 5235 haec
3521 5181 3685 5236 verba

2086 5285 2201 5341 fere
2230 5284 2346 5340 dies
2380 5292 2523 5350 octo,
2556 5291 2611 5338 et
2631 5279 2926 5350 assumpsit
2956 5279 3196 5343 Petrum,
3224 5284 3280 5332 et
3318 5273 3604 5338 Jacobum,
3630 5282 3687 5327 et

2085 5380 2371 5443 Joannem,
2396 5386 2450 5432 et
2476 5375 2722 5432 ascendit
2753 5376 2804 5429 in
2840 5382 3102 5440 montem,
3135 5379 3198 5428 ut
3221 5378 3427 5426 oraret.
3455 5367 3525 5424 Et
3543 5367 3686 5422 facta

2089 5482 2192 5540 est,
2217 5471 2342 5528 dum
2366 5477 2572 5536 oraret,
2599 5467 2812 5538 species
2843 5467 3022 5521 vultus
3071 5463 3190 5536 ejus
3217 5463 3409 5528 altera,
3442 5468 3498 5516 et
3517 5458 3686 5515 vesti-

2091 5577 2178 5623 tus
2198 5565 2318 5636 ejus
2348 5563 2501 5619 albus
2529 5573 2584 5619 et
2609 5561 2905 5636 refulgens.
2957 5559 3027 5616 Et
3055 5573 3183 5618 ecce
3230 5555 3465 5629 duooviri
3494 5554 3687 5628 loque-

459 5780 490 5854 ξ
517 5770 636 5827 Non
661 5771 874 5854 additur
900 5771 1076 5844 puella
1115 5770 1171 5827 in
1201 5770 1304 5842 his,
1336 5769 1535 5842 quibus
1561 5770 1793 5841 utimur,
1821 5783 1978 5839 mss.,
2007 5766 2151 5842 quod
2172 5781 2369 5828 nomen
2399 5774 2455 5825 et
2487 5765 2544 5827 in
2572 5764 2777 5826 Graecis
2813 5777 3078 5837 perquam
3119 5760 3257 5822 raris
3285 5757 3564 5854 codicibus
3601 5755 3692 5812 hic

385 5842 493 5900 loci
523 5843 782 5901 occurrit.
