4166 6336
548 224 653 286 62⁸1

1564 226 1621 284 S.
1666 224 2051 287 HIERONYMI
2090 227 2321 287 DIVINA
2362 229 2841 293 BIBLIOTHECA.

3744 249 3850 311 628

550 340 748 396 bantur
774 351 897 394 cum
930 337 1044 393 illo.
1102 338 1273 396 Erant
1312 348 1494 399 autem
1524 341 1737 417 Moyses
1758 353 1813 402 et
1839 344 2007 413 Elias,
2049 344 2152 403 visi
2178 349 2233 411 Α
2257 346 2429 406 Filius
2454 349 2694 407 hominis
2736 365 2847 409 non
2876 355 3023 411 venit
3050 356 3262 415 animas
3305 362 3556 436 perdere,
3601 367 3697 424 sed
3738 371 3851 427 sal-

550 432 605 488 in
631 429 937 502 majestate,
963 438 1018 485 et
1037 428 1293 489 dicebant
1318 447 1602 491 excessum
1633 435 1772 508 ejus,
1804 452 1965 508 quem
1998 450 2150 495 com-

548 524 794 597 pleturus
818 531 938 580 erat
968 524 1020 579 in
1042 522 1369 584 Jerusalem.
1400 527 1595 585 Petrus
1619 543 1773 599 vero,
1821 540 1876 587 et
1903 530 1995 602 qui
2024 545 2144 587 cum

546 614 643 672 illo
670 623 847 683 erant,
874 615 1084 688 gravati
1130 625 1291 673 erant
1315 632 1529 676 somno.
1564 620 1632 676 Et
1654 621 1972 693 evigilantes
1997 620 2149 681 vide-

546 721 673 769 runt
699 711 1037 783 maiestatem
1068 712 1280 784 ejus,et
1305 714 1442 771 duos
1462 716 1636 786 viros,
1660 719 1750 788 qui
1778 717 1996 774 stabant
2020 733 2145 777 cum

545 805 660 864 illo.
690 805 760 861 Et
788 805 985 860 factum
1014 812 1100 861 est
1148 820 1269 862 cum
1301 807 1645 864 discederent
1688 809 1757 865 ab
1785 809 1902 880 illo,
1944 811 2020 867 ait
2044 809 2148 870 Pe-

546 904 664 954 trus
685 895 751 953 ad
773 896 957 953 Jesum
992 912 1004 951 :
1034 896 1366 968 Praeceptor,
1395 899 1597 956 bonum
1618 908 1703 957 est
1727 916 1829 958 nos
1857 901 1948 960 hic
1971 917 2095 961 esse
2125 921 2141 961 :

547 998 604 1047 et
643 988 906 1047 faciamus
950 988 1053 1045 tria
1086 990 1457 1064 tabernacula,
1507 1009 1673 1051 unum
1713 994 1833 1064 tibi,
1880 1004 1937 1053 et
1974 1012 2143 1058 unum

542 1086 740 1159 Moysi,
772 1093 828 1143 et
874 1099 1042 1142 unum
1089 1087 1243 1156 Elite,
1294 1089 1546 1147 nesciens
1584 1091 1714 1163 quid
1737 1092 1963 1150 diceret.
2014 1094 2144 1152 Haec

542 1190 726 1238 autem
748 1180 842 1237 illo
886 1179 1163 1251 loquente,
1218 1183 1356 1239 facta
1391 1194 1474 1241 est
1501 1186 1696 1254 nubes,
1719 1195 1777 1245 et
1803 1187 2145 1248 obumbravit

541 1289 680 1331 eos:
723 1282 778 1330 et
826 1272 1145 1344 timuerunt,
1176 1275 1507 1336 intrantibus
1564 1282 1671 1337 illis
1715 1281 1770 1339 in
1818 1284 2037 1340 nubem.
2073 1284 2144 1342 Et

542 1380 643 1423 vox
666 1366 807 1424 facta
833 1377 917 1424 est
968 1366 1037 1425 de
1068 1370 1212 1427 nube
1241 1370 1432 1429 dicens
1472 1390 1487 1431 :
1523 1375 1621 1431 Hic
1652 1386 1736 1432 est
1767 1376 1937 1434 Filius
1987 1393 2142 1437 meus

535 1461 789 1531 dilectus,
834 1460 1010 1533 ipsum
1038 1464 1242 1522 audite.
1282 1465 1351 1522 Et
1382 1466 1509 1524 dum
1535 1469 1691 1527 fieret
1720 1486 1847 1539 vox,
1891 1475 2141 1533 iuventus

534 1562 619 1610 est
640 1554 799 1611 Jesus
828 1554 998 1612 solus.
1029 1556 1096 1612 Et
1146 1558 1249 1628 ipsi
1298 1568 1602 1634 tacuerunt,
1647 1572 1704 1621 et
1730 1567 1940 1623 nemini
1988 1567 2139 1627 dixe-

528 1656 654 1703 runt
678 1648 730 1702 in
760 1647 866 1704 illis
895 1646 1090 1705 diebus
1116 1650 1414 1724 quidquam
1462 1669 1529 1711 ex
1560 1655 1666 1725 his,
1698 1674 1817 1730 quae
1860 1661 2132 1719 viderant.

2250 456 2399 498 vare.
2432 442 2499 499 Et
2526 444 2777 501 abierunt
2804 445 2861 502 in
2886 446 3031 503 aliud
3053 450 3355 508 castellum.
3380 454 3493 528 [cv,
3521 458 3603 534 5.]
3625 458 3850 522 Factum

2250 544 2335 592 est
2358 544 2538 594 autem
2567 556 2582 594 :
2616 538 3018 598 ambulantibus
3046 542 3157 600 illis
3185 545 3238 601 in
3289 547 3399 620 via,
3457 550 3595 608 dixit
3629 556 3851 625 quidam

2248 628 2318 685 ad
2349 630 2500 687 illum
2533 650 2545 685 :
2581 631 2791 706 Sequar
2830 642 2885 691 te
2913 650 3260 711 quocumque
3287 641 3437 698 ieris.
3471 642 3619 703 Dixit
3649 648 3721 705 illi
3754 651 3847 709 Je-

2248 743 2342 787 sus
2366 747 2386 788 :
2414 730 2613 803 Vulpes
2666 731 2851 791 foveas
2883 734 3106 806 habent,
3136 746 3192 795 et
3217 739 3467 798 volucres
3496 744 3621 813 caeli
3646 747 3800 805 nidos
3830 768 3845 807 :

2246 823 2419 882 Filius
2436 829 2616 883 autem
2631 826 2866 885 hominis
2887 846 2995 887 non
3015 831 3176 889 habet
3199 832 3292 890 ubi
3309 842 3473 907 caput
3487 838 3734 896 reclinet.
3754 842 3845 901 Ait

2246 928 2427 977 autem
2456 921 2522 977 ad
2572 923 2802 980 alterum
2832 942 2849 982 :
2879 926 3123 999 Sequere
3168 943 3279 987 me.
3310 928 3407 987 ille
3435 941 3614 990 autem
3658 936 3793 994 dixit
3826 956 3843 995 :

2246 1012 2495 1083 Domine,
2528 1018 2781 1087 permitte
2812 1018 2946 1075 mihi
2993 1020 3229 1093 primum
3270 1023 3375 1092 ire,
3401 1032 3460 1081 et
3486 1028 3717 1098 sepelire
3746 1045 3844 1103 pa-

2246 1118 2384 1165 trem
2414 1125 2616 1167 meum.
2644 1112 2902 1186 Dixitque
2926 1114 2975 1171 ei
3005 1114 3164 1172 Jesus
3196 1133 3209 1172 :
3245 1116 3397 1186 Sine,
3436 1129 3497 1175 ut
3527 1124 3726 1179 mortui
3754 1140 3845 1183 se-

2243 1202 2452 1274 peliant
2479 1215 2726 1262 mortuos
2770 1221 2949 1263 suos:
3002 1216 3059 1265 tu
3104 1218 3284 1265 autem
3315 1211 3473 1278 vade,
3506 1220 3839 1276 etannuntia

2242 1313 2470 1370 regnum
2494 1300 2609 1356 Dei.
2630 1300 2881 1375 [cvr,l0.]
2898 1301 2969 1358 Et
2984 1304 3207 1361 aitalter
3222 1321 3235 1361 :
3251 1304 3460 1378 Sequar
3487 1316 3558 1376 te,
3586 1309 3836 1386 Domine,

2243 1392 2337 1449 sed
2370 1393 2624 1465 permitte
2650 1396 2781 1451 mihi
2810 1396 3045 1468 primum
3090 1401 3405 1460 renuntiare
3444 1405 3528 1461 his
3547 1422 3666 1479 quae
3693 1408 3839 1467 domi

2241 1494 2387 1546 sunt.
2414 1486 2505 1542 Ait
2522 1488 2588 1543 ad
2609 1488 2761 1544 illum
2784 1488 2943 1546 Jesus
2968 1510 2981 1547 :
3012 1506 3174 1549 nemo
3196 1494 3419 1553 mittens
3440 1513 3656 1555 manum
3685 1515 3841 1563 suam

2241 1582 2309 1639 ad
2332 1593 2589 1653 aratrum,
2616 1594 2670 1641 et
2698 1586 2999 1658 respiciens
3019 1596 3193 1659 retro,
3223 1599 3380 1664 aptus
3410 1602 3494 1650 est
3513 1609 3678 1667 regno
3716 1597 3839 1657 Dei.

2317 1685 2471 1759 [Cap.
2526 1684 2595 1741 X.
2637 1702 2770 1758 cvu,
2804 1686 2919 1759 l0.]
2947 1689 3082 1747 Post
3133 1690 3248 1749 haec
3297 1700 3478 1750 autem
3532 1694 3843 1769 designavit

528 1739 805 1853 [καθίκεο]
835 1739 1058 1853 Factum
1087 1754 1377 1804 astantem
1405 1749 1460 1804 in
1491 1754 1741 1823 sequenti
1769 1755 2138 1825 die.dcscen-
2163 1769 2213 1837 B
2242 1739 2503 1833 Dolmirius
2545 1784 2599 1833 et
2651 1739 2788 1834 alios
2830 1739 3178 1853 septuaginta
3230 1782 3370 1841 duos
3403 1794 3499 1842 :et
3541 1739 3689 1843 misit
3715 1789 3842 1846 illos

530 1832 788 1890 dentibus
830 1835 937 1891 illis
971 1837 1039 1894 de
1092 1849 1300 1911 monte,
1330 1844 1570 1899 occurrit
1600 1845 1707 1902 illis
1743 1848 1898 1905 turba
1943 1852 2132 1909 multa.

527 1928 597 1985 Et
626 1943 754 1986 ecce
781 1930 863 1985 vir
902 1930 970 1987 de
997 1932 1148 1988 turba
1193 1935 1538 2007 exclamavit,
1569 1936 1760 1998 dicens
1790 1960 1804 1996 :
1854 1943 2131 2017 Magister,

529 2022 760 2080 obsecro
789 2033 863 2093 te,
897 2027 1107 2097 respice
1136 2026 1190 2083 in
1224 2027 1397 2086 ﬁlium
1425 2047 1629 2103 meum,
1664 2036 1788 2108 quia
1810 2038 2003 2096 unicus
2050 2050 2133 2097 est

527 2116 662 2173 mihi
699 2136 713 2174 :
765 2128 820 2175 et
867 2135 995 2177 ecce
1017 2120 1241 2192 spiritus
1273 2125 1636 2194 apprehendit
1665 2142 1789 2185 eum
1824 2171 1839 2198 ,
1872 2139 1927 2187 et
1952 2132 2132 2191 subito

528 2210 751 2279 clamat,
801 2219 857 2269 et
907 2212 1103 2280 elidit,
1148 2222 1203 2271 et
1251 2214 1481 2288 dissipat
1538 2234 1663 2276 eum
1720 2236 1843 2279 cum
1913 2239 2127 2301 spuma,

526 2310 582 2358 et
606 2302 697 2358 vix
723 2303 951 2361 discedit
997 2305 1267 2364 dilanians
1295 2324 1420 2366 eum
1454 2328 1467 2365 :
1499 2323 1557 2376 et
1601 2316 1787 2385 rogavi
1832 2317 2132 2390 discipulos

527 2404 671 2465 tuos,
703 2408 763 2453 ut
792 2399 1054 2469 ejicerent
1102 2400 1276 2472 illum,
1307 2414 1361 2459 et
1384 2420 1495 2462 non
1522 2418 1841 2478 potuerunt.
1882 2411 2127 2486 Respon-

523 2490 659 2547 dens
703 2500 883 2547 autem
935 2494 1115 2561 Jesus,
1151 2495 1325 2552 dixit:
1357 2497 1403 2554 Ο
1450 2503 1736 2571 generatio
1766 2502 2022 2575 inﬁdelis,
2075 2518 2131 2565 et

522 2598 800 2655 perversa,
834 2601 1117 2659 usquequo
1167 2603 1262 2644 ero
1304 2590 1450 2661 apud
1499 2608 1618 2660 vos,
1684 2604 1737 2651 et
1790 2599 1966 2668 patiar
1994 2602 2128 2658 vos?

521 2676 711 2733 Adduc
760 2677 866 2734 huc
907 2678 1076 2735 ﬁlium
1116 2688 1287 2736 tuum.
1341 2681 1413 2737 Et
1456 2698 1578 2740 cum
1631 2688 1938 2757 accederet,
1987 2692 2130 2749 elisit

519 2769 673 2826 illum
722 2769 1075 2840 daemonium,
1107 2783 1163 2831 et
1192 2774 1499 2847 dissipavit.
1530 2778 1603 2833 Et
1630 2780 1931 2853 increpavit
1967 2784 2126 2842 Jesus

517 2864 765 2935 spiritum
795 2864 1161 2935 immundum,
1193 2877 1249 2924 et
1278 2871 1491 2925 sanavit
1523 2887 1767 2942 puerum,
1803 2884 1859 2932 et
1888 2878 2127 2937 reddidit

517 2955 667 3012 illum
693 2959 831 3028 patri
864 2959 1003 3029 ejus.
1053 2959 1126 3033 [c,
1161 2961 1241 3035 8.]
1299 2962 1606 3033 Stupebant
1639 2978 1819 3024 autem
1850 2986 2043 3029 omnes
2069 2974 2121 3030 in

512 3049 883 3121 magnitudine
931 3053 1027 3107 Dei
1062 3070 1075 3105 :
1110 3051 1203 3126 [(11,
1241 3054 1321 3126 2.]
1369 3059 1732 3131 omnibusque
1789 3064 2123 3123 mirantibus

2239 1870 2399 1927 binos
2422 1880 2550 1929 ante
2585 1871 2784 1929 faciem
2816 1887 2989 1942 suam,
3030 1875 3083 1931 in
3112 1890 3330 1933 omnem
3370 1879 3646 1938 civitatem
3674 1889 3730 1937 et
3755 1881 3843 1940 lo-

2236 1980 2515 2037 eum,quo
2565 1973 2687 2023 erat
2712 1966 2831 2040 ipse
2878 1976 3167 2025 venturus.
3204 1968 3377 2044 [cvm,
3412 1971 3495 2046 5.]
3523 1972 3592 2029 Et
3618 1973 3841 2034 dicebat

2241 2058 2347 2114 illis
2377 2075 2390 2113 :
2417 2059 2610 2115 Messis
2650 2060 2872 2131 quidem
2905 2062 3079 2118 multa
3117 2081 3131 2118 :
3165 2066 3400 2137 operarii
3427 2076 3611 2125 autem
3649 2069 3835 2143 pauci.

2242 2154 2451 2227 Rogata
2471 2170 2602 2228 ergo
2628 2155 2917 2214 Dominum
2955 2159 3172 2228 messis,
3217 2169 3277 2217 ut
3323 2162 3509 2220 mittat
3554 2165 3836 2237 operarios

2236 2249 2292 2304 in
2315 2262 2551 2305 messem
2590 2263 2768 2306 suam.
2802 2250 2935 2325 [c1x,
2968 2250 3047 2325 5.]
3071 2250 3185 2309 Ite:
3221 2268 3353 2311 ecce
3396 2270 3499 2328 ego
3538 2256 3695 2313 mitto
3725 2273 3834 2317 vos

2234 2343 2377 2399 sicut
2418 2356 2589 2414 agnos
2628 2343 2774 2400 inter
2793 2344 2971 2417 lupos.
3003 2346 3120 2420 [,cx,
3147 2348 3230 2422 2.]
3261 2348 3442 2407 Nolite
3468 2361 3687 2423 portare
3710 2368 3838 2412 sac-

2234 2435 2415 2492 culum
2439 2450 2616 2507 neque
2637 2451 2843 2508 peram,
2862 2454 3041 2513 neque
3063 2442 3458 2513 calceamenta,
3483 2454 3539 2507 et
3554 2448 3834 2506 neminem

2234 2542 2333 2599 per
2357 2527 2501 2584 viam
2529 2528 2919 2589 salutaveritis.
2951 2532 3080 2606 [ειη
3103 2536 3184 2609 5.]
3212 2536 3271 2593 ln
3300 2553 3697 2614 quamcumque
3726 2542 3833 2600 do-

2234 2635 2380 2675 mum
2407 2619 2768 2690 iutraveritis,
2796 2625 3035 2695 primum
3068 2627 3238 2685 dicite
3271 2650 3284 2685 :
3315 2631 3422 2687 Pax
3451 2632 3577 2689 huic
3609 2634 3829 2696 domui:

2231 2721 2288 2770 et
2327 2713 2372 2768 si
2427 2714 2497 2770 ibi
2539 2713 2704 2771 fuerit
2736 2715 2878 2771 ﬁlius
2908 2720 3078 2789 pacis,
3114 2721 3423 2793 requiescet
3474 2741 3638 2798 super
3672 2729 3829 2789 illum

2230 2820 2337 2878 pax
2365 2816 2583 2874 vestra;
2621 2808 2705 2863 sin
2736 2820 2943 2879 autem,
2968 2811 3033 2866 ad
3063 2827 3161 2869 vos
3194 2825 3519 2874 revertetur.
3557 2817 3707 2893 [cxn.
3745 2821 3831 2897 5.]

2229 2896 2289 2952 In
2318 2896 2509 2954 eadem
2540 2906 2719 2954 autem
2752 2900 2914 2958 domo
2942 2913 3183 2976 manete,
3209 2906 3458 2979 edentes,
3492 2918 3547 2967 et
3577 2912 3831 2970 bibentes

2226 3004 2349 3062 quae
2395 2989 2537 3062 apud
2582 2990 2705 3049 illos
2753 3000 2879 3047 sunt
2911 3010 2927 3050 :
2960 2994 3158 3067 dignus
3214 3008 3299 3054 est
3344 3001 3506 3057 enim'
3536 3006 3829 3076 operarius

2228 3081 2482 3138 mercede
2512 3097 2631 3137 sua.
2664 3081 2837 3156 [cxttt,
2864 3084 2976 3159 40.]
3007 3087 3186 3146 Nolite
3212 3092 3452 3151 transire
3476 3094 3545 3152 de
3579 3095 3741 3152 domo
3764 3100 3824 3156 in

514 3140 570 3196 in
598 3142 849 3197 omnibus
877 3158 997 3214 qua:
1032 3143 1285 3213 faciebat,
1341 3149 1477 3204 dixit
1505 3151 1571 3205 ad
1626 3153 1921 3225 discipulos
1952 3174 2116 3216 suos:
2147 3164 2193 3227 (Ζ
2227 3172 2471 3227 domum.
2505 3172 2573 3228 Et
2610 3173 2665 3229 in
2695 3190 3096 3250 quamcumque
3134 3180 3415 3241 civitatem
3464 3187 3821 3260 intraveritis,

514 3230 707 3260 ’ΠΛ-ιεηι
731 3248 825 3260 ..Λα
858 3235 909 3260 ε...
944 3236 1197 3260 ,ειηηιειυη
1230 3242 1419 3260 -.--._:_
1454 3256 1537 3260 ,ω
1612 3258 1622 3260 _
1766 3247 1776 3257 .
1816 3256 1825 3260 ,
1983 3251 2050 3260 η..

514 3230 709 3289 Ponite
731 3248 827 3291 vos
858 3235 912 3289 in
940 3236 1198 3292 cordibus
1230 3242 1423 3295 veStris
1450 3256 1734 3300 sermones
1764 3247 1898 3303 istos
1928 3268 1940 3304 :
1978 3251 2118 3309 {ilius

514 3325 657 3382 enim
691 3325 929 3383 hominis
958 3329 1199 3385 futurum
1224 3341 1328 3399 est,
1358 3341 1411 3387 ut
1441 3335 1687 3392 tradatur
1717 3339 1769 3393 in
1793 3355 1985 3398 manus
2014 3344 2115 3399 ho-

512 3418 744 3474 minum.
776 3417 848 3474 At
878 3419 954 3474 illi
987 3420 1309 3498 ignorabant
1341 3427 1566 3482 verbum
1595 3429 1760 3497 istud,
1795 3440 1850 3488 et
1880 3444 1999 3489 erat
2026 3451 2118 3492 ve-

510 3509 681 3567 latum
712 3518 839 3568 ante
864 3526 985 3581 eos,
1014 3522 1073 3569 ut
1114 3529 1220 3570 non
1251 3516 1515 3573 sentirent
1559 3520 1689 3576 illud
1724 3540 1736 3575 :
1772 3533 1825 3578 et
1854 3525 2117 3591 timebant

513 3617 637 3659 eum
660 3603 991 3677 interrogare
1014 3604 1085 3661 de
1114 3605 1218 3663 hoc
1240 3610 1427 3664 verbo.
1457 3610 1667 3685 [cu,2.]
1690 3614 1913 3671 Intravit
1933 3627 2113 3675 autem

512 3699 769 3770 cogitatio
822 3698 880 3754 in
922 3714 1039 3771 eos,
1071 3701 1193 3773 quis
1223 3717 1412 3760 eorum
1443 3706 1618 3777 major
1659 3719 1827 3766 esset.
1853 3710 1922 3767 At
1949 3712 2112 3772 Jesus

511 3791 711 3857 videns
760 3792 1119 3865 cogitationes
1192 3797 1374 3853 cordis
1425 3800 1682 3872 illorum,
1748 3806 2112 3876 apprehendit

506 3898 757 3956 puerum,
789 3894 843 3943 et
870 3889 1064 3945 statuit
1092 3889 1245 3946 illum
1274 3905 1432 3949 secus
1476 3908 1556 3965 se,
1603 3905 1658 3953 et
1695 3897 1773 3954 ait
1802 3899 1948 3956 illis:
1981 3902 2111 3971 Qui-

508 3993 739 4052 cumque
760 3982 1067 4056 susceperit
1095 3998 1321 4053 puerum
1348 3985 1510 4043 istum
1540 3988 1595 4044 in
1619 3990 1838 4048 nomine
1860 4009 2002 4061 meo,
2021 4012 2110 4067 me

507 4071 708 4143 recipit
733 4091 745 4129 :
774 4081 831 4129 et
850 4074 1177 4147 quicumque
1206 4092 1293 4133 me
1312 4081 1606 4154 receperit,
1638 4085 1832 4156 recipit
1850 4091 2109 4162 eum,qui

508 4177 597 4219 me
624 4164 794 4220 misit.
822 4164 955 4221 Nam
986 4167 1080 4239 qui
1124 4169 1304 4226 minor
1352 4182 1436 4228 est
1465 4173 1605 4231 inter
1648 4191 1746 4234 vos
1774 4193 1989 4249 omnes,
2019 4183 2109 4242 hic

506 4256 682 4326 major
729 4264 835 4314 est.
886 4257 1021 4329 [c111,
1074 4259 1151 4335 8.]
1201 4260 1562 4335 Respondens
1608 4278 1788 4326 autem
1841 4271 2103 4349 Joannes,

507 4357 684 4414 dixit:
717 4357 1051 4433 Praeceptor,
1082 4362 1317 4422 vidimus
1350 4370 1643 4443 quemdam
1670 4373 1725 4429 in
1756 4377 1980 4437 nomine
2010 4389 2105 4440 tuo

502 4450 814 4522 ejicientem
851 4455 1142 4526 daemonia,
1170 4467 1227 4515 et
1249 4460 1625 4531 prohibuimus
1656 4482 1818 4524 eum:
1847 4474 1973 4545 quia
1992 4491 2102 4534 non

504 4542 754 4614 sequitur
808 4546 1117 4604 nobiscum.
1149 4548 1220 4605 Et
1245 4552 1321 4607 ait
1357 4554 1425 4610 ad
1477 4556 1631 4615 illum
1680 4542 1878 4622 Jesusi
1921 4565 2103 4627 Nolite
2128 4564 2182 4625 D
2208 4575 2276 4629 ad
2305 4542 2806 4654 ctelum'exaltata,

499 4636 793 4707 prohibere
821 4656 833 4693 :
867 4639 956 4710 qui
980 4641 1123 4700 enim
1150 4658 1257 4701 non
1300 4655 1386 4703 est
1412 4648 1699 4709 adversum
1722 4670 1840 4727 vos,
1865 4673 1969 4732 pro
2004 4678 2102 4721 vo-

498 4728 583 4785 bis
604 4736 711 4786 est.
742 4729 869 4804 [c1v,
898 4731 1012 4805 10.]
1041 4732 1266 4792 Factum
1295 4747 1379 4795 est
1397 4749 1581 4800 autem
1610 4746 1737 4804 dum
1763 4728 2102 4823 compleren-

495 4827 585 4878 tur
609 4822 729 4879 dies
755 4825 1148 4896 assumptionis
1175 4832 1316 4901 ejus,
1363 4843 1419 4890 et
1445 4835 1565 4908 ipse
1593 4838 1789 4897 faciem
1819 4822 1973 4901 suam
2001 4847 2100 4904 llr-

2226 3273 2283 3320 et
2308 3265 2654 3336 susceperint
2682 3282 2801 3337 vos,
2830 3270 3154 3330 manducate
3186 3291 3309 3346 quae
3336 3290 3685 3350 apponuntur
3727 3300 3827 3340 vo-

2224 3357 2309 3412 bis
2344 3374 2357 3413 :
2387 3367 2443 3413 ct
2491 3366 2681 3415 curate
2729 3358 2998 3434 inﬁrmos,
3033 3366 3126 3438 qui
3186 3368 3238 3423 in
3268 3369 3359 3425 illa
3390 3382 3537 3443 sunt,
3566 3385 3621 3431 et
3652 3374 3827 3435 dicite

2224 3450 2334 3509 illis
2366 3450 2878 3527 :Appropinquavit
2906 3459 2961 3515 in
2986 3475 3084 3518 vos
3117 3476 3350 3537 regnum
3380 3467 3497 3524 Dei.
3532 3469 3700 3545 [cxtv,
3732 3473 3817 3547 2.]

2219 3543 2277 3600 In
2304 3560 2703 3620 quamcumque
2729 3559 2911 3609 autem
2937 3554 3215 3619 civitatem
3246 3543 3607 3635 intraveritis,
3633 3576 3689 3625 et
3709 3543 3821 3627 non

2220 3640 2564 3713 susceperint
2601 3659 2722 3716 vos,
2764 3658 3032 3708 exeuntes
3078 3652 3134 3709 in
3180 3654 3355 3726 platea
3406 3660 3555 3734 ejus,
3588 3662 3761 3722 dicite
3799 3682 3819 3723 :

2221 3733 2399 3791 Etiam
2429 3737 2715 3810 pulverem
2752 3744 2843 3815 qui
2879 3744 3305 3824 adhzesit‘nobis
3345 3753 3413 3810 de
3441 3755 3662 3815 civitate
3692 3774 3822 3818 ves-

2218 3835 2325 3897 tra,
2377 3833 2714 3906 extergimus
2775 3837 2829 3892 in
2869 3850 3220 3900 vosztamen
3270 3845 3374 3904 hoc
3429 3850 3660 3919 scitote,
3694 3856 3822 3926 quia

2216 3922 2674 3996 appropinquavit
2700 3942 2928 4000 regnum
2962 3932 3076 3989 Dei.
3106 3934 3235 3992 Dico
3265 3939 3455 4009 vobis,
3485 3942 3611 4014 quia
3643 3922 3822 4004 SOVtIO‘

2214 4014 2322 4071 mis
2350 4016 2405 4070 in
2434 4017 2523 4074 die
2548 4019 2641 4075 illa
2667 4022 2950 4083 remissius
2976 4027 3281 4102 erit,quam
3306 4032 3385 4089 illi
3409 4035 3643 4095 civitati.
3666 4040 3813 4114 μιν,

2214 4106 2307 4179 5.]
2336 4107 2428 4165 Vae
2457 4112 2576 4185 tibi,
2624 4113 2922 4191 Corozain;
2950 4123 3201 4199 va:_tibi,
3237 4125 3528 4186 Bethsaida
3555 4150 3567 4187 :
3598 4106 3723 4205 quia
3767 4106 3815 4192 si

2215 4199 2270 4255 in
2298 4200 2445 4273 Tyro
2471 4214 2526 4260 et
2553 4205 2755 4265 Sidone
2784 4210 2941 4269 factae
2968 4214 3201 4274 fuissent
3220 4220 3474 4293 virtutes,
3509 4199 3630 4296 quae
3652 4229 3815 4287 l'actze

2211 4305 2340 4351 sunt
2366 4297 2418 4351 in
2452 4299 2628 4370 vobis,
2660 4302 2793 4360 olim
2824 4304 2881 4362 in
2902 4306 3085 4365 cilicio
3115 4320 3169 4369 et
3195 4313 3385 4372 cinere
3414 4318 3670 4381 sedentes
3697 4338 3814 4394 pm-

2211 4388 2472 4446 niterent.
2499 4392 2889 4456 Verumtamen
2920 4401 3066 4475 Tyro
3096 4413 3152 4461 et
3188 4406 3382 4467 Sidoni
3408 4388 3811 4475 remissiusverit

2211 4478 2265 4536 in
2305 4481 2531 4555 judicio,
2564 4503 2727 4559 quam
2754 4491 2935 4548 vobis.
2967 4495 3033 4551 Et
3056 4502 3134 4565 tu,
3179 4498 3591 4579 Capharnaum,
3627 4525 3801 4584 usque

2836 4600 3009 4660 usque
3030 4589 3097 4645 ad
3138 4591 3414 4655 infernum
3443 4599 3802 4675 demergeris.

2414 4671 2493 4745 1.]
2515 4672 2615 4741 Qui
2647 4691 2744 4733 vos
2782 4679 2954 4750 audit,
2985 4697 3076 4739 me
3096 4684 3251 4743 audit
3276 4704 3289 4742 :
3313 4699 3367 4747 et
3398 4693 3489 4764 qui
3524 4710 3621 4753 vos
3638 4671 3800 4770 sper-

2204 4765 2305 4834 nit,
2330 4780 2417 4821 me
2443 4769 2677 4839 spernit.
2707 4770 2811 4840 Qui
2831 4783 3015 4832 autem
3048 4793 3135 4836 me
3151 4784 3383 4854 spernit,
3412 4790 3623 4860 spernit
3652 4765 3803 4860 eum,

2203 4857 2294 4928 qni
2340 4858 2489 4917 misit
2539 4876 2648 4919 me.
2685 4857 3630 4943 [cxvn,10.]Reversisuutautem
3660 4857 3794 4956 sep;

2208 4666 2379 4745 [cxvr,

2220 4916 2234 4928 ι
2604 4916 2647 4919 ’⁷
2685 4916 2873 4936 ι.““-’--τ
2903 4916 2983 4925 --ν
3038 4916 3272 4930 --νννιυι
3295 4916 3422 4939 eu".
3448 4916 3514 4937 nu
3544 4916 3630 4939 υυι
3660 4916 3720 4941 ac
3747 4916 3794 4940 1·-

492 4916 683 4983 mavit,
714 4924 777 4973 ut
800 4917 905 4973 iret
933 4920 987 4974 in
1017 4918 1346 4980 Jerusalem.
1392 4928 1457 4984 Et
1508 4931 1661 4989 misit
1700 4937 1923 4994 nuntios
1968 4950 2100 5000 ante
2200 4952 2438 5024 tuaginta
2465 4953 2574 5011 duo
2598 4971 2720 5013 cum
2761 4916 3260 5032 gaudio,Jdicentes
3294 4916 3596 5045 :Domin‘e,
3631 4916 3800 5037 etia‘m

494 5020 842 5045 nnnannnlnm
873 5026 1028 5045 cunam
1066 5033 1077 5045 ο
1123 5024 1177 5045 nt
1206 5028 1394 5045 ΑΙΩᾌΠΑ-
1428 5022 1665 5045 ε...,.-,μ,η
1752 5040 1763 5045 _
1811 5030 1823 5043 ι
1937 5032 1949 5044 ο
1993 5034 2025 5045 ,Α
2218 5042 2232 5045 _

494 5020 843 5081 conspectum
872 5026 1029 5069 suum
1065 5033 1078 5069 :
1122 5024 1178 5074 et
1203 5028 1396 5077 euntes
1428 5022 1769 5085 intraverunt
1808 5030 1862 5086 in
1902 5032 2093 5093 civita-

494 5109 598 5131 ‘Am
631 5103 1095 5131 α-..,....ε.-..-...-...
1183 5120 1241 5131 ,ξΑ
1515 5127 1526 5131 _
1574 5120 1648 5131 ....
1702 5123 1739 5131 .-

2300 5020 2318 5024 -
2761 5020 2792 5031 ν
2968 5020 2982 5032 ,
3082 5020 3095 5022 ν
3118 5020 3257 5026 μη--
3294 5020 3308 5025 -
3334 5020 3596 5045 -ν.-....ν,

2230 5043 2468 5103 laemonia
2510 5049 2875 5120 subjiciuntur
2920 5057 3079 5116 nobis
3106 5059 3161 5117 in
3212 5064 3432 5123 nomine
3464 5077 3575 5125 tuo.
3610 5071 3678 5126 Et
3716 5074 3793 5131 ait

2178 5103 2183 5107 ,
2522 5103 2559 5105 η
2609 5103 2867 5120 ,ψη-η--
2921 5103 3079 5116 ..-νη
3212 5103 3432 5123 ............
3465 5103 3575 5125 ιιιυ.
3610 5103 3678 5126 ω

492 5109 600 5160 tem
631 5103 1122 5226 Samaritanorum,
1183 5120 1244 5168 ut
1275 5127 1533 5186 pararent
1571 5120 1671 5177 illi.
1698 5123 1765 5179 Et
1791 5140 1898 5181 non
1938 5142 2091 5187 rece-
2202 5135 2309 5192 illis
2341 5154 2357 5193 :
2398 5138 2653 5205 Videbam
2676 5143 2938 5204 Satanam
2964 5149 3104 5207 sicut
3132 5152 3316 5226 fulgur
3336 5157 3404 5215 de
3427 5160 3570 5219 coelo
3595 5103 3770 5221 cado:

489 5206 689 5329 gerunt
709 5212 862 5329 :um.
887 5201 1009 5273 (illia
1027 5201 1194 5329 facie:
1211 5206 1329 5276 ejus
1356 5214 1663 5268 erateuntis
1685 5216 1737 5270 in
1761 5216 2083 5278 Jerusalem.
2196 5238 2325 5289 tem.
2356 5233 2498 5292 Ecce
2518 5235 2644 5294 dedi
2666 5240 2821 5297 vobis
2847 5252 3180 5314 potestatem
3212 5201 3459 5311 calcandi
3488 5268 3650 5329 supra
3673 5272 3764 5315 ser
3790 5298 3794 5301 -

520 5304 623 5329 .nm
652 5289 702 5329 vi
750 5292 913 5329 ineant
939 5303 1116 5329 αιιοοηη
1189 5298 1398 5329 ιρηιηιάε
1426 5303 1541 5329 ηε..-
1580 5304 1803 5329 ι---ι.---
1846 5319 1887 5329 _.
1928 5312 1949 5329 1

2294 5287 2298 5289 ⁷
2360 5287 2397 5292 V‘
2416 5287 2426 5289 ἡ
2446 5287 2495 5292 ’⁷
2525 5287 2644 5294 ⁷⁷⁷⁷⁷·
2678 5287 2820 5297 ’“’“’¹”
2889 5287 3179 5307 ν“ν”¹“υ¹’ν“1
3212 5287 3459 5311 vulva-Iul
3488 5287 3549 5311 δυ
3576 5287 3650 5315 ua
3673 5287 3762 5315 alii

488 5287 624 5345 Cum
652 5289 1117 5351 vidissentautem
1149 5297 1401 5371 discipuli
1424 5303 1543 5374 ejus
1569 5304 1806 5366 Jacobus
1837 5319 1894 5367 et
1922 5312 2091 5375 Joan-
2191 5335 2407 5398 pentes,
2450 5336 2506 5385 et
2540 5287 2881 5409 scorpiones,
2938 5346 2995 5396 et
3042 5354 3210 5413 super
3256 5359 3473 5407 omnem
3523 5287 3781 5415 virtutem

488 5400 585 5415 ..ειη
639 5385 893 5415 Ᾱενη-...εο
924 5406 939 5415 .
969 5390 1191 5415 n-..2_-
1240 5396 1318 5415 με-
1376 5398 1469 5415 μέν
1667 5410 1675 5415 .
1700 5404 1712 5415 .
1794 5405 1809 5415 .
1880 5409 1894 5415 -

2192 5385 2213 5398 _
2392 5385 2406 5397 ,
2542 5385 2553 5386 η
2584 5385 2881 5409 ,.,-r--..-..,
2941 5385 2994 5396 ..-
3042 5385 3103 5398 .μ-
3149 5385 3201 5401 νι
3257 5385 3473 5407 vuuqu-
3530 5385 3781 5415 ιιιιιιιυιιι

486 5400 609 5504 ges,
634 5385 939 5504 dixerunt;
969 5390 1217 5467 Domine,
1240 5396 1340 5465 vis,
1364 5398 1594 5463 dicimus
1623 5404 1838 5479 utignis
1862 5409 2091 5469 descen—
2195 5418 2397 5479 inimici
2424 5438 2438 5476 :
2467 5430 2524 5479 et
2551 5425 2685 5481 nihil
2715 5429 2875 5489 vobis
2913 5385 3153 5497 nocebii.
3182 5437 3568 5503 Verumtamen
3598 5445 3653 5503 in
3685 5447 3791 5504 hoc

1726 5477 1739 5479 τ
2480 5477 2519 5479 η
2729 5477 2874 5489 -~---
2913 5477 3153 5497 "ww-4...
3200 5477 3568 5503 ιυιιιμιιιιιυιιιι
3598 5477 3653 5503 ..ι
3687 5477 3786 5504 ..υυ

489 5477 583 5609 Idm
632 5478 700 5535 de
741 5482 901 5609 ξαῖξίξ
932 5490 1320 5609 θίλθθηδυητξτι
1372 5491 1494 5550 mos
1525 5494 1606 5549 δί’
1681 5498 1749 5559 Et
1791 5515 2089 5563 conversus
2193 5515 2362 5577 nolite
2426 5517 2667 5591 gaudere
2718 5524 2844 5595 quia
2902 5528 3126 5601 spiritus
3174 5533 3334 5593 vobis
3375 5537 3742 5609 subjiciuntur
3768 5559 3786 5596 :

508 5582 786 5609 nni-annuli
814 5591 828 5609 I
878 5591 936 5609 nn
1033 5579 1175 5609 inn-u-
1209 5599 1222 5609 .
1302 5585 1482 5609 ΑΑΑΣΑΣ..
1514 5589 1660 5609 ---2---
1693 5594 1765 5609 λη·
1803 5594 1836 5609 ο-
2000 5599 2031 5609 ,ι
2314 5606 2327 5609 _

2342 5572 2351 5577 τ
2426 5572 2663 5591 "Mm-
2761 5572 2844 5585 Ψη
2902 5572 2926 5583 υ
2971 5572 3126 5589 ........
3184 5572 3334 5593 ,νυη
3375 5572 3478 5595 ειη,
3507 5572 3732 5597 unum"
3768 5583 3785 5596 .

481 5572 790 5645 increpavit
814 5573 960 5647 illos,
990 5578 1176 5640 dicens
1209 5599 1224 5638 :
1251 5581 1484 5644 Nescitis
1507 5589 1663 5662 cujus
1687 5594 1912 5666 spiritus
1931 5599 2086 5659 estis.
2190 5606 2421 5677 gaudete
2446 5616 2653 5682 autem,
2684 5572 2830 5686 quod
2860 5572 3082 5678 noiniua
3110 5631 3292 5682 vestra
3322 5572 3525 5700 scripia
3558 5639 3688 5687 sunt
3729 5631 3789 5692 in

585 5780 612 5811 ι
641 5769 836 5831 Graeca
881 5775 1214 5850 exemplaria
1272 5780 1502 5855 addunt,
1554 5784 1996 5856 Quemadmodum
2021 5792 2125 5853 eti

2230 5813 2250 5854 ε
2275 5797 2417 5871 fecit,
2436 5802 2507 5864 ὡς
2534 5805 2620 5861 καὶ
2643 5805 3063 5882 Ἠλίοιςίὲττοίῑηςη⁸
