4166 6336
290 354 390 416 629

1353 335 1798 398 EVANGELIUM
1838 332 2213 398 SECUNDUM
2253 332 2514 402 LUCAM.

3482 339 3588 399 (³50

290 473 459 530 caelis.
481 467 786 546 [cvvut,5.]
811 466 869 522 ln
897 465 1010 536 ipsa
1039 462 1171 519 liora
1203 458 1497 518 exsultavit
1525 457 1728 532 Spiritu
1758 470 1882 512 sanv
1908 454 1961 518 A
1986 453 2130 526 pulis
2173 453 2292 525 ejus
2329 453 2396 508 ad
2443 465 2567 509 eum
2599 447 2892 519 :Domine,
2925 448 3061 508 doce
3100 465 3201 510 nos
3234 465 3418 519 orare,
3449 452 3589 511 sicut

290 581 398 639 cto,
429 578 488 625 et
528 567 666 623 dixit
693 583 704 621 :
735 561 1015 619 Confiteor
1045 558 1165 627 tibi,
1192 557 1376 624 Pater,
1408 553 1640 611 Domine
1666 551 1790 609 coeli
1817 559 1873 608 et

292 675 475 732 terrze,
502 662 645 734 quod
692 655 1026 714 abscondisti
1074 653 1192 710 haec
1236 668 1267 707 a
1297 650 1654 724 sapientibus,
1677 656 1731 704 et
1757 662 1885 719 pru-

293 757 570 823 dentibus,
603 763 658 812 et
706 750 962 810 revelaSIi
1019 764 1083 805 ea
1142 745 1405 822 parvulis.
1448 740 1880 809 Etiam,Pater:

293 851 550 924 quoniam
585 849 665 906 sic
704 846 911 920 placuit
955 851 1080 900 ante
1123 850 1194 898 te.
1224 838 1392 914 κω,
1419 836 1501 910 5.]
1525 836 1718 893 Omnia
1751 832 1885 892 mihi

293 945 490 1004 tradita
557 953 686 1001 sunt
732 957 762 996 a
817 941 980 998 Patre
1036 953 1182 994 meo.
1213 934 1282 994 Et
1337 949 1500 991 nemo
1527 934 1631 989 scit
1659 931 1779 1004 quis
1819 929 1890 986 sit

291 1045 487 1111 Filius,
518 1043 622 1100 nisi
682 1041 876 1107 Pater;
916 1046 972 1094 et
1011 1037 1132 1110 quis
1182 1034 1255 1092 sit
1309 1032 1492 1104 Pater,
1528 1030 1629 1086 nisi
1689 1027 1882 1094 Filius,

288 1150 340 1198 et
379 1139 465 1196 cui
507 1133 744 1194 voluerit
787 1132 960 1188 Filius
1007 1129 1271 1190 revelare.
1318 1129 1480 1202 [_cxx,
1509 1123 1602 1195 5.]
1647 1123 1716 1178 Et
1756 1137 1885 1178 con-

285 1245 479 1290 versus
509 1227 574 1285 ad
607 1224 900 1296 discipulos
929 1238 1058 1280 suos
1089 1221 1226 1278 dixit
1257 1236 1271 1276 :
1301 1218 1451 1274 Beati
1482 1215 1647 1284 oculi,
1681 1214 1771 1288 qui
1803 1214 1883 1268 vi-

285 1323 416 1380 dent
446 1335 568 1393 quae
600 1333 696 1376 vos
727 1316 947 1372 videtis.
983 1315 1114 1369 Dico
1161 1311 1306 1369 enim
1340 1308 1519 1376 vobis,
1553 1308 1697 1380 quod
1730 1306 1884 1362 multi

286 1416 572 1489 pr0phette
602 1423 657 1470 et
686 1427 844 1486 reges
867 1406 1366 1468 volueruntvidcre
1395 1419 1516 1477 quae
1534 1419 1633 1460 vos
1663 1402 1882 1470 videtis,

286 1519 338 1567 et
371 1524 480 1564 non
523 1507 795 1575 viderunt,
833 1513 886 1558 et
930 1502 1117 1558 audire
1165 1515 1285 1573 qua:
1323 1497 1546 1567 auditis,
1570 1505 1759 1553 etnon
1793 1511 1887 1550 au-

283 1605 521 1661 dierunt.
553 1602 722 1675 [cxxr,
750 1597 832 1669 2.]
860 1597 926 1654 Et
957 1611 1085 1654 ecce
1132 1595 1352 1668 quidam
1397 1592 1743 1664 legisperitus
1776 1605 1886 1646 sur-

287 1698 431 1756 rexit
455 1703 674 1752 tentans
697 1692 869 1759 illum,
895 1701 948 1749 et
976 1689 1164 1746 dicens
1190 1707 1201 1743 :
1223 1686 1499 1758 Magister,
1527 1684 1654 1755 quid
1684 1682 1889 1738 facien-

280 1791 347 1848 do
367 1790 540 1846 vitam
570 1797 833 1843 aeternam
867 1781 1192 1854 possidebo?
1221 1781 1290 1835 At
1319 1779 1407 1834 ille
1435 1777 1577 1833 dixit
1601 1776 1666 1831 ad
1709 1791 1833 1832 eum
1863 1792 1877 1830 :

1988 547 2179 618 docuit
2207 558 2262 604 et
2290 548 2531 604 Joannes
2558 544 2861 617 discipulos
2897 558 3048 601 suos.
3081 545 3146 600 Et
3176 545 3380 601 aitillis
3408 545 3578 600 :Cum

1987 643 2180 708 oratis,
2205 640 2391 710 dicite,
2425 643 2608 709 Pater,
2639 638 3015 695 sanctificetur
3042 653 3240 694 nomen
3270 647 3441 694 tutnn.
3474 640 3582 694 Ad-

1987 734 2167 790 veniat
2200 749 2424 806 regnum
2454 741 2602 788 tuum
2625 741 2672 786 η.
2698 731 2901 786 Panem
2926 739 3172 787 nostrum
3203 731 3577 802 quotidianum

1987 829 2054 885 da
2082 829 2242 884 nobis
2273 829 2458 886 hodie.
2492 829 2558 884 Et
2585 827 2798 882 dimitte
2823 828 2983 884 nobis
3011 836 3231 900 peccata
3275 838 3481 892 nostra,
3513 830 3584 883 si—

1988 923 2207 997 quidem
2232 933 2284 979 et
2307 921 2411 994 ipsi
2438 922 2763 978 dimittimus
2785 924 2936 980 omni
2966 923 3185 979 debcnti
3214 924 3392 981 nobis.
3422 925 3487 980 Et
3515 942 3579 980 no

1990 1034 2090 1075 nos
2121 1019 2346 1074 inducas
2372 1019 2426 1074 in
2458 1018 2836 1075 tentationem.
2870 1019 3072 1091 [cxx1v,
3101 1019 3210 1090 10.]
3236 1020 3302 1076 Et
3329 1021 3403 1074 ait
3428 1019 3492 1074 ad
3518 1020 3582 1076 il-

1989 1112 2071 1170 los
2103 1112 2271 1181 :Quis
2302 1120 2543 1167 vestrum
2575 1110 2799 1167 habebit
2829 1111 3082 1178 amicum,
3115 1120 3168 1168 ct
3212 1111 3310 1166 ibit
3340 1111 3403 1167 ad
3435 1112 3582 1172 illum

1991 1205 2170 1264 media
2202 1213 2395 1274 nocte,
2423 1214 2480 1261 et
2529 1203 2677 1261 dicat
2721 1205 2799 1260 illi
2836 1206 3082 1272 :Amice,
3124 1207 3405 1262 commoda
3452 1207 3585 1262 mihi

1988 1306 2098 1354 tres
2149 1313 2337 1370 panes,
2369 1297 2626 1370 quoniam
2665 1298 2876 1354 amicus
2906 1314 3058 1355 meus
3089 1299 3238 1355 venit
3285 1299 3353 1356 de
3401 1301 3480 1355 via
3515 1301 3580 1354 ad

1992 1409 2098 1460 tne,
2126 1402 2179 1448 et
2222 1407 2329 1446 non
2380 1391 2555 1448 habeo
2603 1393 2747 1465 quod
2795 1409 2989 1466 ponam
3024 1404 3148 1450 ante
3181 1396 3356 1451 illum.
3393 1395 3457 1454 Et
3489 1397 3582 1452 ille

1989 1486 2203 1543 deintus
2235 1486 2576 1558 respondens
2605 1487 2785 1544 dicat:
2820 1487 2936 1544 Noli
2979 1489 3110 1544 mihi
3140 1490 3399 1545 molestus
3431 1504 3574 1550 esse,

1984 1581 2097 1652 jam
2126 1579 2326 1634 ostium
2359 1581 2599 1635 clausum
2626 1590 2729 1650 est,
2765 1589 2819 1636 et
2859 1581 3011 1652 pueri
3062 1584 3166 1639 mei
3215 1599 3423 1639 mecum
3456 1593 3583 1640 sunt

1990 1674 2044 1728 in
2073 1673 2263 1739 cubili,
2306 1687 2414 1727 non
2459 1687 2678 1744 possum
2723 1689 2968 1745 surgere,
3003 1683 3056 1728 et
3107 1675 3236 1730 dare
3289 1675 3407 1731 tibi.
3443 1675 3508 1730 Et
3538 1677 3582 1730 si

1993 1763 2083 1820 ille
2113 1763 2551 1834 perseveraverit
2594 1765 2819 1835 pulsans
2850 1784 2863 1820 :
2894 1765 3015 1820 dico
3062 1767 3240 1835 vobis,
3275 1778 3329 1822 et
3375 1768 3417 1822 si
3477 1784 3582 1822 non

291 1886 347 1940 In
394 1885 516 1954 lege
569 1879 697 1953 quid
739 1879 1002 1949 scriptum
1048 1875 1165 1932 est?
1190 1872 1462 1945 quomodo
1493 1868 1660 1941 legis?
1689 1868 1784 1924 Ille
1805 1882 1888 1923 re-
1922 1867 1968 1928 Β
1997 1856 2147 1911 dabit
2187 1855 2266 1910 illi
2316 1870 2545 1927 surgens
2575 1870 2640 1911 eo
2671 1856 2812 1928 quod
2845 1856 3054 1912 amicus
3084 1858 3202 1929 ejus
3233 1859 3324 1927 sit,
3363 1870 3586 1934 propter

279 1976 560 2050 spondens
584 1973 743 2030 dixit:
763 1971 972 2044 Diliges
995 1966 1281 2025 Dominum
1308 1967 1474 2021 Deum
1499 1971 1652 2018 tuum
1684 1977 1749 2018 ex
1775 1969 1889 2018 toto

277 2071 446 2130 corde
479 2076 592 2136 tuo,
623 2074 678 2123 et
699 2080 767 2122 ex
791 2074 901 2119 tota
930 2063 1110 2119 anima
1142 2069 1256 2128 tua,
1288 2067 1342 2116 et
1371 2074 1436 2114 ex
1469 2057 1723 2112 omnibus
1750 2054 1886 2110 viri-

281 2166 384 2222 bus
413 2163 544 2230 tuis,
581 2168 636 2216 et
655 2174 721 2215 ex
752 2157 901 2212 omni
934 2165 1117 2212 mente
1147 2163 1237 2210 tua
1272 2171 1284 2208 :
1314 2161 1368 2208 et
1396 2149 1706 2223 proximum
1735 2159 1887 2204 tuum

279 2260 419 2316 sicut
461 2255 714 2326 teipsutn.
743 2251 998 2322 Dixitque
1027 2249 1102 2306 illi
1134 2267 1145 2300 :
1177 2248 1347 2304 Recte
1373 2243 1708 2318 respondisti
1741 2261 1753 2296 :
1783 2242 1887 2298 hoc

281 2352 386 2419 fac,
419 2361 476 2406 et
503 2348 677 2404 vives.
713 2344 901 2418 [cxxtt,
934 2340 1047 2413 10.]
1076 2341 1173 2397 llle
1219 2348 1398 2396 autem
1451 2337 1641 2394 volens
1684 2335 1886 2409 justiﬁ-

279 2461 405 2503 care
452 2443 720 2514 scipsum,
753 2438 889 2494 dixit
933 2436 1000 2492 ad
1056 2436 1241 2492 Jesum
1269 2450 1284 2488 :
1315 2433 1381 2487 Et
1431 2431 1553 2503 quis
1605 2437 1690 2484 est
1725 2442 1883 2483 meus

283 2534 606 2613 proximus?
647 2530 961 2603 Suscipiens
1007 2537 1187 2584 antem
1245 2526 1426 2593 Jesus,
1475 2523 1611 2580 dixit
1653 2540 1666 2576 :
1709 2521 1886 2578 Homo

280 2612 500 2703 quidam
535 2624 908 2684 descendebat
937 2623 1005 2678 ab
1033 2619 1342 2678 Jerusalem
1371 2618 1424 2673 in
1467 2614 1706 2682 Jericho,
1729 2621 1784 2670 et
1805 2612 1886 2668 in-

282 2727 412 2783 cidit
441 2726 496 2781 in
538 2724 804 2787 latrones,
833 2719 924 2790 qui
951 2716 1114 2774 etiam
1157 2714 1610 2785 despoliaverunt
1634 2725 1756 2765 eum
1787 2727 1798 2762 :
1831 2719 1885 2766 et

280 2821 456 2892 plagis
489 2815 778 2888 impositis,
808 2811 1086 2878 abierunt,
1117 2806 1381 2865 semivivo
1417 2804 1640 2861 relicto.
1672 2801 1884 2857 Accidit

282 2922 488 2978 autem,
511 2919 572 2966 ut
599 2905 857 2965 sacerdos
880 2903 1098 2976 quidam
1131 2898 1493 2958 descenderet
1523 2896 1716 2953 eadem
1749 2895 1838 2950 via
1868 2911 1878 2947 :

281 3019 334 3063 et
359 3008 481 3062 viso
523 3005 645 3072 illo,
678 3000 1001 3075 praeterivit.
1029 2996 1295 3053 Similiter
1328 3001 1382 3050 et
1407 2991 1622 3059 Levita,
1646 3006 1768 3047 cum
1795 3003 1882 3045 es-

282 3111 363 3156 set
399 3110 560 3154 secus
613 3094 821 3159 locum,
863 3099 916 3146 et
946 3089 1155 3146 videret
1209 3101 1356 3154 eum,
1389 3083 1707 3156 pertransiit
1740 3100 1752 3134 :
1782 3080 1882 3138 Sa-

281 3191 587 3249 maritanus
616 3195 795 3242 autem
839 3181 1058 3254 quidam
1110 3179 1213 3235 iter
1258 3177 1487 3244 faciens,
1522 3176 1672 3231 venit
1717 3187 1879 3229 secus

283 3303 450 3344 eum:
502 3293 556 3340 et
585 3281 778 3338 videns
819 3294 964 3344 eunt,
1017 3271 1387 3330 misericordia
1443 3277 1624 3326 motus
1669 3277 1777 3325 est.
1814 3267 1883 3322 Et
1911 3287 1957 3352 α

285 3382 619 3452 appmpians
645 3373 891 3446 alligavit
917 3371 1143 3426 vulnera
1186 3369 1324 3439 cjus,
1355 3364 1645 3420 infundens
1671 3361 1878 3431 oleum,
1913 3353 1920 3362 ⁸

285 3485 343 3532 et
375 3474 563 3529 vinum
599 3490 612 3527 :
647 3479 699 3528 et
731 3469 1014 3542 imponens
1055 3464 1208 3518 illum
1250 3461 1304 3516 in
1351 3460 1659 3531 jumentum
1699 3471 1879 3524 suum,

285 3567 441 3624 duxit
472 3567 526 3621 in
558 3561 854 3626 stabulum,
879 3568 933 3616 et
969 3572 1156 3634 curam
1190 3554 1307 3626 ejus
1337 3553 1468 3624 egit.
1499 3553 1566 3606 Et
1589 3550 1758 3605 altera
1795 3548 1884 3606 die

285 3658 516 3732 protulit
563 3657 700 3712 duos
735 3651 1014 3720 denarios,
1044 3657 1099 3706 et
1142 3648 1294 3705 dedit
1322 3645 1643 3712 stabulario,
1672 3652 1728 3699 et
1758 3643 1833 3698 ait
1863 3659 1878 3699 :

284 3751 485 3809 Curam
512 3750 655 3806 illius
685 3747 850 3816 habe,
883 3755 938 3802 et
963 3742 1350 3820 quodcumque
1377 3737 1878 3812 supererogaveris,

284 3861 389 3917 ego
420 3859 542 3902 cum
576 3843 815 3911 rediero,
837 3838 1059 3896 reddam
1085 3838 1203 3893 tibi.
1234 3835 1371 3907 Quis
1397 3835 1590 3890 horum
1618 3833 1780 3889 trium
1806 3831 1886 3887 vi-

288 3940 452 3997 detur
499 3937 595 3994 tibi
623 3938 903 4010 proximus
931 3934 1100 3996 fuisse
1133 3931 1234 3999 illi,
1273 3930 1366 4003 qui
1397 3929 1586 3984 incidit
1625 3928 1678 3982 in
1710 3927 1882 3982 latro-

288 4033 423 4088 nes?
451 4030 522 4086 At
552 4029 639 4100 ille
667 4029 803 4085 dixit
836 4027 964 4098 :qui
989 4025 1116 4084 fecit
1153 4022 1584 4086 misericordiam
1620 4021 1673 4076 in
1708 4020 1882 4075 illum.

288 4126 360 4183 Et
393 4126 469 4181 ait
496 4125 573 4180 illi
605 4125 766 4194 Jesus
797 4121 1009 4188 :Vade,
1050 4130 1104 4177 et
1136 4127 1192 4176 tu
1236 4118 1317 4174 fac
1356 4117 1629 4173 similiter.
1660 4116 1886 4186 Factum

289 4229 376 4276 est
405 4230 609 4281 autem,
643 4215 773 4270 dum
820 4215 982 4282 irent,
1011 4221 1066 4268 et
1111 4213 1231 4290 ipse
1260 4210 1482 4268 intravit
1525 4209 1577 4264 in
1615 4207 1889 4282 quoddam

290 4312 581 4370 castellum
615 4329 626 4365 :
652 4317 707 4366 et
735 4309 931 4364 mulier
956 4305 1203 4378 quaedam
1231 4305 1438 4365 Martha
1461 4302 1704 4374 nomine,
1730 4315 1892 4366 exce-

297 4405 378 4477 pit
398 4404 550 4459 illum
581 4401 638 4458 in
662 4401 886 4457 domum
917 4414 1069 4455 suam
1097 4416 1111 4457 :
1139 4409 1195 4454 et
1217 4396 1342 4454 huic
1357 4405 1474 4452 erat
1497 4411 1655 4452 soror
1675 4393 1896 4450 nomine

294 4498 486 4563 Maria,
502 4510 623 4569 quae
644 4495 805 4552 etiam
827 4493 1025 4550 sedens
1046 4508 1198 4549 secus
1215 4491 1378 4563 pedes
1397 4488 1628 4556 Domini,
1645 4487 1898 4544 audiebat

295 4591 523 4646 verbum
537 4589 716 4660 illius.
737 4587 944 4643 Martha
968 4594 1144 4641 autem
1170 4583 1447 4657 satagebat
1473 4583 1613 4637 circa
1647 4581 1898 4652 frequens

1991 1950 2398 2022 improbitatem
2429 1960 2608 2008 tamen
2655 1952 2773 2024 ejus
2804 1963 3012 2025 surget,
3046 1962 3101 2010 et
3131 1953 3285 2010 dabit
3313 1955 3387 2009 illi
3427 1965 3586 2026 quot-

1988 2056 2117 2117 quot
2165 2045 2329 2103 habet
2378 2048 2738 2104 necessarios.
2772 2050 2953 2120 [cxxv,
2987 2048 3066 2119 5.]
3097 2049 3164 2103 Ει
3193 2064 3296 2119 ego
3326 2049 3449 2104 dico
3483 2065 3580 2104 vo-

1991 2141 2074 2194 bis
2105 2157 2119 2194 :
2152 2139 2352 2208 Petite,
2386 2148 2441 2195 et
2471 2140 2690 2195 dabitur
2731 2142 2892 2197 vobis
2928 2158 2939 2195 :
2974 2141 3224 2211 quterite,
3261 2151 3314 2198 et
3346 2141 3588 2197 invenie-

1993 2232 2056 2286 tis
2091 2248 2105 2286 :
2142 2232 2370 2301 pulsate,
2397 2239 2453 2288 et
2478 2235 2754 2304 aperietur
2785 2234 2962 2290 vobis.
2983 2234 3172 2289 Omnis
3202 2233 3348 2290 enim
3379 2237 3467 2307 qui
3495 2251 3592 2308 pe—

1991 2325 2074 2392 tit,
2129 2325 2323 2396 accipit
2373 2342 2389 2379 :
2435 2334 2489 2381 et
2544 2327 2635 2397 qui
2680 2327 2896 2398 quaerit,
2958 2328 3165 2383 invenit
3200 2345 3213 2382 :
3246 2339 3302 2384 et
3349 2330 3590 2401 pulsanti

1987 2416 2281 2488 aperietur.
2314 2415 2444 2484 Quis
2467 2427 2649 2473 autem
2677 2435 2744 2472 ex
2774 2419 2929 2474 vobis
2953 2430 3163 2490 patrem
3188 2422 3322 2492 petit
3353 2437 3576 2494 panem,

1988 2510 2249 2582 numquid
2298 2511 2534 2582 lapidem
2567 2512 2716 2568 dabit
2749 2512 2865 2567 illi?
2897 2515 3006 2568 Aut
3055 2515 3283 2584 piscem,
3314 2519 3580 2587 numquid

1988 2621 2086 2677 pro
2111 2606 2260 2676 pisce
2281 2616 2592 2678 serpentem
2617 2607 2766 2665 dabit
2788 2610 2865 2666 illi
2885 2610 2906 2663 ?
2925 2610 3033 2666 Aut
3061 2613 3106 2666 si
3139 2612 3359 2682 petierit
3389 2629 3580 2670 ovum:

1988 2700 2250 2769 numquid
2276 2701 2525 2772 porriget
2556 2701 2638 2756 illi
2664 2703 3049 2772 scorpionem?
3083 2702 3140 2760 Si
3167 2719 3297 2776 ergo
3330 2719 3430 2760 vos
3455 2721 3583 2762 cum

1986 2790 2109 2846 sitis
2135 2790 2477 2858 mali,nostis
2507 2793 2648 2848 bona
2672 2792 2799 2847 data
2828 2794 2962 2850 dare
2986 2794 3110 2850 filiis
3137 2794 3334 2851 vestris
3353 2814 3366 2850 :
3384 2805 3587 2870 quanto

1987 2883 2158 2954 magis
2203 2883 2363 2938 Pater
2414 2894 2596 2940 vester
2627 2884 2692 2941 de
2719 2887 2859 2942 coelo
2905 2885 3057 2942 dabit
3087 2887 3338 2957 spiritum
3384 2889 3586 2946 bonum

1988 2978 2298 3049 petentibus
2323 2981 2411 3035 se!
2442 2978 2651 3052 [cxxw,
2772 2981 2836 3036 Et
2856 2981 3208 3053 eratejiciens
3231 2983 3586 3054 daemonium,

1985 3083 2038 3130 et
2083 3073 2215 3128 illud
2242 3082 2363 3134 erat
2393 3084 2622 3130 mutum.
2660 3076 2876 3131 Etcum
2922 3076 3180 3146 ejecisset
3227 3076 3580 3152 daemonium,

1986 3168 2198 3224 locutus
2227 3175 2313 3223 est
2339 3176 2542 3238 mutus,
2567 3177 2623 3225 et
2661 3169 2948 3225 admiratae
2985 3179 3110 3226 sunt
3139 3171 3329 3227 turbae.
3361 3172 3586 3244 [cxxvu,

1985 3261 2067 3335 2.]
2096 3262 2328 3332 Quidam
2376 3273 2560 3320 autem
2609 3280 2677 3320 ex
2727 3266 2806 3321 eis
2848 3265 3150 3321 dixerunt:
3187 3265 3241 3322 In
3287 3266 3592 3324 Beelzebub

1986 3357 2234 3430 principe
2261 3357 2659 3414 daemoniorum
2693 3358 2838 3430 ejicit
2881 3358 3175 3418 daemonia.
3219 3361 3472 3435 [cxxvttt,
3506 3361 3589 3434 5.]

1986 3451 2056 3506 Et
2081 3452 2170 3506 alii
2204 3458 2500 3519 tentantes,
2534 3451 2750 3521 signum
2784 3452 2851 3507 de
2882 3453 3026 3509 coelo
3057 3455 3374 3524 qumrebant
3405 3454 3474 3509 ab
3498 3469 3585 3511 eo.

1987 3545 2196 3618 [cxx1x,
2229 3542 2310 3615 2.]
2341 3543 2465 3614 Ipse
2494 3550 2698 3610 autem,
2729 3553 2786 3598 ut
2813 3544 2954 3600 vidit
2987 3545 3346 3616 cogitationes
3374 3561 3587 3616 eorum,

1985 3636 2121 3692 dixit
2163 3637 2243 3692 eis
2275 3653 2288 3694 :
2323 3634 2497 3691 Omne
2547 3649 2780 3706 regnum
2808 3635 2862 3690 in
2893 3636 3134 3706 scipsum
3167 3637 3399 3692 divisum
3433 3636 3461 3675 ιι
3493 3637 3592 3693 de-

1986 3731 2276 3800 solabitur,
2313 3739 2368 3786 et
2399 3730 2603 3785 domus
2633 3745 2799 3800 supra
2840 3729 3063 3784 domum
3097 3729 3276 3786 cadet.
3314 3731 3369 3788 Si
3401 3739 3587 3786 autem

1989 3833 2044 3880 et
2073 3824 2301 3880 Satanas
2343 3823 2395 3877 in
2443 3825 2687 3892 scipsum
2736 3822 2946 3877 divisus
2977 3829 3082 3886 cst,
3111 3821 3386 3898 quomodo
3420 3823 3592 3887 stabit

1989 3933 2218 3999 regnum
2250 3917 2402 3989 ejus?
2429 3917 2554 3988 quia
2589 3915 2772 3972 dicitis
2800 3917 2859 3972 in
2899 3915 3215 3972 Beelzebub
3264 3932 3349 3971 me
3390 3917 3588 3987 ejicere

1991 4011 2276 4066 daemonia.
2312 4009 2369 4067 Si
2398 4018 2579 4066 autem
2609 4024 2710 4082 ego
2737 4011 2792 4064 in
2840 4009 3152 4066 Beelzebub
3195 4009 3357 4080 ejicio
3383 4010 3590 4066 daemo-

1993 4106 2077 4160 nia
2116 4103 2251 4158 :filii
2303 4104 2473 4159 vestri
2524 4103 2578 4158 in
2625 4119 2732 4176 quo
2762 4103 3020 4173 ejiciunt?
3053 4102 3182 4158 Ideo
3229 4102 3332 4172 ipsi
3379 4103 3594 4177 judices

1993 4199 2166 4258 vestri
2196 4207 2375 4256 erunt.
2403 4199 2578 4254 Porro
2609 4196 2656 4254 si
2684 4197 2740 4254 in
2769 4197 2938 4268 digito
2972 4198 3069 4253 Dei
3097 4197 3256 4269 ejicio
3285 4197 3554 4253 daemonia
3583 4215 3596 4252 :

1995 4295 2242 4367 profecto
2270 4292 2518 4364 pervenit
2539 4292 2592 4348 in
2622 4305 2720 4347 vos
2751 4306 2981 4363 regnum
3014 4291 3131 4347 Dei.
3160 4290 3295 4347 Cum
3325 4292 3480 4348 fortis
3505 4307 3597 4348 ar-

1997 4399 2176 4447 matus
2222 4389 2466 4447 custodit
2499 4389 2700 4448 atrium
2729 4401 2911 4452 suum,
2944 4388 2996 4441 in
3041 4401 3176 4456 pace
3223 4395 3352 4442 sunt
3382 4401 3445 4442 ea
3477 4401 3601 4458 qua:

1998 4485 2263 4558 possidet.
2299 4484 2354 4541 Si
2388 4491 2571 4538 autem
2618 4481 2819 4538 fortior
2864 4494 2931 4535 eo
2977 4480 3369 4551 superveniens
3412 4479 3606 4542 vicerit

2002 4596 2169 4647 eum,
2224 4579 2480 4634 universa
2559 4589 2707 4631 arma
2780 4572 2898 4643 ejus
2973 4572 3206 4637 auferet,
3278 4571 3332 4624 in
3403 4571 3606 4642 quibus

297 4685 684 4743 ministerium:
715 4699 835 4754 quae
858 4682 1028 4749 stetit,
1062 4690 1118 4736 et
1139 4681 1211 4736 ait
1236 4696 1252 4734 :
1277 4678 1528 4748 Domine,
1553 4692 1659 4732 non
1689 4685 1772 4731 est
1801 4675 1891 4730 tibi
1922 4690 1976 4752 Ι)
2001 4674 2330 4742 conﬁdebat,
2362 4682 2419 4729 et
2465 4669 2638 4742 spolia
2692 4669 2812 4740 ejus
2868 4666 3182 4722 distribuet.
3215 4665 3317 4732 Qui
3365 4681 3474 4720 non
3518 4673 3604 4719 est

298 4796 468 4852 curae,
499 4777 640 4854 quod
663 4792 819 4833 soror
839 4774 1207 4846 meareliquit
1227 4788 1315 4829 me
1340 4772 1510 4828 solam
1535 4769 1779 4844 ministra
1791 4784 1849 4823 re
1872 4767 1895 4823 ?

297 4874 388 4928 dic
430 4886 561 4943 ergo
586 4869 688 4938 illi,
717 4879 772 4926 ut
802 4885 888 4925 me
917 4869 1156 4939 adjuvet.
1190 4866 1258 4922 Et
1283 4864 1618 4936 respondens
1646 4863 1779 4918 dixit
1807 4861 1892 4918 illi

303 4966 573 5026 Dominus
604 4982 617 5019 :
652 4963 885 5032 Martha,
917 4962 1146 5030 Martha,
1177 4961 1404 5017 sollicita
1449 4975 1532 5024 es,
1561 4969 1612 5014 et
1665 4957 1902 5022 turbaris

303 5076 430 5133 erga
463 5059 719 5131 plurima.
765 5059 936 5114 Porro
978 5075 1147 5114 unum
1185 5066 1269 5114 est
1317 5055 1706 5114 necessarium.
1739 5054 1904 5110 Maria

306 5157 572 5227 optimam
609 5164 817 5223 partem
864 5153 1050 5226 elegit,
1081 5170 1199 5225 quae
1231 5170 1339 5209 non
1375 5153 1650 5209 auferetur
1701 5153 1768 5209 ab
1818 5167 1902 5208 ea.

381 5248 537 5321 [Cap.
566 5248 659 5304 XI.
690 5264 884 5315 cxxut,
917 5246 999 5320 5.]
1029 5248 1095 5304 Et
1127 5247 1330 5304 factum
1363 5256 1448 5306 est
1476 5266 1489 5302 :
1521 5264 1645 5312 cum
1677 5258 1820 5304 esset
1851 5249 1906 5312 in

307 5343 549 5414 quodam
577 5343 701 5408 loco
729 5357 914 5410 orans,
941 5351 1004 5399 ut
1024 5345 1276 5412 cessavit,
1306 5343 1446 5398 dixit
1475 5357 1613 5408 unus
1635 5358 1705 5398 ex
1741 5342 1905 5399 disci-

387 5518 655 5596 nAdditur
682 5519 819 5596 etin
855 5518 1130 5596 plerisque
1162 5519 1673 5596 Graeciseodicibns
1701 5523 1788 5580 illa
1821 5538 1916 5594 pe-

309 5595 524 5669 ricope,
547 5591 651 5669 fiat
678 5590 1031 5669 v_oluntas_ttttt
1053 5593 1184 5669 Sicut
1210 5594 1260 5644 in
1284 5592 1410 5669 melo
1432 5606 1479 5669 et
1508 5593 1558 5646 in
1590 5603 1746 5660 terra,
1766 5590 1916 5669 γεῖθη-

310 5669 448 5742 θὴτῳ
464 5666 522 5719 τὸ
539 5663 723 5734 Θέλημά
752 5665 981 5742 στήῃ-ᾡς·¹
1000 5664 1046 5717 ἐν
1075 5666 1292 5742 οὐρανῷ,
1313 5668 1396 5719 καὶ
1423 5667 1508 5720 ἐπὶ
1531 5676 1621 5729 τῆς
1649 5663 1914 5741 Tag-Mn)!

312 5751 368 5792 et
396 5739 507 5790 duo
532 5733 687 5801 tnss.,
708 5750 843 5808 unus
869 5733 1178 5808 Vaticanus,
1211 5733 1347 5808 alter
1364 5737 1603 5805 Reginae,
1633 5733 1922 5808 prteferunt

315 5808 386 5862 da
416 5807 566 5862 nobis
593 5805 971 5881 quolidie,_pro
993 5806 1060 5859 da
1086 5808 1229 5876 nobis
1257 5805 1410 5862 hodie
1429 5827 1439 5861 :
1457 5805 1647 5866 Graece
1679 5812 1922 5881 plerum-

316 5895 426 5950 que
453 5887 537 5935 est
559 5879 617 5934 τὸ
638 5877 748 5931 καθ’
770 5878 984 5951 ἡμέραν.

2004 4785 2241 4836 mecum,
2271 4774 2460 4822 contra
2488 4777 2577 4820 me
2606 4770 2690 4819 est
2719 4779 2730 4815 :
2761 4770 2814 4815 et
2841 4759 2934 4830 qui
2966 4773 3073 4815 non
3104 4757 3314 4828 colligit
3354 4771 3593 4822 mecum,

2005 4865 2288 4938 dispergit.
2314 4863 2501 4934 [ουκ.
2532 4859 2612 4932 5.]
2639 4859 2773 4915 Cum
2795 4855 3111 4912 immundus
3137 4853 3364 4924 spiritus
3393 4852 3602 4908 exierit

2007 4962 2074 5018 de
2102 4958 2341 5025 homine,
2365 4955 2608 5012 ambulat
2641 4969 2740 5025 per
2770 4954 2887 5009 loca
2907 4952 3200 5024 .inaquosa,
3241 4962 3490 5021 quaerens
3513 4961 3602 5004 re-

2009 5058 2211 5130 quiem,
2255 5063 2309 5110 et
2353 5067 2464 5122 non
2491 5049 2776 5107 inveniens
2802 5048 2934 5106 dicit
2965 5066 2978 5102 :
3012 5047 3275 5108 Revertar
3306 5045 3356 5098 in
3383 5044 3603 5114 domum

2015 5167 2190 5209 meam
2214 5149 2356 5206 unde
2379 5145 2548 5205 exivi:
2570 5152 2624 5200 et
2653 5158 2774 5199 cum
2798 5140 3027 5206 venerit,
3060 5139 3266 5202 invenit
3289 5151 3406 5208 eam
3431 5134 3611 5206 scopis

2014 5245 2350 5310 mandatam,
2383 5249 2438 5298 et
2463 5252 2484 5279 ο
2521 5246 2788 5294 ornatam.
2816 5234 2969 5298 Tunc
2999 5231 3168 5298 vadit,
3194 5240 3246 5285 et
3269 5227 3495 5286 assumit
3522 5241 3609 5282 se-

2019 5355 2161 5415 ptem
2191 5340 2324 5404 alios
2347 5336 2575 5408 spiritus
2613 5347 2795 5389 secum
2823 5328 3114 5400 nequiores
3139 5341 3220 5392 se,
3253 5333 3307 5379 et
3353 5323 3609 5392 ingressi,

2093 5519 2118 5557 ιι
2145 5519 2203 5575 In
2257 5517 2486 5573 instanti
2529 5513 2794 5570 desolatm'
2821 5526 2951 5584 mss.
3001 5511 3174 5565 nostri
3213 5510 3526 5581 pral'crttnt,
3559 5509 3614 5566 in

2022 5591 2212 5649 Grieco
2241 5592 2403 5645 etiam
2436 5598 2540 5654 ρετ,
2573 5591 2871 5660 ἐρημοῦται.

2097 5673 2117 5701 ο
2175 5665 2288 5717 Duo
2329 5663 2521 5715 iterum
2568 5654 2723 5721 nisi,
2774 5671 2910 5710 unus
2940 5654 3248 5716 Vaticanus,
3280 5664 3439 5722 atque
3473 5654 3613 5707 {lllCl‘

2026 5735 2247 5803 Reginae
2290 5731 2575 5796 vetustior,
2604 5731 2860 5803 omittunt
2900 5728 3038 5803 i_Stud
3062 5736 3324 5803 ornatam.
3359 5727 3501 5794 quod
3533 5733 3615 5779 est

2029 5797 2208 5862 tamen
2240 5805 2292 5861 in
2322 5804 2597 5875 plerisque
2625 5801 2874 5857 omnibus
2902 5798 3106 5864 Graecis
3153 5797 3324 5851 libris.
