4166 6336
498 369 596 425 651

1517 361 1573 417 S.
1617 357 1995 417 HIERONYMI
2032 355 2268 416 DIVINA
2308 356 2784 417 BIBLIOTHECA.

3690 360 3796 414 652

496 478 745 535 habitant
769 476 861 533 ibi.
881 476 947 533 Et
976 476 1114 532 ﬁunt
1142 476 1436 532 novissima
1460 473 1701 530 hominis
1731 473 1875 528 illius
1907 458 2093 543 pejora
2123 481 2169 538 Α
2202 475 2394 540 stolos,
2423 484 2475 529 et
2506 488 2572 530 ex
2598 473 2705 531 illis
2737 472 2990 530 occident
3012 481 3066 529 et
3093 481 3505 545 persequentur.
3525 472 3595 531 Ut
3616 473 3796 545 inqui-

497 571 791 643 prioribus.
851 572 1080 644 jcxxxr,
1113 572 1202 625 10.
1226 566 1244 640 ]
1267 567 1489 624 Factqu
1519 578 1601 624 est
1630 575 1807 623 autem
1831 581 1951 622 cum
1980 565 2096 620 haec

497 665 726 732 diceret,
759 664 1030 719 extollens
1080 677 1266 718 vocem
1312 661 1558 734 quiedam
1590 661 1787 715 mulier
1814 659 1881 714 de
1916 658 2092 724 turba,

493 757 630 814 dixit
659 757 739 813 illi
774 774 788 814 :
841 756 1042 812 Beatus
1065 765 1256 812 venter
1286 756 1379 825 qui
1435 764 1486 809 te
1518 753 1778 823 portavit,
1831 760 1887 806 et
1933 751 2099 806 ubera

496 868 619 923 quae
650 849 865 906 suxisti.
896 850 966 904 At
1002 849 1092 904 ille
1115 848 1253 905 dixit
1300 866 1312 901 :
1370 849 1681 913 Quinimmo
1709 843 1856 899 beati
1886 845 1973 915 qui
1997 860 2096 900 au-

495 946 653 1001 diunt
699 943 925 999 verbum
962 942 1055 997 Dei
1088 951 1144 997 et
1173 940 1493 996 custodiunt
1520 938 1665 994 illud.
1697 936 1944 1011 [cxxxu,
1996 937 2047 991 5.
2077 936 2097 1009 ]

492 1035 691 1094 Turbis
717 1045 899 1091 autem
950 1032 1427 1098 concurrentibus,
1461 1030 1628 1101 coepit
1656 1031 1842 1086 dicere
1874 1048 1887 1084 :
1922 1029 2099 1086 Gene-

492 1129 635 1186 ratio
669 1128 786 1183 haec
809 1128 1091 1197 generatio
1118 1141 1348 1197 nequam
1378 1134 1462 1180 est
1490 1144 1505 1181 :
1536 1124 1750 1195 signum
1800 1125 2017 1197 quierit,
2044 1133 2099 1179 et

496 1226 711 1296 signum
737 1238 845 1277 non
878 1220 1096 1276 dabitur
1121 1222 1191 1289 ei,
1215 1221 1319 1275 nisi
1349 1220 1563 1291 signum
1595 1219 1748 1276 Jonte
1792 1212 2094 1289 prophetas.

491 1318 633 1375 Nam
653 1318 789 1371 sicut
810 1312 911 1370 fuit
932 1313 1100 1370 Jonas
1121 1313 1333 1384 signum
1365 1313 1617 1368 Ninivitis
1652 1328 1667 1367 :
1698 1313 1770 1368 ita
1801 1313 1906 1367 erit
1928 1322 1985 1366 et
2006 1310 2101 1365 Fi-

490 1412 599 1469 lius
627 1410 864 1467 hominis
884 1410 1219 1481 generationi
1244 1407 1578 1480 isti.Regina
1601 1408 1787 1463 Austri
1821 1415 2011 1477 surget
2040 1407 2097 1463 in

484 1504 697 1576 judicio
714 1519 835 1559 cum
868 1502 999 1559 viris
1024 1504 1400 1574 generationis
1426 1501 1608 1571 hujus,
1632 1511 1688 1557 et
1713 1498 2098 1555 condemnabit

490 1598 619 1653 illos
651 1598 817 1669 :quia
849 1596 998 1653 venit
1035 1612 1066 1652 a
1116 1596 1315 1651 finibus
1359 1604 1522 1652 terrae
1553 1594 1742 1650 audire
1771 1594 2094 1665 sapientiam

490 1689 803 1745 Salomonis
834 1707 847 1744 :
882 1697 939 1745 et
962 1703 1092 1744 ecce
1123 1689 1245 1759 plus
1270 1695 1295 1724 *‘
1315 1703 1477 1758 quant
1530 1685 1787 1742 Salomon
1840 1686 1948 1741 hic.
1979 1684 2094 1741 Viri

491 1781 743 1838 Ninivitae
774 1792 999 1852 surgent
1030 1781 1083 1836 in
1105 1780 1308 1850 judicio
1330 1795 1452 1834 cum
1482 1778 1841 1850 generatione
1864 1778 1989 1848 hac,
2042 1788 2098 1834 et

2200 577 2351 624 ratur
2381 569 2604 640 sanguis
2623 570 2870 623 omnium
2894 568 3283 640 prophetarum
3315 568 3405 639 qui
3428 567 3631 623 effusus
3658 577 3742 624 est
3762 584 3795 623 a

2197 660 2585 716 constitutione
2613 660 2800 715 mundi
2844 675 2875 715 a
2910 661 3267 731 generatione
3288 661 3385 715 ista
3422 676 3436 715 :
3468 674 3499 715 a
3528 660 3789 729 sanguine

2196 754 2330 812 Abel
2362 770 2531 826 usque
2560 754 2628 810 ad
2655 755 2973 826 sanguinem
3002 755 3300 819 Zachariae,
3334 753 3423 824 qui
3456 752 3620 823 periit
3641 752 3788 810 inter

2199 847 2371 903 altare
2392 855 2447 903 et
2473 849 2664 904 aedem.
2695 846 2774 902 lta
2802 848 2923 903 dico
2953 848 3129 915 vobis,
3154 848 3461 918 requiretur
3477 846 3662 903 ahhac
3691 862 3788 917 ge-

2202 941 2509 996 neratione.
2544 938 2733 1011 [cxr.tt,
2773 936 2855 1012 5.]
2883 939 2975 996 Va:
2997 939 3153 994 vobis
3182 939 3531 1009 legisperitis,
3554 938 3680 1010 quia
3714 948 3800 994 tus

2201 1034 2340 1090 listis
2362 1034 2570 1089 clavem
2601 1033 2864 1101 scientiae,
2899 1032 2999 1103 ipsi
3042 1047 3151 1088 non
3183 1032 3473 1100 introistis,
3506 1041 3561 1088 et
3589 1047 3683 1088 eos
3705 1031 3798 1103 qui

2202 1127 2495 1183 introibant
2520 1127 2895 1197 prohibuistis.
2927 1126 3143 1200 [CXLII],
3178 1125 3293 1199 10.]
3309 1126 3441 1181 Cum
3471 1137 3649 1181 autem
3677 1125 3797 1181 haec

2201 1222 2268 1275 ad
2294 1220 2418 1275 illos
2437 1219 2662 1285 diceret,
2687 1229 2971 1288 creperum
2998 1218 3257 1274 Pharisaei
3279 1227 3334 1273 et
3358 1218 3657 1289 legisperiti
3674 1233 3800 1290 gra-

2201 1316 2338 1371 viter
2364 1315 2638 1382 insistere,
2667 1324 2721 1371 et
2752 1329 2814 1370 os
2843 1315 2965 1384 ejus
2993 1315 3304 1385 opprimere
3329 1314 3398 1369 de
3426 1314 3635 1382 multis,
3660 1313 3796 1369 insi-

2201 1408 2414 1465 diantes
2443 1411 2518 1476 ei,
2548 1417 2603 1464 et
2643 1419 2948 1479 quaerentes
2971 1407 3177 1477 aliquid
3207 1423 3403 1479 capere
3427 1408 3493 1463 de
3536 1422 3634 1463 ore
3654 1406 3794 1478 ejus,

2202 1515 2261 1560 ut
2288 1512 2616 1560 accusarent
2641 1518 2786 1558 eum.
3126 1566 3132 1573 ,

2274 1596 2425 1669 [Cap.
2455 1595 2598 1668 ΧΠ]
2630 1596 3001 1651 Multisantem
3022 1596 3192 1651 turbis
3213 1594 3692 1650 circumstantibus
3711 1594 3784 1648 ita

2201 1700 2260 1745 ut
2285 1706 2344 1747 se
2376 1691 2605 1745 invicem
2638 1690 3051 1755 conculcarent,
3075 1689 3242 1759 coepit
3267 1688 3452 1744 dicere
3472 1688 3539 1744 ad
3560 1688 3800 1759 discipu-

2202 1787 2283 1841 los
2321 1799 2450 1840 suos
2485 1803 2498 1840 :
2530 1785 2736 1857 [‘CXLIV,
2759 1782 2841 1854 2.]
2872 1782 3148 1839 Attendite
3195 1798 3226 1837 a
3280 1783 3551 1838 fermento
3601 1781 3794 1836 Phari-

490 1874 933 1931 condemnabunt
979 1873 1150 1939 illam,
1196 1872 1320 1944 quia
1356 1873 1733 1943 paenitentiam
1763 1881 1992 1942 egerunt
2022 1869 2091 1925 ad

2201 1896 2458 1947 satorum,
2488 1877 2635 1950 quod
2664 1888 2748 1935 est
2779 1878 3104 1950 hypocrisis.
3140 1876 3324 1949 [chv,
3344 1875 3425 1949 5.]
3445 1876 3588 1932 Nihil
3615 1885 3797 1933 autem

488 1967 940 2038 praedicationem
965 1968 1121 2023 Jonas
1154 1985 1168 2020 :
1198 1976 1253 2023 et
1275 1981 1403 2023 ecce
1428 1968 1551 2038 plus
1594 1982 1754 2035 quam
1782 1966 1949 2022 Jonas
1980 1966 2087 2022 hic.

494 2062 747 2134 [CXXXlll,
777 2061 857 2132 1.]
888 2060 1058 2117 Nemo
1086 2061 1362 2118 lucernam
1408 2061 1678 2128 accendit,
1706 2062 1836 2116 etin
1868 2062 2096 2117 abscon.

492 2156 609 2211 dito
637 2155 810 2227 ponit,
840 2171 1018 2227 neque
1059 2156 1160 2213 sub
1209 2156 1394 2212 modio
1428 2172 1441 2210 :
1475 2155 1574 2212 sed
1624 2169 1790 2227 supra
1840 2155 2094 2211 candela-

492 2250 676 2319 brum,
706 2259 765 2305 ut
808 2251 902 2322 qui
944 2251 1325 2322 ingrediuntur
1354 2251 1536 2306 lumen
1568 2250 1811 2305 videant.
1848 2250 2088 2322 [cutim

496 2345 575 2418 5.]
606 2346 852 2402 Lucerna
896 2345 1143 2417 corporis
1185 2346 1260 2400 tui
1291 2353 1376 2400 est
1402 2346 1592 2400 oculus
1616 2353 1758 2399 tuus.
1795 2342 1852 2400 Si
1900 2342 2093 2398 oculus

492 2451 618 2495 tuus
637 2439 796 2495 fuerit
814 2438 1261 2511 siutplex,totum
1281 2452 1483 2507 corpus
1504 2447 1654 2492 tuum
1685 2435 1924 2491 lucidum
1956 2434 2090 2491 erit:

489 2536 746 2591 siautem
797 2546 1031 2604 nequam
1082 2532 1271 2598 fuerit,
1313 2532 1477 2587 etiam
1501 2545 1703 2600 corpus
1734 2539 1891 2584 tuum
1932 2537 2092 2583 tene-

489 2625 717 2681 brosum
745 2624 870 2680 erit.
894 2623 1033 2680 Vide
1060 2637 1192 2694 ergo
1221 2638 1290 2678 ne
1321 2623 1503 2678 lumen
1528 2622 1674 2693 quod
1708 2622 1760 2677 in
1791 2632 1842 2676 te
1882 2629 1991 2689 est,
2017 2630 2097 2677 te-

492 2719 682 2775 nebrae
707 2718 834 2774 sint.
864 2717 924 2774 Si
949 2733 1081 2788 ergo
1110 2731 1311 2787 corpus
1335 2726 1489 2771 tuum
1516 2726 1689 2771 totum
1715 2715 1959 2771 lucidum
1980 2715 2097 2771 fue-

492 2812 588 2882 rit,
621 2827 730 2867 non
779 2810 985 2868 habens
1032 2811 1269 2881 aliquam
1320 2820 1531 2881 partem
1578 2811 1950 2877 tenebrarum,
1991 2809 2099 2866 erit

503 2904 747 2962 lucidum
779 2914 973 2972 totum,
1006 2914 1063 2961 et
1088 2906 1230 2960 sicut
1254 2905 1477 2960 lucerna
1518 2904 1748 2976 fulgoris
1769 2901 2097 2959 illuminabit

487 3012 568 3056 te.
599 2998 1008 3073 [cxxxv,5.]Et
1034 3014 1158 3055 cum
1188 2998 1529 3069 loqueretur,
1562 2999 1775 3070 rogavit
1798 2998 1947 3052 illum
1980 2997 2097 3067 qui-

496 3092 624 3149 dam
657 3091 968 3148 Pharisreus
1000 3098 1059 3146 ut
1100 3090 1392 3161 pranderet
1439 3089 1581 3159 apud
1611 3105 1691 3145 se.
1726 3090 1793 3144 Et
1821 3090 2097 3160 ingressus

493 3184 763 3242 recubuit.
798 3183 1106 3238 Pharisaeus
1132 3191 1313 3237 autem
1358 3181 1526 3251 erepit
1555 3181 1699 3236 intra
1729 3196 1790 3237 se
1810 3190 2093 3251 reputans

2195 1984 2447 2047 opertum
2471 1985 2553 2030 est
2581 1974 2728 2044 quod
2753 1988 2861 2029 non
2885 1974 3184 2041 reveletur,
3202 1987 3377 2043 neque
3404 1970 3785 2028 absconditum

2196 2069 2343 2137 quod
2371 2086 2477 2125 non
2509 2068 2735 2123 sciatur.
2769 2067 3038 2135 Quoniam
3064 2080 3186 2137 quae
3217 2066 3269 2120 in
3303 2063 3549 2121 tenebris
3576 2064 3798 2119 dixistis

2196 2163 2250 2219 in
2275 2164 2477 2219 lumine
2505 2163 2753 2219 dicentur
2786 2180 2797 2213 :
2825 2173 2878 2217 et
2910 2161 3053 2232 quod
3086 2162 3138 2216 in
3170 2175 3361 2214 aurem
3389 2158 3553 2214 locuti
3574 2159 3705 2215 estis
3728 2159 3783 2213 in

2196 2256 2479 2321 cubiculis,
2528 2254 2913 2326 praedicabitur
2936 2254 2990 2309 in
3024 2253 3202 2309 tectis.
3231 2251 3362 2308 Dico
3404 2261 3586 2307 autem
3636 2252 3796 2307 vobis

2195 2351 2391 2406 amicis
2422 2349 2559 2405 meis
2592 2366 2604 2403 :
2629 2348 2711 2405 Ne
2733 2348 3048 2404 terreamini
3074 2348 3142 2403 ab
3169 2346 3253 2402 his
3283 2346 3375 2417 qui
3395 2346 3646 2402 occidunt
3674 2360 3799 2401 cor-

2198 2460 2321 2515 pus,
2354 2454 2411 2499 et
2438 2451 2561 2513 post
2587 2441 2704 2497 haec
2728 2458 2835 2496 non
2884 2440 3086 2496 habent
3127 2439 3361 2511 amplius
3386 2440 3529 2511 quod
3569 2438 3791 2495 faciant.

2196 2535 2488 2594 Ostendam
2523 2543 2704 2592 autem
2735 2533 2892 2589 vobis
2915 2549 3076 2605 quem
3122 2532 3360 2588 linteatis
3396 2551 3409 2586 :
3441 2533 3631 2588 timete
3668 2547 3795 2588 eum

2197 2630 2311 2703 qui,
2339 2639 2621 2701 postquam
2670 2627 2956 2697 occiderit,
2991 2626 3160 2682 habet
3210 2636 3533 2697 potestatem
3567 2627 3789 2682 mittere

2199 2725 2253 2782 in
2298 2724 2630 2797 gehennam.
2679 2723 2759 2779 lta
2810 2722 2936 2779 dico
2974 2721 3153 2787 vobis,
3188 2722 3333 2776 hunc
3365 2721 3570 2776 timete.
3601 2719 3794 2776 Nonne

2197 2818 2439 2891 quinque
2469 2830 2717 2888 passeres
2742 2826 2981 2870 veneunt
3002 2814 3284 2884 dipondio,
3309 2823 3366 2870 et
3403 2829 3543 2869 unus
3581 2829 3648 2869 ex
3680 2812 3791 2868 illis

2199 2926 2311 2967 non
2337 2921 2418 2967 est
2449 2910 2504 2964 in
2534 2909 2810 2964 oblivione
2830 2923 3014 2965 coram
3044 2907 3195 2963 Deo?
3218 2907 3325 2963 Sed
3355 2915 3413 2963 et
3434 2905 3614 2975 capilli
3646 2906 3795 2977 capi-

2201 3004 2271 3059 tis
2295 3002 2465 3059 vestri
2486 3017 2675 3057 omnes
2701 3001 2971 3057 numerati
3014 3009 3159 3056 sunt.
3186 3000 3363 3057 Nolite
3398 3016 3529 3072 ergo
3557 3001 3751 3059 timere
3781 3017 3796 3055 :

2199 3099 2388 3155 multis
2419 3097 2734 3168 passeribus
2762 3095 2930 3166 pluris
2958 3096 3094 3152 estis
3120 3094 3148 3134 ιι
3177 3110 3297 3149 vos.
3327 3094 3462 3149 Dico
3491 3104 3673 3151 autem
3703 3109 3801 3149 vo-

2200 3191 2288 3247 bis
2320 3208 2333 3246 :
2368 3189 2549 3246 omnis
2579 3190 2915 3262 quicumque
2951 3187 3237 3245 confessus
3268 3186 3431 3243 fuerit
3474 3202 3560 3242 me
3612 3201 3801 3243 coram

495 3278 703 3345 dicere,
750 3290 919 3347 quare
958 3290 1066 3332 “0"
1098 3276 1402 3345 δθβῑίῑθῑυε
1441 3284 1589 3331 esset
1630 3284 1759 3331 ante
1789 3276 2095 3346 Prandium.
2126 3271 2173 3335 C
2203 3283 2612 3352 hominihus,et
2635 3282 2801 3338 Filius
2818 3280 3053 3337 hominis
3075 3280 3592 3337 contitebiturillum
3615 3294 3802 3336 coram

495 3366 568 3425 Et
595 3369 673 3424 ait
702 3369 965 3424 Dominus
993 3367 1057 3423 ad
1083 3367 1233 3423 illum
1270 3385 1283 3421 :
1312 3367 1466 3423 Nunc
1487 3384 1605 3435 vos,
1630 3366 1920 3434 Pharisaei,
1950 3367 2095 3439 quod

497 3463 706 3519 deforis
734 3472 817 3518 est
844 3462 1033 3519 calicis
1057 3472 1114 3518 et
1152 3462 1313 3517 catini
1362 3461 1636 3517 mundatis
1673 3479 1685 3515 :
1719 3461 1865 3532 quod
1914 3470 2095 3517 autem

495 3560 644 3614 intus
672 3567 758 3613 est
786 3566 1029 3613 vestrum
1062 3559 1289 3627 plenum
1323 3566 1408 3612 est
1451 3558 1642 3627 rapina
1684 3568 1739 3612 et
1788 3557 2092 3629 iniquitate.

497 3652 685 3720 Stulti,
705 3660 891 3709 nonne‘
910 3653 1002 3723 qui
1032 3652 1153 3708 fecit
1178 3650 1324 3722 quod
1345 3651 1550 3706 deforis
1575 3660 1681 3719 est,
1698 3650 1863 3707 etiam
1884 3651 1933 3705 id
1952 3651 2097 3722 quod

496 3745 714 3802 deintus
744 3755 828 3803 est
848 3744 1014 3803 fecit?
1047 3744 1464 3813 Verumtamen,
1490 3745 1633 3816 quod
1672 3753 1941 3817 superest,
1973 3744 2098 3801 date

499 3838 909 3911 eleemosynam
941 3855 954 3893 :
987 3847 1045 3894 et
1086 3852 1215 3894 ecce
1254 3837 1435 3892 omnia
1495 3836 1696 3892 munda
1743 3847 1873 3893 sunt
1918 3836 2094 3892 vobis.

499 3931 746 4006 [cxxxvt,
779 3930 859 4004 5.]
890 3932 1002 3988 Sed
1033 3947 1115 3987 vae
1140 3930 1295 3987 vobis
1321 3931 1639 3999 Pharis-aiis,
1665 3933 1791 4004 quia
1815 3931 2100 3988 decimatis

495 4027 803 4094 mentham,
834 4035 891 4082 et
913 4036 1115 4094 rutam,
1150 4036 1205 4081 et
1234 4042 1396 4082 omne
1429 4027 1572 4095 olus,
1597 4036 1652 4082 et
1691 4026 1987 4097 praeteritis
2004 4026 2097 4097 ju-

496 4119 700 4175 dicium
752 4127 811 4174 et
859 4117 1183 4174 charitatem
1210 4118 1306 4174 Dei
1336 4138 1350 4173 :
1386 4118 1505 4174 lucc
1535 4128 1715 4174 autem
1747 4119 1990 4191 oportuit
2018 4117 2098 4173 fa-

496 4225 645 4276 cere,
700 4219 757 4265 et
785 4210 874 4265 illa
902 4225 1011 4270 non
1045 4212 1319 4267 omittere.
1355 4212 1658 4285 [cxxxxvu,
1693 4209 1773 4283 2.]
1821 4210 1916 4266 Vae
1948 4211 2099 4266 vobis

495 4303 810 4369 Pharisteis,
838 4306 965 4375 quia
992 4304 1217 4377 diligitis
1244 4305 1450 4375 primas
1478 4305 1768 4359 cathedras
1795 4305 1845 4359 in
1867 4318 2101 4375 synago.

497 4396 607 4467 gis,
632 4406 687 4451 et
712 4397 1069 4453 salutationes
1100 4398 1156 4452 in
1186 4397 1327 4452 foro.
1356 4397 1643 4471 [cxxxvnt,
1676 4396 1755 4469 5.]
1799 4396 1891 4452 Ἴτε
1924 4397 2098 4465 vobis,

498 4487 625 4558 quia
652 4488 783 4543 estis
812 4500 870 4543 ut
898 4497 1248 4544 monumenta
1276 4504 1399 4560 qua:
1445 4504 1553 4543 non
1600 4501 1887 4558 apparent,
1920 4498 1976 4545 et
2003 4488 2102 4543 ho-

499 4580 679 4636 mines
702 4581 1046 4637 ambulantes
1074 4596 1239 4651 supra
1270 4580 1545 4640 nesciunt.
1602 4579 1852 4653 [cxxxrx,
1884 4579 1962 4653 5.]
1990 4580 2098 4636 lie-

2202 3380 2411 3451 angelis
2439 3378 2533 3434 Dei
2562 3396 2575 3433 :
2606 3379 2808 3453 [cum
2845 3376 2930 3449 2.]
2952 3378 3041 3449 qui
3074 3385 3254 3433 autem
3286 3376 3566 3448 negaverit
3590 3391 3676 3432 me
3706 3390 3803 3432 co-

2202 3488 2317 3528 ram
2341 3472 2674 3539 hominibus,
2698 3471 2983 3542 negabitur
2997 3485 3181 3527 coram
3203 3470 3412 3541 angelis
3436 3469 3553 3525 Dei.
3573 3469 3794 3543 [cnvu,

2200 3565 2281 3639 2.]
2301 3564 2369 3621 Et
2398 3566 2577 3621 omnis
2604 3564 2698 3636 qui
2725 3564 2856 3620 dicit
2874 3564 3102 3620 verbum
3125 3564 3177 3619 in
3202 3562 3399 3619 Filium
3429 3564 3685 3631 hominis,
3710 3577 3803 3619 re-

2201 3660 2448 3716 mittetur
2470 3658 2548 3714 illi
2574 3675 2588 3712 :
2622 3657 2672 3713 ei
2702 3668 2883 3713 autem
2912 3657 3005 3728 qui
3027 3655 3081 3712 in
3104 3655 3368 3725 Spiritum
3391 3669 3637 3712 sanctum
3659 3655 3803 3709 blas-

2202 3751 2562 3824 phemaverit,
2586 3766 2695 3806 non
2716 3750 3049 3806 remittetur.
3085 3750 3327 3824 [cxnvm,
3355 3746 3436 3818 ἓ]
3459 3746 3595 3802 Cum
3620 3757 3803 3801 autem

2201 3844 2464 3901 inducent
2486 3858 2584 3899 vos
2606 3844 2661 3898 in
2684 3856 3007 3915 synagogas,
3026 3851 3081 3897 et
3100 3841 3166 3896 ad
3196 3841 3544 3911 magistratus
3570 3848 3623 3895 et
3650 3847 3805 3909 pote-

2202 3948 2396 4005 States,
2428 3939 2599 3997 nolite
2629 3937 2847 3992 solliciti
2879 3950 3003 3992 esse
3025 3934 3259 4007 qualiter
3288 3943 3382 3989 aut
3407 3934 3534 4004 quid
3576 3944 3808 4004 respon-

2201 4029 2402 4097 deatis,
2433 4041 2529 4086 aut
2554 4028 2681 4100 quid
2708 4027 2901 4083 dicatis
2933 4043 2947 4082 :
2982 4026 3222 4097 Spiritus
3261 4027 3407 4082 enim
3458 4034 3677 4081 sanctus
3707 4022 3808 4080 do-

2202 4123 2348 4180 cebit
2387 4138 2485 4177 vos
2516 4123 2567 4177 in
2620 4122 2736 4190 ipsa
2788 4121 2921 4176 hora
2973 4120 3102 4191 quid
3145 4128 3396 4189 oporteat
3451 4133 3552 4175 vos
3597 4117 3802 4174 dicere.

2203 4214 2407 4289 [cxux,
2435 4213 2655 4285 10.]Ait
2685 4222 2867 4268 autem
2899 4213 2949 4268 ei
2971 4212 3187 4284 quidam
3214 4211 3451 4268 deturba
3482 4228 3496 4264 :
3524 4210 3799 4280 Magister,

2202 4309 2292 4366 die
2322 4308 2477 4363 fratri
2508 4323 2629 4364 meo
2650 4318 2711 4361 ut
2732 4306 2934 4363 dividat
2962 4321 3173 4362 mecum
3199 4305 3594 4361 hiereditatem.
3623 4307 3692 4359 At
3712 4302 3806 4359 ille

2203 4402 2341 4458 dixit
2378 4402 2457 4456 illi
2493 4417 2508 4458 :
2537 4399 2736 4467 Homo,
2760 4400 2883 4471 quis
2914 4414 3001 4454 me
3025 4398 3563 4468 constituitjudicem
3593 4406 3687 4452 aut
3715 4396 3800 4451 di-

2210 4496 2439 4552 visorem
2461 4510 2627 4564 super
2647 4494 2779 4550 vos?
2806 4494 3057 4563 Dixitque
3098 4493 3164 4547 ad
3191 4493 3313 4548 illos
3342 4512 3353 4547 :
3390 4493 3604 4558 Videte,
3628 4503 3682 4549 et
3713 4506 3806 4547 ca-
3872 4514 3873 4517 η

2203 4601 2329 4645 vete
2353 4588 2424 4643 ab
2447 4588 2595 4643 omni
2612 4587 2870 4651 avaritia;
2904 4588 3030 4658 quia
3056 4601 3160 4640 non
3187 4587 3239 4640 in
3263 4585 3598 4641 abundantia
3624 4584 3808 4656 cujus-

495 4674 773 4746 spondens
797 4684 985 4731 autem
1008 4674 1231 4746 quidam
1260 4691 1327 4731 ex
1357 4674 1709 4745 legisperilis.
1737 4676 1813 4730 ait
1834 4674 1913 4730 illi
1940 4690 1954 4729 :
1987 4674 2098 4730 Ma-
2125 4657 2183 4719 Ῑ)
2207 4699 2368 4754 quam
2405 4683 2514 4737 vita
2537 4681 2654 4752 ejus
2675 4687 2781 4744 est,
2815 4695 2882 4736 ex
2910 4657 2992 4733 his
3016 4694 3137 4749 quae
3160 4678 3425 4749 possidet.
3454 4678 3597 4733 Dixit
3620 4687 3803 4732 autem

493 4770 688 4840 gister,
721 4768 841 4824 haec
881 4769 1070 4824 dicens
1101 4770 1269 4824 etiam
1304 4769 1691 4825 contumeliam
1737 4771 1893 4826 nobis
1942 4770 2097 4826 facis.

497 4862 570 4918 At
593 4861 685 4916 ille
714 4861 793 4916 ait
819 4876 834 4915 :
869 4859 940 4915 Et
969 4860 1125 4917 vobis
1157 4861 1488 4931 legisperitis
1518 4877 1601 4917 vae
1643 4879 1659 4920 :
1700 4863 1826 4933 quia
1857 4864 2100 4920 oneratis

494 4951 749 5010 homines
778 4952 1038 5009 oneribus
1075 4968 1198 5025 qua:
1226 4964 1451 5024 portare
1481 4969 1590 5011 non
1622 4964 1871 5025 possunt,
1914 4967 1971 5012 et
1999 4955 2102 5025 ipsi

496 5062 612 5104 uno
634 5047 810 5120 digito
838 5056 1024 5104 vestro
1053 5062 1164 5104 non
1184 5048 1409 5119 tangitis
1435 5049 1703 5105 sarcinas.
1737 5050 1883 5121 [eam
1908 5048 1988 5121 5.]
2006 5049 2100 5106 Vas

499 5141 678 5210 vobis,
718 5142 810 5214 qui
831 5141 1113 5200 aediﬁcatis
1140 5140 1490 5200 monumenta
1531 5143 1921 5215 prophetarum
1955 5161 1969 5197 :
2003 5159 2098 5215 pa-

500 5244 619 5292 tres
650 5245 830 5294 autem
858 5237 1033 5295 vestri
1061 5237 1382 5296 occiderunt
1423 5238 1565 5294 illos.
1598 5237 1851 5293 Profecto
1901 5236 2099 5294 testiﬁ-

502 5328 701 5383 camini
730 5329 874 5400 quod
902 5331 1224 5388 consentitis
1243 5330 1505 5402 operibus
1529 5339 1746 5401 patrum
1768 5340 2097 5399 vestrorum,

498 5423 757 5494 quoniam
786 5423 888 5496 ipsi
906 5426 1122 5496 quidem
1144 5440 1240 5481 eos
1269 5425 1616 5495 occiderunt,
1634 5440 1730 5481 vos
1762 5435 1941 5482 autem
1969 5426 2105 5482 aedi-

504 5513 687 5571 ﬁcatis
715 5531 902 5574 eorum
935 5518 1204 5589 sepulcra.
1241 5517 1412 5591 [cm,
1439 5516 1521 5591 5.]
1559 5517 1874 5587 Propterea,
1908 5528 1963 5575 et
2014 5535 2102 5576 sa-

503 5609 711 5680 pientia
733 5609 833 5669 Dei
857 5611 997 5668 dixit
1027 5629 1041 5665 :
1075 5612 1282 5669 Mittam
1305 5614 1374 5669 ad
1392 5613 1515 5670 illos
1544 5612 1842 5685 praphetas
1866 5622 1923 5670 et
1967 5628 2100 5685 apo-

572 5828 600 5895 f
624 5817 684 5895 lr_t
712 5818 902 5875 iisdem
932 5818 1210 5877 codicibus
1237 5823 1355 5895 plus
1392 5823 1677 5895 Salomone
1703 5823 1807 5879 hic.

572 5887 602 5927 δ
647 5889 952 5948 Pronomen
1003 5906 1113 5962 vos,
1142 5887 1289 5965 quod
1313 5903 1370 5954 et
1411 5894 1636 5954 Graecus
1658 5904 1836 5956 textus
1865 5896 2088 5964 retinet,

2207 4775 2618 4832 similitudinem
2649 4773 2716 4828 ad
2747 4773 2894 4839 illos,
2919 4771 3106 4826 dicens
3155 4789 3170 4824 :
3218 4770 3468 4827 Hominis
3516 4768 3804 4839 cujusdam

2206 4868 2392 4924 divitis
2413 4867 2611 4923 uberes
2642 4866 2853 4922 fructus
2882 4880 3011 4937 ager
3040 4864 3259 4929 attulit;
3283 4872 3337 4919 et
3366 4861 3637 4934 cogitabat
3662 4860 3807 4915 intra

2205 4974 2266 5016 se
2286 4959 2508 5015 dicens:
2534 4957 2674 5026 Quid
2701 4956 2918 5025 faciam,
2948 4956 3075 5027 quia
3099 4971 3206 5012 non
3231 4954 3410 5009 habeo
3434 4967 3543 5025 quo
3568 4966 3806 5024 congre-

2205 5069 2328 5125 gem
2351 5054 2557 5108 fructus
2587 5052 2776 5107 meos?
2806 5050 2872 5106 Et
2904 5050 3041 5106 dixit
3066 5068 3080 5106 :
3112 5050 3230 5104 Hoc
3257 5048 3453 5103 faciam
3485 5063 3499 5101 :
3528 5046 3806 5102 destruam

2206 5144 2403 5200 horrea
2434 5158 2579 5210 mea,
2608 5150 2666 5199 et
2684 5142 2893 5213 majora
2924 5142 3117 5197 faciam
3143 5156 3158 5208 ;
3187 5149 3243 5196 et
3291 5139 3416 5195 illuc
3464 5135 3808 5209 congregabo

2207 5238 2387 5293 omnia
2415 5252 2535 5308 qua:
2567 5245 2691 5291 nata
2719 5243 2845 5292 sunt
2887 5234 3044 5301 mihi,
3092 5243 3148 5289 et
3193 5233 3338 5289 bona
3364 5246 3509 5299 mea,
3541 5240 3597 5288 et
3625 5230 3806 5287 dicam

2206 5331 2403 5389 anima:
2425 5320 2820 5396 metetAnima,
2847 5327 3016 5384 habes
3046 5326 3212 5382 multa
3246 5325 3384 5381 bona
3418 5324 3594 5395 posita
3618 5323 3672 5378 in
3702 5335 3805 5376 an-

2208 5438 2308 5480 nos
2355 5422 2622 5494 plurimos
2679 5438 2693 5476 :
2744 5418 3049 5493 requiesce,
3092 5417 3340 5485 comede,
3377 5415 3521 5482 bibe,
3554 5412 3801 5485 epulare.

2207 5516 2354 5574 Dixit
2379 5527 2560 5571 autem
2577 5513 2663 5569 illi
2686 5513 2862 5570 Deus:
2886 5510 3200 5579 Stulte,hac
3226 5519 3385 5565 nocte
3401 5507 3637 5562 animam
3658 5514 3802 5560 tuam

2205 5618 2461 5683 repetunt
2482 5624 2511 5665 a
2545 5616 2598 5665 te
2629 5626 2644 5669 :
2687 5623 2809 5681 quae
2835 5616 3018 5664 autem
3050 5604 3276 5680 parasti,
3301 5602 3457 5675 cujus
3485 5600 3687 5658 erunt?
3714 5596 3805 5656 Sic

2194 5833 2326 5876 mss.
2362 5821 2534 5877 nostri
2563 5832 2755 5876 omnes
2796 5817 3072 5890 ignorant.
