4166 6336
347 387 452 444 653

1421 380 1871 440 EVANGELIUM
1909 382 2280 441 SECUNDUM
2320 383 2575 443 LUCAM.

3536 394 3639 452 651

348 520 432 564 est
461 506 551 576 qui
581 503 683 560 sibi
713 502 1062 565 thesaurizat,
1114 510 1169 556 ct
1216 515 1320 555 non
1365 512 1449 555 est
1478 500 1530 555 in
1570 501 1739 555 Deum
1769 500 1939 556 dives.
1974 504 2018 564 Α
2053 503 2217 575 lt:er,
2247 502 2358 576 ιιι]
2381 504 2472 560 Ille
2494 512 2675 561 autem
2706 519 2894 563 servus
2923 506 3013 578 qui
3042 509 3638 580 cognovitvoluntatem

350 604 459 676 [ει.
491 598 571 669 5.]
605 598 859 668 Dixitque
882 597 945 651 ad
979 596 1278 666 discipulos
1306 610 1433 650 suos
1462 613 1471 647 :
1504 593 1634 649 ldco
1663 593 1784 649 dico
1834 610 1930 649 vo-

346 694 433 750 bis
465 713 478 749 :
510 692 686 748 Nolite
711 690 930 745 solliciti
954 704 1075 744 esse
1110 688 1305 743 animae
1335 699 1531 743 vestrae
1558 688 1683 759 quid
1717 688 1939 743 mandu-

345 788 501 855 cetis,
532 800 708 854 neque
731 782 947 852 corpori
977 782 1104 853 quid
1138 780 1456 835 induamini.
1492 782 1683 835 Anima
1708 781 1831 852 plus
1859 789 1940 836 est

343 896 505 953 quam
538 893 683 943 esca,
716 885 769 931 et
794 890 992 945 corpus
1022 874 1143 945 plus
1171 890 1329 944 quam
1360 874 1760 928 vestimentum.
1788 874 1937 928 Con-

342 973 584 1029 siderate
609 985 829 1037 corvos,
860 969 983 1039 quia
1013 983 1119 1023 non
1162 969 1455 1032 seniinant,
1488 983 1665 1038 neque
1706 976 1933 1033 metunt,

340 1065 541 1136 quibus
590 1080 696 1118 non
728 1072 808 1117 est
858 1061 1139 1116 cellarium
1194 1076 1367 1131 neque
1400 1059 1682 1129 horreum,
1710 1070 1763 1114 et
1799 1060 1937 1114 Deus

339 1158 519 1228 pascit
544 1156 689 1210 illos.
722 1154 935 1222 Quanto
960 1155 1128 1223 magis
1157 1169 1253 1209 vos
1282 1154 1452 1223 pluris
1478 1155 1611 1208 estis
1641 1154 1777 1209 illis!
1805 1154 1935 1222 Quis

336 1261 523 1306 autem
544 1258 783 1305 vestrum
815 1249 1103 1318 cogitando
1126 1258 1303 1319 potest
1328 1248 1566 1319 adjicere
1590 1249 1652 1303 ad
1676 1259 1934 1303 staturam

334 1357 495 1397 suam
518 1342 759 1397 cubitum
785 1342 989 1396 unum?
1020 1340 1076 1397 Si
1128 1356 1257 1411 ergo
1284 1357 1459 1411 neque
1482 1342 1622 1411 quod
1657 1342 1933 1396 minimum

335 1446 422 1489 est
449 1434 702 1505 potestis,
735 1434 861 1504 quid
903 1433 970 1488 de
997 1434 1210 1488 caeteris
1233 1434 1450 1489 solliciti
1476 1434 1651 1489 estis?
1675 1431 1935 1490 Conside-

334 1536 456 1583 rate
510 1527 617 1580 lilia
669 1525 942 1596 quomodo
995 1537 1287 1581 crescunt:
1325 1543 1428 1581 non
1456 1527 1719 1593 laborant,
1757 1544 1933 1599 neque

332 1629 511 1677 nent:
544 1620 664 1675 dico
690 1630 869 1675 autem
901 1620 1194 1685 vobis,ncc
1219 1621 1475 1676 Salomon
1500 1620 1550 1674 in
1587 1622 1734 1674 omni
1760 1621 1931 1692 gloria

332 1726 433 1767 sua
461 1712 799 1767 vesriebatur
829 1711 970 1765 sicut
996 1727 1157 1765 unum
1184 1727 1248 1766 ex
1284 1712 1419 1766 istis.
1454 1712 1511 1767 Si
1544 1722 1719 1767 autem
1749 1712 1930 1767 fenum

330 1803 479 1874 quod
506 1802 667 1858 hodie
690 1814 773 1858 est
805 1804 856 1857 in
890 1818 1041 1874 agro,
1068 1812 1122 1858 et
1145 1818 1265 1857 cras
1297 1802 1347 1857 in
1376 1804 1648 1858 ciibanum
1675 1804 1926 1871 mittitur,

2045 596 2251 653 domini
2275 598 2381 668 sui,
2407 606 2462 656 et
2482 614 2585 655 non
2614 602 2961 671 przeparavit,
2983 612 3036 657 et
3059 619 3162 658 non
3193 604 3319 660 fecit
3341 606 3639 663 secundum

2043 690 2373 746 voluntatem
2431 691 2570 761 ejus,
2620 693 2893 764 vapulabit
2938 695 3155 761 multis;
3185 697 3274 765 qui
3313 708 3495 753 autem
3527 713 3635 753 nou

2041 785 2316 854 cognovit,
2373 794 2428 840 et
2479 785 2605 843 fecit
2635 787 2794 857 digna
2845 788 3038 859 plagis,
3094 789 3377 860 vapulabit
3425 793 3637 861 paucis.

2041 874 2198 932 Omni
2229 887 2411 933 autem
2441 880 2525 934 cui
2551 881 2776 935 multum
2811 881 2992 935 datum
3023 892 3128 947 est,
3160 884 3388 940 multum
3430 900 3638 956 quaare-

2044 979 2131 1025 tur
2158 970 2224 1025 ab
2248 988 2343 1037 eo;
2373 983 2427 1028 et
2448 973 2532 1027 cui
2558 974 3082 1029 commentlaverunt
3112 977 3360 1042 multum,
3389 978 3507 1047 plus
3532 993 3626 1049 pe-

2043 1073 2155 1120 tent
2178 1066 2245 1120 ab
2268 1080 2352 1121 eo.
2387 1065 2534 1138 [c1.x,
2572 1066 2651 1139 5.]
2682 1066 2866 1138 lgnem
2898 1070 3017 1125 veni
3051 1072 3270 1128 mittere
3320 1072 3370 1126 in
3406 1082 3631 1141 terrain,

2040 1166 2094 1211 et
2124 1157 2248 1227 quid
2275 1157 2399 1212 volo
2425 1161 2524 1213 nisi
2558 1159 2993 1216 utar-condatur?
3019 1162 3295 1232 Baptismo
3322 1165 3628 1235 autemlha-

2040 1249 2142 1304 beo
2176 1250 2467 1320 baptizari;
2496 1262 2549 1307 et
2579 1254 2849 1324 quomodo
2880 1265 3135 1311 coarctor
3160 1272 3331 1327 usque
3360 1257 3487 1313 dum
3514 1274 3640 1329 per-

2041 1340 2285 1397 ﬁciatur?
2340 1342 2548 1398 Putatis
2602 1346 2725 1415 quia
2759 1360 2945 1416 pacem
2984 1348 3104 1402 veni
3155 1348 3286 1403 dare
3312 1350 3365 1404 in
3400 1351 3638 1406 terram?

2039 1433 2156 1489 Non
2186 1435 2308 1491 dico
2335 1436 2514 1504 vobis,
2550 1437 2646 1493 sed
2672 1441 3072 1510 separationem
3110 1458 3120 1494 :
3157 1450 3321 1497 erunt
3373 1442 3515 1498 enim
3562 1458 3631 1500 ex

2038 1525 2142 1582 hoc
2170 1528 2406 1598 quinque
2438 1529 2492 1583 in
2523 1528 2687 1584 domo
2718 1547 2820 1585 una
2843 1531 3024 1601 divisi,
3044 1534 3223 1588 tresin
3253 1533 3411 1602 duos,
3447 1543 3502 1591 et
3528 1534 3638 1592 duo

2037 1619 2090 1675 in
2117 1630 2227 1677 tres
2261 1620 2602 1677 dividentur:
2626 1632 2778 1690 pater
2804 1625 2854 1679 in
2883 1624 3066 1690 ﬁlium,
3093 1634 3148 1681 et
3171 1625 3312 1681 ﬁlius
3345 1627 3396 1681 in
3424 1636 3636 1697 patrem

2038 1726 2226 1777 suum;
2258 1723 2430 1768 mater
2460 1714 2511 1769 in
2546 1713 2734 1781 ﬁliam,
2762 1726 2814 1770 et
2837 1716 2944 1771 ﬁlia
2978 1717 3030 1771 in
3062 1728 3286 1773 matrem
3316 1736 3329 1785 ;
3362 1734 3552 1775 socrus
3579 1720 3634 1777 in

2037 1820 2231 1859 nurum
2265 1820 2442 1875 suam,
2475 1814 2527 1861 et
2561 1822 2730 1861 nurus
2762 1808 2815 1862 in
2864 1824 3080 1864 socrum
3124 1826 3299 1866 suam.
3354 1812 3517 1885 [cuu,
3556 1811 3636 1885 5.]

330 1898 478 1953 Deus
502 1897 579 1952 sic
608 1897 814 1952 vestit:
841 1908 1042 1966 quanto
1073 1897 1243 1967 magis
1269 1911 1381 1963 vos,
1419 1896 1626 1966 pusillae
1659 1896 1813 1951 ﬁdei!
1865 1897 1929 1951 Et
1964 1914 2009 1973 Β
2036 1896 2260 1952 Dicebat
2290 1908 2474 1952 autem
2517 1908 2571 1953 et
2615 1898 2680 1952 ad
2731 1898 2915 1955 turbas
2946 1919 2958 1954 :
2991 1900 3124 1955 Cum
3152 1901 3405 1958 videritis
3433 1903 3633 1959 nubem

330 2007 429 2048 vos
461 1993 627 2046 nolite
656 2005 906 2062 quaerere
938 1990 1065 2060 quid
1100 1990 1459 2058 manducetis,
1510 2002 1598 2045 aut
1627 1992 1751 2062 quid
1782 1992 1933 2047 biba-

330 2085 435 2149 tis;
462 2095 517 2139 et
547 2084 717 2140 nolite
747 2083 800 2138 in
826 2084 1055 2139 sublime
1086 2084 1200 2137 tolli
1236 2104 1247 2138 :
1284 2083 1398 2138 hzcc
1429 2085 1572 2138 enim
1602 2086 1783 2139 omnia
1812 2100 1931 2155 gen-

329 2187 414 2235 tes
435 2179 619 2233 mundi
646 2178 1097 2249 quaerunt.Pater
1125 2185 1308 2234 autem
1331 2188 1513 2235 vester
1544 2181 1647 2234 scit
1676 2182 1930 2247 quoniam

327 2272 415 2327 bis
447 2273 721 2344 indigetis.
752 2272 1140 2327 Verumtamen
1163 2273 1430 2343 quaerite“
1450 2274 1681 2344 primum
1708 2289 1931 2345 regnum

326 2367 426 2423 Dei
455 2367 785 2437 etjustitiam
814 2368 959 2437 ejus,
979 2378 1033 2422 et
1056 2367 1171 2422 hmc
1199 2368 1379 2423 omnia
1409 2367 1734 2437 adjicientur
1757 2369 1928 2423 vobis.

326 2459 459 2533 [ειη
493 2458 605 2530 10.]
637 2460 814 2515 Nolite
844 2460 1057 2524 timere,
1094 2462 1320 2530 pusillus
1343 2477 1499 2531 grex,
1527 2468 1651 2533 quia
1684 2465 1928 2529 compla-

324 2556 444 2609 cuit
473 2556 609 2624 patri
644 2563 827 2610 vestro
870 2555 1000 2610 dare
1031 2556 1186 2611 vobis
1218 2572 1465 2626 regnum.
1493 2556 1639 2628 jecur,
1674 2557 1754 2627 2.]
1784 2558 1928 2613 Ven-

327 2648 441 2703 dite
480 2664 601 2719 qua:
628 2648 942 2720 possidetis,
975 2660 1029 2704 et
1052 2649 1176 2704 date
1207 2650 1632 2720 eleemosynam.
1666 2650 1928 2723 [cun,5.]

323 2741 514 2798 Facite
553 2743 705 2798 vobis
733 2744 980 2799 sacculos
1004 2744 1096 2813 qui
1145 2761 1251 2800 non
1299 2756 1669 2816 veterascunt,
1710 2747 1929 2802 thesau-

332 2851 457 2891 rum
493 2851 601 2891 non
631 2836 973 2891 deﬁcientem
1014 2837 1065 2891 in
1106 2837 1261 2893 cadis
1303 2854 1317 2894 :
1349 2852 1456 2908 quo
1485 2838 1570 2893 fur
1601 2855 1707 2894 non
1737 2856 1932 2910 appro-

329 2931 468 2999 piat,
495 2945 670 2999 neque
703 2931 843 2985 tinea
870 2932 1189 3001 corrumpit.
1218 2930 1323 2986 Ubi
1351 2930 1495 2985 enim
1532 2930 1817 2987 thesaurus
1839 2950 1929 2989 ve-

326 3032 447 3080 ster
468 3035 575 3089 εει,
594 3025 663 3078 ibi
698 3035 749 3080 et
769 3039 863 3080 cor
885 3035 1126 3081 vestrum
1153 3027 1280 3082 erit.
1306 3026 1476 3097 ]cuv,
1499 3025 1604 3097 10.]
1623 3026 1742 3083 Sint
1764 3028 1929 3083 lumbi

320 3122 494 3176 vestri
529 3121 833 3191 praecincti,
867 3130 921 3176 et
944 3122 1179 3176 lucernae
1216 3122 1474 3177 ardentes
1506 3121 1532 3159 ι’
1582 3124 1635 3175 in
1683 3123 1929 3178 manibus

324 3216 548 3283 vestris,
574 3226 625 3269 et
657 3230 749 3270 vos
772 3217 977 3271 similes
1001 3217 1317 3271 hominibus
1347 3217 1789 3286 exSpectantihus
1831 3217 1929 3272 do-

2037 1988 2301 2044 orientem
2331 1989 2399 2044 ab
2420 2005 2637 2057 occasu,
2664 1992 2846 2046 statim
2880 1992 3060 2048 dicitis
3088 2012 3101 2047 :
3126 1994 3355 2050 Nimbus
3382 1998 3549 2064 venit,
3582 2006 3638 2053 et

2036 2083 2109 2137 ita
2142 2084 2218 2136 ﬁt.
2270 2082 2337 2136 Et
2386 2096 2507 2138 cum
2555 2092 2797 2137 austrum
2830 2083 3072 2150 ﬂaritenr,
3104 2085 3287 2142 dicitis
3316 2088 3441 2158 quia
3469 2096 3639 2144 aestus

2035 2178 2161 2246 erit,
2219 2187 2273 2232 et
2302 2180 2382 2232 ﬁt.
2418 2178 2749 2250 Hypocritze,
2787 2180 2984 2234 faciem
3013 2180 3133 2235 caeli
3165 2189 3220 2236 et
3271 2191 3433 2237 terrae
3464 2182 3637 2237 nostis

2035 2274 2297 2345 probare;
2332 2276 2433 2331 hoc
2461 2286 2642 2330 autem
2678 2286 2891 2346 tempus
2922 2274 3197 2347 quomodo
3222 2292 3325 2330 non
3354 2275 3637 2347 probatis?

2035 2365 2174 2432 Quid
2218 2378 2400 2421 autem
2457 2376 2510 2420 et
2547 2382 2574 2419 a
2605 2366 2757 2421 vobis
2790 2367 2920 2437 ipsis
2966 2383 3079 2421 non
3098 2367 3355 2438 judicatis
3379 2366 3521 2437 quod
3546 2368 3636 2438 ju-

2040 2469 2184 2513 stum
2240 2459 2368 2514 est?
2415 2460 2600 2531 [cum
2628 2458 2706 2530 5.]
2737 2458 2868 2513 Cum
2901 2468 3081 2515 autem
3108 2460 3263 2515 vadis
3288 2475 3409 2515 cum
3442 2460 3639 2516 adver-

2036 2554 2180 2608 sario
2223 2564 2313 2607 tuo
2346 2554 2412 2608 ad
2441 2554 2768 2624 principem,
2794 2554 2847 2608 in
2877 2553 2960 2609 via
2985 2554 3050 2609 da
3078 2569 3299 2625 operam
3324 2553 3541 2609 liberari
3565 2555 3632 2611 ab

2033 2649 2149 2718 illo,
2180 2665 2248 2704 ne
2282 2649 2423 2704 forte
2454 2650 2631 2704 trahat
2656 2659 2705 2705 te
2732 2647 2799 2702 ad
2828 2648 3093 2719 judicem,
3118 2659 3173 2703 et
3194 2648 3360 2719 judex
3385 2648 3561 2703 tradat
3581 2658 3631 2703 te

2034 2746 2369 2809 cxaetori,et
2391 2755 2611 2801 exactor
2642 2746 2815 2799 mittat
2848 2755 2899 2799 te
2930 2745 2981 2800 in
3011 2761 3313 2802 carcerem.
3354 2745 3484 2801 Dico
3513 2744 3631 2813 tibi,

2033 2856 2142 2896 non
2174 2841 2326 2896 cxies
2378 2840 2502 2895 inde
2545 2840 2720 2896 donec
2768 2840 2931 2895 etiam
2972 2841 3327 2896 novissimum
3360 2840 3629 2897 minutum

2032 2936 2251 2993 reddas.

2105 3031 2258 3104 [ϐαρ.
2306 3030 2447 3085 Xlll.
2494 3047 2690 3097 cum,
2740 3030 2853 3102 ιιι]
2901 3031 3142 3087 Aderant
3181 3044 3363 3089 autem
3407 3034 3629 3105 quidam

2033 3124 2150 3195 ipso
2184 3126 2237 3179 in
2273 3135 2537 3195 tempore,
2569 3126 2884 3181 nuntiantes
2916 3126 2991 3180 illi
3016 3126 3081 3180 de
3108 3126 3370 3193 Galilazis,
3400 3145 3628 3199 quorum

2033 3218 2350 3288 sanguinem
2380 3218 2581 3273 Pilatus
2607 3220 2827 3273 miscuit
2858 3235 2979 3273 curn
3008 3220 3289 3275 sacriﬁciis
3320 3236 3531 3276 eorum.
3568 3222 3637 3278 Et

322 3317 538 3372 minum
575 3332 730 3373 suum
753 3316 968 3386 quando
991 3324 1296 3370 revertatur
1319 3331 1347 3369 a
1372 3314 1813 3385 nuptiis,utcum
1838 3328 1928 3368 ve-
1954 3312 1999 3375 C
2034 3309 2372 3377 l‘CSpODdellS
2416 3309 2554 3363 dixit
2596 3310 2701 3364 illis
2751 3328 2763 3362 :
2809 3309 3015 3365 Putatis
3042 3312 3184 3381 quod
3216 3310 3267 3365 hi
3290 3310 3493 3366 Galila-i
3524 3328 3635 3383 ιιι-ιε

322 3410 470 3463 nerit
510 3418 566 3464 et
597 3406 914 3478 pulsaverit,
955 3406 1243 3461 confestim
1288 3408 1536 3477 aperiant
1565 3405 1637 3460 ei.
1671 3406 1810 3478 iam,
1845 3402 1924 3475 5.]

328 3502 484 3558 Beati
515 3505 659 3557 servi
687 3501 762 3555 illi
792 3515 951 3570 quos,
978 3516 1097 3554 cum
1119 3500 1327 3553 venerit
1358 3498 1633 3565 dominus,
1660 3498 1927 3553 invenerit

324 3597 635 3667 vigilantes.
684 3596 858 3650 Amen
910 3594 1031 3649 dico
1073 3594 1227 3649 vobis
1258 3594 1399 3662 quod
1441 3594 1731 3663 prrccinget
1760 3608 1839 3661 se,
1873 3602 1929 3649 et

322 3687 494 3744 faciet
518 3688 637 3742 illos
655 3686 1025 3751 discumbere,
1057 3696 1111 3741 et
1138 3686 1411 3740 transiens
1442 3684 1765 3739 ministrabit
1794 3686 1921 3741 illis.

322 3779 391 3835 Et
420 3780 464 3833 si
492 3779 703 3833 venerit
734 3778 787 3832 in
813 3778 1054 3833 secunda
1088 3778 1289 3845 vigilia,
1315 3779 1437 3831 etsi
1468 3778 1518 3831 in
1547 3778 1707 3832 tertia
1740 3779 1925 3848 vigilia

318 3873 631 3938 venerit,et
659 3872 730 3925 ita
762 3871 1045 3937 invenerit,
1078 3871 1218 3925 beati
1242 3880 1368 3925 srmt
1393 3870 1532 3925 servi
1558 3870 1652 3925 illi.
1676 3868 1922 3942 [ccvi,2.]

320 3965 438 4021 Hoc
467 3976 651 4020 autem
692 3964 908 4027 scitote,
942 3964 1198 4033 quoniam
1245 3964 1287 4016 si
1325 3963 1489 4017 sciret
1538 3962 1923 4032 paterfamilias

320 4073 426 4129 qua
453 4056 589 4111 hora
616 4055 702 4109 fur
725 4057 956 4124 veniret,
981 4055 1233 4125 vigilaret
1264 4055 1467 4124 utique,
1502 4063 1557 4108 et
1580 4070 1688 4107 non
1721 4054 1925 4109 sineret

320 4148 534 4220 perfodi
564 4148 785 4203 domum
812 4164 985 4204 suam.
1016 4148 1073 4202 Et
1109 4163 1204 4202 vos
1232 4155 1407 4202 estote
1435 4147 1628 4218 parati,
1655 4149 1778 4216 quia
1819 4162 1922 4215 qua

319 4244 455 4299 hora
503 4259 611 4298 non
649 4244 869 4313 putatis,
902 4243 1069 4298 Filius
1103 4243 1337 4298 hominis
1386 4243 1583 4297 veniet.
1620 4243 1805 4315 [cum
1840 4238 1919 4313 5.]

318 4338 413 4394 Ait
439 4347 622 4392 autem
656 4338 705 4392 ei
738 4336 931 4391 Petrus
959 4355 969 4389 :
997 4335 1250 4399 Domine,
1278 4336 1342 4390 ad
1377 4348 1474 4388 nos
1505 4334 1638 4388 dicis
1662 4334 1799 4388 hanc
1833 4349 1923 4403 pa-

318 4433 571 4488 rabolam
626 4451 638 4487 :
685 4447 753 4486 an
804 4442 858 4485 et
884 4431 951 4485 ad
977 4432 1203 4487 omnes?
1227 4431 1372 4485 Dixit
1400 4443 1581 4486 autem
1609 4432 1869 4486 Dominus
1906 4452 1919 4488 :

318 4526 669 4599 Quis,§putas,
692 4536 776 4583 est
807 4526 983 4581 ﬁdelis
1008 4526 1370 4596 dispensator,
1395 4536 1447 4580 et
1466 4527 1725 4596 prudens,
1761 4542 1919 4595 quem

320 4626 609 4681 constituit
636 4624 890 4681 dominus
920 4638 1083 4695 supra
1116 4624 1373 4678 familiam
1416 4639 1591 4691 suam,
1621 4634 1675 4677 ut
1699 4624 1788 4677 det
1814 4622 1919 4677 illis

2031 3403 2285 3458 omnibus
2312 3402 2547 3459 Galilmis
2580 3415 2896 3475 peccatores
2927 3404 3152 3471 fuerint,
3178 3404 3303 3474 quia
3337 3404 3458 3459 talia
3486 3407 3633 3475 passi

2030 3499 2187 3551 sunt?
2212 3498 2350 3565 Non,
2374 3497 2496 3553 dico
2527 3498 2685 3552 vobis
2715 3516 2728 3554 :
2761 3499 2855 3553 sed
2890 3498 2991 3553 nisi
3027 3498 3402 3570 pmnitentiam
3432 3498 3636 3554 habue-

2029 3590 2173 3656 ritis,
2218 3604 2409 3645 omnes
2450 3590 2702 3645 similiter
2740 3590 3004 3660 peribitis.
3054 3590 3205 3644 Sicut
3244 3590 3319 3644 illi
3363 3590 3550 3646 decem
3582 3601 3636 3647 et

2029 3690 2177 3748 octo,
2220 3697 2383 3751 supra
2430 3697 2566 3751 quos
2606 3682 2805 3737 cecidit
2848 3682 3014 3737 turris
3063 3682 3112 3736 in
3156 3680 3324 3748 Siloe,
3355 3691 3410 3738 et
3438 3682 3636 3738 occidit

2030 3790 2126 3829 eos
2176 3793 2186 3826 :
2230 3776 2429 3845 putatis
2477 3777 2597 3846 quia
2642 3784 2697 3830 et
2735 3777 2835 3846 ipsi
2879 3776 3155 3831 debitores
3196 3776 3395 3831 fuerint
3436 3786 3635 3847 praeter

2029 3882 2220 3922 omnes
2258 3868 2504 3924 homines
2536 3869 2845 3924 habitantes
2877 3870 2930 3923 in
2970 3869 3308 3925 Jerusalem?
3340 3869 3479 3938 Non,
3510 3869 3633 3926 dico

2027 3960 2183 4014 vobis
2213 3978 2224 4013 :
2254 3960 2350 4014 sed
2377 3962 2419 4015 si
2449 3962 2829 4032 pmnitentiani
2862 3977 2967 4016 non
2997 3962 3238 4033 egeritis,
3271 3976 3463 4018 omnes
3484 3962 3634 4019 simi-

2029 4054 2156 4109 liter
2190 4054 2459 4125 peribitis.
2491 4055 2690 4127 [cum
2726 4054 2839 4127 10.]
2866 4054 3089 4111 Dicebat
3110 4067 3289 4111 autem
3320 4064 3377 4112 et
3400 4056 3537 4112 hanc
3560 4058 3633 4113 si-

2029 4145 2391 4200 militudinem
2432 4162 2446 4200 :
2496 4147 2760 4201 Arborem
2794 4148 2876 4201 tici
2911 4147 3137 4203 habebat
3169 4150 3386 4219 quidam
3421 4148 3633 4220 plauta-

2029 4250 2135 4297 tarn
2179 4242 2230 4295 in
2273 4242 2427 4297 vinea
2466 4258 2584 4307 sua,
2618 4253 2672 4298 et
2707 4244 2855 4298 venit
2885 4259 3134 4314 quaerens
3163 4244 3396 4298 fructum
3429 4244 3481 4299 in
3514 4244 3625 4313 illa,

2027 4348 2077 4393 et
2102 4352 2207 4391 non
2231 4337 2455 4392 invenit.
2482 4337 2626 4391 Dixit
2652 4349 2832 4395 autem
2858 4338 2923 4393 ad
2948 4339 3221 4392 cultorem
3247 4338 3419 4393 vinea:
3447 4356 3459 4391 :
3487 4338 3630 4395 Ecce

2026 4434 2151 4487 anni
2179 4444 2287 4487 tres
2313 4443 2525 4487 suntex
2550 4448 2657 4503 quo
2680 4436 2837 4489 venio
2864 4449 3115 4503 qna-rens
3140 4432 3374 4487 fructum
3402 4432 3453 4487 in
3480 4430 3629 4487 ﬁculo

2027 4541 2124 4580 nea
2156 4525 2275 4587 hac,
2308 4535 2362 4580 et
2391 4540 2496 4579 non
2528 4526 2745 4579 invenio
2772 4543 2783 4578 :
2811 4526 3030 4581 succide
3063 4541 3193 4595 ergo
3223 4526 3404 4579 illam:
3441 4524 3631 4595 utquid

2025 4620 2187 4674 etiam
2219 4628 2418 4673 terram
2450 4619 2719 4686 occupat?
2742 4618 2811 4672 At
2838 4618 2925 4672 ille
2949 4616 3312 4687 respondens,
3344 4616 3476 4670 dicit
3499 4615 3579 4669 illi
3612 4634 3627 4670 :

319 4719 376 4773 in
422 4728 670 4786 tempore
723 4718 886 4773 tritici
936 4719 1285 4773 mensuram?
1334 4718 1529 4772 Beatus
1584 4716 1675 4771 ille
1729 4732 1920 4771 servus
1949 4711 2512 4778 DDomine,dimitte
2537 4711 2682 4764 illam
2708 4718 2761 4763 et
2788 4709 2892 4764 hoc
2913 4724 3053 4763 anno
3082 4724 3252 4777 usque
3272 4708 3398 4763 dum
3423 4706 3625 4763 fodiam

317 4825 509 4881 quem,
537 4826 656 4865 cum
689 4816 898 4866 venerit
943 4811 1195 4865 dominus
1226 4821 1274 4878 ο,
1314 4810 1583 4865 invenerit
1615 4810 1686 4864 ita
1718 4809 1921 4865 facien-

320 4912 455 4958 tem.
510 4903 651 4959 Vere
698 4904 821 4959 dico
852 4904 1025 4973 vobis,
1056 4905 1312 4974 quoniam
1364 4918 1525 4970 supra
1572 4904 1753 4957 omnia
1798 4919 1919 4973 qua:

318 4996 564 5067 possidet
591 4996 889 5052 constituet
916 4997 1083 5051 illum.
1112 4996 1315 5068 [CLvirt,
1341 4996 1420 5067 5.]
1450 4997 1604 5065 Quod
1645 4997 1688 5050 si
1723 4995 1922 5050 dixerit

317 5103 513 5144 servus
537 5090 625 5146 ille
646 5090 697 5144 in
723 5090 886 5145 corde
913 5106 1012 5144 suo
1040 5109 1051 5145 :
1084 5091 1285 5145 Moram
1320 5089 1447 5146 facit
1485 5091 1738 5145 dominus
1768 5104 1921 5145 meus

316 5181 532 5248 venire,
553 5191 607 5236 et
634 5181 860 5251 coeperit
895 5193 1176 5251 percutere
1205 5180 1231 5220 ἀ
1258 5197 1448 5237 servos
1486 5190 1540 5237 et
1569 5182 1814 5248 ancillas,
1868 5188 1924 5236 et

317 5273 509 5340 edere,
536 5284 588 5329 et
612 5274 820 5342 bibere,
849 5284 903 5330 et
929 5276 1185 5331 inebriari
1222 5295 1232 5329 :
1263 5275 1443 5330 veniet
1470 5274 1722 5329 dominus
1772 5276 1916 5329 servi

317 5367 472 5424 illius
514 5368 568 5422 in
616 5370 703 5425 die
752 5385 855 5442 qua
889 5386 995 5426 non
1023 5380 1229 5441 sperat,
1265 5379 1318 5424 et
1345 5369 1478 5424 hora
1509 5385 1611 5441 qua
1636 5368 1835 5436 nescit,
1862 5376 1917 5424 et

318 5460 527 5517 dividet
545 5476 692 5529 eum,
716 5471 1034 5534 partemque
1059 5464 1177 5533 ejus
1213 5478 1335 5519 cum
1380 5462 1691 5517 inﬁdelibus
1723 5469 1909 5531 ponet.

391 5639 417 5666 α
450 5626 784 5683 Adverbium
811 5629 1035 5699 primum
1063 5628 1129 5681 ad
1153 5625 1327 5683 Graeci
1352 5635 1531 5683 textus
1558 5626 1717 5681 ﬁdem
1741 5625 1850 5699 duo
1877 5640 1909 5680 e

314 5701 522 5758 nostris
545 5715 677 5754 mss.
704 5697 985 5769 ignorant;
1013 5699 1108 5754 sed
1138 5708 1193 5753 et
1215 5713 1339 5754 mox
1385 5700 1547 5754 verba
1580 5708 1625 5753 et
1646 5697 1910 5769 justitiam

316 5777 453 5845 ejus,
472 5773 586 5842 pari
609 5767 797 5826 omnes
816 5784 1105 5839 consensu,
1136 5769 1326 5827 Graeco
1356 5767 1686 5842 suffragante
1706 5767 1902 5825 arche-

419 5861 471 5896 Ο.
513 5859 796 5896 τεεοιιιιιιι.

318 5854 471 5956 typo,
513 5852 796 5912 respuunt.

446 5914 627 5972 Verba
664 5915 719 5971 in
767 5914 1001 5972 manibus
1028 5916 1228 5985 vestris,
1264 5928 1441 5985 neque
1469 5913 1689 5971 Graecus
1722 5921 1902 5970 textus

2027 4805 2169 4859 circa
2201 4802 2371 4868 illam,
2400 4810 2455 4857 et
2482 4801 2693 4856 mittam
2723 4810 2957 4856 stercora
2991 4818 3003 4854 :
3034 4809 3090 4857 et
3115 4802 3157 4856 si
3190 4800 3408 4872 quidem
3440 4798 3631 4856 fecerit

2028 4896 2261 4952 fructum
2293 4913 2307 4950 :
2338 4898 2421 4952 sin
2448 4907 2627 4951 autem
2648 4941 2661 4963 ,
2692 4897 2744 4951 in
2777 4895 3013 4952 futurum
3046 4896 3295 4952 suceides
3324 4911 3465 4951 eam.
3500 4894 3630 4950 Erat

2029 4999 2206 5047 autem
2248 4992 2449 5047 docens
2490 4992 2540 5045 in
2582 5006 2854 5064 synagoga
2885 5006 3072 5047 eorum
3108 4990 3364 5046 sabbatis.
3400 4988 3467 5043 Et
3496 5003 3625 5044 ecce

2031 5086 2250 5151 mulier,
2284 5100 2404 5156 qua:
2445 5085 2679 5141 habebat
2704 5085 2957 5155 spiritum
2991 5083 3315 5139 inﬁrmitatis
3347 5082 3504 5137 annis
3533 5081 3629 5137 dc-

2030 5193 2147 5234 cern
2188 5186 2244 5233 et
2283 5187 2407 5233 octo
2440 5197 2452 5232 :
2484 5187 2539 5233 et
2577 5188 2693 5234 erat
2723 5177 2995 5241 inclinata,
3027 5192 3127 5232 nec
3156 5176 3380 5232 omnino
3413 5183 3629 5246 poterat

2024 5286 2243 5327 sursum
2273 5273 2565 5341 respicere.
2596 5270 2767 5337 Quam
2809 5286 2931 5325 cum
2964 5269 3169 5324 videret
3194 5270 3375 5333 Jesus,
3406 5268 3625 5324 vocavit

2022 5380 2142 5421 eam
2175 5365 2242 5418 ad
2279 5379 2358 5430 se,
2388 5374 2441 5419 et
2472 5364 2545 5417 ait
2574 5363 2651 5418 illi
2681 5381 2693 5419 :
2727 5362 2938 5429 Mulier,
2972 5362 3192 5417 dimissa
3224 5376 3283 5417 os
3306 5362 3372 5417 ab
3393 5361 3625 5417 infirmi-

2024 5468 2132 5514 tate
2163 5468 2270 5513 tua.
2308 5456 2375 5512 Et
2402 5458 2655 5527 imposuit
2685 5457 2761 5512 illi
2796 5470 3006 5520 manus,
3042 5465 3096 5511 et
3125 5456 3410 5511 confestim
3441 5462 3626 5513 erecta

2012 5620 2185 5685 addit,
2223 5634 2398 5690 neque
2427 5619 2483 5673 hi
2522 5617 2719 5689 quibus
2748 5617 2954 5690 utimur
2980 5614 3158 5669 Latini
3195 5629 3329 5671 mss.

2091 5704 2112 5731 ο
2146 5686 2451 5748 Pronomen
2479 5686 2623 5756 suus,
2655 5690 2784 5746 etin
2810 5686 3005 5745 Graeco
3036 5695 3215 5753 textu,
3246 5694 3305 5742 et
3329 5687 3383 5741 in
3415 5688 3621 5743 nostris

2011 5780 2149 5821 mss.
2181 5766 2269 5818 hic
2300 5764 2541 5819 additur.

2079 5835 2108 5874 ά
2160 5836 2359 5907 Eodem
2410 5835 2629 5907 quidem
2680 5846 2879 5903 sensu,
2929 5831 3152 5907 propius
3180 5828 3619 5907 _tamen_Gr:eco

2008 5909 2197 5979 verbo,
2221 5902 2629 5980 παῖδαςίριιενοιι
2660 5920 2758 5978 pro
2775 5902 2945 5962 seruos
2956 5902 3011 5960 in
3026 5903 3226 5961 nostris
3250 5914 3383 5961 mss.
3398 5902 3615 5973 legitur.
