4166 6336
497 288 603 348 655

1497 286 1555 347 S.
1597 284 1982 361 ΠΙΕΒΟΝΥΜΙ
2022 284 2259 359 DJYINA
2296 283 2776 363 BIBLIOTHECA.

3694 292 3799 360 656

496 413 600 475 est,
636 411 692 461 et
720 403 1060 477 gloriﬁcabat
1101 407 1289 465 Deum.
1318 406 1677 481 Respondens
1703 417 1881 466 autem
1908 406 2090 464 archi-
2119 405 2269 467 AAt
2310 405 2389 463 illi
2429 413 2742 465 tacuerunt.
2786 405 2910 480 Ipse
2950 420 3091 465 vero
3139 410 3540 482 apprehensum
3588 414 3799 469 sanavit

498 512 826 571 synagngus,
871 498 1160 572 indignans
1200 502 1323 573 quia
1360 501 1592 559 sabbato
1631 510 1876 559 curasset
1914 500 2096 571 Jesus,

501 592 716 650 dicebat
745 593 917 648 turbte
938 611 951 649 ε
970 594 1077 650 Sex
1101 594 1219 651 dies
1245 602 1392 662 sunt,
1417 594 1473 651 in
1501 594 1699 667 quibus
1730 604 1942 667 oportet
1971 609 2101 666 ope-

503 688 614 745 rari
649 707 659 744 :
694 689 745 743 in
777 688 860 743 his
888 705 1017 759 ergo
1049 689 1253 756 venite,
1286 700 1335 747 et
1367 690 1632 746 curamini
1663 707 1678 747 :
1708 701 1762 747 et
1791 706 1897 747 non
1929 690 1984 745 in
2012 690 2102 746 die

504 782 736 839 sabbati.
779 783 957 856 [ειυς
999 781 1081 854 2.]
1116 782 1470 855 RespOndens
1502 793 1681 839 autem
1714 783 1778 838 ad
1810 783 1958 840 illum
1989 770 2103 853 Ι)οξ

505 875 684 933 minus
723 875 860 931 dixit
895 894 907 932 :
939 875 1269 950 Hypocritzc,
1312 877 1673 948 unusquisque
1702 885 1947 933 vestrum
1975 876 2100 933 sab—

506 971 633 1028 bato
662 986 767 1026 non
799 971 960 1026 solvit
987 969 1181 1025 bovem
1212 985 1365 1025 suum
1396 980 1486 1025 aut
1516 971 1725 1026 asinum
1756 986 1785 1027 a
1815 974 2099 1043 praesepio,

504 1075 559 1123 et
584 1065 732 1121 ducit
757 1064 1064 1135 adaquare?
1096 1064 1245 1119 llanc
1266 1072 1443 1119 autem
1472 1064 1637 1119 ﬁliam
1667 1065 1914 1134 Abrahae,
1942 1069 2104 1137 quam

506 1158 749 1229 alligavit
792 1158 1051 1225 Satanas,
1093 1172 1219 1213 ecce
1261 1159 1449 1214 decem
1494 1166 1551 1215 et
1596 1170 1719 1214 octo
1762 1159 1951 1227 annis,
1994 1173 2102 1214 non

506 1252 748 1331 oportuit
776 1250 910 1305 solvi
942 1264 970 1305 a
1005 1249 1222 1306 vinculo
1249 1252 1352 1305 isto
1378 1251 1466 1307 die
1487 1250 1736 1307 sabbati?
1759 1248 1965 1325 [cum
1992 1247 2105 1325 10.]

508 1343 577 1399 Et
604 1359 726 1399 cum
757 1342 874 1398 haec
900 1343 1127 1415 diceret,
1162 1344 1558 1402 erubescebant
1589 1361 1780 1405 omnes
1809 1346 2106 1407 adversarii

505 1435 622 1507 ejus
660 1453 675 1492 :
712 1445 767 1492 et
797 1438 975 1492 omnis
1002 1438 1235 1510 populus
1276 1438 1548 1510 gaudebat
1573 1440 1627 1495 in
1660 1440 1955 1508 universis,
1988 1454 2107 1510 quas

505 1531 740 1601 gloriose
770 1530 969 1586 ﬁebant
1000 1531 1067 1587 ab
1098 1546 1183 1587 eo.
1207 1530 1545 1605 [chvu,'2.]
1570 1531 1792 1588 Dicebat
1818 1538 1985 1606 ergo‘:
2009 1530 2106 1588 Cui

505 1623 684 1678 simile
709 1631 795 1679 est
824 1638 1049 1695 regnum
1083 1624 1203 1693 Dei,
1239 1634 1294 1680 et
1324 1626 1409 1679 cui
1435 1625 1613 1682 simile
1634 1625 1915 1681 aestimabo
1938 1625 2108 1681 illud?

506 1717 697 1773 Simile
726 1728 809 1773 est
837 1732 1007 1790 grano
1034 1719 1262 1790 sinapis,
1291 1718 1432 1790 quod
1461 1727 1744 1795 acceptum
1776 1721 1938 1775 homo
1962 1720 2109 1776 misit

2203 514 2350 568 eum,
2384 514 2449 557 ac
2483 499 2711 559 dimisit.
2747 500 2814 556 Et
2845 501 3184 574 respondens
3214 502 3280 558 ad
3315 502 3442 559 illos
3471 503 3616 563 dixit
3650 523 3661 557 :
3696 504 3798 561 Cu-

2198 591 2290 664 jus
2319 600 2563 649 vestrum
2601 591 2789 649 asinus
2814 601 2909 649 aut
2937 592 3038 650 bos
3070 595 3122 650 in
3150 603 3375 666 puteum
3404 595 3580 664 cadet,
3611 607 3663 655 et
3693 613 3798 655 non

2203 687 2466 744 continuo
2491 688 2746 744 extrahet
2772 687 2921 744 illum
2945 688 3035 749 die
3057 688 3307 746 sabbati?
3329 689 3395 746 Et
3414 707 3522 747 non
3547 700 3802 767 poterant

2205 781 2272 838 ad
2300 781 2416 843 haec
2442 781 2773 854 reSpondcre
2800 782 2898 838 illi.
2925 780 3204 856 [ccxxvm,
3235 783 3347 859 10.]
3371 784 3593 855 Dicebat
3619 799 3801 843 autem

2205 886 2261 933 et
2296 875 2365 932 ad
2397 876 2652 933 invitatos
2682 877 3025 949 parabolam,
3067 876 3355 935 intendens
3385 882 3662 955 quomodo
3690 862 3804 957 pri;

2205 985 2325 1028 mos
2354 971 2637 1027 accubitus
2665 970 2959 1045 eligerent,
2990 970 3176 1053 dicens
3203 973 3270 1028 ad
3301 973 3422 1029 illos
3451 991 3466 1030 :
3498 974 3630 1031 Cum
3660 974 3803 1032 invi-

2208 1071 2350 1123 tatus
2374 1063 2543 1121 fueris
2565 1063 2631 1119 ad
2656 1065 2892 1136 nuptias,
2916 1080 3027 1121 non
3051 1065 3360 1123 discumbas
3382 1066 3434 1122 in
3457 1068 3632 1138 primo
3656 1069 3803 1139 loco,

2208 1171 2277 1214 ne
2306 1156 2448 1214 forte
2479 1155 2798 1214 honoratior
2823 1166 2872 1214 te
2893 1159 2964 1214 sit
2987 1159 3250 1217 invitatus
3269 1159 3478 1231 abillo;
3501 1171 3555 1217 et
3576 1163 3808 1218 veniens

2209 1251 2276 1320 is,
2304 1252 2394 1323 qui
2417 1259 2469 1308 te
2489 1259 2546 1308 et
2568 1251 2721 1307 illum
2743 1252 2977 1323 vocavit,
3003 1252 3147 1309 dicat
3172 1253 3267 1311 tibi
3297 1271 3310 1307 :
3341 1253 3411 1307 Da
3437 1252 3561 1309 huic
3584 1254 3758 1325 locum
3789 1272 3805 1312 :

2208 1353 2264 1403 et
2298 1354 2430 1423 tunc
2470 1345 2696 1418 incipias
2740 1362 2864 1403 cum
2895 1345 3096 1404 rubore
3129 1345 3484 1405 novissimum
3516 1348 3698 1405 locum
3729 1356 3809 1404 te-

2211 1455 2360 1497 nere.
2391 1438 2498 1497 Sed
2531 1455 2653 1496 cum
2684 1450 2909 1497 vocatus
2938 1440 3127 1512 fueris,
3160 1441 3319 1509 vade,
3348 1442 3604 1499 recumbc
3629 1445 3806 1503 inno-

2210 1532 2437 1593 vissimo
2465 1534 2588 1591 loco
2623 1552 2636 1589 :
2672 1544 2750 1605 ut,
2788 1550 2913 1591 cum
2937 1536 3150 1592 venerit
3179 1537 3269 1611 qui
3301 1542 3354 1592 te
3375 1534 3640 1606 invitavit,
3665 1537 3812 1595 dicat

2212 1628 2310 1684 tibi
2344 1647 2357 1685 :
2391 1626 2605 1695 Amice,
2633 1627 2874 1685 ascende
2904 1629 3174 1701 superius.
3208 1629 3357 1685 Tunc
3383 1629 3486 1686 erit
3517 1630 3611 1685 tibi
3640 1631 3811 1703 gloria

2212 1736 2396 1778 coram
2422 1720 2584 1778 simul
2609 1720 3079 1779 discumbentibus
3108 1740 3123 1779 :
3154 1720 3393 1796 [cexxrx,
3428 1723 3510 1797 5.]
3538 1725 3662 1797 quia
3691 1740 3807 1781 om-

511 1813 569 1868 in
602 1814 815 1867 hortum
847 1826 1025 1880 suum,
1058 1821 1117 1899 et
1138 1814 1329 1879 crevit,
1362 1823 1418 1870 et
1445 1814 1643 1869 factum
1668 1824 1751 1889 est
1779 1815 1830 1870 in
1855 1800 2104 1899 arborem
2136 1811 2185 1880 B
2211 1814 2296 1870 nis
2322 1812 2417 1888 qui
2444 1828 2504 1871 se
2533 1813 2754 1883 exaltat,
2788 1813 3159 1870 humiliabitur
3190 1832 3204 1870 :
3241 1824 3295 1870 et
3325 1817 3414 1886 qui
3446 1830 3507 1873 se
3537 1814 3808 1889 humiliat,

512 1923 762 1979 magnam
814 1924 828 1965 :
880 1918 931 1964 et
975 1893 1228 1965 volucres
1269 1908 1390 1964 cceli
1432 1910 1825 1980 requieverunt
1854 1908 1907 1964 in
1944 1893 2110 1966 ramis

509 2002 649 2075 ejus.
687 2001 949 2077 [cum],
981 2002 1063 2075 5.]
1096 2003 1159 2057 Et
1192 2004 1388 2059 iterum
1418 2001 1554 2059 dixit
1587 2022 1598 2057 :
1629 2000 1727 2059 Cui
1759 2002 1937 2065 simile
1967 2004 2114 2059 acsti-

519 2082 680 2151 maho
712 2110 938 2167 regnum
969 2095 1102 2151 Dei?
1130 2095 1319 2152 Simile
1349 2103 1433 2152 est
1458 2096 1747 2169 fermento,
1780 2096 1923 2167 quod
1954 2110 2113 2167 acce-

510 2198 661 2261 ptum
703 2191 899 2249 mulier
939 2190 1222 2246 abscondit
1266 2191 1319 2245 in
1365 2190 1552 2247 farinae
1595 2199 1710 2246 sata
1754 2193 1893 2261 tria,
1937 2191 2113 2248 donec

513 2284 936 2341 fermentaretur
967 2292 1160 2341 totum.
1193 2284 1392 2359 [cum
1416 2282 1497 2357 2.]
1522 2286 1590 2341 Ει
1618 2285 1729 2341 ibat
1750 2300 1846 2357 per
1867 2285 2114 2347 civitates

512 2389 567 2433 et
609 2378 871 2446 castella,
919 2377 1161 2455 docens,
1204 2388 1259 2434 ct
1298 2379 1401 2433 iter
1446 2378 1654 2435 faciens
1698 2379 1750 2436 in
1786 2378 2108 2436 Jerusalem.

516 2472 701 2545 [cum
737 2468 817 2544 5.]
849 2470 937 2527 Ait
969 2481 1149 2528 autem
1196 2472 1269 2528 illi
1302 2472 1517 2546 quidam
1552 2490 1567 2529 :
1598 2474 1850 2547 Domine,
1882 2475 1926 2529 si
1960 2475 2116 2546 pauci

517 2576 664 2635 sunt,
695 2568 784 2643 qui
817 2568 1128 2623 salvantur?
1157 2568 1281 2641 Ipse
1310 2578 1490 2624 autem
1519 2568 1655 2625 dixit
1683 2570 1747 2624 ad
1775 2571 1895 2629 illos
1924 2589 1939 2624 :
1968 2558 2116 2625 Con;

516 2658 724 2715 tendite
745 2659 948 2731 intrare
968 2674 1066 2733 per
1086 2668 1372 2731 angustam
1399 2668 1607 2732 portam
1627 2676 1638 2714 :
1655 2658 1775 2737 quia
1800 2659 1974 2727 multi,
1995 2659 2118 2716 dico

515 2754 692 2823 vobis,
724 2762 970 2828 quaerent
997 2751 1222 2821 intrare,
1253 2763 1306 2809 et
1353 2769 1457 2809 non
1502 2760 1775 2825 poterunt.
1802 2752 2003 2827 [CLxxt,
2037 2738 2117 2831 5.]

520 2844 653 2902 Cum
706 2858 888 2903 autem
944 2846 1226 2903 intraverit
1278 2846 1706 2918 paterfamilias,
1755 2858 1810 2904 et
1862 2832 2122 2905 clauserit

519 2940 743 3009 ostium,
787 2942 1053 3013 incipietis
1096 2941 1227 2998 foris
1254 2952 1422 3009 stare,
1454 2951 1508 2998 et
1539 2942 1754 3023 pulsare
1783 2943 2006 3011 ostium,
2041 2930 2122 3001 di-

522 3047 709 3093 centes
741 3052 755 3091 :
786 3037 1032 3102 Domine,
1056 3036 1205 3107 aperi
1233 3036 1411 3107 nobis,
1436 3045 1488 3092 ct
1508 3036 1842 3107 respondens
1864 3036 2004 3093 dicet
2028 3053 2124 3091 vo—

521 3132 605 3187 bis
639 3146 652 3184 :
684 3131 880 3185 Nescio
910 3145 1006 3185 vos
1037 3130 1180 3184 unde
1216 3129 1335 3184 sitis
1362 3148 1389 3199 _:
1426 3140 1549 3185 tunc
1587 3129 1857 3203 incipietis
1887 3129 2069 3187 dicere
2101 3146 2115 3186 :

2212 1906 2568 1965 exaltabitur.
2602 1906 2820 1982 [ccxxx,
2856 1906 2968 1980 10.]
2996 1907 3224 1965 Dicebat
3253 1918 3435 1966 autem
3464 1920 3519 1968 et
3545 1912 3618 1979 ei,
3643 1914 3816 1987 quise

2213 2004 2537 2060 invitaverat
2581 2021 2593 2056 :
2637 2001 2773 2058 Cum
2804 2001 2937 2060 facis
2965 2002 3279 2075 prandium,
3312 2014 3402 2060 aut
3434 2020 3670 2073 ecetram,
3701 2006 3813 2073 noli

2216 2112 2416 2154 vocare
2453 2098 2657 2152 amicos
2698 2105 2842 2168 tuos,
2888 2113 3063 2171 neque
3107 2096 3301 2161 fratres
3336 2107 3481 2167 tuos,
3514 2114 3689 2177 neque
3718 2113 3813 2157 c0-

2212 2200 2425 2265 gnatos,
2449 2205 2624 2264 neque
2647 2178 2875 2259 vicinos,
2900 2190 3119 2263 divites,
3144 2206 3211 2247 ne
3234 2191 3375 2247 forte
3398 2201 3450 2251 te
3471 2200 3525 2247 et
3549 2192 3645 2263 ipsi
3668 2192 3815 2249 rein-

2213 2285 2406 2357 vitent,
2442 2293 2496 2341 et
2539 2283 2632 2340 ﬁat
2663 2284 2758 2340 tibi
2799 2282 3105 2357 retributio.
3140 2283 3250 2339 Sed
3280 2299 3403 2340 cum
3434 2283 3601 2340 facies
3632 2281 3819 2340 convi-

2214 2377 2386 2449 vium,
2421 2390 2553 2432 voca
2585 2390 2871 2449 pauperes,
2904 2375 3133 2441 debiles,
3166 2374 3413 2443 claudos,
3441 2386 3495 2432 et
3522 2391 3695 2432 ca‘cos
3721 2393 3734 2430 :
3760 2383 3817 2445 et

2218 2472 2411 2528 beatus
2450 2472 2579 2538 eris,
2607 2472 2730 2543 quia
2763 2485 2869 2524 non
2903 2468 3103 2536 habent
3145 2469 3451 2525 retribuere
3483 2468 3577 2524 tibi
3610 2487 3624 2523 :
3658 2464 3815 2524 retri4

2215 2566 2414 2624 buetur
2458 2563 2602 2620 enim
2652 2562 2749 2619 tibi
2796 2563 2848 2637 in
2897 2563 3305 2623 resurrectione
3349 2562 3641 2635 iustorum.
3690 2562 3817 2619 llzcc

2219 2676 2340 2718 cum
2365 2659 2608 2715 audisset
2637 2658 2853 2731 quidam
2886 2658 2954 2714 de
2982 2658 3141 2714 simul
3170 2658 3656 2723 discumbentihus,
3685 2656 3822 2713 dixit

2218 2752 2295 2809 illi
2329 2771 2342 2809 :
2378 2752 2600 2821 Beatus,
2640 2753 2730 2825 qui
2774 2752 3125 2831 manducabit
3160 2767 3355 2825 panem
3398 2753 3452 2809 in
3492 2768 3659 2824 regno
3702 2750 3817 2809 Dei.

2223 2847 2459 2921 [ccxxxn
2489 2844 2569 2925 5.]
2599 2848 2669 2903 At
2698 2847 2813 2920 ipse
2841 2845 2976 2919 dixit
3002 2847 3052 2904 ei
3080 2863 3093 2900 :
3122 2846 3292 2901 Homo
3322 2845 3539 2918 quidam
3563 2840 3686 2901 fecit
3709 2861 3821 2904 coe-

2224 2955 2349 2997 nam
2392 2954 2664 3015 magnam,
2710 2948 2767 2996 et
2800 2941 3020 2996 vocavit
3065 2941 3289 3019 multos.
3326 2937 3396 2996 Et
3425 2940 3566 3021 misit
3599 2956 3819 2999 servum

2224 3051 2380 3109 suum
2423 3036 2557 3091 hora
2592 3050 2763 3093 cinna;
2789 3034 2971 3091 dicere
3003 3034 3266 3105 invitatis,
3298 3044 3357 3091 ut
3395 3036 3663 3107 venirent,
3693 3035 3819 3115 quia

2223 3130 2332 3201 jam
2383 3141 2569 3203 parata
2610 3139 2735 3186 sunt
2781 3131 2986 3185 omnia.
3019 3128 3092 3186 Et
3131 3139 3413 3205 cmperunt
3443 3129 3603 3185 simul
3631 3146 3821 3209 omnes

525 3223 973 3279 Manducavimus
1014 3237 1197 3277 coram
1241 3230 1314 3289 te,
1349 3230 1406 3277 et
1453 3221 1709 3289 bibimus,
1743 3231 1797 3277 ct
1836 3222 1888 3276 in
1930 3221 2122 3293 plateis
2149 3213 2197 3285 C
2227 3240 2509 3281 excusare.
2552 3223 2764 3301 Primus
2800 3224 2941 3279 dixit
2975 3224 3023 3279 ei
3070 3241 3085 3280 :
3128 3224 3327 3281 Villam
3358 3223 3487 3291 emi,
3515 3233 3568 3279 et
3599 3238 3822 3279 necesse

527 3318 729 3375 nostris
772 3314 1029 3390 docuisti.
1077 3316 1143 3369 Et
1186 3314 1329 3371 dicet
1371 3314 1524 3368 vobis
1570 3332 1582 3368 :
1631 3312 1821 3373 Nescio
1852 3328 1947 3370 vos
1977 3314 2121 3391 pnde

523 3413 645 3466 sitis
681 3429 692 3464 :
727 3410 990 3467 discedite
1019 3426 1046 3464 a
1076 3424 1184 3480 me,
1215 3426 1409 3466 omnes
1435 3411 1665 3481 operarii
1700 3410 2018 3495 iniquitatis.
2045 3408 2122 3465 lbi

526 3511 630 3568 erit
658 3509 836 3578 ﬁctus,
876 3518 930 3565 et
964 3509 1164 3566 stridor
1198 3510 1439 3567 dentium
1474 3527 1488 3566 :
1516 3509 1740 3585 fauni,
1784 3494 1862 3585 5.]
1892 3526 2012 3587 cum
2044 3512 2126 3585 vi-

526 3604 717 3663 deritis
744 3603 1044 3676 Abraham,
1082 3613 1136 3661 et
1174 3605 1346 3672 Isaac,
1380 3615 1435 3663 et
1473 3604 1664 3680 Jacob,
1696 3615 1750 3673 et
1778 3596 1968 3677 omnes
2001 3624 2126 3679 pro-

528 3697 719 3769 phetas
748 3698 801 3753 in
832 3712 998 3770 regno
1029 3698 1140 3765 Dei,
1172 3713 1269 3754 vos
1298 3708 1476 3755 autem
1514 3700 1712 3771 expelli
1741 3699 1904 3765 foras.
1939 3690 2004 3763 Et
2032 3715 2127 3758 ve-

528 3790 681 3846 nient
704 3788 773 3843 ab
795 3789 1027 3861 oriente,
1061 3797 1115 3844 et
1139 3790 1446 3859 occidente,
1468 3800 1523 3847 et
1542 3774 1818 3865 aquilone,
1842 3802 1897 3853 et
1917 3803 2124 3863 austro,

528 3892 584 3939 et
610 3882 929 3939 accumbent
959 3883 1011 3938 in
1043 3898 1210 3957 regno
1240 3883 1360 3941 Dei.
1387 3884 1639 3958 [CLXXII],
1663 3884 1743 3959 2.]
1765 3885 1831 3963 Et
1851 3901 1980 3949 ecce
2002 3895 2129 3948 sunt

530 3979 809 4036 novissimi
845 3980 931 4050 qui
978 3989 1139 4035 erunt
1178 3981 1356 4052 primi,
1389 3990 1442 4039 et
1472 3990 1599 4039 sunt
1625 3982 1805 4053 primi,
1834 3982 1932 4055 qui
1968 3989 2131 4041 erunt

531 4072 835 4135 novissimi.
867 4074 1113 4147 [CLXXIV,
1148 4072 1261 4146 10.]
1286 4073 1341 4129 lu
1371 4073 1487 4145 ipsa
1515 4075 1605 4133 die
1634 4088 1990 4143 accesserunt,
2011 4077 2132 4148 qui-

413 4204 433 4225 ,
531 4164 654 4220 dam
687 4152 1101 4237 pharisaeorum,
1128 4164 1376 4245 dicentes
1407 4165 1481 4221 illi
1513 4184 1527 4223 :
1559 4166 1680 4237 Exi,
1713 4175 1771 4225 et
1800 4166 1938 4224 vade
1960 4165 2129 4233 hinc;

530 4260 656 4333 quia
695 4259 941 4315 llerodes
974 4259 1092 4314 vult
1128 4269 1181 4315 te
1220 4258 1495 4316 occidere.
1539 4259 1609 4316 Et
1645 4258 1723 4321 ait
1765 4260 1869 4317 illis
1902 4277 1917 4321 ;
1949 4260 2047 4326 lte,
2078 4268 2134 4319 et

532 4350 700 4411 dicite
741 4350 887 4422 vulpi
928 4350 1002 4405 illi
1047 4367 1063 4407 :
1107 4350 1247 4407 Ecce
1289 4350 1450 4422 ejicio
1484 4351 1761 4421 daemonia
1788 4361 1844 4409 et
1872 4351 2133 4409 sanitates

532 4443 754 4516 perﬁcio
795 4442 958 4500 hodie
987 4451 1042 4499 et
1069 4459 1211 4512 cras,
1242 4451 1298 4500 ct
1328 4443 1485 4500 tertia
1513 4444 1597 4500 die
1627 4460 1997 4521 consummor.
2026 4444 2134 4503 Ve-

534 4546 843 4593 rumtamen
885 4543 1099 4608 oportet
1127 4551 1211 4592 me
1240 4535 1401 4593 hodie
1442 4545 1498 4597 et
1536 4552 1658 4593 cras
1688 4546 1744 4597 et
1771 4540 2015 4617 sequenti
2046 4536 2134 4611 die

2224 3316 2398 3375 habeo
2432 3318 2608 3393 exire,
2638 3328 2694 3374 et
2735 3318 2921 3373 videre
2952 3316 3097 3373 illam
3130 3335 3143 3373 :
3179 3332 3310 3389 rogo
3341 3326 3413 3386 te,
3444 3317 3581 3373 habe
3609 3333 3696 3372 me
3723 3332 3822 3373 ex-

2223 3420 2489 3468 cusatum.
2520 3408 2585 3464 Et
2616 3408 2753 3464 alter
2780 3406 2916 3463 dixit
2947 3423 2961 3461 :
2989 3405 3123 3479 Juga
3155 3406 3316 3462 boum
3346 3407 3455 3463 emi
3479 3408 3736 3478 quinque,
3760 3414 3815 3483 et

2224 3518 2290 3579 eo
2327 3502 2560 3575 probare
2596 3502 2687 3556 illa
2729 3516 2744 3557 :
2789 3516 2918 3572 rogo
2961 3509 3033 3570 te,
3073 3498 3210 3555 habe
3251 3514 3336 3555 me
3373 3508 3711 3556 excusatum.
3756 3498 3824 3554 Et

2225 3598 2359 3655 alius
2383 3597 2557 3653 dixit:
2587 3596 2820 3654 Uxorem
2844 3592 2993 3661 duxi,
3018 3605 3071 3650 et
3092 3593 3215 3649 ideo
3239 3609 3343 3655 non
3367 3609 3584 3679 possum
3610 3592 3824 3648 venire.

2228 3692 2298 3748 Et
2327 3705 2578 3767 reversus
2603 3703 2800 3745 servus
2831 3688 3098 3747 nuntiavit
3128 3687 3241 3745 haec
3269 3686 3493 3745 domino
3525 3702 3643 3741 suo.
3676 3685 3827 3744 Tunc

2229 3788 2400 3875 iratus
2422 3764 2839 3879 paterfamilias,
2864 3783 2999 3839 dixit
3031 3797 3193 3840 servo
3214 3797 3314 3838 suo
3342 3801 3355 3838 :
3380 3780 3481 3837 Exi
3507 3782 3613 3836 cito
3638 3780 3691 3835 in
3718 3780 3831 3852 pla-

2230 3889 2343 3955 teas
2363 3873 2586 3936 et'vicos
2608 3877 2845 3933 civitatis
2871 3892 2886 3932 :
2912 3885 2969 3932 et
2991 3890 3280 3949 pauperes,
3305 3889 3368 3931 ac
3389 3873 3622 3942 debiles,
3647 3883 3702 3930 et
3726 3888 3830 3929 cm-

2229 3987 2347 4041 cos,
2368 3981 2424 4030 et
2445 3970 2677 4027 claudos
2700 3969 2952 4025 introduc
2977 3968 3103 4025 huc.
3134 3968 3202 4024 Et
3224 3969 3296 4023 ait
3321 3983 3543 4023 servus:
3580 3967 3829 4041 Domine,

2230 4064 2428 4121 factum
2471 4072 2554 4133 est
2594 4072 2654 4117 ut
2694 4061 2994 4133 imperasti,
3038 4068 3096 4116 et
3135 4062 3312 4121 adhuc
3346 4060 3495 4115 locus
3525 4069 3628 4114 est.
3662 4059 3725 4121 Et
3756 4056 3833 4113 ait

2232 4156 2485 4235 dominus
2524 4170 2683 4232 servo
2728 4172 2739 4209 :
2784 4154 2884 4210 Exi
2909 4153 2963 4229 in
3013 4154 3147 4222 vias,
3173 4163 3226 4208 et
3253 4167 3411 4227 sepcs
3441 4171 3453 4208 :
3484 4161 3536 4208 et
3565 4149 3834 4227 compelle

2234 4251 2463 4323 intrare,
2494 4258 2556 4305 ut
2581 4248 2875 4323 impleatur
2899 4248 3095 4305 domus
3124 4263 3272 4306 mea.
3299 4248 3429 4303 Dico
3450 4254 3631 4302 autem
3655 4242 3829 4321 vobis,

2235 4328 2378 4421 quod
2407 4358 2570 4405 nemo
2599 4343 2837 4399 virorum
2866 4341 3108 4417 illorum,
3141 4341 3234 4414 qui
3263 4340 3438 4421 vocati
3468 4349 3615 4407 sunt,
3649 4347 3838 4421 gusta-

2234 4439 2316 4497 bit
2355 4453 2565 4513 cqanam
2609 4452 2807 4513 meam.
2837 4434 3102 4510 [caxxxrn
3149 4434 3228 4508 5.]
3260 4433 3415 4492 Ibant
3452 4445 3634 4513 autem
3663 4431 3838 4512 turbat

2240 4510 2426 4590 multte
2447 4546 2570 4587 cum
2612 4510 2678 4587 eo
2719 4547 2732 4584 :
2774 4540 2831 4587 et
2855 4543 3154 4611 conversus
3182 4526 3319 4583 dixit
3342 4526 3410 4583 ad
3439 4527 3563 4583 illos
3594 4510 3687 4583 :‘Si
3717 4510 3838 4597 quis

533 4630 812 4688 ambulare
852 4648 869 4686 :
913 4603 1036 4702 quia
1083 4645 1192 4686 non
1236 4631 1384 4715 capit
1409 4630 1736 4707 Prophetam
1768 4603 1950 4707 perire
1976 4606 2132 4707 extra
2162 4603 2216 4664 D
2241 4617 2387 4684 venit
2426 4628 2491 4683 ad
2535 4641 2647 4694 me,
2679 4635 2732 4681 et
2762 4639 2869 4681 non
2900 4623 3015 4680 odit
3039 4603 3254 4696 patrem
3282 4614 3464 4689 suum,
3498 4630 3553 4676 et
3580 4629 3835 4688 matrem,

532 4720 860 4780 Jerusalem.
894 4722 1124 4796 [cr.xxv,
1168 4721 1247 4796 5.]
1279 4722 1603 4793 Jerusalem,
1648 4723 1975 4794 Jerusalem,
2014 4740 2136 4797 qua;

535 4816 741 4879 occidis
781 4816 1097 4897 prophetas,
1136 4828 1191 4874 et
1233 4818 1446 4890 lapidas
1487 4835 1604 4890 eos,
1636 4821 1725 4891 qui
1760 4820 2045 4876 mittuntur
2067 4817 2137 4879 ad

539 4920 618 4981 te,
648 4910 863 4984 quoties
900 4910 1047 4971 volui
1079 4926 1413 4983 congregare
1443 4913 1580 4977 ﬁlios
1610 4921 1753 4978 tuos,
1786 4912 2138 4985 quemadmo-

539 5004 668 5062 dum
699 5006 818 5061 avis
849 5004 1033 5062 nidum
1065 5020 1222 5063 suum
1251 5005 1351 5061 sub
1379 5006 1593 5077 pennis,
1624 5016 1679 5061 et
1708 5005 1966 5075 noluisti?
1998 5004 2140 5060 Ecce

539 5102 880 5174 relinquetur
914 5101 1070 5158 vobis
1100 5101 1293 5158 domus
1323 5109 1500 5158 vestra
1530 5101 1763 5169 deserta.
1796 5101 1929 5156 Dico
1954 5107 2137 5163 autem

540 5198 718 5268 vobis,
742 5198 866 5270 quia
918 5213 1028 5254 non
1070 5196 1325 5253 videbitis
1356 5212 1465 5265 me,
1497 5195 1670 5253 donec
1699 5198 1881 5253 veniat
1908 5212 2030 5253 cum
2061 5195 2147 5253 di-

454 5312 461 5319 -
541 5290 677 5347 cetis
711 5306 726 5343 :
753 5288 1103 5357 Benedictus,
1135 5290 1227 5361 qui
1255 5289 1404 5347 venit
1427 5289 1481 5345 in
1514 5289 1734 5353 nomine
1758 5288 1997 5362 Domini.

542 5390 581 5445 ἰ.
617 5380 771 5461 [ϐαρ.
799 5382 942 5447 XIV.
969 5398 1183 5450 ccxxvr,
1209 5382 1322 5455 10.]
1348 5383 1417 5438 Et
1436 5382 1636 5447 factum
1661 5394 1742 5447 est
1762 5398 1887 5457 cum
1912 5383 2147 5463 intraret

544 5475 707 5533 Jesus
751 5477 806 5533 in
846 5477 1067 5534 domum
1112 5478 1399 5549 cujusdam
1439 5480 1708 5549 principis
1747 5479 2143 5549 pharisteorum

543 5571 774 5628 sabbato
800 5570 1136 5629 manducare
1159 5587 1378 5643 panem,
1402 5582 1460 5630 et
1480 5572 1583 5644 ipsi
1604 5574 1975 5642 observabant
1995 5589 2147 5633 eum.

544 5665 616 5724 Et
646 5679 777 5721 ecce
822 5665 988 5721 homo
1026 5666 1249 5739 quidam
1290 5665 1629 5739 hydropicus
1667 5677 1781 5723 erat
1815 5674 1943 5723 ante
1973 5668 2146 5724 illum.

550 5760 808 5837 [cnxxvn,
836 5758 919 5834 2.]
950 5761 1019 5818 Et
1048 5762 1392 5839 respopdens
1415 5761 1581 5821 Jesus
1605 5762 1743 5831 dixit
1770 5764 1837 5821 ad
1868 5750 2153 5847 legisperil

551 5866 660 5928 tos,
697 5864 753 5917 et
789 5853 1117 5927 pharisaaos.
1147 5856 1383 5917 dicens:
1416 5856 1473 5916 Si
1502 5857 1635 5925 licet
1661 5856 1889 5927 sabbato
1916 5858 2151 5923 curare?

2240 4732 2297 4780 et
2318 4736 2562 4787 uxorem,
2593 4730 2650 4777 et
2679 4719 2840 4787 ﬁlios,
2868 4728 2923 4776 et
2948 4719 3166 4785 fratres,
3199 4725 3255 4774 et
3273 4731 3510 4786 sorores,
3538 4715 3719 4797 adhuc
3744 4729 3841 4769 au-

2242 4826 2351 4875 tem
2385 4825 2441 4874 et
2464 4815 2699 4895 animam
2728 4830 2905 4883 suam;
2939 4828 3044 4870 non
3073 4821 3253 4885 potest
3283 4826 3437 4893 mens
3465 4826 3585 4868 esse
3607 4809 3845 4882 discipu-

2241 4910 2347 4967 lus.
2391 4910 2458 4967 Et
2485 4909 2577 4982 qui
2606 4924 2715 4965 non
2759 4907 2968 4980 bajulat
2993 4921 3208 4963 crucem
3241 4921 3417 4973 suam,
3455 4914 3509 4962 et
3541 4906 3692 4962 venit
3721 4913 3845 4976 post

2245 5021 2353 5077 me,
2388 5020 2498 5061 non
2525 5012 2706 5079 potest
2734 5018 2890 5069 meus
2914 5016 3039 5079 esse
3067 5000 3392 5073 discipulus.
3423 5000 3705 5077 [CLXXXII],
3728 4994 3846 5087 10.]

2250 5100 2381 5177 Quis
2420 5100 2564 5156 enim
2604 5114 2671 5165 ex
2712 5096 2866 5153 vobis
2905 5096 3094 5173 volens
3136 5093 3332 5171 turrim
3377 5092 3650 5149 aediﬁcare
3674 5134 3691 5161 ,
3736 5107 3844 5147 non

2248 5184 2400 5268 prius
2427 5193 2624 5252 sedens
2649 5198 2926 5277 computat
2953 5198 3226 5260 sumptus,
3251 5188 3340 5259 qui
3374 5187 3669 5255 necessarii
3693 5193 3843 5265 sunt,

2248 5293 2295 5353 si
2322 5290 2521 5351 habeat
2548 5288 2614 5344 ad
2644 5284 3067 5361 perﬁciendum;
3097 5298 3190 5351 ne,
3222 5290 3575 5354 posteaquam
3608 5277 3849 5363 posuerit

2250 5383 2688 5453 fundamentum,
2720 5390 2775 5443 et
2812 5394 2922 5435 non
2952 5377 3191 5463 potuerit
3220 5376 3504 5448 perﬁcere,
3537 5390 3724 5439 omnes
3753 5371 3847 5445 qui

2251 5478 2438 5535 vident
2473 5473 2734 5545 incipiant
2757 5470 2990 5528 illudere
3014 5470 3087 5535 ei,
3111 5469 3355 5525 dicentes
3380 5484 3395 5522 :
3421 5465 3553 5536 Quia
3576 5465 3665 5521 hic
3685 5464 3850 5519 homo

2251 5572 2415 5644 erepit
2435 5568 2732 5637 aediﬁcare,
2759 5574 2815 5631 et
2834 5580 2940 5639 non
2963 5563 3140 5636 potuit
3159 5558 3579 5635 consummare?
3599 5557 3709 5637 Aut
3729 5558 3852 5628 quis

2253 5682 2346 5725 rex
2376 5667 2551 5722 iturus
2570 5661 2916 5719 committere
2939 5658 3144 5715 bellum
3168 5655 3431 5713 adversus
3454 5654 3617 5711 alium
3642 5666 3849 5724 regem,

2252 5776 2362 5819 non
2393 5758 2588 5817 sedens
2623 5734 2776 5829 prius
2803 5751 3024 5826 cogitat,
3049 5751 3095 5808 si
3118 5748 3290 5822 possit
3318 5762 3443 5823 cum
3473 5746 3662 5803 decem
3692 5742 3855 5801 milli-

2253 5857 2356 5923 bus
2399 5866 2692 5925 occurrere
2727 5851 2803 5924 ei,
2828 5848 2924 5927 qui
2954 5862 3081 5929 cum
3122 5842 3310 5927 viginti
3337 5839 3579 5905 millibus
3608 5839 3758 5913 venit
3784 5835 3855 5894 ad
