4166 6336
332 309 429 368 637

1390 303 1841 370 EVANGELIUM
1879 304 2250 378 SECUNDUM
2287 308 2544 384 LUCAM.

3509 322 3616 384 658

325 423 425 481 se?
469 421 706 494 alioquin
751 421 928 477 adhuc
969 420 1061 476 illo
1101 421 1264 492 longe
1308 429 1500 494 agente
1525 464 1537 488 ,
1587 422 1908 493 legationem
1937 425 1987 487 A
2014 423 2107 480 des
2133 423 2250 495 ejus
2275 443 2286 479 :
2316 435 2366 482 et
2397 426 2650 484 adducite
2680 429 2904 486 vitulum
2934 432 3256 506 saginatum,
3281 444 3336 490 et
3357 437 3616 515 occidite,

323 516 559 581 mittens,
599 523 754 586 rogat
789 530 851 570 ea
887 529 1006 587 qum
1035 517 1183 586 pacis
1210 525 1352 572 sunt.
1387 512 1667 589 [suum
1709 515 1789 587 5.]
1821 516 1911 574 Sic

320 625 444 682 ergo
472 607 652 665 omnis
673 624 738 664 ex
765 609 946 674 vobis,
969 607 1061 679 qui
1087 625 1192 663 non
1219 609 1494 664 renuntiat
1519 609 1770 665 omnibus
1792 627 1910 681 quc

318 707 576 780 possidet,
598 721 704 760 non
729 712 1071 775 potestmeus
1091 719 1211 760 esse
1224 704 1539 775 discipulus.
1557 706 1811 779 [_cr.xxxv,
1829 704 1906 777 2.]

316 802 523 858 Bonum
556 807 639 857 est
665 798 768 854 sal.
799 797 856 855 Si
886 806 1067 854 autem
1090 799 1169 855 sal
1191 809 1215 838 α
1239 799 1540 865 evanuerit,
1573 799 1626 856 in
1651 815 1754 872 quo
1775 816 1910 858 con-

315 894 524 953 dietur?
543 893 726 967 Neque
747 893 800 949 in
829 900 1050 959 terram,
1079 908 1252 965 neque
1274 892 1326 947 in
1355 894 1754 966 Sterquilinium
1779 895 1908 951 utile

314 998 415 1058 est,
440 987 537 1044 sed
568 987 709 1042 foras
734 987 995 1042 mittetur.
1021 985 1122 1055 Qui
1145 986 1309 1042 habet
1336 1001 1492 1042 aures
1515 987 1786 1055 audiendi,
1814 1003 1904 1043 au-

315 1082 442 1139 diat.
1261 1062 1283 1081 ’

382 1175 536 1251 [ϐαρ.
585 1174 700 1232 XV.
751 1192 1012 1247 CLxxxvr,
1041 1177 1121 1250 2.]
1174 1177 1339 1232 Erant
1388 1188 1569 1234 autem
1613 1180 1906 1251 appropin‘

309 1281 534 1346 quantes
553 1271 601 1327 ei
627 1270 917 1344 publicani,
942 1278 997 1327 et
1021 1281 1353 1343 peccatores,
1381 1282 1439 1328 ut.
1462 1275 1708 1329 audirent
1732 1275 1901 1330 illum.

309 1366 374 1421 Et
419 1364 829 1420 murmurabaut
883 1365 1168 1436 phariszci,
1229 1375 1285 1421 et
1334 1367 1560 1435 scribae,
1616 1368 1902 1426 dicentes:

305 1458 434 1527 Quia
475 1456 564 1511 hic
591 1465 904 1528 peccatores
943 1458 1158 1530 recipit,
1202 1466 1258 1513 et
1285 1459 1574 1515 manducat
1607 1476 1726 1516 cum
1773 1461 1900 1518 illis.

305 1552 595 1626 [ccxxxvn,
626 1549 706 1622 5.]
739 1551 806 1606 Et
832 1551 907 1606 ait
929 1552 997 1607 ad
1021 1552 1139 1608 illos
1164 1552 1472 1624 parabolam
1498 1555 1655 1610 iStam
1681 1555 1900 1612 dicens:

297 1645 429 1714 Quis
471 1661 544 1700 ex
595 1644 749 1700 vobis
799 1645 983 1714 homo,
1015 1646 1106 1718 qui
1137 1647 1296 1702 habet
1326 1656 1542 1704 centum
1573 1664 1708 1705 oves
1735 1668 1747 1704 :
1775 1659 1828 1704 et
1857 1650 1904 1705 si

293 1737 602 1811 perdiderit
626 1752 788 1793 unam
816 1753 880 1793 ex
912 1738 1052 1806 illis;
1105 1747 1287 1796 n‘onne
1337 1741 1562 1797 dimittit
1607 1743 1900 1814 nonaginta

2013 523 2066 571 et
2095 515 2506 586 manducemus,
2551 530 2603 576 ct
2630 522 2953 592 epulemur:
2988 526 3112 595 quia
3145 525 3232 582 hic
3272 528 3414 584 ﬁlius
3460 548 3615 592 meus

2014 619 2256 668 mortuus
2298 623 2437 682 erat,
2477 623 2533 671 et
2574 617 2795 687 revixit;
2845 619 3106 692 perierat,
3148 629 3203 677 et
3232 623 3482 690 inventus
3509 637 3615 690 cst.

2013 707 2076 762 Et
2107 720 2393 779 cmperunt
2421 711 2652 782 epulari.
2686 713 2816 776 Erat
2856 726 3034 772 autem
3079 716 3221 774 ﬁlius
3263 719 3382 790 ejus
3433 725 3617 783 senior

2011 799 2064 854 in
2094 814 2221 872 agro
2251 819 2265 858 :
2297 811 2353 857 et
2381 817 2502 858 cum
2535 805 2745 860 veniret
2794 816 2848 863 ct
2895 811 3353 881 appropinquaret
3402 813 3610 886 domui,

2011 895 2216 951 audivit
2239 899 2618 970 symphoniam
2656 911 2708 956 et
2739 901 2966 958 chorum
2993 922 3004 959 :
3038 916 3088 960 ct
3119 907 3328 962 vocavit
3352 923 3514 964 unum
3544 909 3614 970 de

2010 990 2202 1059 servis,
2233 999 2285 1045 et
2311 990 2669 1066 interrogavit
2699 993 2725 1032 δ
2756 995 2884 1065 quid
2916 996 3031 1052 haec
3062 1009 3265 1056 essent.
3301 1000 3456 1073 Isque
3478 1003 3614 1062 dixit

2009 1083 2123 1138 illi:
2160 1084 2348 1141 Frater
2379 1093 2503 1142 tuus
2528 1088 2697 1157 venit,
2733 1097 2785 1144 ct
2818 1090 3018 1146 occidit
3045 1102 3197 1163 pater
3230 1103 3348 1150 tuus
3381 1097 3613 1155 vitulum

2008 1175 2330 1250 saginatum,
2361 1179 2484 1254 quia
2515 1181 2720 1236 salvum
2753 1182 2907 1238 illum
2940 1187 3164 1254 recepit.
3208 1186 3516 1260 Indignatus
3538 1200 3624 1250 est

2008 1281 2208 1340 autem,
2236 1283 2288 1328 et
2312 1274 2529 1328 nolebat
2555 1277 2795 1332 introire.
2828 1278 2985 1338 Pater
3006 1295 3134 1354 ergo
3164 1281 3310 1338 illius
3336 1298 3611 1355 egressus,

2007 1366 2172 1436 coepit
2201 1382 2394 1440 rogare
2426 1369 2597 1424 illum.
2628 1371 2698 1424 At
2736 1371 2826 1428 ille
2871 1375 3228 1444 respondens,
3285 1376 3423 1448 dixit
3469 1379 3614 1449 patri

2005 1473 2142 1514 suo:
2179 1460 2317 1518 Ecce
2351 1469 2428 1516 tot
2457 1464 2614 1522 annis
2652 1464 2828 1519 servio
2862 1465 2978 1532 tibi,
3013 1477 3068 1522 et
3110 1483 3400 1542 numquam
3451 1486 3609 1527 man-

2007 1550 2186 1606 datum
2238 1560 2387 1608 tuum
2437 1555 2731 1625 praeterivi,
2784 1564 2837 1611 et
2882 1572 3173 1628 numquam
3227 1559 3425 1616 dedisti
3474 1562 3609 1619 mihi

2006 1644 2240 1711 haedum,
2268 1657 2325 1704 ut
2352 1664 2471 1704 cum
2498 1650 2686 1706 amicis
2715 1652 2849 1707 meis
2877 1653 3125 1724 epularer
3151 1671 3162 1706 :
3196 1652 3293 1710 sed
3325 1666 3608 1727 postquam

2008 1739 2146 1794 ﬁlius
2174 1750 2295 1796 tuus
2324 1740 2433 1811 hic,
2464 1743 2552 1822 qui
2582 1743 2857 1802 devoravit
2897 1745 3253 1804 substantiam
3296 1760 3448 1807 suam
3481 1764 3603 1806 cum

291 1848 489 1890 novem
535 1834 588 1891 in
633 1832 873 1903 deserto,
919 1842 974 1890 et
1020 1835 1166 1892 vadit
1207 1835 1272 1889 ad
1315 1835 1460 1891 illam
1491 1852 1611 1906 qua:
1641 1837 1895 1914 perierat,
1928 1837 1976 1900 Β
2007 1836 2378 1893 meretricibus
2400 1881 2414 1908 ,
2449 1838 2616 1904 venit,
2650 1837 2894 1902 occidisti
2920 1839 2993 1894 illi
3022 1839 3242 1896 vitulum
3270 1841 3595 1912 saginatum,

289 1925 468 1982 donec
498 1925 736 1981 inveniat
762 1928 914 1982 eam?
944 1926 1009 1982 Et
1035 1943 1156 2006 cum
1187 1928 1450 1984 invenerit
1491 1945 1629 1998 eam,
1665 1930 1896 2001 imponit

288 2015 340 2073 in
365 2018 620 2077 humeros
640 2033 767 2074 suos
788 2018 1028 2091 gaudens
1056 2036 1068 2074 :
1097 2027 1152 2075 et
1178 2021 1399 2076 veniens
1434 2019 1654 2077 domum
1690 2039 1894 2080 convo-

285 2119 374 2167 cat
389 2112 595 2168 amicos
607 2112 899 2181 etvicinos,
916 2113 1104 2170 dicens
1118 2113 1241 2170 illis:
1257 2113 1724 2187 Congratulamini
1739 2117 1890 2190 mihi,

284 2205 409 2276 quia
437 2204 622 2262 inveni
647 2220 802 2262 ovem
835 2221 1032 2272 meam,
1074 2223 1194 2280 quzc
1237 2210 1506 2279 perierat?
1551 2211 1680 2268 Dico
1717 2211 1892 2281 vobis,

280 2297 425 2367 quod
455 2298 527 2352 ita
555 2298 806 2368 gaudium
843 2300 943 2355 erit
982 2300 1034 2356 in
1075 2303 1212 2356 coelo
1256 2316 1417 2374 super
1460 2319 1568 2359 uno
1611 2313 1894 2374 peccatore

280 2391 654 2462 pcenitentiam
700 2401 912 2465 agente,
957 2410 1116 2467 quam
1161 2411 1324 2468 super
1369 2399 1660 2471 nonaginta
1702 2416 1893 2459 novem

274 2484 458 2556 juSIis,
500 2486 588 2558 qui
624 2501 730 2543 non
773 2487 1012 2559 indigent
1047 2489 1384 2560 paenitentia.
1429 2491 1744 2565 [suumn
1782 2494 1892 2570 10.]

278 2575 386 2632 Aut
407 2593 528 2648 qua:
550 2578 744 2636 mulier
765 2581 965 2637 habens
985 2581 1272 2638 drachmas
1294 2584 1506 2652 decem,
1531 2586 1574 2640 si
1603 2586 1896 2656 perdiderit

278 2668 596 2726 drachmam
623 2689 807 2742 unam,
829 2689 1009 2732 nonne
1032 2678 1280 2732 accendit
1299 2677 1597 2748 lucernam,
1622 2690 1676 2736 et
1697 2684 1896 2742 everrit

279 2762 407 2844 [.lfs.
433 2765 655 2839 evertit]
677 2767 917 2835 domum,
940 2777 992 2825 et
1009 2771 1201 2842 quaerit
1225 2771 1531 2845 diligenter,
1552 2775 1724 2831 donec
1749 2776 1897 2834 inve-

277 2858 417 2911 niat?
447 2859 512 2914 Et
554 2875 677 2915 cum
717 2860 999 2927 invenerit,
1041 2874 1308 2922 convocat
1342 2865 1542 2922 amicas
1573 2877 1627 2924 et
1664 2869 1893 2942 vicinas,

277 2950 500 3010 dicens:
532 2952 991 3027 Congratulamini
1017 2958 1170 3025 mihi,
1199 2960 1322 3030 quia
1353 2961 1535 3016 inveni
1558 2962 1891 3032 drachmam,

275 3062 439 3115 quam
472 3047 852 3118 perdideram?
883 3051 1157 3122 [ccxxs1x,
1189 3053 1266 3124 5.]
1298 3053 1371 3108 Ita
1403 3053 1525 3109 dico
1560 3055 1736 3123 vobis,
1769 3072 1898 3132 gau-

277 3139 424 3193 dium
451 3140 556 3195 erit
589 3155 770 3196 coram
801 3144 1006 3213 angelis
1035 3144 1129 3200 Dei
1155 3161 1316 3216 super
1344 3162 1448 3202 uno
1476 3157 1756 3225 peccatore
1786 3163 1898 3221 pce-

2001 1931 2067 1985 At
2100 1931 2213 2002 ipse
2241 1930 2376 1987 dixit
2406 1931 2481 1986 illi
2509 1950 2521 1985 :
2557 1931 2680 2001 Fili,
2715 1941 2768 1987 tu
2800 1947 3012 2004 semper
3041 1947 3250 1987 mecum
3285 1949 3368 2002 es,
3402 1941 3457 1988 et
3488 1949 3606 1990 om-

2000 2024 2086 2079 nia
2118 2039 2235 2079 mea
2265 2033 2354 2079 tua
2384 2034 2546 2082 sunt:
2579 2026 2788 2096 cpulari
2814 2035 2993 2082 autem
3019 2036 3073 2082 et
3108 2026 3343 2100 gaudere
3383 2036 3606 2100 oporte-

1999 2115 2112 2182 bat,
2144 2115 2267 2187 quia
2299 2115 2469 2173 frater
2519 2123 2640 2174 tuus
2685 2116 2773 2174 hic
2817 2126 3060 2174 mortuus
3106 2126 3226 2175 erat
3270 2127 3326 2176 et
3370 2119 3606 2180 revixit:

1998 2208 2257 2284 perierat,
2287 2219 2340 2265 et
2369 2209 2624 2272 inventus
2649 2218 2754 2266 est.

2071 2308 2222 2384 [Cap.
2250 2308 2418 2381 XVI]
2453 2309 2675 2365 Dicebat
2703 2316 2886 2367 autem
2918 2317 2972 2365 et
3013 2308 3078 2365 ad
3120 2307 3420 2381 discipulos
3447 2322 3607 2365 suos:

1999 2403 2171 2460 Homo
2196 2404 2415 2476 quidam
2445 2413 2563 2470 erat
2591 2404 2766 2474 dives,
2800 2402 2893 2475 qui
2937 2402 3171 2458 habebat
3219 2402 3460 2460 villicum
3490 2421 3503 2456 :
3553 2411 3609 2459 et

1998 2497 2086 2554 hic
2112 2498 2424 2562 diffamatus
2452 2509 2535 2556 est
2560 2498 2700 2570 apud
2731 2499 2881 2554 illum
2913 2498 3064 2570 quasi
3109 2497 3426 2569 dissipasset
3463 2497 3608 2553 bona

1998 2593 2185 2664 ipsius.
2242 2594 2308 2650 Et
2352 2594 2566 2654 vocavit
2612 2594 2761 2648 illum
2805 2601 2860 2650 et
2889 2592 2966 2648 ait
2997 2593 3107 2648 illi:
3137 2591 3280 2661 Quid
3310 2591 3414 2647 hoc
3441 2591 3602 2648 audio

1997 2689 2065 2752 de
2095 2689 2185 2752 .lc?
2212 2689 2381 2748 redde
2407 2689 2675 2746 rationem
2724 2687 3070 2745 villicationis
3117 2695 3262 2744 tuae:
3303 2687 3417 2760 jam
3462 2685 3606 2758 enim

1999 2799 2104 2840 non
2160 2784 2360 2853 poteris
2408 2783 2676 2846 villicare.
2724 2783 2814 2838 Ait
2862 2789 3043 2837 autem
3090 2781 3304 2837 villicus
3333 2780 3473 2838 intra
3505 2794 3604 2838 se:

1998 2881 2134 2952 Quid
2162 2879 2373 2948 faciam,
2404 2881 2526 2952 quia
2559 2879 2811 2940 dominus
2839 2893 2996 2934 meus
3027 2877 3202 2934 aufert
3226 2891 3256 2932 a
3282 2891 3368 2931 me
3397 2875 3604 2931 villica-

1998 2979 2236 3038 tionem?
2265 2977 2450 3035 fodere
2476 2992 2582 3039 non
2606 2976 2784 3044 valeo,
2817 2975 3129 3036 mendicare
3155 2973 3445 3032 erubesco.
3475 2971 3602 3028 Scio

1999 3075 2128 3148 quid
2162 3075 2377 3144 faciam,
2404 3083 2461 3140 ut
2483 3089 2605 3134 cum
2637 3081 2852 3133 amotus
2885 3071 3042 3129 fuero
3070 3086 3099 3126 a
3130 3070 3481 3134 villicationc,
3514 3084 3603 3126 re-

2001 3170 2202 3239 cipiant
2233 3183 2319 3228 me
2346 3168 2398 3226 in
2427 3167 2621 3230 domos
2643 3181 2794 3228 suas.
2819 3164 3148 3227 Convocatis
3171 3164 3354 3234 itaque
3376 3162 3603 3236 singulis

278 3232 563 3289 nitentiam
598 3244 808 3306 agente.
852 3237 994 3310 ἶσα),
1034 3237 1142 3310 l0.]
1176 3239 1262 3293 Ait
1290 3250 1507 3297 autem:
1547 3242 1720 3298 Homo
1764 3245 1887 3316 qui-
1917 3237 1962 3301 C
1992 3232 2329 3326 debitoribus
2377 3263 2583 3320 domini
2631 3263 2757 3332 sui,
2801 3261 3019 3318 dicebat
3067 3232 3280 3332 primo:
3329 3232 3602 3330 Quantum

277 3328 404 3382 dam
435 3329 622 3384 habuit
653 3332 786 3386 duos
815 3332 996 3392 ﬁlios:
1031 3343 1083 3389 ct
1113 3333 1250 3390 dixit
1276 3336 1674 3396 adolescentior
1697 3356 1760 3396 ex
1783 3341 1886 3397 illis

278 3423 415 3492 patri
444 3437 458 3477 :
492 3422 672 3492 Pater,
702 3425 768 3479 da
801 3427 928 3481 mihi
962 3428 1263 3498 portionem
1286 3431 1605 3489 substantia:
1643 3450 1762 3506 qua)
1802 3451 1887 3503 me

277 3513 566 3585 contingit.
619 3517 685 3570 Et
731 3517 913 3574 divisit
959 3521 1069 3576 illis
1111 3523 1497 3580 substantiam.
1537 3527 1601 3583 Et
1630 3545 1733 3584 non
1766 3540 1888 3606 post

277 3609 483 3665 multos
511 3609 629 3666 dies
656 3615 997 3686 congregatis
1022 3617 1295 3686 omnibus,
1324 3619 1721 3679 adolescentior
1746 3625 1887 3684 ﬁlius

277 3719 508 3775 peregre
527 3707 802 3782 profectus
826 3717 911 3766 est
939 3710 993 3766 in
1025 3713 1304 3784 regionem
1334 3714 1706 3790 longinquam,
1737 3731 1790 3777 et
1813 3721 1887 3778 ibi

276 3799 568 3870 dissipavit
597 3801 959 3860 substantiam
990 3820 1141 3862 suam
1189 3809 1420 3864 vivendo
1472 3811 1769 3870 luxuriose.
1823 3815 1890 3872 Et

273 3902 565 3965 postquam
595 3897 776 3952 omnia
804 3909 1262 3973 consummasset,
1294 3903 1433 3959 facta
1467 3913 1553 3961 est
1594 3906 1763 3964 fames
1795 3924 1888 3965 va-

275 3987 384 4041 lida
415 3989 468 4043 in
501 3989 724 4060 regione
744 3991 863 4062 illa,
897 4001 953 4048 et
981 3994 1098 4065 ipse
1126 3997 1293 4067 coepit
1319 4013 1500 4069 egere.
1535 4001 1600 4056 Et
1641 4001 1793 4068 abiit,
1833 4011 1890 4060 et

274 4078 506 4136 adhzesit
549 4082 641 4138 uni
682 4083 882 4139 civium
910 4086 1148 4158 regionis
1177 4089 1340 4144 illius.
1379 4092 1443 4145 Et
1473 4091 1619 4147 misit
1646 4092 1798 4148 illum
1831 4094 1886 4160 in

272 4175 458 4229 villam
490 4191 676 4245 suam,
706 4186 764 4234 ut
804 4191 1056 4252 pasceret
1099 4199 1318 4254 porcos.
1371 4186 1442 4242 Et
1487 4189 1740 4260 cupiebat
1779 4191 1886 4248 im-

273 4268 430 4338 plere
456 4279 707 4327 ventrem
739 4287 899 4328 suum
930 4273 999 4329 de
1041 4276 1276 4349 siliquis,
1311 4297 1444 4351 quas
1473 4284 1620 4358 porci
1653 4284 1886 4340 mandu-

273 4358 513 4416 cabant:
544 4372 600 4418 et
627 4379 788 4420 nemo
819 4366 895 4420 illi
927 4367 1112 4423 dabat.
1162 4369 1220 4425 lu
1269 4387 1328 4427 se
1378 4385 1559 4430 autem
1607 4392 1884 4448 reversus,

275 4453 454 4508 dixit:
483 4455 684 4522 Quanti
713 4458 1037 4515 mercenarii
1065 4461 1117 4516 in
1162 4461 1324 4519 domo
1357 4467 1529 4536 patris
1570 4469 1675 4524 mei
1718 4470 1888 4526 abun-

275 4545 413 4601 dant
441 4547 694 4618 panibus,
731 4565 830 4621 ego
861 4561 1040 4608 autem
1072 4553 1160 4610 hic
1203 4555 1342 4628 fame
1379 4562 1583 4630 pereo!
1633 4562 1882 4635 Surgam,

1991 3359 2159 3414 debes
2181 3357 2400 3414 domino
2426 3357 2585 3418 meo?
2611 3355 2795 3418 Atille
2817 3355 2985 3410 dixit:
3016 3353 3246 3424 Centum
3272 3351 3437 3412 cados
3463 3353 3594 3418 olei.

1993 3451 2242 3522 Dixitque
2275 3451 2390 3513 illi:
2423 3451 2624 3520 Accipe
2654 3449 2959 3508 cautionem
2992 3456 3135 3508 tuam
3164 3464 3176 3502 :
3208 3453 3264 3518 et
3292 3445 3422 3502 sede
3459 3446 3590 3512 (-ito,

1991 3546 2169 3610 scribe
2189 3545 2600 3619 quinquaginta.
2625 3542 2832 3598 Deinde
2855 3542 2945 3598 alii
2970 3541 3138 3602 dixit:
3167 3540 3249 3598 Tu
3271 3555 3408 3596 vero
3431 3555 3600 3616 quan-

1990 3646 2106 3696 tum
2135 3639 2340 3698 debes?
2371 3637 2472 3707 Qui
2499 3637 2613 3708 ait:
2647 3637 2875 3704 Centum
2907 3651 3069 3698 caros
3111 3634 3293 3694 tritici.
3339 3634 3429 3689 Ait
3475 3632 3592 3690 illi:

1993 3732 2190 3803 Accipe
2221 3732 2429 3792 litteras
2462 3739 2603 3800 tuas,
2636 3739 2693 3786 et
2723 3729 2900 3792 scribe
2925 3727 3225 3800 octoginta.
3258 3725 3325 3788 Et
3354 3723 3596 3798 laudavit

1991 3827 2241 3886 dominus
2265 3825 2506 3892 villicum
2531 3824 2848 3896 iniquitatis,
2872 3823 2996 3896 quia
3021 3821 3316 3894 prudenter
3352 3820 3590 3884 fecisset:

1989 3924 2118 3994 quia
2142 3921 2239 3988 ﬁlii
2270 3920 2429 3994 hujus
2459 3919 2647 3984 saeculi
2674 3918 3057 3992 prudentiores
3079 3916 3208 3978 filiis
3235 3913 3370 3971 lucis
3404 3915 3461 3970 in
3497 3928 3592 3988 ge-

1993 4018 2270 4076 neratione
2299 4031 2394 4080 sua
2421 4023 2567 4076 sunt.
2600 4015 2669 4070 Et
2697 4029 2797 4086 ego
2833 4013 2992 4079 vobis
3031 4012 3193 4078 dico:
3240 4011 3403 4066 facite
3442 4010 3597 4068 vobis

1992 4113 2197 4176 amicos
2227 4113 2296 4170 de
2325 4125 2633 4178 mammona
2683 4109 3026 4180 iniquitatis:
3073 4115 3156 4178 ut,
3206 4121 3330 4163 cum
3379 4105 3598 4174 defece-

1992 4206 2129 4272 ritis,
2161 4205 2428 4277 recipiant
2452 4219 2550 4268 vos
2577 4205 2631 4260 in
2662 4212 2863 4262 aeterna
2891 4201 3265 4264 tabernacula.
3299 4201 3399 4269 Qui
3424 4199 3598 4264 ﬁdelis

1991 4308 2074 4358 est
2100 4300 2153 4365 in
2183 4299 2428 4366 minimo,
2461 4307 2516 4366 et
2542 4297 2595 4354 in
2625 4296 2822 4368 majori
2850 4295 3027 4360 ﬁdelis
3056 4304 3167 4362 est;
3197 4303 3253 4352 et
3277 4295 3370 4366 qui
3397 4295 3446 4348 in
3478 4306 3598 4358 m0-

1992 4397 2116 4454 dico
2143 4397 2357 4466 iniquus
2382 4402 2483 4463 est,
2517 4393 2652 4452 etin
2679 4392 2872 4463 majori
2901 4392 3122 4462 iniquus
3150 4398 3254 4448 est.
3283 4389 3340 4450 Si
3369 4402 3500 4459 ergo
3541 4387 3593 4443 in

1991 4491 2176 4562 iniquo
2197 4504 2502 4550 mammona
2524 4487 2710 4544 ﬁdeles
2736 4503 2842 4552 non
2866 4486 3042 4550 fuistis
3069 4504 3081 4541 :
3107 4484 3249 4556 quod
3276 4499 3460 4552 verum
3491 4492 3597 4552 est,

1994 4585 2114 4655 quis
2139 4583 2326 4640 credet
2355 4583 2546 4640 vobis?
2575 4580 2644 4636 Et
2669 4583 2713 4647 si
2741 4580 2792 4636 in
2823 4579 3001 4643 alieno
3028 4578 3218 4642 ﬁdeles
3247 4593 3352 4640 non
3377 4576 3552 4630 fuistis
3576 4593 3588 4629 :

277 4651 335 4698 et
360 4641 450 4698 ibo
471 4643 540 4699 ad
563 4653 773 4716 patrem
808 4662 1009 4715 meum,
1039 4660 1095 4706 et
1124 4651 1298 4719 dicam
1332 4655 1380 4710 ei
1409 4673 1420 4708 :
1454 4656 1636 4726 Pater,
1667 4662 1887 4729 peccavi
1917 4644 1966 4712 D
1987 4641 2133 4748 λίηοά
2163 4683 2398 4740 vestrum
2428 4685 2541 4742 est,
2573 4643 2693 4745 quis,
2718 4641 2866 4738 (tabi;
2893 4673 3087 4736 vobis?
3119 4672 3283 4744 [επακ
3317 4669 3396 4741 5.]
3426 4669 3595 4724 Nemo

279 4737 336 4792 in
367 4738 590 4805 coelum,
624 4749 677 4796 et
705 4756 892 4798 coram
928 4750 1001 4798 te.
1035 4743 1152 4800 Jam
1184 4763 1293 4802 non
1322 4763 1441 4818 sum
1470 4750 1668 4822 dignus
1708 4757 1889 4810 vocari

279 4831 427 4886 ﬁlius
456 4842 620 4889 tuus:
656 4833 740 4890 fac
766 4851 852 4892 me
878 4837 1020 4893 sicut
1054 4856 1217 4895 unum
1260 4841 1327 4896 de
1372 4845 1723 4901 mercenariis
1761 4848 1887 4904 tuis.

277 4925 352 4980 Et
379 4941 609 5002 surgens
635 4929 787 4984 venit
812 4931 881 4985 ad
905 4940 1114 5001 patrem
1139 4949 1318 4990 suum.
1353 4937 1486 4994 Cum
1508 4947 1686 4995 autem
1718 4941 1892 4999 adhuc

281 5020 448 5092 longe
477 5030 646 5094 esset,
679 5024 813 5080 vidit
840 5026 992 5083 illum
1024 5039 1177 5100 pater
1206 5032 1394 5102 ipsius,
1427 5044 1481 5090 ct
1519 5037 1892 5094 misericordia

282 5130 470 5176 motus
498 5129 603 5192 est,
633 5131 686 5178 et
710 5138 1006 5182 occurrens
1054 5129 1249 5183 cecidit
1285 5145 1449 5201 super
1497 5134 1694 5190 collum
1745 5136 1885 5208 ejus,

281 5221 340 5270 et
369 5215 648 5271 osculatus
679 5227 764 5274 est
791 5234 937 5274 cum.
971 5220 1225 5293 Dixitque
1253 5223 1303 5278 ei
1332 5224 1474 5280 ﬁlius
1500 5243 1511 5278 :
1543 5226 1727 5296 Pater,
1765 5245 1891 5298 pec-

282 5310 408 5364 cavi
438 5309 488 5364 in
517 5309 717 5370 cmlum
757 5321 812 5367 ct
854 5327 1040 5368 coram
1089 5323 1161 5381 te,
1206 5316 1318 5385 jam
1367 5333 1475 5374 non
1523 5335 1648 5375 sum
1698 5321 1890 5392 dignus

281 5403 471 5457 vocari
503 5402 646 5458 ﬁlius
677 5410 820 5460 tuus.
859 5405 1002 5468 Dixit
1035 5417 1214 5472 autem
1248 5418 1400 5480 pater
1423 5412 1488 5466 ad
1512 5427 1699 5469 servos
1721 5428 1847 5470 suos
1873 5431 1888 5473 :

281 5495 404 5551 Cito
454 5497 700 5567 proferte
742 5499 937 5556 stolam
988 5502 1240 5572 primam,
1291 5515 1344 5561 et
1391 5506 1597 5563 induite
1630 5509 1803 5578 illum,
1839 5518 1895 5567 et

283 5589 414 5648 date
442 5592 704 5648 annulum
733 5593 788 5648 in
819 5609 1036 5651 manum
1069 5597 1207 5666 ejus,
1238 5608 1292 5655 et
1320 5600 1688 5660 calceamenta
1718 5603 1770 5658 in
1799 5618 1894 5676 pe-

360 5793 472 5876 {In
502 5793 906 5876 unoAVaticano
928 5805 1095 5876 atque
1124 5799 1296 5876 altero
1333 5800 1554 5876 Regina:
1596 5820 1699 5861 ms.
1737 5812 1797 5862 ut
1834 5813 1890 5864 et

287 5870 344 5924 in
371 5868 582 5939 aliquot
606 5867 812 5926 Graecis
840 5867 1140 5943 codicibus,
1174 5875 1218 5932 si
1245 5867 1517 5938 autem'sal
1536 5894 1757 5952 quoque,
1779 5888 1886 5952 etc.

1993 4783 2184 4830 servus
2205 4774 2382 4838 potest
2405 4766 2613 4822 duobus
2643 4765 2876 4830 dominis
2907 4765 3112 4820 servire
3130 4773 3246 4818 :aut
3269 4762 3413 4822 enim
3434 4775 3598 4816 unum

1994 4863 2156 4929 odiet,
2185 4871 2239 4919 et
2257 4862 2482 4927 alterum
2501 4861 2689 4932 diliget
2709 4877 2723 4919 :
2745 4869 2838 4918 aut
2857 4860 2952 4924 uni
2973 4859 3274 4916 adlucrebit
3294 4866 3348 4926 et
3363 4857 3592 4912 alterum

1992 4963 2342 5013 cnntemnet:
2376 4970 2485 5012 non
2518 4954 2746 5026 potestis
2774 4953 2888 5010 Deo
2918 4952 3125 5010 servire
3155 4959 3211 5008 et
3255 4962 3597 5016 mammonae.

1997 5051 2179 5125 [cxcn,
2215 5050 2324 5122 10.]
2352 5047 2661 5112 Audiebant
2697 5057 2877 5106 autem
2928 5047 3110 5106 omnia
3157 5046 3274 5102 haec
3320 5044 3594 5116 pharisaei,

1994 5143 2087 5215 qui
2114 5152 2268 5201 erant
2294 5143 2477 5200 avari:
2519 5152 2574 5200 et
2619 5142 2942 5208 deridebant
2990 5140 3167 5195 illum.
3216 5139 3284 5196 Et
3329 5140 3404 5194 ait
3451 5138 3598 5196 illis:

1996 5237 2102 5294 Vos
2123 5238 2274 5304 estis,
2299 5238 2391 5309 qui
2410 5235 2722 5308 justiﬁcatis
2746 5250 2842 5290 vos
2866 5248 3051 5290 coram
3082 5231 3421 5299 hominibus:
3458 5232 3598 5288 Deus

1991 5339 2173 5388 autem
2222 5333 2371 5388 novit
2418 5329 2584 5386 corda
2636 5338 2852 5386 vestra:
2906 5328 3030 5397 quia
3086 5325 3229 5397 quod
3287 5325 3600 5391 hominibus

1991 5425 2160 5481 altum
2184 5435 2286 5490 est,
2314 5423 2646 5478 aborniuatio
2670 5430 2755 5478 est
2781 5429 2906 5478 ante
2927 5420 3117 5478 Deum.
3149 5420 3353 5493 [CXCII],
3381 5418 3460 5486 5.]
3490 5418 3601 5474 Lex

1991 5525 2046 5574 et
2073 5516 2383 5586 Prophetas,
2417 5531 2587 5586 usque
2617 5515 2687 5570 ad
2715 5516 2978 5582 Joannem
3003 5531 3018 5568 :
3048 5529 3115 5578 ex
3143 5528 3211 5570 eo
3243 5527 3468 5582 regnum
3499 5510 3598 5566 Dei

1993 5609 2419 5680 evangelizatur,
2445 5616 2502 5666 et
2529 5609 2707 5664 omnis
2734 5609 2786 5664 in
2820 5607 2949 5662 illud
2976 5607 3083 5663 vim
3118 5605 3267 5663 facit.
3295 5605 3491 5679 [cxcrv,
3517 5603 3598 5678 5.]

2065 5805 2093 5847 δ
2126 5807 2182 5867 ln
2208 5809 2408 5866 nostris
2437 5823 2570 5868 mss.
2600 5826 2715 5882 qua:
2740 5810 2849 5868 lucc
2872 5817 3060 5866 essent.
