4166 6336
575 347 680 406 639

1564 345 1627 402 S.
1667 342 2053 404 HIEBONYMI
2093 343 2326 403 DIVINA
2368 343 2847 404 BIBLIOTHECA.

3763 345 3867 404 640

575 467 811 529 Facilius
839 475 924 526 est
951 474 1132 526 autem
1156 467 1354 525 coelum
1384 475 1440 524 et
1465 475 1666 524 terram
1689 469 1989 540 praeterire,
2018 482 2177 539 quam
2208 469 2261 530 Α
2283 467 2410 524 dum
2437 469 2536 524 iret
2563 469 2616 524 in
2646 468 2968 534 Jerusalem,
2998 466 3256 522 transibat
3279 480 3377 538 per
3409 465 3640 522 mediam
3687 464 3875 522 Sama-

574 564 643 624 de
674 564 792 636 lege
824 579 988 620 unum
1028 564 1238 636 apicem
1265 564 1482 621 cadere.
1518 563 1693 635 [cxcv.
1723 561 1804 635 2.]
1831 563 2039 633 Omnis,
2069 565 2162 634 qui

573 659 795 718 dimittit
823 675 1050 717 uxorem
1077 675 1252 727 suam,
1285 668 1340 715 et
1365 659 1591 715 alteram
1619 657 1788 723 ducit,
1823 659 2127 715 mmchatur
2153 675 2168 716 :

571 763 626 811 et
647 753 736 825 qui
760 751 1036 809 dimissam
1067 767 1096 807 a
1131 751 1248 808 viro
1277 750 1444 818 ducit,
1469 751 1791 808 moechatur.
1825 750 2023 823 [cxcvu
2058 748 2172 824 10.]

569 845 747 904 Homo
773 844 986 917 quidam
1014 854 1130 902 erat
1157 844 1329 911 dives,
1359 844 1447 915 qui
1481 843 1811 899 induebatur
1843 857 2081 914 purpura
2119 851 2174 898 et

571 937 774 1012 bysso:
803 946 862 994 et
886 936 1206 1006 epulabatur
1227 935 1468 1008 quotidie
1493 935 1796 1007 splendide.
1829 936 1896 992 Et
1923 944 2038 991 erat
2062 935 2174 1007 qui-

572 1031 697 1089 dam
729 1032 1030 1100 mendicus,
1059 1030 1280 1086 nomine
1308 1028 1568 1098 Lazarus,
1599 1029 1692 1102 qui
1730 1029 1947 1100 jacebat
1985 1027 2052 1092 ad
2093 1028 2176 1100 ja-

570 1142 736 1184 nuam
777 1127 918 1197 ejus,
968 1125 1240 1181 ulceribus
1289 1124 1507 1195 plenus,
1557 1124 1782 1190 cupiens
1825 1121 2060 1178 saturari
2106 1121 2174 1177 de

570 1220 748 1287 micis,
779 1234 897 1288 quae
925 1218 1190 1274 cadebant
1220 1217 1290 1273 de
1316 1231 1502 1273 mensa
1525 1215 1730 1284 divitis,
1767 1225 1795 1254 ι
1823 1225 1878 1272 ct
1907 1229 2068 1270 nemo
2098 1215 2174 1271 illi

571 1311 768 1367 dabat:
797 1309 893 1367 sed
923 1319 979 1366 et
1017 1324 1182 1365 canes
1223 1308 1534 1376 veniebant,
1581 1317 1636 1365 et
1677 1307 1952 1380 lingebant
1992 1307 2174 1362 ulcera

570 1406 710 1477 ejus.
749 1404 972 1460 Factum
1019 1413 1102 1462 est
1133 1413 1338 1472 autem,
1375 1412 1432 1458 ut
1457 1411 1760 1458 moreretur
1789 1401 2092 1466 mendicus,
2120 1408 2176 1456 et

568 1508 880 1572 portaretur
907 1499 976 1554 ab
1001 1499 1207 1571 angelis
1238 1499 1291 1554 in
1326 1499 1502 1555 sinum
1533 1497 1788 1553 Abrahae.
1819 1496 2060 1552 Mortuus
2091 1503 2176 1552 est

569 1603 749 1651 autem
776 1604 831 1650 et
859 1593 1034 1663 dives,
1064 1603 1119 1650 et
1144 1592 1387 1662 sepultus
1414 1599 1499 1648 est
1545 1589 1601 1646 in
1653 1590 1890 1646 inferno.
1942 1590 2175 1646 Elevans

570 1696 754 1743 autem
798 1686 986 1742 oculos
1035 1700 1183 1754 suos,
1238 1700 1360 1740 cum
1410 1693 1555 1740 esset
1605 1684 1659 1739 in
1700 1683 2012 1750 tormentis,
2040 1683 2177 1738 vidit

571 1776 845 1837 Abraham
873 1791 904 1832 a
935 1776 1116 1848 longe,
1143 1786 1200 1832 et
1227 1775 1489 1830 Lazarum
1521 1774 1574 1830 in
1607 1775 1726 1830 sinu
1761 1775 1878 1844 ejus
1905 1793 1918 1827 :
1964 1785 2019 1829 ct
2059 1773 2175 1844 ipse

2277 562 2412 617 riam
2455 562 2508 617 in
2563 562 2670 634 [Αι.
2721 561 2795 632 et]
2846 560 3150 617 Galilaeam.
3200 561 3264 615 Et
3318 574 3441 614 cum
3500 557 3877 630 ingrederetur

2273 653 2544 726 quoddam
2588 654 2874 710 castellum
2909 670 2924 719 ;
2969 663 3321 709 occurrerunt
3352 653 3399 708 ei
3431 651 3621 708 decem
3659 651 3760 708 viri
3796 652 3880 710 leo

2275 747 2447 818 prosi,
2472 747 2563 818 qui
2593 755 2861 805 steterunt
2887 761 2916 800 a
2961 746 3159 818 longe:
3199 755 3254 801 et
3300 745 3616 802 levaverunt
3660 760 3872 814 vocem,

2275 839 2516 897 dicentes
2555 857 2568 893 :
2599 840 2728 896 Iesu
2761 850 3090 912 przeceptor,
3122 839 3383 896 miserere
3420 839 3615 896 nostri.
3651 840 3796 909 Quos
3819 847 3877 894 ut

2273 937 2428 1006 vidit,
2458 936 2628 991 dixit:
2671 935 2769 1003 Ite,
2802 934 3071 992 ostendite
3096 949 3190 990 vos
3232 933 3625 990 sacerdotibus.
3660 934 3725 988 Et
3763 931 3878 988 fac-

2276 1036 2387 1084 tum
2434 1037 2545 1092 est,
2576 1027 2701 1082 dum
2744 1028 2920 1097 irent,
2952 1026 3193 1082 mundati
3237 1035 3381 1082 sunt.
3415 1025 3565 1082 Unus
3596 1035 3775 1082 autem
3807 1040 3878 1080 ex

2276 1120 2413 1190 illis,
2436 1131 2492 1176 ut
2533 1121 2669 1176 vidit
2697 1121 2822 1193 quia
2857 1121 3148 1176 mundatus
3178 1129 3283 1187 est,
3307 1134 3592 1192 regressus
3621 1130 3729 1186 est,
3751 1135 3878 1174 cum

2276 1230 2468 1286 magna
2497 1229 2632 1271 voce
2663 1214 3010 1286 magniﬁcans
3043 1214 3237 1280 Deum,
3269 1225 3327 1270 et
3355 1213 3556 1269 cecidit
3583 1214 3634 1268 in
3679 1213 3880 1269 faciem

2275 1320 2400 1366 ante
2426 1309 2590 1380 pedes
2617 1310 2754 1380 ejus,
2786 1309 2988 1379 gratias
3017 1324 3183 1380 agens
3211 1326 3224 1363 :
3272 1320 3326 1365 et
3369 1309 3456 1365 hic
3484 1317 3604 1364 erat
3638 1309 3884 1364 Samari-

2279 1410 2460 1458 tanus.
2489 1401 2846 1475 Respondeas
2868 1412 3048 1459 autem
3071 1402 3252 1469 Jesus,
3278 1402 3446 1458 dixit:
3472 1401 3664 1458 Nonne
3687 1401 3878 1458 decem

2275 1497 2518 1552 mundati
2547 1497 2717 1551 sunt?
2747 1507 2800 1553 et
2825 1511 3019 1554 novem
3052 1497 3143 1552 ubi
3179 1497 3349 1552 sunt?
3375 1496 3493 1552 Non
3519 1507 3604 1554 est
3626 1497 3883 1552 inventus

2276 1589 2369 1661 qui
2397 1589 2628 1655 rediret,
2661 1599 2714 1644 et
2744 1589 2900 1646 daret
2930 1591 3161 1662 gloriam
3194 1592 3331 1656 Deo,
3365 1590 3468 1646 nisi
3500 1589 3589 1644 hic
3625 1590 3886 1661 alienige—

2277 1697 2365 1740 na.
2393 1683 2458 1738 Et
2487 1684 2560 1737 ait
2597 1683 2673 1738 illi
2704 1701 2716 1738 :
2746 1683 2940 1755 Surge,
2969 1683 3132 1752 vade,
3157 1685 3283 1755 quia
3315 1681 3449 1738 ﬁdes
3480 1692 3568 1737 tua
3598 1692 3650 1737 te
3677 1682 3885 1739 salvum

2281 1775 2426 1833 fecit.
2465 1775 2609 1850 [CCII
2635 1819 2650 1844 ,
2694 1776 2794 1849 5.]
2847 1777 3217 1849 Intermgatus
3256 1788 3438 1835 autem
3483 1793 3514 1833 a
3559 1777 3882 1834 Pharisaeis:

574 1872 816 1927 clamans
857 1869 1034 1926 dixit:
1079 1869 1240 1925 Pater
1284 1868 1582 1935 Abraham,
1634 1867 1900 1924 miserere
1944 1867 2072 1933 mei,
2124 1855 2254 1921 etB
2281 1869 2508 1940 Quando
2555 1871 2702 1928 venit
2731 1887 2957 1942 regnum
3008 1871 3155 1928 Dei?
3195 1871 3530 1942 respondens
3561 1871 3677 1935 eis,
3708 1869 3885 1924 dixit:

574 1963 728 2019 mitte
775 1961 1057 2031 Lazarum,
1108 1973 1168 2017 ut
1214 1961 1444 2032 intingat
1485 1969 1788 2016 extremum
1817 1959 1970 2032 digiti
2001 1958 2086 2014 sui
2117 1959 2171 2015 in

577 2071 793 2128 aquam,
827 2064 882 2110 ut
913 2053 1198 2127 refrigeret
1227 2054 1461 2125 linguam
1494 2067 1691 2121 meam,
1721 2051 1845 2120 quia
1882 2051 2095 2107 crucior
2125 2051 2178 2106 in

572 2149 677 2206 hac
710 2149 946 2204 ﬂamma.
979 2147 1049 2203 Et
1074 2148 1209 2202 dixit
1247 2147 1323 2202 illi
1363 2146 1674 2202 Abraham:
1717 2145 1842 2212 Fili,
1892 2145 2180 2203 recordare

575 2245 700 2317 quia
731 2242 981 2313 recepisti
1011 2243 1149 2298 bona
1177 2242 1230 2298 in
1260 2243 1371 2296 vita
1414 2250 1522 2307 tua,
1556 2249 1610 2297 et
1650 2241 1889 2297 Lazarus
1931 2241 2181 2296 similiter

579 2339 718 2394 mala
747 2355 758 2390 :
789 2352 932 2392 nunc
958 2344 1136 2392 autem
1166 2335 1253 2390 hic
1281 2335 1618 2400 consolatur,
1649 2343 1703 2389 tu
1733 2349 1863 2390 vero
1888 2334 2169 2402 cruciaris;

576 2440 634 2486 et
663 2429 715 2484 in
749 2428 832 2484 his
860 2427 1131 2497 omnibus,
1164 2428 1306 2483 inter
1350 2441 1449 2482 nos
1491 2436 1544 2482 ct
1583 2441 1680 2482 vos
1721 2427 1888 2483 chaos
1929 2443 2177 2498 maguum

576 2524 850 2578 ﬁrmatum
881 2530 966 2579 est
992 2539 1004 2575 :
1039 2531 1096 2575 ttt
1128 2520 1204 2587 hi,
1236 2521 1326 2590 qui
1351 2519 1540 2575 volunt
1565 2519 1690 2575 hinc
1718 2521 1949 2574 transire
1969 2520 2036 2574 ad
2062 2533 2179 2588 vos,

576 2631 689 2672 non
736 2616 965 2687 possint,
1021 2628 1196 2684 neque
1243 2612 1369 2669 inde
1414 2612 1518 2668 huc
1569 2621 1924 2668 transmeare.
1973 2611 2038 2666 Et
2066 2613 2178 2666 ait:

577 2707 729 2780 Rogo
754 2723 883 2780 ergo
914 2718 987 2776 te,
1021 2717 1191 2778 pater,
1225 2715 1282 2762 ut
1310 2707 1493 2762 mittas
1519 2721 1644 2762 eum
1672 2706 1725 2761 in
1755 2705 1978 2761 domum
2011 2703 2183 2775 patris

579 2803 706 2860 mei.
740 2803 924 2859 Habeo
954 2801 1100 2857 enim
1125 2801 1362 2872 quinque
1392 2801 1610 2867 fratres,
1659 2810 1718 2855 ut
1775 2809 2002 2856 testetur
2050 2800 2181 2867 illis,

579 2913 648 2954 ne
674 2907 728 2955 et
756 2899 862 2968 ipsi
886 2899 1108 2954 veniant
1149 2897 1202 2952 in
1249 2896 1392 2951 hunc
1429 2896 1605 2950 locum
1649 2903 2067 2950 tormentorum.
2117 2892 2186 2950 Et

580 2991 656 3046 ait
691 2991 769 3046 illi
798 2991 1106 3046 Abraham:
1131 2989 1344 3046 Habent
1374 2989 1618 3062 Moysen,
1652 2999 1705 3044 et
1729 2988 2030 3058 Prophetas
2055 3005 2069 3042 :
2091 3004 2187 3043 au-

582 3082 732 3138 diant
761 3082 903 3138 illos.
938 3085 1004 3137 At
1036 3082 1126 3138 ille
1156 3081 1287 3137 dixit
1314 3099 1328 3136 :
1357 3080 1496 3148 Non,
1529 3091 1684 3152 pater
1723 3081 1997 3136 Abraham
2031 3102 2043 3138 :
2091 3080 2186 3136 sed

581 3173 632 3233 si
657 3175 781 3246 quis
809 3191 876 3231 ex
904 3173 1135 3230 mortuis
1160 3175 1285 3228 ierit
1310 3173 1376 3228 ad
1417 3188 1532 3240 eos,
1584 3173 1952 3243 paenitentiam
2000 3180 2184 3243 agent.

2281 1963 2398 2018 Non
2429 1963 2578 2018 venit
2605 1978 2828 2034 regnum
2857 1962 2956 2018 Dei
2983 1979 3105 2018 cum
3138 1963 3522 2018 observatione
3551 1980 3566 2018 :
3601 1975 3777 2032 neque
3807 1959 3889 2015 di-

2281 2066 2440 2114 cent:
2491 2056 2632 2112 Ecce
2662 2056 2768 2122 hic,
2815 2067 2908 2112 ant
2954 2071 3084 2112 ecce
3124 2056 3258 2112 illic.
3307 2057 3445 2111 Ecce
3475 2056 3621 2111 enim
3655 2068 3885 2125 regnum

2283 2150 2378 2205 Dei
2424 2151 2560 2204 intra
2595 2163 2689 2204 vos
2733 2160 2837 2204 cst.
2883 2148 3204 2221 ]ccut,10.]
3246 2148 3314 2204 Et
3358 2149 3434 2203 ait
3483 2148 3550 2202 ad
3594 2146 3889 2216 discipulos

2281 2259 2410 2301 suos
2444 2263 2455 2298 :
2490 2244 2721 2299 Venicnt
2746 2243 2862 2298 dies
2903 2241 3120 2311 quando
3146 2241 3470 2297 desideretis
3512 2240 3692 2296 videre
3720 2254 3888 2294 unum

2283 2337 2424 2393 diem
2454 2335 2576 2393 Filii
2607 2337 2868 2405 hominis,
2899 2345 2954 2392 et
2982 2351 3089 2391 non
3121 2335 3396 2391 videbitis.
3421 2335 3584 2406 [cetv,
3610 2333 3692 2404 2.]
3722 2333 3791 2388 Et
3811 2333 3892 2388 di-

2282 2441 2412 2489 cent
2436 2431 2586 2488 vobis
2612 2449 2626 2486 :
2658 2431 2798 2487 Ecce
2828 2431 2940 2498 hic,
2974 2441 3028 2486 et
3057 2445 3186 2486 ecce
3218 2430 3350 2484 illic.
3379 2429 3557 2484 Nolite
3585 2430 3685 2495 ire,
3717 2442 3892 2498 neque

2283 2525 2592 2582 sectemini.
2623 2525 2777 2597 [ccv,
2809 2523 2897 2594 5.]
2929 2521 3096 2587 Nam,
3129 2522 3271 2578 sicut
3300 2523 3476 2593 fulgur
3501 2534 3796 2577 coruscans
3826 2517 3896 2573 de

2283 2622 2386 2678 sub
2411 2606 2584 2686 coelo,
2635 2621 2686 2675 in
2717 2636 2779 2676 ea
2809 2635 2928 2692 qua:
2959 2620 3062 2675 sub
3089 2621 3229 2676 coelo
3259 2629 3405 2686 sunt,
3441 2617 3649 2688 fulget:
3687 2617 3758 2671 ita
3790 2616 3897 2671 erit

2284 2715 2458 2772 Filius
2487 2715 2719 2770 hominis
2756 2715 2809 2769 in
2842 2713 2930 2770 die
2958 2728 3079 2771 sua.
3121 2713 3291 2787 [ccvt,
3317 2712 3397 2784 2.]
3431 2712 3670 2768 Primum
3709 2722 3896 2766 autem

2287 2816 2502 2879 oportet
2533 2807 2687 2862 illum
2719 2807 2885 2862 multa
2917 2808 3054 2877 pati,
3084 2815 3140 2863 et
3167 2805 3449 2878 reprobari
3479 2822 3509 2860 a
3540 2804 3897 2876 generatione

2288 2900 2412 2956 hac.
2441 2901 2623 2973 [ccvtr,
2657 2899 2736 2972 5.]
2767 2899 2833 2954 Et
2853 2899 2990 2954 sicut
3012 2899 3213 2955 factum
3247 2899 3406 2953 estin
3436 2896 3628 2953 diebus
3655 2897 3788 2965 Noe,
3819 2897 3898 2952 ita

2290 2996 2392 3050 erit
2420 2995 2550 3050 etin
2571 2994 2761 3051 diebus
2787 2993 2912 3050 Filii
2941 2993 3195 3049 hominis.
3229 2993 3499 3058 Edebant,
3521 3002 3577 3048 et
3601 2992 3893 3047 bibebant:

2292 3104 2491 3146 uxores
2519 3089 2824 3156 ducebant,
2865 3097 2920 3144 et
2945 3089 3213 3145 dabantur
3258 3087 3325 3143 ad
3370 3089 3604 3160 nuptias,
3639 3103 3808 3158 usque
3840 3087 3898 3144 in

2292 3181 2456 3249 diem,
2483 3196 2586 3251 qua
2618 3181 2838 3235 intravit
2866 3179 2981 3236 Noe
3012 3180 3066 3234 in
3097 3194 3310 3235 arcam:
3343 3187 3399 3235 et
3427 3179 3575 3234 venit
3605 3178 3898 3246 diluvium,

585 3267 676 3322 Ait
705 3274 884 3321 autem
918 3265 990 3320 illi
1017 3283 1031 3322 =
1059 3265 1117 3322 Si
1139 3264 1357 3337 Moysen
1387 3274 1444 3322 et
1470 3265 1770 3336 Prophetas
1799 3280 1904 3320 non
1927 3266 2184 3333 audiunt;
2214 3244 2260 3308 Ο
2293 3284 2348 3332 et
2379 3244 2610 3344 perdidit
2631 3289 2842 3332 omnes.
2869 3275 3072 3346 [ccvm,
3103 3273 3216 3346 10.]
3239 3274 3504 3330 Similiter
3527 3273 3666 3329 sicut
3697 3244 3898 3329 factum

582 3375 758 3432 neque
787 3362 830 3416 si
858 3361 978 3430 quis
1007 3375 1076 3416 ex
1109 3360 1335 3416 mortuis
1364 3362 1753 3426 resurrexerit,
1779 3361 2025 3417 credent.

656 3452 808 3528 [Cap.
838 3453 1002 3509 XVII.
1030 3469 1234 3520 cxcvtt,
1261 3451 1342 3524 2.]
1376 3454 1444 3509 Et
1471 3455 1543 3509 ait
1575 3455 1640 3509 ad
1673 3454 1970 3526 discipulos
2020 3471 2187 3514 suos:

585 3546 924 3617 Impossibile
953 3557 1054 3615 est,
1087 3556 1142 3602 ut
1172 3562 1279 3602 non
1311 3548 1529 3603 veniant
1557 3549 1848 3606 scandala:
1888 3566 1968 3605 vae
2011 3558 2190 3606 autem

584 3639 683 3706 illi,
717 3655 810 3710 per
833 3655 994 3710 quem
1019 3640 1268 3696 veniunt.
1303 3638 1500 3696 Utilius
1529 3649 1615 3696 est
1637 3640 1736 3709 illi,
1768 3642 1811 3695 si
1853 3642 1985 3711 lapis
2018 3643 2191 3697 mola-

581 3735 658 3791 ris
704 3735 1012 3805 imponatur
1053 3737 1199 3791 circa
1241 3735 1438 3790 collum
1484 3735 1624 3806 ejus,
1673 3745 1729 3792 et
1777 3737 2091 3808 projiciatur
2137 3739 2191 3794 in

583 3843 752 3894 mare,
803 3843 962 3900 quam
1011 3837 1070 3883 ut
1119 3829 1447 3886 scandalizet
1495 3846 1658 3884 unum
1697 3829 1767 3886 de
1808 3832 2017 3901 pusillis
2049 3832 2190 3888 istis.

582 3918 820 3994 [cxcvnt,
853 3921 932 3994 5.]
961 3922 1236 3980 Attendite
1265 3924 1456 3980 vobis:
1487 3923 1542 3981 Si
1576 3927 1883 3995 peccaverit
1912 3930 1965 3982 in
1999 3937 2049 3982 te
2081 3928 2191 3982 fra-

582 4025 667 4074 ter
694 4024 836 4082 tuus,
881 4017 1098 4086 increpa
1143 4017 1335 4074 illum:
1377 4029 1429 4073 et
1473 4019 1518 4074 si
1565 4021 1940 4090 ptenitentiam
1989 4023 2186 4092 egerit,

581 4106 794 4164 dimitte
842 4107 938 4164 illi.
988 4110 1196 4181 ['jcxcrx,
1249 4108 1328 4181 5.]
1375 4111 1443 4166 Et
1483 4112 1526 4168 si
1561 4113 1762 4182 septies
1796 4113 1967 4170 indie
1993 4131 2185 4185 pecca-

582 4199 721 4255 verit
751 4200 804 4254 in
839 4207 912 4268 te,
947 4211 1001 4255 et
1029 4202 1232 4271 septies
1260 4203 1313 4257 in
1344 4203 1433 4259 die
1460 4219 1756 4260 conversus
1799 4207 1959 4262 fuerit
1998 4208 2065 4262 ad
2111 4217 2186 4277 te,

583 4290 814 4346 dicens:
849 4291 1082 4350 Ptenitet
1104 4310 1214 4361 me,
1243 4296 1454 4352 dimitte
1477 4297 1575 4352 illi.
1605 4299 1712 4370 [cc,
1739 4298 1818 4370 5.]
1848 4300 1912 4354 Ει
1937 4300 2191 4358 dixerunt

582 4385 831 4454 Apostoli
866 4385 1093 4443 Domino
1123 4407 1135 4442 :
1168 4389 1388 4460 Adauge
1419 4391 1575 4446 nobis
1604 4391 1782 4450 ﬁdem.
1823 4393 1964 4447 Dixit
2005 4404 2188 4451 autem

585 4476 848 4534 Dominus
871 4495 892 4534 :
914 4479 971 4536 Si
1002 4479 1298 4537 habueritis
1326 4481 1510 4552 ﬁdem,
1541 4485 1681 4541 sicut
1705 4501 1932 4556 granum
1957 4487 2186 4558 sinapis,

581 4569 611 4611 δ
654 4571 848 4628 dicetis
894 4573 1019 4630 huic
1057 4575 1238 4632 arbori
1285 4592 1480 4633 moro:
1536 4579 1852 4646 Eradicarc,
1905 4591 1960 4637 et
2013 4593 2188 4638 trans-

583 4664 831 4735 plantare
878 4666 930 4720 in
979 4683 1166 4723 mare:
1209 4677 1264 4726 et
1301 4669 1520 4726 obcdiet
1546 4671 1719 4728 vobis.
1753 4639 1882 4746 [cci,
1913 4673 2024 4746 10.]
2051 4674 2184 4743 Quis
2213 4639 2268 4700 Β

582 4768 763 4815 autem
790 4769 1028 4817 vestrum
1058 4761 1264 4818 habens
1294 4779 1510 4821 servum
1551 4778 1795 4822 arantem
1835 4779 1928 4823 aut
1959 4785 2185 4839 pascen-

584 4861 714 4919 tem,
748 4855 838 4924 qui
867 4870 1115 4926 regresso
1143 4857 1210 4914 de
1233 4874 1364 4930 agro
1393 4860 1540 4916 dicat
1582 4861 1701 4916 illi:
1749 4863 1943 4920 Statim
1989 4866 2178 4933 transi,

584 4947 875 5003 recumbe:
925 4957 979 5003 et
1028 4965 1134 5004 non
1181 4951 1328 5005 dicat
1374 4953 1466 5008 ei:
1520 4954 1652 5009 Para
1681 4957 1824 5027 quod
1856 4972 2093 5021 cmncm,
2127 4968 2184 5014 et

584 5044 854 5116 prmcinge
877 5053 950 5112 te,
976 5055 1030 5101 et
1051 5047 1296 5103 ministra
1329 5048 1457 5104 mihi
1489 5049 1663 5107 donec
1687 5053 2007 5108 manducem
2029 5063 2083 5110 et
2104 5054 2189 5110 bi-

583 5135 725 5205 bam,
758 5145 814 5194 et
841 5149 963 5209 post
993 5139 1108 5196 hare
1150 5150 1204 5195 tu
1231 5141 1583 5198 manducabis
1615 5155 1668 5199 et
1700 5144 1890 5201 bibes?
1917 5145 2186 5216 Numquid

582 5235 809 5302 gratiam
845 5232 1005 5290 habet
1049 5249 1210 5291 servo
1247 5235 1346 5306 illi,
1383 5237 1508 5307 quia
1542 5237 1807 5310 fecitquze
1829 5240 1878 5294 ei
1910 5249 1932 5277 ο
1957 5239 2188 5309 impera-

586 5324 776 5379 verat?
803 5323 918 5381 Non
971 5336 1122 5397 puto.
1184 5327 1276 5384 Sic
1311 5337 1366 5384 et
1394 5343 1512 5395 vos,
1553 5344 1676 5385 cum
1727 5329 1964 5387 feceritis
2003 5333 2186 5388 omnia

583 5429 706 5485 qua:
730 5427 999 5488 praecepta
1026 5427 1153 5474 sunt
1176 5421 1364 5488 vobis,
1394 5420 1600 5477 dicite:
1642 5421 1799 5478 Servi
1842 5425 2056 5480 inutiles
2097 5442 2188 5481 su-

584 5522 746 5566 mus:
776 5511 920 5581 quod
947 5511 1235 5570 debuimus
1261 5513 1465 5584 facere,
1493 5516 1733 5573 fecimus.
1765 5519 1829 5574 Et
1857 5519 2055 5576 factum
2078 5529 2184 5589 est,

659 5684 685 5711 ιι
717 5673 919 5751 Verba,
945 5685 993 5751 et
1019 5693 1166 5732 nemo
1193 5678 1276 5733 illi
1301 5679 1480 5751 dabat,
1518 5695 1642 5751 quae
1680 5689 1736 5737 et
1777 5683 1830 5737 in
1866 5682 2058 5740 Graeco
2096 5698 2186 5738 ar-

588 5747 825 5819 chetypo
845 5747 1245 5819 desiderantur,
1268 5751 1320 5806 in
1353 5750 1458 5821 his,
1489 5747 1625 5825 quos
1645 5754 2038 5825 consuluimus,
2055 5770 2185 5811 mss.

589 5818 745 5875 libris
775 5833 880 5875 non
910 5828 1056 5876 sunt.

588 5889 687 6024 ἕλξι
720 5890 780 5947 In
809 5892 1012 5951 nostris
1037 5895 1292 5955 omnibus
1327 5909 1456 5954 mss.
1483 5897 1740 5969 diceretis,
1768 5906 1824 5956 et
1857 5897 2049 5957 Graece
2080 5908 2185 5970 est,

643 5985 801 6024 σνετς.

643 5985 779 6036 σγετς
789 6003 801 6020 .

2293 3378 2378 3424 est
2402 3370 2452 3424 in
2477 3369 2670 3425 diebus
2699 3369 2830 3425 Lot:
2862 3369 3109 3424 Edcbant
3135 3377 3192 3425 et
3218 3369 3508 3428 bibebant:
3537 3370 3810 3438 emebant,
3839 3379 3901 3426 et

2295 3462 2636 3518 vendebant:
2680 3464 2999 3534 plantabant
3035 3473 3090 3518 et
3123 3462 3505 3518 aediﬁcabant:
3548 3479 3652 3533 qua
3679 3463 3766 3519 die
3798 3479 3902 3518 au-

2294 3565 2403 3612 tem
2435 3557 2566 3612 exiit
2595 3557 2696 3614 Lot
2723 3574 2750 3610 a
2781 3556 3063 3625 Sodomis,
3107 3557 3243 3628 pluit
3272 3557 3448 3627 ignem
3483 3566 3536 3612 et
3575 3556 3800 3626 sulphur
3825 3555 3901 3612 de

2295 3651 2456 3718 coelo,
2484 3661 2536 3706 et
2567 3667 2754 3706 omnes
2782 3650 3042 3721 perdidit:
3073 3651 3368 3706 secundum
3402 3650 3518 3704 lucc
3546 3649 3648 3704 erit
3679 3664 3782 3720 qua
3806 3649 3902 3704 die

2295 3743 2464 3800 Filius
2489 3745 2722 3799 hominis
2746 3743 3281 3815 revelabitur.]ccrx,
3311 3742 3391 3815 2.]
3421 3743 3473 3796 In
3501 3742 3593 3796 illa
3625 3741 3780 3809 hora,
3801 3742 3902 3811 qui

2293 3839 2457 3895 fuerit
2485 3842 2536 3895 in
2574 3849 2719 3895 tecto
2742 3881 2756 3908 ,
2784 3850 2838 3896 et
2873 3855 2997 3895 vasa
3034 3840 3152 3909 ejus
3184 3841 3234 3892 in
3279 3840 3464 3904 domo,
3494 3852 3562 3894 ne
3601 3837 3904 3894 descendat

2295 3934 2486 3990 tollere
2519 3934 2646 3999 illa;
2687 3944 2740 3990 et
2769 3935 2858 4004 qui
2892 3935 2942 3987 in
2977 3948 3128 4004 agro,
3159 3933 3410 3988 similiter
3453 3947 3561 3986 non
3593 3931 3780 3986 redeat
3808 3945 3904 3986 rc-

2292 4035 2396 4082 tro.
2425 4028 2573 4100 [ccx,
2610 4026 2722 4097 10.]
2749 4029 3021 4083 Memores
3051 4036 3227 4082 estote
3257 4026 3440 4080 uxoris
3468 4025 3585 4080 Lot.
3625 4025 3786 4098 [CCX],
3813 4024 3901 4095 5.]

2291 4119 2630 4190 Quicumque
2669 4120 2945 4190 quaesierit
2985 4120 3220 4174 animam
3273 4134 3423 4173 suam
3457 4118 3658 4172 salvam
3692 4117 3900 4184 facere,

2293 4214 2483 4283 perdet
2510 4215 2658 4270 illam
2687 4233 2700 4268 :
2731 4225 2785 4269 et
2817 4216 3142 4284 quicumque
3171 4213 3464 4285 perdiderit
3507 4213 3683 4278 illam,
3715 4211 3905 4266 viviﬁ-

2291 4309 2435 4364 cahit
2459 4323 2600 4364 eam.
2626 4310 2814 4380 Iccxrt,
2849 4308 2928 4381 5.]
2958 4309 3087 4364 Dico
3118 4309 3299 4366 vobis:
3337 4310 3394 4363 Iu
3428 4307 3518 4363 illa
3545 4317 3706 4362 nocte
3733 4318 3903 4363 erunt

2291 4401 2399 4456 duo
2429 4403 2484 4457 in
2509 4405 2650 4458 lecto
2682 4419 2815 4470 uno;
2845 4417 2984 4457 unus
3010 4411 3341 4468 assumetur,
3373 4410 3428 4457 et
3458 4400 3595 4456 alter
3626 4399 3903 4468 relinque-

2292 4503 2414 4548 tur:
2448 4494 2569 4549 dua:
2597 4503 2757 4549 erunt
2786 4493 3055 4549 molentes
3091 4493 3144 4547 in
3189 4506 3388 4557 unum;
3429 4506 3531 4546 una
3559 4499 3896 4557 assumetur,

2291 4595 2347 4640 et
2377 4586 2544 4642 altera
2579 4587 2920 4657 relinquetur
2944 4603 2960 4641 :
2989 4585 3098 4640 duo
3126 4586 3179 4640 in
3208 4599 3372 4656 agro;
3405 4597 3544 4638 unus
3565 4589 3895 4646 assumetur,

2291 4690 2346 4733 et
2369 4681 2509 4735 alter
2534 4680 2890 4750 relinquetur.
2922 4680 3128 4752 [ccxttt,
3162 4676 3242 4750 5.]
3268 4676 3683 4748 Respondentes
3711 4675 3902 4729 dicunt

2292 4774 2404 4830 illi:
2438 4773 2568 4839 Ubi,
2605 4773 2868 4829 Domine?
2898 4772 3002 4841 Qui
3027 4771 3161 4826 dixit
3193 4771 3336 4825 illis:
3368 4769 3709 4840 Ubicumque
3738 4765 3901 4824 fuerit

2291 4883 2512 4938 corpus,
2549 4867 2678 4921 illuc
2706 4867 3176 4937 congregabuntur
3206 4873 3261 4920 et
3287 4864 3505 4934 aquilaa.
3627 4857 3630 4860 ’

2368 4960 2520 5034 [ϐαρ.
2554 4959 2742 5015 XVIII.
2771 4974 2952 5026 ccxn',
2983 4958 3097 5030 10.]
3130 4957 3354 5012 Dicebat
3381 4965 3560 5012 autem
3586 4965 3640 5011 et
3661 4954 3899 5026 parabo-

2297 5055 2400 5109 Iam
2431 5055 2500 5109 ad
2534 5053 2676 5122 illos,
2713 5053 2966 5124 quoniam
2997 5063 3216 5123 oportet
3238 5067 3454 5122 semper
3483 5065 3642 5106 orare
3663 5092 3677 5116 ,
3701 5060 3754 5104 et
3785 5064 3899 5103 non

2290 5145 2548 5211 deﬁcere,
2580 5147 2803 5202 dicens:
2847 5146 3024 5202 Juch
3065 5145 3283 5216 quidam
3310 5153 3432 5200 erat
3474 5146 3526 5198 in
3560 5142 3786 5213 quadam
3818 5140 3902 5196 ci-

2291 5240 2477 5306 vitate,
2513 5242 2601 5310 qui
2636 5240 2805 5295 Dcum
2837 5255 2943 5294 non
2976 5238 3222 5306 timebat,
3255 5248 3310 5294 ct
3357 5239 3632 5292 hominem
3676 5251 3780 5292 non
3810 5250 3900 5290 re-

2290 5335 2605 5392 verebatur.
2623 5332 2794 5389 Vidua
2823 5342 3004 5389 autem
3036 5332 3282 5403 quaedam
3308 5340 3428 5387 erat
3456 5331 3510 5386 in
3538 5329 3753 5386 civitate
3780 5328 3898 5394 illa,

2291 5435 2349 5482 et
2375 5427 2628 5483 veniebat
2657 5426 2724 5481 ad
2755 5441 2876 5482 cum
2899 5467 2915 5493 ,
2950 5426 3138 5482 dicens
3164 5441 3178 5479 :
3212 5424 3440 5479 Vindica
3485 5437 3574 5478 me
3603 5423 3670 5478 de
3702 5420 3900 5475 adver-

2291 5523 2438 5578 sario
2468 5538 2611 5579 meo.
2644 5523 2710 5578 Et
2740 5522 2960 5578 nolebat
2987 5536 3084 5594 per
3107 5521 3332 5576 multum
3359 5529 3592 5589 tempus.
3624 5518 3752 5574 Post
3776 5515 3898 5570 hare

2369 5695 2390 5723 ο
2418 5684 2614 5740 Iterum
2647 5685 2807 5741 iidem
2838 5698 2969 5739 mss.
3006 5699 3123 5754 qua:
3148 5682 3251 5754 sibi
3280 5695 3380 5749 pro
3417 5680 3465 5734 ei
3485 5677 3894 5754 ;_dil_feret_ttiam

2295 5756 2433 5812 hanc
2475 5757 2688 5828 peperit
2736 5757 2882 5810 varia
2933 5751 3108 5811 (ἓτὲἓεί
3157 5753 3324 5825 ipsius
3369 5751 3617 5828 vocabuli
3639 5751 3892 5828 scriptio,

2295 5831 2456 5899 αὐτῷ.
2476 5822 2607 5898 quae
2638 5829 2681 5882 si
2713 5843 2929 5897 aspero.
2952 5835 3011 5882 ut
3041 5822 3256 5895 vocant,
3275 5832 3489 5880 notetur
3519 5824 3735 5898 Spiritu,
3764 5822 3891 5886 sibi;

2290 5901 2338 5958 si
2370 5899 2499 5969 leui,
2532 5901 2575 5956 ei
2602 5899 3003 5970 interpretatur.
