4166 6336
306 367 403 425 641

1366 356 1815 417 EVANGLLIUM
1855 354 2231 415 SECUNDUM
2270 352 2525 417 LUCAM.

3494 347 3605 407 642

304 489 482 537 autem
514 476 651 534 dixit
677 476 814 533 intra
848 490 937 533 se:
970 474 1085 531 Etsi
1120 474 1290 532 Deum
1323 490 1432 531 non
1465 477 1651 544 timeo,
1685 490 1785 530 nec
1812 474 1908 529 ho-
1936 479 1990 537 Α
2016 473 2117 543 ipsi
2150 471 2280 527 nihil
2325 470 2516 527 horum
2538 465 2950 534 intellexerunt,
2985 471 3041 521 et
3068 472 3185 522 erat
3208 465 3433 522 verbum
3459 464 3604 523 istud

304 578 507 632 minem
533 589 791 631 revereor
825 590 840 628 :
889 582 1066 627 tamen
1091 571 1217 642 quia
1262 570 1485 626 molesta
1516 577 1601 625 est
1631 568 1761 624 mihi
1795 568 1909 623 haec

304 672 491 739 vidua,
517 669 801 726 vindicabo
830 668 1092 735 illam,.ne
1119 667 1172 722 in
1202 666 1501 722 novissimo
1528 665 1753 720 veniens
1779 678 1909 734 sug-

303 763 458 834 gillet
478 777 584 819 me.
614 761 703 817 Ait
721 769 905 817 autem
930 760 1219 815 Dominus:
1248 758 1445 815 Audite
1466 757 1593 830 quid
1613 756 1776 829 judex
1805 756 1910 811 ini-

302 855 525 927 quitatis
552 855 712 911 dicit:
742 855 884 911 Deus
907 863 1086 911 autem
1115 869 1223 909 non
1260 853 1422 909 faciet
1451 851 1746 908 vindictam
1771 850 1913 906 elec-

302 958 486 1005 torum
516 963 741 1005 suorum
765 948 1115 1003 clamantium
1143 946 1209 1002 ad
1231 961 1292 1003 se
1321 946 1410 1002 die
1430 960 1494 1001 ac
1521 956 1699 1012 nocte,
1734 952 1789 999 et
1820 957 1913 1013 pa-

303 1042 551 1099 tientiam
578 1041 799 1098 habebit
830 1042 883 1097 in
926 1040 1072 1096 illis?
1106 1040 1238 1096 Dico
1259 1040 1433 1108 vobis,
1468 1041 1590 1110 quia
1616 1038 1725 1092 cito
1758 1035 1914 1090 faciet

302 1135 604 1192 vindictam
642 1135 883 1194 illorum.
917 1134 1305 1191 Verumtamen
1344 1132 1514 1188 Filius
1563 1130 1796 1187 hominis
1824 1144 1917 1184 ve-

305 1230 486 1298 niens,
512 1238 687 1300 putas,
723 1227 964 1284 inveniet
990 1227 1153 1283 ﬁdem
1186 1228 1239 1281 in
1270 1228 1449 1282 terra?
1482 1226 1629 1280 Dixit
1658 1232 1834 1280 autem
1861 1232 1916 1278 et

307 1320 373 1377 ad
396 1321 690 1391 quosdam,
722 1321 812 1392 qui
844 1321 898 1375 in
919 1335 980 1376 se
1008 1319 1352 1376 conﬁdebant
1387 1328 1659 1389 tamquam
1685 1316 1839 1387 justi,
1862 1323 1917 1371 et

307 1417 740 1488 aspernabantur
769 1428 1022 1485 caeteros,
1054 1416 1367 1486 parabolam
1402 1416 1561 1471 istam
1596 1432 1608 1469 :
1656 1416 1772 1470 Duo
1818 1413 1918 1468 ho-

312 1512 489 1566 mines
519 1511 885 1566 ascenderunt
932 1510 987 1565 in
1034 1510 1316 1580 templum,
1362 1520 1419 1565 ut
1449 1516 1720 1564 orarent:
1779 1523 1917 1563 unus

308 1604 613 1676 pharisazus
640 1644 656 1671 ,
708 1613 761 1660 et
816 1604 955 1659 alter
1000 1604 1341 1675 publicanus.
1372 1602 1679 1659 Pharismus
1724 1612 1914 1669 stans,

309 1694 426 1751 haec
449 1696 593 1766 apud
616 1710 677 1752 se
706 1696 930 1750 orabat:
963 1697 1127 1763 Deus,
1160 1697 1362 1767 gratias
1383 1711 1484 1766 ago
1508 1696 1625 1763 tibi,
1656 1695 1777 1765 quia
1806 1710 1913 1748 non

310 1806 430 1847 sum
462 1791 604 1848 sicut
633 1794 817 1849 caeteri
849 1792 1167 1848 hominum:
1212 1799 1483 1862 raptores,
1513 1790 1724 1860 injusti,
1761 1788 1916 1844 adul-

2012 566 2391 622 absconditum
2424 564 2491 619 ab
2531 564 2645 630 eis,
2695 570 2751 619 et
2775 576 2884 619 non
2916 559 3285 632 intelligebant
3311 573 3430 631 qua:
3458 559 3606 615 dice-

2014 662 2231 718 bantur.
2262 661 2497 735 [ccxxtv,
2530 657 2609 731 2.]
2641 657 2868 713 Factum
2900 663 2985 713 est
3014 664 3213 720 autem,
3247 670 3371 710 cum
3411 668 3605 725 appro-

2013 756 2295 827 pinquaret
2313 754 2552 819 Jcricho,
2580 768 2757 809 caecus
2782 750 3003 822 quidam
3025 750 3421 807 sedebatsecus
3442 747 3603 817 viam,

2014 848 2349 904 mendicans.
2385 846 2453 902 Et
2497 860 2622 902 cum
2665 844 2879 900 audiret
2920 842 3132 899 turbam
3166 850 3603 913 prmtereuntem,

2014 941 2385 1012 interrogabat
2406 940 2537 1011 quid
2561 940 2664 995 hoc
2693 949 2856 995 esset.
2875 938 3140 995 Dixerunt
3166 946 3345 995 autem
3368 937 3439 1006 ei,
3465 935 3607 1009 quod

2014 1038 2173 1094 Jesus
2194 1037 2522 1092 Nazaraenus
2544 1034 2819 1091 transiret.
2848 1034 2911 1089 Et
2928 1034 3207 1099 clamavit,
3221 1033 3437 1090 dicens:
3455 1033 3605 1102 Jesu,

2017 1132 2093 1185 ﬁli
2127 1130 2292 1186 David
2313 1173 2327 1198 ,
2360 1132 2623 1187 miserere
2654 1129 2781 1185 mei.
2810 1129 2877 1184 Et
2904 1126 2998 1200 qui
3036 1128 3319 1199 praeibam,
3364 1127 3611 1197 increpa-

2016 1224 2147 1280 bant
2167 1240 2313 1291 eum,
2341 1231 2400 1278 ut
2432 1230 2657 1279 taceret.
2691 1220 2813 1293 Ipse
2840 1235 2972 1278 vero
2999 1220 3173 1277 multo
3210 1220 3382 1292 magis
3410 1219 3613 1276 clama-

2017 1315 2144 1371 bat:
2199 1315 2299 1370 Fili
2331 1315 2500 1371 David
2523 1356 2538 1383 ,
2574 1315 2835 1371 miserere
2866 1314 2994 1370 mei.
3038 1316 3204 1370 Stans
3234 1322 3412 1369 autem
3452 1311 3611 1369 Jesus

2012 1408 2173 1479 jussit
2217 1408 2369 1463 illum
2410 1406 2607 1461 adduci
2639 1405 2705 1462 ad
2734 1421 2812 1462 se.
2842 1406 2909 1461 Et
2950 1421 3073 1462 cum
3101 1405 3609 1476 appropinquasset,

2018 1501 2371 1573 interrogavit
2421 1501 2573 1556 illum
2600 1541 2617 1567 ,
2661 1500 2849 1558 dicens
2889 1517 2902 1555 :
2944 1499 3084 1569 Quid
3126 1500 3223 1556 tibi
3261 1501 3342 1556 vis
3384 1498 3615 1555 faciam?

2019 1595 2230 1651 Atille
2296 1595 2483 1651 dixit:
2564 1594 2788 1650 Domine
2829 1635 2844 1661 ,
2907 1602 2969 1650 ut
3025 1593 3257 1650 videam.
3322 1594 3386 1649 Et
3456 1592 3616 1650 Jesus

2019 1689 2154 1744 dixit
2210 1689 2286 1744 illi
2322 1706 2334 1742 :
2387 1689 2615 1759 ReSpice
2644 1728 2660 1755 ,
2704 1687 2837 1743 fides
2872 1698 2960 1743 tua
3008 1696 3059 1743 te
3089 1689 3314 1743 salvum
3361 1685 3507 1743 fecit.
3551 1686 3618 1741 Et

2020 1781 2302 1837 confestim
2342 1782 2518 1853 vidit,
2575 1791 2629 1839 et
2682 1783 3008 1853 sequebatur
3061 1781 3213 1837 illum
3265 1780 3619 1853 magniﬁcans

312 1886 413 1941 teri
443 1902 456 1937 :
488 1884 637 1940 velut
665 1884 827 1940 etiam
859 1884 948 1940 hic
978 1883 1317 1954 publicanus.
1347 1882 1543 1952 Jejuno
1574 1884 1656 1938 bis
1698 1883 1747 1936 in
1790 1880 1916 1936 sab-
1944 1870 1990 1931 B
2021 1874 2210 1931 Deum.
2264 1874 2333 1929 Et
2382 1874 2562 1929 omnis
2610 1874 2764 1945 plebs
2794 1914 2810 1940 ,
2867 1882 2928 1928 ut
2978 1872 3155 1942 vidit,
3207 1872 3358 1929 dedit
3406 1872 3620 1930 laudem

310 1978 439 2034 bato
467 1995 481 2033 :
513 1978 758 2034 decimas
786 1978 857 2035 do
894 1980 1135 2034 omnium
1168 1993 1289 2049 qua:
1319 1976 1592 2047 possideo.
1638 1978 1705 2032 Et
1731 1976 1914 2047 publi-

312 2084 483 2127 canus
532 2086 563 2125 a
604 2071 760 2142 longe
798 2079 947 2126 stans
971 2112 984 2136 ,
1016 2069 1234 2125 nolebat
1266 2085 1365 2125 nec
1392 2070 1577 2124 oculos
1619 2068 1685 2122 ad
1717 2067 1914 2123 coelum

315 2165 531 2221 levare:
560 2163 654 2219 sed
687 2164 1028 2235 percutiebat
1056 2171 1247 2234 pectus
1277 2178 1455 2229 suum,
1491 2162 1717 2218 dicens:
1751 2161 1913 2228 Deus,

312 2243 589 2328 propitius
618 2266 736 2312 esto
763 2257 897 2312 mihi
924 2256 1220 2327 peccatori.
1258 2255 1390 2311 Dico
1416 2255 1573 2310 vobis
1591 2300 1604 2324 ,
1639 2252 1920 2309 descendit

317 2349 406 2405 hic
445 2348 775 2419 iustiﬁcatus
822 2349 878 2404 in
928 2348 1150 2404 domum
1182 2364 1332 2403 suam
1375 2349 1442 2403 ab
1475 2349 1596 2402 illo:
1633 2346 1808 2419 [ccxv,
1839 2345 1917 2418 5.]

318 2443 451 2513 quia
502 2443 681 2499 omnis
707 2442 798 2513 qui
844 2457 902 2498 se
929 2443 1159 2512 exaltat,
1204 2441 1611 2497 humiliabitur:
1646 2450 1701 2497 et
1739 2443 1829 2513 qui
1861 2455 1922 2497 se

320 2538 601 2603 humiliat,
657 2539 1003 2594 exaltabitur.
1038 2538 1234 2610 [ccxvr,
1266 2537 1344 2609 2.]
1376 2537 1686 2593 Alferebant
1739 2546 1919 2594 autem

320 2634 389 2688 ad
411 2632 565 2689 illum
595 2641 651 2687 et
678 2630 937 2697 infantes,
968 2639 1026 2685 ut
1049 2646 1143 2685 eos
1170 2630 1603 2701 tangeret.Quod
1631 2645 1753 2686 cum
1777 2628 1924 2685 vide-

320 2734 444 2782 rent
474 2724 748 2796 discipuli,
782 2723 1135 2793 increpabant
1162 2722 1306 2777 illos.
1331 2722 1491 2779 Jesus
1522 2731 1701 2778 autem
1725 2737 1925 2778 convo-

320 2833 453 2874 cans
478 2817 625 2886 illos,
652 2818 828 2873 dixit:
862 2817 1038 2873 Sinite
1062 2832 1258 2887 pueros
1289 2817 1475 2873 venire
1503 2817 1570 2871 ad
1602 2834 1708 2885 me,
1741 2827 1796 2873 et
1824 2833 1924 2873 no-

320 2912 420 2967 lite
447 2922 631 2967 vetare
657 2927 784 2967 eos:
812 2912 997 2965 talium
1022 2918 1105 2966 est
1134 2911 1276 2966 enim
1301 2926 1525 2983 regnum
1560 2912 1673 2967 Dei.
1704 2911 1923 2984 [CCXVI],

320 3004 406 3077 2.]
438 3007 611 3060 Amen
641 3004 764 3060 dico
797 3005 948 3061 vobis
977 3023 991 3059 :
1033 3003 1368 3075 Quicumque
1407 3020 1511 3060 non
1543 3008 1816 3077 acceperit
1843 3022 1929 3063 re-

320 3116 489 3171 gnum
523 3100 617 3155 Dei
649 3100 789 3155 sicut
827 3116 983 3171 puer,
1016 3114 1124 3155 non
1154 3100 1376 3156 intrabit
1405 3102 1458 3156 in
1495 3102 1650 3157 illud.
1690 3102 1926 3174 [ccxvm,

325 3192 412 3265 2.]
461 3192 531 3247 Et
562 3193 917 3263 interrogavit
947 3208 1071 3248 eum
1102 3191 1319 3263 quidam
1350 3194 1605 3263 princeps
1628 3236 1642 3261 ,
1693 3194 1880 3251 dicens
1912 3211 1924 3247 ε

2022 1965 2156 2021 Deo.

2093 2057 2246 2129 [ϐαρ.
2271 2057 2415 2113 ΧΙΧ.
2445 2074 2646 2127 ccxxv,
2673 2057 2787 2129 10.]
2812 2058 2883 2114 Et
2911 2060 3188 2130 ingressus
3213 2059 3627 2131 perambulabat

2020 2151 2264 2207 Jericho.
2290 2152 2357 2207 Et
2371 2167 2500 2207 ecce
2530 2153 2610 2207 vir
2633 2152 2855 2208 nomine
2873 2151 3163 2209 Zacliteus:
3192 2163 3249 2209 et
3269 2154 3358 2208 hic
3374 2153 3626 2224 princeps

2023 2255 2140 2299 erat
2170 2244 2608 2315 publicanorum,
2633 2256 2687 2301 et
2714 2246 2828 2315 ipse
2854 2244 3038 2301 dives:
3063 2254 3119 2301 et
3139 2246 3417 2318 quaerebat
3441 2245 3626 2303 videre

2021 2338 2241 2407 Jesum,
2287 2341 2406 2412 quis
2435 2348 2610 2397 esset:
2645 2350 2834 2397 etnon
2866 2350 3076 2413 poterat
3129 2359 3241 2415 prae
3278 2344 3459 2411 turba,
3500 2344 3626 2416 quia

2024 2443 2227 2490 statura
2259 2434 2489 2505 pusillus
2518 2443 2656 2492 erat.
2687 2435 2757 2491 Et
2785 2452 3128 2508 prtecurrens
3154 2440 3399 2496 ascendit
3439 2444 3491 2496 in
3532 2456 3622 2497 ar-

2025 2528 2217 2583 borem
2260 2542 2607 2599 sycomorum
2653 2537 2712 2584 ut
2738 2529 2953 2586 videret
2984 2546 3145 2586 eum:
3198 2532 3322 2603 quia
3354 2532 3481 2589 inde
3509 2543 3628 2590 erat

2038 2622 2391 2677 transiturus.
2413 2622 2480 2677 Et
2515 2637 2638 2679 cum
2679 2624 2922 2680 venisset
2951 2624 3019 2679 ad
3070 2624 3246 2680 locum
3270 2666 3286 2693 ,
3325 2625 3629 2697 suspiciens

2027 2714 2184 2772 Jesus
2205 2715 2338 2771 vidit
2367 2715 2540 2785 illum,
2577 2726 2630 2773 et
2650 2717 2792 2773 dixit
2820 2718 2888 2773 ad
2912 2734 3037 2774 eum
3058 2736 3071 2773 :
3092 2718 3341 2785 Zachtee,
3365 2720 3630 2776 festinans

2028 2808 2336 2865 descende:
2368 2808 2491 2881 quia
2523 2810 2684 2867 hodie
2706 2811 2759 2866 in
2782 2810 2943 2868 domo
2972 2822 3058 2866 tua
3088 2822 3305 2883 oportet
3332 2827 3420 2869 me
3440 2829 3629 2871 mane-

2028 2918 2110 2959 re.
2146 2904 2213 2958 Et
2240 2903 2505 2960 festinans
2528 2905 2837 2972 descendit,
2862 2914 2919 2961 et
2944 2907 3160 2977 excepit
3182 2892 3334 2962 illum
3364 2908 3629 2979 gaudens.

2031 2995 2099 3051 Et
2120 3010 2242 3051 cum
2260 2996 2509 3054 viderent
2529 3014 2743 3067 omnes,
2765 3002 3201 3069 murmurabant,
3221 3001 3468 3058 dicentes
3488 3002 3631 3075 quod

2031 3088 2098 3143 ad
2149 3087 2427 3146 hominem
2480 3104 2827 3163 peccatorem
2872 3094 3202 3152 divertisset.
3261 3097 3422 3154 Stans
3450 3109 3633 3154 autem

2034 3179 2317 3249 Zachazus,
2345 3181 2489 3237 dixit
2514 3184 2583 3238 ad
2613 3184 2936 3242 Dominum:
2968 3186 3107 3242 Ecce
3134 3186 3413 3244 dimidium
3461 3189 3635 3246 bono-

328 3286 589 3357 Magister
616 3285 778 3350 bone,
810 3284 938 3355 quid
968 3284 1174 3340 faciens
1204 3286 1365 3339 vitam
1395 3295 1652 3341 aeternam
1686 3286 1932 3357 posside-
1958 3271 2003 3334 Ο
2036 3290 2156 3330 Tum
2187 3290 2433 3331 meorum
2454 3317 2469 3343 ,
2501 3276 2760 3345 Domine.
2797 3279 2868 3334 d0
2907 3281 3239 3351 pauperibus
3269 3299 3283 3336 =
3335 3292 3391 3339 et
3429 3284 3475 3338 εἰ
3504 3282 3636 3355 quid

326 3379 435 3434 bo?
463 3378 600 3434 dixit
621 3385 802 3434 autem
828 3378 878 3433 ei
905 3376 1091 3434 Jesus:
1117 3377 1256 3445 Quid
1288 3393 1373 3433 me
1396 3377 1530 3433 dicis
1555 3379 1793 3434 bonum?
1827 3395 1929 3436 ne-

326 3486 421 3527 mo
463 3471 636 3527 bonus
666 3470 766 3526 nisi
810 3471 958 3525 solus
989 3470 1153 3526 Deus.
1186 3469 1432 3526 Mandata
1461 3470 1602 3526 nosti
1632 3490 1644 3525 :
1673 3471 1788 3527 Non
1840 3487 1931 3528 oc-

326 3562 517 3619 cides:
552 3562 667 3618 Non
714 3560 1113 3619 mtechaberis:
1156 3560 1274 3617 Non
1322 3561 1522 3617 furtum
1552 3563 1758 3619 facies:
1814 3564 1932 3620 Non

327 3655 529 3710 falsum
580 3655 950 3710 testimonium
986 3654 1172 3709 dices:
1218 3654 1431 3709 Honora
1462 3664 1670 3724 patrem
1704 3664 1853 3711 tuum
1878 3663 1935 3713 et

330 3758 589 3804 matrem.
619 3746 722 3814 Qui
772 3748 887 3805 ait:
937 3746 1063 3802 Hatc
1088 3747 1269 3801 omnia
1300 3748 1566 3804 custodivi
1595 3765 1626 3805 a
1650 3749 1934 3819 juventute

330 3856 475 3897 mea.
528 3840 706 3913 [ccxtx
734 3880 749 3906 ,
781 3838 862 3911 2.]
904 3839 1022 3908 Quo
1061 3839 1245 3896 audito
1270 3881 1286 3909 ,
1326 3839 1487 3897 Jesus
1515 3844 1592 3896 ait
1630 3841 1710 3897 ei:
1743 3841 1935 3898 Adhuc

330 3948 500 3989 unum
531 3933 630 3988 tibi
678 3932 869 3989 deest:
914 3932 1096 3988 omnia
1136 3948 1490 4005 qumcumque
1520 3934 1712 4003 habes,
1737 3936 1933 4003 vende,

330 4036 390 4083 et
429 4027 495 4083 da
528 4026 877 4097 pauperibus,
908 4034 965 4082 et
993 4026 1218 4082 habebis
1249 4026 1561 4083 thesaurum
1597 4029 1649 4084 in
1679 4030 1853 4086 coelo:
1882 4040 1938 4087 et

331 4122 480 4190 veni,
511 4135 742 4191 sequere
771 4135 877 4176 me.
912 4119 1090 4191 [ccxx,
1117 4119 1197 4190 2.]
1224 4120 1315 4177 llis
1344 4120 1439 4177 ille
1464 4121 1683 4189 auditis,
1707 4124 1939 4179 contris-

334 4227 480 4272 tatus
501 4229 621 4275 est:
656 4222 781 4292 quia
812 4220 967 4277 dives
991 4229 1109 4277 erat
1138 4221 1314 4277 valde.
1340 4221 1548 4278 Videns
1571 4230 1751 4281 autem
1780 4222 1939 4281 Jesus

333 4306 494 4365 illum
520 4310 730 4367 tristem
761 4312 1165 4379 factum,dixit:
1194 4314 1366 4382 Quam
1396 4314 1639 4381 difﬁcile,
1663 4317 1754 4385 qui
1778 4331 1942 4387 pecu-

339 4403 461 4459 nias
500 4403 741 4472 habent,
775 4406 828 4462 in
859 4422 1083 4479 regnum
1116 4407 1209 4462 Dei
1242 4407 1521 4463 intrabunt
1550 4410 1563 4462 !
1598 4406 1831 4464 Facilius
1859 4420 1942 4465 est

341 4497 490 4553 enim
522 4499 793 4555 camelum
822 4515 915 4570 per
950 4500 1192 4564 foramen
1221 4515 1350 4556 acus
1381 4502 1630 4569 transire,
1662 4519 1822 4574 quam
1862 4502 1942 4559 di-

336 4589 506 4646 vitem
538 4591 749 4648 intrare
771 4594 824 4648 in
853 4608 1079 4664 regnum
1108 4593 1225 4649 Dei.
1260 4593 1331 4648 Et
1353 4594 1606 4651 dixerunt
1633 4596 1724 4666 qui
1754 4596 1941 4652 audie-

2034 3369 2272 3441 aliquem
2311 3371 2665 3444 defraudavi,
2719 3374 2889 3430 reddo
2928 3376 3311 3447 quadruplum.
3340 3376 3432 3433 Ait
3478 3377 3635 3436 Jesus

2035 3463 2102 3519 ad
2132 3479 2295 3519 eum:
2343 3466 2478 3533 Quia
2513 3466 2675 3522 hodie
2705 3466 2855 3523 salus
2884 3467 3067 3524 domui
3092 3469 3219 3525 huic
3248 3469 3386 3528 facta
3417 3480 3539 3528 est:
3567 3487 3635 3529 eo

2036 3557 2180 3627 quod
2225 3565 2280 3614 et
2324 3556 2441 3628 ipse
2486 3558 2628 3615 ﬁlius
2674 3560 2747 3615 sit
2788 3561 3044 3617 Abrahae.
3089 3562 3336 3637 [ccxxvr,
3366 3564 3446 3637 5.]
3483 3564 3640 3621 Venit

2036 3653 2182 3707 enim
2212 3651 2382 3708 Filius
2415 3654 2654 3709 hominis
2685 3670 2933 3725 quaerere
2961 3664 3016 3712 et
3045 3656 3253 3712 salvum
3286 3657 3465 3714 facere
3491 3658 3638 3731 quod

2039 3744 2296 3815 perierat.
2338 3744 2605 3817 [ccxxvn,
2639 3746 2750 3821 10.]
2792 3748 2919 3806 Haec
2950 3750 3058 3806 illis
3088 3751 3456 3823 audientibus,
3501 3753 3639 3825 adji-

2038 3840 2186 3895 ciens
2217 3839 2355 3895 dixit
2384 3842 2723 3911 parabolam,
2752 3857 2819 3898 eo
2860 3843 3007 3914 quod
3035 3854 3183 3901 esset
3222 3860 3392 3916 prape
3417 3844 3637 3902 Jerusa-

2039 3934 2143 3990 lem
2174 3952 2188 3988 :
2235 3941 2293 3990 et
2321 3934 2447 4005 quia
2478 3935 2857 3992 existimarent
2901 3937 3047 4008 quod
3076 3938 3359 3995 confestim
3406 3955 3635 4010 regnum

2041 4026 2140 4082 Dei
2172 4028 2633 4085 manifestaretur.
2670 4029 2945 4104 [ccxxvm,
2973 4030 3054 4102 2.]
3085 4032 3228 4087 Dixit
3258 4048 3386 4103 ergo
3415 4048 3430 4087 :
3464 4032 3638 4089 Homo

2041 4119 2261 4191 quidam
2302 4120 2501 4177 nobilis
2527 4122 2661 4178 abiit
2702 4123 2755 4178 in
2784 4124 3060 4195 regionem
3094 4125 3441 4197 longinquam
3489 4126 3639 4182 acci-

2044 4227 2173 4282 pere
2200 4213 2300 4269 sibi
2328 4229 2577 4283 regnum,
2602 4224 2664 4271 ‘et
2690 4215 2913 4272 reverti.
2946 4217 3185 4289 [ccxxrx,
3207 4217 3287 4290 5.]
3304 4218 3524 4275 Vocatis
3543 4235 3640 4275 au-

2043 4315 2150 4362 tem
2172 4307 2360 4363 decem
2381 4308 2552 4365 servis
2572 4311 2718 4377 suis,
2751 4310 2903 4366 dedit
2925 4312 3006 4367 eis
3034 4313 3221 4369 decem
3252 4327 3439 4381 muas,
3472 4323 3527 4370 et
3558 4313 3637 4369 ait

2045 4398 2112 4453 ad
2145 4399 2267 4456 illos
2297 4417 2312 4454 :
2354 4399 2715 4471 Negetiamini
2755 4402 2885 4458 dum
2914 4402 3098 4459 venio.
3128 4403 3288 4459 Cives
3312 4416 3495 4461 autem
3522 4406 3643 4475 ejus

2046 4491 2276 4548 oderant
2297 4508 2453 4548 eum:
2488 4502 2544 4549 et
2572 4494 2841 4551 miserunt
2862 4496 3188 4569 legationem
3216 4506 3337 4568 post
3359 4498 3533 4565 illum,
3556 4498 3643 4554 di-

2047 4597 2263 4644 centes:
2297 4588 2560 4646 Nolumus
2587 4589 2733 4647 bunc
2762 4607 2990 4662 regnare
3008 4608 3173 4665 super
3193 4608 3314 4649 nos.
3348 4594 3416 4650 Et
3441 4594 3644 4651 factum

337 4682 504 4740 bant:
539 4685 605 4740 Et
628 4687 749 4756 quis
773 4695 950 4757 potest
970 4686 1153 4742 salvus
1185 4686 1304 4743 ﬁeri
1330 4687 1353 4740 ?
1382 4685 1476 4743 Ait
1505 4687 1649 4743 illis:
1692 4704 1813 4758 qua:
1842 4688 1945 4744 im-
1969 4675 2023 4737 D
2048 4690 2153 4748 est,
2177 4690 2236 4736 ut
2257 4681 2463 4739 rediret
2490 4692 2714 4754 accepto
2740 4700 2940 4756 regno:
2969 4695 3024 4742 et
3040 4686 3203 4757 jussit
3223 4686 3405 4743 vocari
3433 4701 3644 4756 servos,

341 4777 630 4849 possibilia
669 4787 796 4834 sunt
821 4779 961 4850 apud
989 4779 1273 4847 homines,
1316 4778 1595 4850 possibilia
1644 4789 1769 4837 sunt
1799 4780 1942 4850 apud

344 4872 543 4929 Deum.
564 4874 655 4929 Ait
678 4882 858 4931 autem
882 4876 1108 4932 Petrus:
1134 4876 1273 4932 Ecce
1298 4890 1396 4931 nos
1418 4876 1719 4933 dimisimus
1740 4878 1943 4945 omnia,

347 4975 407 5022 et
434 4967 609 5022 secuti
639 4982 826 5024 sumus
869 4976 943 5024 te.
978 4968 1179 5042 [ccxxt,
1207 4967 1286 5039 2.]
1310 4968 1411 5036 Qui
1443 4968 1577 5024 dixit
1602 4970 1681 5025 eis
1708 4986 1722 5023 :
1771 4969 1945 5027 Amen

346 5060 470 5116 dico
496 5061 677 5129 vobis,
710 5076 870 5118 nemo
900 5072 1007 5132 est,
1038 5063 1129 5133 qui
1159 5063 1377 5133 reliquit
1403 5062 1624 5118 domum
1644 5103 1660 5130 ,
1707 5072 1800 5119 aut
1848 5079 1946 5135 pa—

347 5163 572 5225 rentes,
617 5163 712 5210 aut
741 5154 968 5219 fratres,
1002 5166 1094 5210 aut
1121 5170 1379 5223 uxorem,
1413 5168 1504 5211 aut
1533 5156 1693 5222 ﬁlios,
1726 5165 1949 5228 propter

347 5261 579 5318 regnum
602 5248 721 5313 Dei,
742 5256 799 5302 et
819 5262 927 5303 non
958 5248 1189 5318 recipiat
1220 5248 1395 5304 multo
1416 5249 1567 5320 plura
1597 5249 1649 5304 in
1680 5248 1785 5306 hoc
1814 5257 1949 5305 tem-

350 5358 515 5412 pore,
550 5350 606 5398 et
632 5340 685 5395 in
718 5342 922 5397 saeculo
946 5349 1178 5398 venturo
1209 5343 1373 5397 vitam
1404 5350 1683 5399 aeternam.
1717 5342 1948 5415 [ccxxn,

348 5435 433 5507 2.]
466 5436 778 5506 Assumpsit
807 5445 988 5492 autem
1035 5435 1196 5492 Jesus
1236 5436 1544 5505 duodecim,
1588 5446 1642 5492 et
1684 5436 1758 5491 ait
1796 5437 1902 5492 illis
1933 5451 1950 5493 :

352 5530 499 5586 Ecce
527 5530 875 5587 ascendimus
903 5529 1323 5602 Jerosolymam,
1352 5540 1406 5586 et
1437 5531 1955 5586 consunimabuntur

354 5625 562 5690 omnia,
585 5641 707 5697 quae
727 5626 927 5697 scripta
947 5635 1074 5681 sunt
1098 5641 1195 5696 per
1214 5626 1502 5697 prophetas
1523 5626 1593 5683 de
1616 5625 1753 5682 Filio
1781 5626 1957 5681 homi-

356 5718 751 5776 nis.'l‘radetur
781 5720 924 5776 enim
954 5721 1235 5790 gentibus,
1262 5729 1316 5775 et
1338 5720 1618 5787 illudetur,
1649 5728 1705 5776 et
1726 5718 1958 5790 ﬂagella-

354 5812 527 5880 bitur,
552 5821 608 5868 et
631 5823 995 5884 conspuetur:
1028 5821 1084 5869 et
1114 5823 1398 5884 postquam
1428 5813 1840 5886 ﬁagellaverint,
1867 5826 1959 5868 oc-

353 5905 545 5965 cident
579 5920 725 5977 eum,
773 5914 831 5964 et
862 5906 1022 5965 tertia
1052 5906 1138 5965 die
1170 5916 1436 5980 resurget.
1466 5908 1711 5981 [ccxxm,
1748 5904 1858 5977 l0.]
1891 5907 1960 5964 Et

2052 4774 2244 4846 quibus
2274 4775 2427 4832 dedit
2467 4778 2775 4847 pecuniam,
2809 4788 2867 4834 ut
2914 4782 3081 4836 sciret
3116 4789 3377 4852 quantum
3419 4782 3649 4853 quisque

2052 4872 2356 4942 negotiatus
2384 4881 2548 4929 esset.
2582 4872 2742 4929 Venit
2766 4882 2945 4929 autem
2978 4876 3188 4947 primus
3215 4876 3430 4933 dicens:
3463 4874 3649 4932 Domi-

2054 4980 2145 5031 ne,
2177 4980 2303 5021 mna
2335 4974 2423 5021 tua
2451 4966 2641 5023 decem
2663 4982 2816 5024 mnas
2837 4969 3229 5041 acquisivit.Et
3255 4970 3331 5025 ait
3352 4968 3647 5040 illizEuge,

2054 5058 2196 5114 bone
2236 5073 2412 5130 serve,
2447 5060 2570 5132 quia
2602 5063 2655 5116 in
2684 5062 2900 5119 modico
2925 5061 3073 5119 fuisti
3100 5062 3298 5127 ﬁdelis,
3335 5062 3443 5120 eris
3466 5071 3649 5135 potes—

2058 5162 2222 5209 tatem
2252 5155 2460 5212 habens
2499 5171 2664 5227 super
2698 5156 2886 5214 decem
2913 5159 3178 5214 civitates.
3214 5158 3285 5214 Et
3311 5158 3452 5214 alter
3478 5158 3650 5228 venit,

2057 5247 2283 5305 dicens:
2328 5249 2590 5319 Domine,
2635 5264 2759 5306 mna
2801 5259 2891 5309 tua
2936 5251 3065 5308 fecit
3102 5252 3339 5324 quinque
3377 5266 3551 5308 mnas.
3586 5252 3654 5308 Et

2060 5342 2184 5399 huic
2209 5345 2315 5400 ait:
2348 5344 2415 5399 Et
2443 5354 2499 5400 tu
2525 5354 2644 5402 esto
2665 5359 2829 5416 super
2856 5346 3100 5417 quinque
3125 5345 3395 5402 civitates.
3422 5346 3488 5403 Et
3515 5345 3654 5403 alter

2060 5437 2241 5504 venit,
2285 5435 2471 5492 dicens
2503 5454 2517 5490 :
2562 5437 2811 5505 Domine,
2845 5451 2971 5493 ecce
2998 5451 3125 5492 mna
3153 5444 3265 5505 tua,
3294 5452 3455 5510 quam
3487 5436 3653 5495 habui

2062 5530 2356 5599 repositam
2398 5530 2452 5584 in
2498 5529 2759 5587 sudario:
2802 5530 2955 5587 timui
2995 5532 3139 5587 enim
3185 5540 3277 5599 te,
3325 5533 3450 5604 quia
3491 5532 3655 5589 homo

2064 5635 2316 5681 austerus
2343 5640 2402 5681 es
2426 5640 2442 5681 :
2472 5625 2618 5682 tollis
2650 5625 2795 5698 quod
2817 5641 2923 5684 non
2964 5627 3215 5699 posuisti,
3242 5636 3298 5685 et
3325 5629 3488 5685 metis
3512 5626 3657 5699 quod

2066 5734 2175 5776 non
2210 5720 2516 5779 semiuasti.
2556 5720 2695 5777 Dicit
2720 5723 2799 5779 ei:
2832 5722 2907 5778 De
2936 5738 3032 5780 ore
3058 5731 3151 5781 tuo
3179 5731 3231 5781 te
3263 5723 3473 5795 judico,
3494 5736 3658 5781 servo

2066 5829 2343 5883 nequam:
2376 5814 2587 5870 sciebas
2639 5816 2786 5888 quod
2834 5832 2936 5889 ego
2985 5818 3149 5875 homo
3195 5828 3447 5876 austerus
3492 5832 3611 5874 sum
3637 5856 3654 5887 ,

2067 5906 2268 5967 tollens
2287 5906 2432 5980 quod
2458 5922 2568 5965 non
2606 5908 2784 5980 posui,
2813 5919 2868 5969 et
2910 5920 3123 5972 metens
3147 5910 3293 5984 quod
3338 5925 3449 5969 non
3487 5907 3657 5969 semi-
