4036 6326
549 419 656 478 615
1532 415 1591 476 8.
1634 400 2025 475 HIERONYMI
2063 407 2295 473 DIVINA
2336 409 2813 477 BtBLlOTllECA.
3703 421 3788 484 6M

550 533 710 590 navi:
739 539 793 589 et
816 545 986 606 quare
1010 546 1116 589 non
1143 531 1342 590 dedisti
1376 534 1660 605 pecuniam
1691 549 1866 591 meam
1895 534 1960 590 ad
1986 550 2141 591 men-
2173 529 2228 591 A
2251 545 2620 594 convenerunt
2650 535 2930 608 principes
2962 529 3308 588 sacerdotum
3332 569 3348 599 ,
3377 529 3556 588 scribae
3581 545 3691 590 cum
3720 552 3795 594 se-

550 644 690 697 saru,
722 638 779 683 ut
824 643 926 700 ego
957 629 1182 686 veniens
1224 645 1347 686 cum
1392 630 1573 687 usuris
1613 631 1799 702 utique
1848 631 2147 702 exegissem
2254 632 2524 699 nioribus,
2551 640 2607 688 et
2632 631 2783 687 aiunt
2812 628 3054 684 dicentes
3084 625 3152 683 ad
3186 626 3340 682 illum
3371 641 3385 682 :
3417 626 3508 682 Dic
3539 628 3716 695 nobis,
3750 630 3792 686 in

550 721 736 778 illam?
770 723 835 777 Et
873 722 1176 780 astantibus
1223 724 1400 780 dixit:
1455 723 1682 781 Auferte
1722 725 1792 781 ab
1834 724 1925 781 illo
1966 740 2150 780 mnam
2251 742 2355 798 qua
2401 735 2672 798 potestate
2716 726 2833 781 haec
2875 723 3055 779 facis?
3090 729 3223 777 aut:
3256 720 3385 788 Quis
3411 730 3532 789 est,
3559 722 3645 793 qui
3668 723 3796 780 dedit

551 826 606 872 ct
657 815 784 873 date
830 816 910 872 illi
961 818 1055 889 qui
1100 817 1291 874 decem
1343 832 1496 876 muas
1547 818 1733 875 habet.
1785 817 1856 874 Et
1900 818 2152 875 dixerunt
2252 818 2504 876 tibihauc
2527 817 2894 890 potestatem?
2925 815 3280 887 Respondens
3303 821 3476 868 autem
3498 812 3658 880 Jesus,
3681 814 3797 872 dixit

549 911 600 966 ei
635 929 649 967 :
719 911 949 969 Domine
973 955 990 983 ,
1046 911 1208 970 habet
1262 912 1452 970 decem
1510 927 1685 970 muas.
1747 913 1956 986 [ccxxx
1984 953 1999 982 ,
2049 911 2148 984 2.]
2253 913 2322 971 ad
2361 914 2523 969 illos:
2554 911 2905 984 lnterrogabo
2928 925 3024 967 vos
3054 918 3110 967 et
3138 924 3236 980 ego
3266 923 3427 964 unum
3459 905 3683 964 verbum.
3709 908 3795 965 Re-

549 1005 682 1062 Dico
733 1016 914 1064 autem
963 1007 1116 1065 vobis
1139 1049 1155 1078 ,
1230 1007 1356 1079 quia
1408 1009 1558 1065 omni
1607 1009 1831 1066 habenti
1889 1010 2107 1067 dabitur
2131 1053 2147 1079 ,
2251 1007 2514 1079 spondete
2542 1007 2673 1063 mihi
2705 1024 2717 1061 :
2751 1005 3064 1078 Baptismus
3090 1003 3314 1061 Joannis
3339 1001 3405 1058 de
3433 1002 3568 1058 caelo
3593 1012 3716 1070 erat,
3739 1019 3795 1058 an

549 1108 576 1137 τι
623 1109 678 1156 et
733 1101 1027 1158 abundabit
1059 1119 1072 1156 :
1107 1102 1175 1158 ab
1205 1116 1272 1160 eo
1303 1112 1483 1161 autem
1542 1105 1633 1177 qui
1675 1120 1784 1162 non
1842 1104 2044 1173 habet,
2097 1113 2156 1161 et
2252 1116 2316 1158 ex
2341 1099 2684 1157 hominibus?
2714 1100 2785 1157 At
2812 1100 2893 1156 illi
2921 1098 3234 1170 cogitabant
3265 1097 3404 1151 intra
3434 1110 3491 1150 se
3513 1140 3526 1165 ,
3553 1095 3794 1151 dicentes:

546 1193 690 1264 quod
721 1195 886 1250 habet
913 1194 1192 1252 auferetur
1229 1196 1299 1253 ab
1342 1212 1432 1253 eo.
1476 1199 1702 1270 jgccxxxr
1727 1239 1744 1266 ,
1777 1196 1872 1269 5.]
1926 1197 2152 1254 Verum-
2251 1195 2385 1265 Quia
2419 1197 2464 1252 si
2493 1195 2819 1266 dixerimus,
2853 1195 2927 1251 De
2952 1193 3094 1251 coelo
3119 1235 3132 1260 ,
3162 1193 3306 1249 dicet
3332 1209 3345 1246 :
3368 1191 3542 1259 Quare
3568 1206 3684 1263 ergo
3707 1207 3796 1247 non

551 1297 732 1344 tamen
762 1287 1011 1346 inimicos
1041 1304 1191 1346 meos
1219 1290 1342 1347 illos
1367 1291 1461 1362 qui
1484 1291 1781 1348 noluerunt
1804 1305 1892 1348 me
1921 1305 2152 1362 regnare
2251 1287 2568 1345 credidistis
2594 1288 2714 1344 illi?
2744 1288 2801 1346 Si
2831 1297 3012 1345 autem
3046 1285 3376 1343 dixerimus:
3404 1285 3476 1340 Ex
3508 1283 3795 1353 hominibus,

547 1395 713 1452 super
729 1397 810 1451 se,
827 1381 1083 1440 adducite
1107 1382 1304 1451 huc,et
1327 1384 1620 1442 interficite
1632 1393 1758 1441 ante
1777 1385 2147 1458 me.[ccxxxu,
2252 1381 2404 1452 plebs
2426 1383 2684 1439 universa
2715 1381 2977 1453 lapidabit
3002 1395 3104 1437 nos
3129 1397 3143 1436 :
3172 1379 3309 1436 certi
3337 1387 3459 1434 sunt
3485 1378 3643 1443 enim,
3663 1379 3800 1434 Joan-

543 1472 624 1543 2.]
644 1475 710 1530 Et
731 1475 816 1529 his
839 1475 1022 1544 dictis,
1043 1477 1391 1548 praecedebat
1411 1478 2144 1551 ascendensJerosolymam.
2252 1493 2374 1536 nem
2413 1478 2736 1550 prophetam
2768 1491 2910 1533 esse.
2952 1475 3022 1531 Et
3061 1472 3498 1546 responderunt,
3538 1487 3596 1528 se
3621 1473 3800 1529 nescire

546 1571 610 1627 Et
637 1570 842 1627 laetum
873 1580 957 1630 est
977 1617 992 1644 ,
1025 1587 1149 1630 cum
1179 1575 1676 1647 appropinquasset
1704 1573 1771 1630 ad
1803 1573 2148 1646 Betbphage,
2252 1575 2395 1632 unde
2415 1583 2582 1631 esset.
2613 1575 2681 1628 Et
2707 1573 2870 1630 Jesus
2898 1571 2973 1626 ait
3002 1569 3111 1626 illis
3147 1587 3160 1623 :
3192 1567 3383 1639 Neque
3409 1583 3506 1638 ego
3534 1566 3648 1622 dico
3673 1565 3800 1620 vobis

547 1674 604 1724 et
634 1665 974 1734 Bethaniam,
1005 1668 1072 1724 ad
1103 1674 1345 1725 montem
1378 1669 1468 1740 qui
1495 1677 1722 1726 vocatur
1741 1667 1936 1726 Oliveti
1957 1709 1971 1737 ,
2004 1669 2152 1724 misit
2252 1669 2306 1725 in
2336 1683 2440 1740 qua
2469 1675 2740 1739 potestate
2776 1665 2893 1720 hare
2924 1663 3088 1720 facio.
3122 1662 3322 1735 jecur,
3353 1658 3433 1731 2.]
3463 1659 3627 1731 Cmpit
3650 1668 3800 1715 autem

547 1767 684 1823 duos
707 1767 1007 1839 discipulos
1028 1783 1178 1840 suos,
1211 1767 1401 1825 dicens
1433 1787 1446 1822 :
1477 1768 1555 1826 Ite
1582 1769 1638 1825 iu
1662 1767 1968 1837 castellum,
2005 1765 2148 1839 quod
2251 1765 2436 1822 dicere
2465 1763 2532 1820 ad
2565 1764 2778 1836 plebem
2805 1763 3120 1833 parabolam
3150 1759 3295 1816 hanc
3327 1777 3342 1814 :
3385 1758 3550 1814 Homo
3579 1757 3804 1829 plantavit

547 1869 738 1918 contra
770 1870 857 1918 est
886 1878 899 1918 :
941 1861 996 1918 in
1024 1860 1169 1934 quod
1199 1862 1544 1920 iutroeuntes
1569 1905 1585 1931 ,
1618 1861 1908 1920 invenietis
1939 1861 2143 1933 pullum
2177 1927 2219 1934 _
2253 1859 2491 1925 vineam,
2521 1865 2576 1914 et
2607 1857 2805 1912 locavit
2827 1871 2948 1912 eam
2991 1854 3200 1911 colonis
3226 1870 3240 1918 ;
3272 1861 3327 1910 et
3353 1853 3467 1923 ipse
3494 1865 3701 1923 peregre
3723 1849 3807 1905 fuit

543 1955 709 2010 asinae
739 1927 1056 2026 alligatum,
1075 1955 1164 2012 cui
1192 1971 1355 2012 nemo
1381 1927 1636 2030 umquam
1659 1927 2142 2013 hominum-sedit:
2175 1927 2226 1990 Β
2253 1953 2440 2009 multis
2471 1950 2830 2022 temporibus.
2878 1950 2946 2004 Et
2976 1949 3029 2004 in
3061 1957 3314 2018 tempore
3343 1947 3488 2003 misit
3512 1945 3577 2001 ad
3604 1945 3806 2001 cultores

543 2051 736 2106 solvite
768 2049 944 2119 illum,
979 2059 1035 2107 et
1061 2051 1333 2108 adducite.
1363 2053 1434 2109 Et
1476 2054 1520 2109 si
1563 2055 1688 2125 quis
1713 2061 1810 2110 Vos
1839 2053 2149 2123 interroga—
2252 2061 2496 2114 servum,
2527 2053 2585 2100 ut
2613 2044 2681 2100 de
2703 2043 2882 2101 fructu
2913 2042 3088 2098 vinea:
3130 2041 3328 2097 darent
3368 2039 3462 2095 illi.
3509 2039 3602 2106 Qui
3637 2053 3804 2094 casum

543 2145 722 2199 verit:
753 2144 932 2213 Quare
963 2145 1216 2201 solvitis?
1246 2139 1327 2202 sic
1360 2147 1554 2204 dicetis
1583 2148 1632 2203 ei
1666 2166 1679 2202 :
1711 2147 1849 2216 Quia
1883 2145 2150 2203 Dominus
2253 2139 2578 2196 dimiserunt
2607 2153 2732 2193 eum
2757 2138 2994 2192 inanem.
3031 2135 3097 2190 Et
3132 2133 3347 2190 addidit
3376 2132 3600 2188 alterum
3623 2146 3806 2188 servum

545 2251 768 2308 operam
795 2237 913 2310 ejus
939 2237 1234 2295 desiderat.
1269 2239 1650 2313 [ccxxxru,2.]
1674 2242 1939 2298 Abieruut
1967 2249 2148 2297 autem
2252 2235 2492 2290 mittere.
2526 2232 2603 2289 llli
2633 2243 2814 2289 autem
2855 2231 3001 2286 hunc
3027 2245 3246 2302 quoque
3289 2229 3587 2298 caedentes,
3625 2238 3672 2284 et
3700 2227 3804 2282 atti-

547 2333 640 2404 qui
673 2333 826 2388 missi
852 2344 1118 2391 erant:et
1142 2335 1491 2401 invenerunt,
1521 2336 1664 2392 sicut
1684 2334 1821 2392 dixit
1845 2336 1974 2403 illis,
2003 2347 2150 2392 stan-
2253 2328 2463 2385 cientes
2500 2328 2828 2383 contumelia
2851 2371 2864 2395 ,
2911 2327 3244 2383 dimiserunt
3273 2327 3509 2382 inanem.
3553 2325 3610 2380 Et
3632 2322 3810 2379 addidit

547 2437 659 2486 tem
694 2429 924 2500 pullum,
965 2430 1321 2489 Solvemibus
1351 2439 1532 2488 autem
1560 2431 1674 2488 ims
1700 2431 1904 2498 pullum
1931 2475 1945 2498 ,
1997 2433 2151 2488 dixe-
2254 2422 2472 2478 tertium
2505 2418 2764 2478 mittere:
2795 2422 2884 2491 qui
2913 2430 2966 2476 et
3001 2420 3151 2476 illum
3176 2420 3525 2476 vulnerantes
3551 2419 3807 2490 ejecerunt.

545 2531 677 2579 runt
701 2521 909 2580 domini
948 2523 1068 2595 ejus
1095 2526 1162 2581 ad
1197 2526 1324 2582 illos
1353 2542 1368 2581 :
1401 2525 1540 2594 Quid
1565 2525 1776 2582 solvitis
1807 2526 2053 2597 pullum?
2079 2525 2150 2581 At
2253 2513 2400 2570 Dixit
2439 2526 2618 2571 amem
2660 2515 2916 2570 ἀοιιιῖηυε
2938 2515 3111 2571 Vinea?
3146 2533 3159 2570 ε
3191 2514 3336 2584 Ωιιίά
3379 2515 3603 2571 facta")?
3636 2515 3810 2570 mittam

543 2617 622 2673 illi
643 2615 905 2674 dixerunt
930 2638 941 2672 ε
966 2619 1100 2688 Quia
1126 2619 1392 2676 Dominus
1421 2635 1544 2676 eum
1569 2620 1937 2677 necessarium
1967 2620 2146 2676 habet.
2253 2607 2422 2664 ﬁlium
2452 2624 2632 2665 meum
2659 2608 2948 2675 dilectum;
2981 2608 3234 2680 forsitan,
3269 2625 3392 2666 cum
3417 2609 3555 2667 hunc
3584 2609 3806 2675 viderint.

548 2712 615 2768 Et
642 2711 916 2769 duxerunt
947 2713 1101 2770 illum
1129 2715 1195 2770 ad
1225 2715 1802 2786 Jesum.Etjactantes
1825 2715 2142 2771 vestimenta

2253 2701 2608 2758 verebuntur.
2633 2701 2803 2771 Quem
2827 2717 2949 2758 cum
2974 2703 3236 2759 vidissent
3257 2705 3459 2773 coloni,
3481 2704 3814 2776 cogitaverunt

547 2820 644 2862 sua
676 2820 839 2878 supra
864 2807 1099 2878 pullum,
1129 2809 1508 2879 imposuerunt
1533 2808 1746 2880 Iesum.
1771 2809 1948 2865 Ειιηιε
1967 2817 2148 2864 amem
2253 2795 2395 2853 intra
2426 2811 2508 2865 se,
2539 2797 2784 2853 dicentes
2815 2815 2829 2852 Ξ
2861 2796 2960 2852 llic
2991 2805 3077 2853 est
3098 2796 3280 2854 haeres
3298 2840 3312 2865 ,
3340 2797 3642 2854 occidamus
3668 2797 3810 2861 illum,

545 2900 662 2969 illo,
693 2901 1121 2958 substernebant
1161 2904 1487 2961 vestimenta
1517 2918 1613 2960 sua
1644 2903 1698 2958 in
1726 2903 1831 2958 via,
1858 2904 2148 2976 [ccxxuv’
2257 2901 2315 2946 ut
2355 2899 2537 2947 nostra
2577 2892 2669 2946 ﬁat
2711 2890 3020 2946 haereditas.
3051 2891 3122 2947 Et
3147 2891 3384 2963 ejectum
3417 2892 3561 2948 illum
3591 2899 3726 2947 extra
3750 2889 3815 2945 νίο

550 2993 626 3066 1.]
660 2995 731 3051 Et
759 3011 882 3053 cum
915 2998 1380 3070 appropinquaret
1395 2999 1507 3072 jam
1531 2999 1596 3057 ad
1615 2998 1932 3056 descensum
1954 2997 2144 3055 montis

2255 2999 2410 3039 neam
2438 3027 2452 3051 ,
2497 2984 2836 3040 occiderunt.
2884 2984 3026 3052 Quid
3068 3000 3198 3058 ergo
3246 2986 3412 3042 faciet
3457 2985 3562 3042 illis
3600 2985 3816 3041 dominus

544 3088 770 3160 οιῑγειῑ,
803 3101 1091 3164 coeperunt
1118 3108 1310 3150 omnes
1344 3095 1520 3150 ιρι-δερ
1544 3092 1573 3134 b
1605 3094 2001 3166 discipulorum
2031 3109 2153 3166 g3“-
2257 3077 2462 3133 vineae?
2493 3079 2698 3146 veniet,
2728 3087 2780 3134 et
2812 3077 3005 3149 perdet
3033 3079 3261 3136 colonos
3295 3081 3432 3136 istos
3456 3123 3472 3150 ,
3518 3088 3570 3135 et
3594 3078 3727 3135 dabit
3747 3077 3816 3132 vi-

544 3181 735 3238 dentes
769 3183 994 3240 laudare
1024 3185 1195 3240 Deum
1242 3199 1378 3242 γορθ
1417 3201 1610 3258 magna
1660 3201 1827 3257 super
1855 3186 2105 3242 omnibus
2132 3227 2147 3254 ,
2255 3186 2414 3228 neam
2457 3173 2602 3228 aliis.
2651 3171 2770 3240 QUO
2816 3172 3001 3229 audito
3026 3213 3040 3240 ,
3082 3172 3341 3228 dixerunt
3490 3191 3501 3227 ἶ
3535 3171 3697 3228 Δὺεὶι.

543 3289 680 3346 quas
709 3277 986 3343 viderant,
1022 3279 1334 3346 virtutibus,
1369 3280 1618 3337 dicentes
1646 3297 1658 3334 :
1683 3279 2029 3348 Benedictus,
2057 3279 2137 3351 qu?

2255 3276 2433 3326 autem
2466 3269 2740 3339 aSpiciens
2770 3283 2896 3338 eos,
2929 3269 3006 3323 ait
3031 3287 3042 3322 :
3073 3267 3215 3336 Quid
3239 3276 3338 3326 cst
3365 3281 3493 3340 ergo
3517 3265 3615 3323 hoc
3645 3309 3659 3334 ,
3697 3261 3815 3336 quod

723 3327 986 3343 .__--____,
1035 3327 1334 3346 .--ψη-ν,
1371 3327 2029 3348 ----..--.,...-..-_--...-,
2059 3327 2070 3333 .
2100 3327 2146 3334 κ.
2534 3327 2545 3339 .
2881 3327 2894 3338 ,
3083 3327 3117 3336 η
3427 3327 3456 3340 υ
3647 3327 3656 3334 .
3712 3327 3724 3336 .

541 3367 693 3422 venit
725 3381 819 3422 rex
849 3369 902 3423 in
935 3370 1154 3425 nomine
1183 3370 1431 3437 Domini,
1469 3387 1566 3440 pax
1595 3372 1646 3426 in
1678 3371 1821 3429 coelo
1849 3415 1862 3441 ,
1896 3381 1951 3427 et
1979 3327 2146 3442 gloria
2175 3327 2221 3390 Ο
2253 3363 2512 3434 scriptum
2545 3372 2630 3420 est
2663 3381 2675 3416 :
2715 3363 2976 3434 Lapidem
3023 3378 3184 3434 quem
3225 3363 3650 3435 reprobaverunt
3677 3359 3818 3416 :edilio

542 3458 598 3514 in
630 3460 883 3516 excelsis.
919 3461 1181 3533 [canym
1209 3459 1288 3533 5.]
1317 3463 1627 3534 thnidam
1650 3464 2053 3519 Pharism’orum
2079 3465 2148 3522 de
2249 3467 2436 3515 cantes
2459 3501 2472 3523 ,
2520 3458 2609 3514 hic
2644 3447 2821 3514 factus
2851 3468 2937 3515 est
2982 3459 3036 3514 in
3076 3469 3239 3530 caput
3281 3459 3507 3534 anguli?
3542 3457 3720 3515 Omnis
3743 3454 3816 3525 qui

545 3552 720 3608 turbis
743 3596 758 3621 ,
790 3551 1043 3610 dixerunt
1075 3554 1142 3610 ad
1172 3555 1324 3610 illum
1355 3573 1367 3610 :
1394 3556 1652 3628 Magister
1678 3599 1693 3624 ,
1726 3557 1950 3627 increpa
1981 3556 2146 3612 disci—
2247 3551 2505 3608 ceciderit
2531 3567 2698 3622 super
2721 3553 2871 3607 illum
2897 3552 3156 3624 lapidem,
3181 3553 3654 3626 conquassabitur:
3679 3562 3817 3620 super

545 3644 709 3716 pulos
741 3654 884 3702 tuos.
917 3647 1124 3714 Quibus
1153 3647 1268 3718 ipse
1297 3649 1371 3703 ait
1417 3666 1428 3702 :
1470 3649 1592 3704 dico
1630 3649 1784 3704 vobis
1811 3691 1825 3716 ,
1860 3650 1983 3720 quia
2014 3650 2059 3704 si
2090 3648 2146 3705 hi
2247 3661 2408 3718 quem
2439 3655 2618 3703 autem
2647 3645 2932 3715 ceciderit,
2965 3645 3303 3704 comminuet
3323 3647 3498 3704 illum.
3527 3645 3725 3719 [ccxtu,
3754 3639 3816 3713 1.]

544 3739 858 3810 tacuerint,
888 3741 1100 3813 lapides
1141 3742 1478 3798 clamabunt.
1516 3743 1798 3817 [ccxxxvr,
1851 3741 1958 3813 l0.]
1989 3742 2060 3798 Et
2087 3748 2145 3798 ut
2248 3743 2317 3796 Et
2348 3743 2664 3812 qumrebant
2689 3743 2966 3814 principes
2997 3743 3370 3813 sacerdotum,
3395 3752 3450 3800 et
3476 3743 3684 3808 scribae,
3709 3738 3816 3795 mit-

541 3833 1016 3906 appmpinquavit,
1048 3835 1240 3892 videns
1261 3837 1568 3905 civitatem,
1595 3837 1745 3894 ﬂevit
1777 3852 1942 3908 super
1971 3836 2140 3904 illam,
2247 3841 2364 3890 tere
2403 3836 2454 3889 in
2505 3835 2663 3890 illum
2695 3852 2888 3892 manus
2926 3837 2978 3891 in
3007 3837 3095 3892 illa
3141 3836 3274 3892 hora
3305 3855 3318 3892 :
3349 3847 3404 3894 et
3435 3838 3714 3893 timuerunt
3736 3846 3816 3903 po-

539 3927 728 3984 dicens
753 3947 778 3985 -:
811 3931 948 3999 Quia
980 3933 1024 3986 si
1055 3933 1412 4004 cognovisses
1441 3942 1495 3989 et
1526 3942 1602 3998 tu,
1638 3942 1690 3988 et
1718 3931 1936 4002 quidem
1965 3932 2016 3987 in
2043 3931 2143 3987 hac
2245 3929 2435 3998 pulum
2473 3945 2487 3982 :
2533 3939 2906 4002 cognoverunt
2948 3930 3093 3987 enim
3136 3931 3283 4001 quod
3333 3930 3402 3986 ad
3453 3931 3594 4002 ipsos
3646 3925 3818 3983 dixerit

543 4021 632 4078 die
665 4032 776 4092 tua,
811 4040 930 4095 quae
961 4026 1027 4081 ad
1063 4042 1250 4097 pacem
1285 4025 1402 4096 tibi,
1439 4043 1579 4082 nunc
1611 4036 1794 4084 autem
1824 4027 2141 4083 abscondita
2245 4022 2656 4080 similitudinem
2707 4025 2865 4080 hanc.
2911 4027 3141 4099 [ccum
3171 4068 3185 4092 ,
3239 4024 3341 4097 2.]
3388 4027 3456 4083 Et
3499 4025 3818 4081 observantes

545 4125 672 4170 sunt
704 4116 772 4170 ab
795 4117 972 4172 oculis
1004 4119 1127 4172 tuis.
1163 4120 1297 4186 Quia
1338 4119 1557 4175 venient
1587 4119 1704 4175 dies
1735 4119 1786 4174 in
1820 4127 1872 4175 te
1904 4137 1916 4174 :
1951 4129 2004 4173 et
2034 4119 2141 4174 cir-
2245 4116 2513 4173 miserunt
2541 4119 2888 4176 insidiatores
2910 4162 2924 4188 ,
2965 4122 3056 4191 qui
3089 4119 3347 4190 sejustos
3369 4119 3712 4186 simularent,
3769 4121 3817 4168 ut

541 4207 878 4263 eumdabunt
901 4218 953 4264 te
985 4209 1190 4266 inimici
1221 4213 1296 4267 tui
1327 4212 1493 4279 vallo,
1518 4219 1577 4267 et
1600 4210 2016 4268 circumdabunt
2045 4220 2138 4266 te:
2243 4220 2502 4281 caperent
2527 4227 2649 4268 eum
2679 4213 2735 4268 in
2759 4228 3048 4283 sermone,
3081 4222 3136 4269 ut
3158 4213 3444 4272 traderent
3469 4213 3614 4268 illurn
3647 4205 3818 4281 princi-

541 4307 597 4356 et
623 4301 1061 4372 coangustabunt
1085 4311 1137 4359 te
1165 4303 1403 4375 undique
1429 4320 1445 4357 :
1477 4313 1533 4360 et
1562 4304 1628 4359 ad
1662 4313 1865 4359 terram
1896 4312 2140 4374 proster-
2243 4303 2393 4372 patui
2421 4313 2476 4358 et
2504 4306 2758 4374 potestati
2787 4304 3060 4376 prmsidis.
3103 4305 3172 4360 Et
3199 4305 3661 4378 interrogaverunt
3688 4313 3814 4363 eum,

537 4400 674 4447 nent
701 4399 779 4464 te,
815 4399 871 4451 et
897 4394 1040 4450 lilios
1068 4404 1214 4463 tuos,
1244 4397 1419 4467 quiin
1451 4404 1504 4452 te
1532 4405 1678 4466 sunt,
1715 4399 2026 4470 jecxxxvu,
2060 4397 2136 4470 1.]
2243 4395 2521 4453 dicentes:
2547 4397 2818 4469 Magister,
2847 4397 3048 4454 scimus
3087 4399 3210 4470 quia
3243 4408 3394 4456 recte
3415 4397 3551 4454 dicis
3572 4405 3618 4453 et
3641 4393 3815 4451 doces:

538 4492 593 4541 ει
634 4500 744 4542 non
775 4487 1088 4560 rellmwent
1123 4492 1177 4546 in
1213 4501 1265 4548 te
1296 4492 1530 4563 lapidem
1565 4509 1729 4562 super
1757 4493 1989 4565 lapidem
2025 4512 2039 4548 :
2072 4509 2138 4551 eo
2243 4498 2298 4547 et
2342 4506 2449 4546 non
2481 4492 2684 4564 accipis
2718 4509 3048 4564 personam,
3092 4493 3188 4550 sed
3219 4494 3362 4550 viam
3393 4494 3491 4550 Dei
3535 4493 3586 4549 in
3615 4489 3816 4546 veritate

533 4577 679 4648 quod
745 4594 853 4636 non
916 4583 1242 4653 cognoveris
1315 4593 1531 4656 tempus
1598 4585 1927 4642 visitationis
2005 4596 2134 4642 tuac.
2243 4583 2602 4641 doceszlicet
2640 4585 2798 4641 nobis
2832 4586 3097 4642 tributum
3141 4587 3271 4643 dare
3299 4586 3550 4654 Caesari,
3593 4599 3654 4640 an
3682 4575 3816 4638 non?

535 4671 870 4744 [ccxxxvm',
902 4676 979 4748 1.]
1016 4677 1080 4733 Et
1111 4679 1394 4752 ingressus
1423 4679 1476 4735 in
1505 4679 1765 4752 templum
1793 4722 1809 4747 ,
1843 4681 2010 4753 coepit
2038 4681 2136 4751 eji-
2162 4722 2213 4784 Β
2242 4675 2607 4735 Considerans
2630 4689 2809 4736 autem
2835 4679 3014 4736 dolum
3040 4681 3280 4748 illorum,
3307 4681 3446 4737 dixit
3469 4680 3534 4736 ad
3557 4669 3814 4744 eoszQuid

530 4779 660 4822 cere
707 4769 1005 4826 vendentes
1049 4772 1103 4827 in
1143 4772 1236 4829 illo
1261 4819 1276 4842 ,
1325 4782 1380 4830 et
1415 4783 1662 4832 ementes
1687 4816 1702 4843 ,
1760 4775 1948 4832 dicens
1981 4775 2088 4830 illis
2117 4793 2129 4829 :
2162 4769 2210 4784 “’
2239 4791 2327 4832 me
2358 4776 2618 4832 tentatis?
2644 4777 2926 4834 Ostendite
2957 4776 3088 4834 mihi
3132 4777 3436 4836 denarium.
3486 4775 3646 4848 Cujus
3670 4769 3816 4826 habet

525 4859 801 4933 Scriptum
843 4873 928 4920 est
975 4883 987 4919 :
1038 4866 1174 4935 Quia
1217 4867 1411 4925 domus
1457 4885 1580 4926 mea
1626 4870 1819 4928 domus
1869 4871 2134 4928 orationis
2239 4869 2550 4941 imaginem,
2585 4880 2640 4928 et
2667 4873 3114 4944 inscriptionem?
3140 4873 3557 4946 Respondentes
3584 4869 3813 4926 dixerunt

528 4963 630 5012 est.
666 4955 774 5013 Vos
810 4969 991 5017 autem
1035 4960 1243 5020 fecistis
1273 4965 1420 5020 illam
1470 4967 1790 5038 speluncam
1830 4967 2127 5023 latronum.
2239 4964 2325 5019 ei:
2361 4964 2614 5020 Caesaris.
2661 4967 2729 5021 Et
2759 4967 2834 5022 ait
2878 4968 2981 5023 illis
3027 4985 3040 5021 :
3084 4965 3316 5024 Reddite
3366 4981 3497 5038 ergo
3546 4977 3660 5037 qua:
3707 4962 3815 5017 51ml

527 5048 794 5121 [ccxxxrx
822 5097 836 5123 ,
888 5055 980 5128 1.]
1040 5059 1106 5115 Ει
1135 5069 1254 5116 erat
1289 5061 1494 5118 docens
1538 5061 1785 5132 quotidie
1815 5063 1868 5118 in
1901 5063 2124 5133 templo.
2238 5057 2492 5124 Caesaris,
2529 5058 2754 5127 Caesari;
2785 5070 2840 5116 et
2870 5076 2991 5131 quae
3017 5069 3145 5117 sunt
3169 5061 3304 5132 Dei,
3339 5060 3474 5117 Deo.
3509 5058 3576 5114 Et
3604 5069 3701 5111 no’n
3729 5065 3814 5124 po—

525 5142 810 5219 Principes
832 5159 1014 5208 autem
1045 5153 1422 5223 sacerdotum,
1455 5163 1510 5211 et
1537 5155 1753 5224 scribae,
1780 5165 1833 5210 et
1860 5156 2130 5227 principes
2237 5163 2458 5212 tuerunt
2480 5157 2703 5213 verbum
2740 5157 2858 5229 ejus
2889 5155 3296 5229 reprehendere
3329 5170 3518 5214 coram
3547 5153 3695 5227 plebe
3727 5166 3739 5204 :
3768 5153 3814 5205 et

525 5239 707 5309 plebis
728 5247 1047 5314 qumrebant
1075 5248 1228 5307 illum
1261 5249 1494 5321 perdere
1523 5261 1616 5308 :et
1644 5266 1752 5307 non
1782 5251 2131 5308 inveniebant
2237 5251 2416 5309 mirati
2447 5251 2500 5307 in
2533 5266 2796 5323 reSponso
2819 5251 2962 5322 ejus,
2999 5261 3307 5310 tacuerunt.
3347 5253 3707 5309 Accesserant
3729 5258 3807 5299 au-

523 5334 652 5430 quid
705 5335 950 5396 facerent
991 5341 1092 5398 illi.
1144 5343 1337 5402 Omnis
1379 5345 1523 5402 enim
1565 5345 1797 5417 populus
1828 5359 2128 5418 suspensus
2233 5358 2342 5407 tem
2375 5349 2596 5421 quidam
2624 5347 3045 5406 Sadducaeorum
3070 5393 3085 5419 ,
3135 5349 3227 5421 qui
3269 5355 3470 5421 negant
3506 5359 3623 5403 esse
3650 5351 3812 5398 resur-

525 5435 664 5494 "m'
698 5430 928 5489 “die”
956 5433 1132 5492 ί¹¹ί¹¹ηο
2233 5445 2534 5502 rectionem
2563 5488 2576 5512 ,
2611 5455 2665 5502 et
2692 5445 3163 5516 interrogaverunt
3193 5459 3316 5500 eum
3347 5488 3362 5514 ,
3409 5441 3683 5499 dicentes:
3710 5431 3807 5489 Ma—

597 5520 752 5592 [ϐαρ.
786 5525 906 5583 XX.
941 5543 1104 5599 ceu,
1133 5531 1217 5605 2.]
1249 5533 1316 5591 Et
1344 5534 1543 5592 factum
1573 5544 1654 5594 eat
1681 5536 1734 5592 in
1762 5551 1867 5593 una
1891 5536 2125 5607 dierum,
2234 5539 2438 5610 gister,
2493 5537 2703 5609 Moyses
2747 5535 2967 5608 scripsit
3019 5537 3175 5594 nobis
3213 5555 3227 5593 :
3278 5534 3337 5592 Si
3387 5533 3562 5591 frater
3601 5523 3808 5597 alienius

521 5611 754 5674 docente
779 5620 874 5678 illo
899 5625 1167 5696 'popt’rlum
1199 5626 1255 5685 in
1286 5629 1494 5703 templo
1519 5674 1534 5701 ,
1587 5640 1642 5688 et
1674 5633 2084 5705 evangelizante
2110 5681 2125 5707 ,
2235 5641 2479 5690 mortuus
2527 5629 2692 5688 fuerit
2729 5630 2938 5688 habens
2969 5645 3194 5688 uxorem
3220 5672 3236 5699 ,
3281 5634 3340 5686 et
3385 5625 3474 5687 hic
3505 5626 3619 5683 sine
3645 5615 3808 5678 liberis

539 5845 548 5851 _
592 5781 774 5862 “Non
804 5783 1009 5862 addunt
1042 5785 1331 5862 Vaticanus
1360 5788 1659 5862 etllegina:
1695 5791 1963 5848 vetustior
2003 5805 2109 5848 ms.
2292 5788 2320 5828 ι)
2361 5789 2466 5846 Pro
2512 5789 2891 5860 discipulorum
2929 5790 3098 5848 nostri
3130 5803 3320 5846 omnes
3343 5801 3476 5862 ms}
3522 5780 3799 5862 arietem“

517 5862 565 5944 et
595 5856 876 5944 abundabit
902 5905 918 5932 ,
961 5874 1084 5944 quae
1113 5857 1277 5944 verba
1301 5859 1358 5916 in
1395 5854 1569 5944 altera
1602 5871 1808 5944 tantum
1829 5862 2066 5944 begins
2096 5902 2114 5934 ,
2217 5854 2693 5944 descendentium,
2729 5863 3198 5944 quemadmodum.
3227 5872 3280 5920 et
3312 5862 3372 5944 in
3401 5854 3594 5944 graeco
3621 5854 3798 5944 gantav

515 5926 569 5983 e't
609 5927 859 5986 seeuudls
897 5926 1115 6007 quidem
1156 5929 1306 6007 euris
1335 5929 1560 5990 suffecta
1590 5942 1718 5992 sunt
1761 5951 1776 5993 :
1828 5934 1886 5993 in
1921 5926 2115 5994 Cresco
2218 5934 2452 5990 bricensi
2485 5926 2781 6003 exemplari
2811 5936 2958 6007 quod
2981 5936 3145 5993 Beda:
3173 5933 3348 5993 fuerat
3368 5939 3469 5991 τῶν
3490 5926 3798 6004 καταβαινόν·

514 6010 693 6058 autem
725 6008 875 6062 textu
899 6000 1112 6076 penitus
1138 6000 1540 6063 desiderantur.

1261 6002 1540 6062 derautur.
2219 6026 2319 6067 των
2347 6020 2446 6080 pro
2470 6013 2570 6065 τῶν
2596 6000 2855 6080 μάθητῶνῖ
