4036 6326
206 341 305 407 645
1235 343 1468 409 EVANG
1479 343 1688 410 ELIUM
1730 344 1800 408 SE

1910 343 2106 409 NDUM
2146 351 2399 413 LUCAM.
3391 364 3498 427 046

203 463 386 532 fuerit,
415 468 476 519 ut
496 462 727 535 accipiat
749 475 866 520 eam
891 463 1060 522 frater
1082 465 1202 538 ejus
1221 482 1472 536 uxorem,
1498 474 1552 524 et
1574 466 1792 524 suscitet
1824 465 1874 524 A
1899 475 2076 522 erunt.
2112 467 2253 542 [ccn,
2289 467 2366 542 1.]
2411 467 2518 526 Sed
2544 476 2669 527 ante
2711 471 2826 530 haec
2868 473 3046 529 omnia
3074 473 3318 546 iujicient
3343 478 3501 534 vobis

202 571 387 614 semen
423 555 577 613 fratri
603 573 718 614 suo.
755 556 976 630 Septem
1006 575 1138 632 ergo
1168 557 1364 617 fratres
1392 562 1566 628 erant,
1607 569 1661 616 et
1689 555 1799 634 pri-
1902 573 2094 615 manus
2117 577 2269 630 suas,
2296 572 2351 618 et
2377 573 2794 635 persequentur,
2826 566 3104 623 tradentes
3127 567 3178 623 in
3203 585 3503 641 synagogas

200 667 322 707 tnus
354 651 566 723 accepit
593 667 815 709 uxorem
843 695 858 721 ,
903 660 960 712 et
994 662 1238 712 mortuus
1269 666 1351 712 est
1393 653 1511 712 sine
1557 654 1699 712 filiis.
1735 653 1800 710 Et
1901 661 1956 708 et
1985 654 2263 711 custodias
2290 697 2305 724 ,
2351 657 2628 716 trahentes
2660 660 2725 716 ad
2757 675 2914 733 reges
2944 669 3000 719 et
3039 663 3331 733 prtesides,
3377 681 3504 736 pro-

199 756 432 814 sequens
452 745 667 816 accepit
692 745 858 810 illam,
893 755 948 804 et
977 746 1092 818 ipse
1125 757 1373 805 mortuus
1401 757 1482 805 est
1514 746 1633 805 sine
1663 746 1794 804 filio.
1903 753 2024 817 pter
2061 763 2259 806 nomen
2307 764 2485 806 meum
2519 769 2532 806 :
2566 753 2842 824 continget
2885 763 3064 809 autem
3110 754 3264 810 vobis
3307 756 3360 810 in
3393 765 3502 810 tes-

197 835 265 892 Et
295 838 490 894 tertius
517 840 932 906 accepitillam.
975 842 1241 899 Similiter
1274 852 1327 900 et
1350 859 1538 900 omnes
1566 852 1794 914 septem,
1901 839 2205 899 timonium.
2264 841 2463 916 [ccu,
2511 842 2615 918 2.]
2679 846 2874 904 Ponite
2922 863 3054 919 ergo
3111 847 3165 904 in
3240 850 3502 907 cordibus

197 942 248 990 et
278 951 383 989 non
410 935 978 1006 reliqueruntsemen,
1011 946 1067 994 et
1092 937 1291 994 mortui
1319 947 1463 994 sunt.
1495 935 1798 994 Novissime
1901 935 2134 1004 vestris,
2186 950 2298 992 non
2351 938 2715 1008 prmmeditari
2766 940 3224 1011 quemadmodum
3270 957 3498 1012 respon-

196 1028 435 1084 Omnium
471 1037 684 1085 mortua
714 1038 795 1086 est
822 1037 878 1086 et
900 1031 1196 1088 mulier.ln
1222 1031 1620 1088 resurrectione
1642 1025 1795 1102 ergo,
1900 1026 2096 1085 dentis.
2145 1027 2260 1101 Ego
2313 1031 2457 1086 enim
2511 1030 2652 1088 dabo
2707 1025 2860 1088 vobis
2912 1049 2974 1090 os
3025 1043 3080 1090 et
3132 1035 3502 1106 sapientiam,

195 1118 350 1189 cujus
379 1134 574 1175 eorum
606 1118 710 1176 erit
738 1120 907 1178 uxor?
938 1120 1206 1193 siquidem
1238 1133 1444 1193 septem
1491 1121 1798 1178 habuerunt
1898 1123 1982 1178 cui
2013 1138 2119 1178 non
2152 1131 2406 1194 poterunt
2434 1125 2691 1183 resistere
2714 1136 2769 1182 et
2797 1128 3173 1185 contradicere
3197 1143 3389 1187 omnes
3411 1129 3507 1186 ad-

194 1227 312 1270 eam
343 1230 594 1272 uxorem.
635 1213 706 1271 Et
757 1213 832 1272 ait
873 1215 978 1271 illis
1007 1217 1209 1273 Jesus:
1249 1211 1370 1272 Filii
1410 1213 1572 1290 hujus
1611 1213 1798 1273 saeculi
1898 1217 2129 1274 versarii
2172 1219 2357 1276 ve5tri.
2406 1218 2718 1276 Trademini
2768 1231 2947 1278 autem
2997 1238 3027 1278 a
3079 1223 3410 1294 parentibus,
3452 1232 3511 1282 et

195 1309 403 1364 nubunt
430 1355 444 1375 ,
477 1317 533 1366 et
573 1309 860 1366 traduntur
883 1310 948 1366 ad
979 1311 1193 1382 nuptias
1221 1328 1234 1364 :
1267 1307 1342 1367 llli
1370 1307 1502 1367 ve'r‘o
1530 1311 1620 1381 qui
1649 1308 1796 1382 digni
1897 1309 2183 1385 fratribus,
2211 1319 2266 1370 et
2290 1314 2553 1387 cognatis,
2585 1323 2640 1372 et
2660 1315 2870 1384 amicis,
2896 1324 2952 1373 et
2982 1324 3156 1373 morte
3179 1317 3417 1374 afficient
3439 1333 3506 1374 ex

193 1399 536 1458 habebuntur
566 1403 766 1460 saeculo
794 1403 911 1472 illo,
944 1411 999 1460 et
1021 1402 1424 1460 resurrectione
1453 1419 1520 1460 ex
1543 1406 1792 1472 mortuis,
1899 1406 2056 1464 vobis
2089 1426 2101 1464 :
2130 1416 2188 1466 et
2205 1408 2358 1466 eritis
2394 1408 2519 1466 odio
2540 1410 2792 1466 omnibus
2816 1419 3037 1482 propter
3059 1427 3258 1468 nomen
3279 1427 3462 1469 meum
3493 1430 3505 1468 :

193 1501 216 1532 °
248 1511 426 1567 neque
457 1487 703 1563 nubent,
746 1514 922 1569 neque
948 1497 1148 1554 ducent
1173 1513 1370 1556 uxores
1397 1516 1410 1553 :
1445 1514 1619 1570 neque
1649 1497 1794 1554 enim
1898 1511 1953 1559 et
1979 1502 2209 1577 capillus
2239 1503 2306 1560 de
2336 1505 2514 1576 capite
2542 1515 2726 1563 vestro
2759 1522 2870 1562 non
2904 1506 3124 1580 peribit.
3162 1507 3219 1564 lu
3246 1508 3508 1580 patientia

195 1590 330 1644 ultra
357 1591 496 1645 mori
529 1599 822 1660 poterunt:
855 1593 1098 1663 aequales
1126 1593 1268 1649 enim
1301 1591 1512 1664 angelis
1545 1602 1670 1648 sunt
1691 1634 1704 1659 ,
1742 1599 1796 1648 et
1896 1603 2079 1654 vestra
2109 1598 2460 1670 possidebitis
2502 1600 2715 1658 animas
2743 1611 2971 1658 vestras.
3007 1601 3188 1676 [CCLII,
3221 1601 3333 1675 10.]
3371 1601 3507 1660 Cum

194 1684 285 1740 filii
321 1695 445 1740 sunt
477 1687 597 1752 Dei,
626 1681 1010 1766 cum'sintrlilii
1038 1685 1476 1745 resurrectionis.
1504 1685 1638 1756 Quia
1667 1683 1794 1743 vero
1899 1697 2080 1748 autem
2120 1691 2369 1749 videritis
2413 1691 2741 1751 circumdari
2783 1692 2853 1751 ab
2896 1697 3138 1752 exercitu
3180 1695 3506 1766 Jerusalem,

194 1775 481 1853 resurgant
511 1783 746 1851 mortui,
778 1794 836 1840 et
863 1767 1076 1858 Moyses
1105 1781 1346 1841 ostendit
1368 1800 1526 1840 secus
1559 1777 1790 1849 rubum,
1835 1859 1838 1860 ν
1900 1791 2028 1840 tunc
2073 1784 2272 1842 scitote
2321 1786 2446 1857 quia
2491 1789 2954 1860 appropinquavit
3003 1789 3274 1846 desolatio
3324 1789 3442 1860 ejus
3492 1807 3508 1846 :

193 1875 328 1960 sicut
357 1875 489 1930 dicit
512 1875 826 1946 Dominum,
854 1877 1021 1933 Deum
1041 1876 1409 1948 Abraltam,et
1430 1875 1598 1933 Deum
1622 1875 1790 1946 Isaac,
1827 1859 1871 1930 Β
1901 1875 2105 1951 [CCLlll,
2139 1877 2222 1952 2.]
2254 1888 2380 1937 tunc
2412 1882 2503 1954 qui
2546 1882 2600 1938 in
2627 1881 2815 1938 Judaza
2848 1891 2993 1950 sunt,
3025 1881 3232 1954 fugiant
3257 1882 3321 1937 ad
3355 1859 3511 1939 mon-

193 1967 240 2024 et
265 1967 440 2024 Deum
475 1961 661 2048 Jacob.
695 1971 835 2025 Deus
858 1967 1036 2026 autem
1068 1967 1172 2026 non
1197 1981 1279 2027 est
1303 1979 1665 2039 mortuorum,
1696 1968 1791 2026 sed
1897 1981 2000 2042 tes,
2026 1982 2084 2030 et
2113 1974 2208 2046 qui
2235 1975 2286 2030 in
2318 1975 2498 2032 medio
2525 1976 2667 2048 ejus,
2691 1975 2975 2031 discedant
3010 1986 3100 2031 :et
3129 1976 3218 2046 qui
3245 1975 3298 2030 in
3331 1975 3509 2047 regio-

191 2063 433 2119 vivorum
471 2081 483 2117 :
518 2047 709 2120 omnes
740 2065 884 2120 enim
913 2057 1096 2121 vivunt
1129 2066 1202 2121 ei.
1251 2053 1667 2136 Respondentes
1693 2080 1792 2118 au-
1896 2065 2089 2136 nibus,
2138 2081 2248 2123 non
2297 2067 2521 2125 intrent
2557 2047 2608 2124 in
2649 2084 2792 2126 eam.
2833 2069 2972 2137 Quia
3020 2068 3137 2125 dics
3188 2068 3409 2126 ultionis
3454 2067 3512 2124 hi

195 2143 554 2238 tcmuquidam
586 2149 907 2225 scribarum,
935 2157 1194 2216 dixerunt
1217 2161 1263 2216 ei
1292 2177 1306 2212 :
1334 2155 1616 2238 Magister,
1656 2149 1795 2214 bene
1897 2169 2050 2225 sunt,
2081 2169 2139 2215 ut
2174 2161 2505 2232 impleantur
2532 2163 2711 2219 omnia
2745 2178 2864 2234 quae
2895 2163 3094 2234 scripta
3123 2172 3270 2218 sunt.
3305 2162 3506 2235 [eccm

189 2237 1080 2327 dixi.~ti.[ccxt.tv,2.]Etamplius
1104 2271 1208 2311 non
1227 2237 1495 2311 audebant
1515 2251 1796 2324 eumquid-
1897 2250 1982 2325 2.]
2014 2251 2108 2308 Vte
2145 2262 2324 2310 autem
2355 2254 2762 2326 praegnantibus
2798 2264 2853 2310 et
2898 2255 3269 2311 nutrientibus
3310 2256 3362 2310 in
3408 2255 3511 2311 illis

191 2364 348 2420 quam
381 2331 735 2426 interregare.
768 2350 1005 2421 {'cchv,
1039 2341 1130 2422 2.]
1168 2347 1315 2403 Dixit
1340 2357 1516 2403 autem
1542 2346 1609 2401 ad
1635 2347 1790 2402 illos:
1903 2344 2120 2403 diebus.
2153 2344 2330 2420 [CCLV,
2373 2346 2454 2419 2.]
2489 2347 2610 2403 Erit
2640 2347 2783 2403 enim
2819 2362 3068 2417 pressura
3112 2362 3304 2418 magna
3345 2363 3513 2418 super

192 2435 472 2508 Quomodo
506 2441 693 2497 dicunt
722 2440 1027 2509 Christum,
1063 2439 1231 2497 filium
1262 2456 1384 2497 esse
1404 2439 1574 2496 David
1600 2451 1654 2496 et
1680 2439 1797 2510 ipse
1900 2448 2125 2507 terram,
2159 2450 2214 2498 et
2244 2443 2324 2498 ira
2354 2443 2556 2513 populo
2589 2441 2732 2498 huic.
2765 2429 2959 2516 [conv],
2990 2441 3105 2515 10.]
3133 2445 3197 2498 Et
3230 2443 3427 2498 cadent
3456 2445 3512 2500 in

189 2527 354 2588 David
384 2534 521 2588 dicit
553 2535 604 2589 in
641 2534 778 2590 libro
807 2533 1149 2589 Psalmorum
1179 2551 1191 2588 :
1220 2532 1368 2588 Dixit
1395 2531 1658 2587 Dominus
1687 2531 1798 2586 Do-
1901 2545 1998 2588 ore
2028 2532 2192 2604 gladii
2227 2552 2239 2588 :
2272 2542 2328 2590 et
2365 2533 2565 2606 captivi
2605 2536 2873 2592 ducentur
2912 2537 2964 2590 in
2997 2551 3186 2591 omnes
3215 2545 3424 2607 gentes,
3459 2545 3516 2593 et

191 2621 335 2685 mino
355 2632 502 2694 meo,
525 2627 654 2686 sedc
677 2649 704 2684 a
729 2631 932 2687 dextris
957 2631 1114 2699 meis,
1134 2632 1307 2688 donec
1330 2646 1524 2702 ponam
1549 2630 1796 2685 inimicos
1899 2627 2207 2688 Jerusalem
2237 2631 2541 2688 calcabitur
2569 2647 2598 2688 a
2637 2633 2892 2705 gentibus
2924 2651 2937 2686 :
2969 2633 3146 2689 donec
3177 2632 3514 2702 impleantur

189 2715 652 2791 tuos,scab‘cilun‘i
675 2724 872 2794 pedum
896 2723 1339 2780 tunrum?Davitl
1365 2721 1796 2796 ergoDominum
1906 2733 2152 2796 tempora
2200 2725 2507 2781 nationum.
2561 2724 2775 2798 [ccum
2821 2723 2901 2796 2.]
2929 2724 3011 2781 'Et
3056 2732 3216 2780 erunt
3261 2725 3415 2796 signa
3459 2726 3512 2781 in

190 2815 340 2871 illum
371 2821 528 2871 vocat
556 2834 568 2873 :
601 2824 656 2872 et
686 2817 959 2888 quomodo
992 2818 1131 2873 filius
1163 2816 1280 2888 ejus
1310 2817 1432 2872 est?
1462 2811 1796 2889 [ccxnvr,2.]
1904 2818 2040 2886 sole,
2073 2827 2127 2874 et
2159 2816 2309 2885 luna,
2340 2826 2396 2874 et
2420 2817 2620 2884 stellis,
2648 2827 2704 2873 et
2729 2818 2780 2872 in
2809 2818 2968 2873 terris
2991 2832 3245 2889 pressura
3268 2818 3512 2889 gentium

188 2907 460 2964 Audiente
489 2917 668 2965 autem
695 2910 839 2965 omni
875 2909 1112 2982 populo,
1143 2911 1283 2965 dixit
1322 2909 1603 2981 discipulis
1645 2909 1797 2964 suis:
1903 2925 2017 2982 prae
2039 2910 2362 2968 confusione
2387 2911 2598 2967 sonitus
2621 2910 2808 2981 maris,
2838 2919 2894 2966 et
2919 2911 3177 2966 fluctuum
3209 2928 3222 2966 :
3249 2926 3508 2967 arescen-

189 3004 468 3060 Altendite
499 3019 527 3058 a
559 3004 775 3074 scribis,
807 3005 896 3075 qui
927 3005 1120 3060 volunt
1141 3003 1420 3061 ambulare
1451 3003 1504 3059 in
1533 3005 1709 3071 stolis,
1743 3011 1798 3060 et
1906 3003 2049 3060 tibus
2090 3004 2401 3061 hominibus
2444 3021 2556 3076 prae
2590 3005 2803 3072 timore,
2838 3013 2892 3060 et
2920 3007 3356 3078 exspectatione,
3390 3020 3514 3074 qua:

185 3108 374 3153 amant
407 3099 763 3154 salutationes
793 3099 845 3154 in
876 3098 994 3156 foro
1020 3139 1034 3164 ,
1078 3108 1132 3155 et
1178 3100 1380 3170 primas
1421 3097 1714 3155 cathedras
1745 3097 1800 3154 in
1907 3099 2298 3170 supervenient
2328 3098 2591 3156 universo
2637 3099 2779 3156 orbi.
2811 3098 2948 3155 Nam
2977 3100 3208 3157 virtutes
3247 3101 3514 3156 cmlorum

187 3196 498 3265 synagogis,
525 3205 576 3250 et
602 3197 804 3266 primos
825 3193 1124 3250 discubitus
1148 3193 1200 3249 in
1222 3194 1514 3249 conviviis:
1537 3194 1800 3281 [ccxnvn’
1835 3241 1876 3281 Α
1907 3195 2270 3252 movebuntur
2305 3214 2316 3250 :
2357 3197 2595 3269 [comm
2637 3197 2719 3271 2.]
2748 3203 2816 3254 'et
2859 3207 2987 3252 tunc
3025 3197 3286 3252 videbunt
3317 3196 3510 3253 Filium

188 3285 267 3358 8.]
309 3289 396 3357 qui
428 3287 694 3343 devorant
724 3287 915 3343 domos
948 3286 1232 3341 viduarum
1259 3327 1273 3355 ,
1323 3285 1643 3342 simulantes
1676 3264 1800 3340 Ion:
1832 3264 1877 3326 (ἶ
1913 3289 2149 3345 hominis
2191 3290 2502 3346 venientem
2544 3291 2599 3346 in
2637 3291 2780 3346 nube
2821 3305 2942 3346 cum
2988 3299 3258 3361 potestate
3295 3305 3512 3361 magna,

185 3397 305 3451 gam
343 3382 670 3436 orationem.
699 3380 763 3435 lli
790 3380 1055 3451 accipient
1075 3379 1483 3435 damnationem
1506 3379 1790 3450 majorem.
1899 3392 1952 3435 et
1983 3381 2290 3451 majestate.
2318 3381 2415 3438 His
2436 3393 2616 3438 autem
2646 3382 2762 3437 fieri
2788 3381 3198 3452 incipientibus,
3231 3380 3508 3452 respicite,

256 3472 411 3547 [Cup.
446 3471 615 3545 χχι]
646 3471 968 3544 Respiciens
998 3477 1201 3542 autem,
1237 3473 1372 3529 vidit
1401 3489 1516 3541 eos,
1549 3473 1640 3545 qui
1671 3472 1796 3528 mit-
1901 3482 1958 3529 et
2004 3474 2183 3530 levate
2229 3476 2405 3546 capita
2438 3486 2616 3531 vestra
2650 3493 2661 3530 :
2693 3477 2948 3546 quoniam
2995 3474 3396 3547 appropinQuat
3427 3490 3517 3531 re-

189 3566 382 3622 tebant
410 3583 630 3621 munera
663 3571 764 3622 'sua
792 3567 843 3622 in
872 3566 1322 3639 gazophylacium
1350 3609 1363 3633 ,
1395 3567 1612 3623 divites.
1653 3566 1796 3622 Vidit
1902 3566 2148 3639 demptio
2175 3576 2379 3624 vestra.
2408 3567 2476 3622 Et
2502 3567 2639 3624 dixit
2677 3567 2783 3623 illis
2824 3567 3236 3624 similitudinem
3275 3586 3288 3623 :
3325 3567 3516 3623 Videte

186 3669 377 3716 autem
417 3669 472 3714 et
498 3660 790 3731 quamdam
822 3661 1037 3717 viduam
1069 3662 1453 3732 pauperculam
1491 3661 1792 3717 mittentem
1901 3660 2214 3730 ticulneam,
2246 3669 2300 3716 et
2327 3675 2516 3716 omnes
2539 3660 2766 3716 arbores
2793 3677 2806 3714 :
2833 3675 2961 3715 cum
2989 3659 3422 3730 producuntjam
3447 3675 3514 3714 ex

185 3772 296 3812 aera
331 3759 536 3814 minuta
570 3757 699 3814 duo.
747 3759 814 3815 Et
859 3758 997 3815 dixit
1035 3777 1047 3814 :
1099 3759 1237 3816 Vere
1268 3759 1390 3815 dico
1416 3759 1614 3828 vobis,
1670 3757 1795 3829 quia
1901 3766 1963 3809 se
2012 3751 2271 3822 fructum,
2307 3752 2458 3808 scitis
2488 3754 2748 3824 quoniam
2796 3768 2965 3826 prope
3009 3763 3091 3809 est
3131 3763 3314 3810 testas.
3357 3753 3431 3807 lta
3463 3759 3520 3808 et

184 3851 351 3907 vidua
396 3851 509 3907 lucc
553 3869 766 3924 pauper
791 3895 806 3922 ,
862 3853 986 3925 plus
1024 3869 1184 3927 quam
1232 3869 1425 3910 omnes
1457 3851 1626 3909 misit.
1659 3849 1794 3906 Nam
1902 3861 2000 3903 vos
2031 3861 2151 3902 cum
2182 3846 2434 3902 videritis
2474 3847 2590 3903 hmc
2631 3847 2778 3915 tieri,
2821 3849 3019 3904 scitote
3047 3851 3304 3919 quoniam
3345 3861 3515 3918 prope

184 3951 384 4001 omnes
415 3947 467 3999 hi
494 3941 558 4001 ex
593 3946 892 4003 abundanti
924 3947 1025 4004 sibi
1059 3947 1326 4004 miserunt
1347 3947 1398 4002 in
1425 3960 1650 4002 munera
1680 3945 1792 4000 Dei:
1903 3951 1988 3997 est
2014 3956 2241 4012 regnum
2270 3940 2390 3997 Dei.
2426 3943 2597 3997 Amen
2629 3941 2751 3998 dico
2782 3941 2958 4012 vobis,
2981 3941 3107 4016 quia
3139 3956 3247 3997 non
3281 3951 3506 4011 praeter-

186 4036 304 4093 hrec
327 4047 508 4095 autem
534 4055 602 4096 ex
624 4057 689 4097 eo
709 4037 1022 4114 quod'deest
1048 4041 1149 4111 illi,
1174 4057 1392 4098 omnem
1418 4041 1613 4096 victum
1639 4055 1798 4096 suum
1901 4039 2001 4096 ibit
2049 4039 2332 4111 generatio
2371 4035 2516 4105 bzec,
2558 4038 2734 4093 donec
2775 4036 2958 4092 omnia
3004 4035 3155 4091 ﬁant.
3206 4035 3414 4092 Caelum
3458 4042 3516 4091 et

182 4151 354 4204 quem
384 4134 588 4202 habuit,
626 4137 797 4193 misit.
835 4136 1129 4210 [ccum],
1162 4133 1246 4209 2.]
1281 4136 1345 4191 Et
1371 4134 1692 4207 quibusdam
1719 4128 1799 4189 di-
1905 4143 2049 4188 terra
2077 4133 2387 4187 transibunt
2421 4150 2433 4185 :
2468 4131 2631 4188 verba
2664 4139 2843 4185 autem
2885 4145 3004 4186 mea
3031 4145 3140 4186 non
3181 4130 3513 4186 transilmnt.

185 4227 442 4283 Centibus
483 4229 549 4286 de
593 4231 796 4302 templo
826 4273 838 4298 ,
886 4231 1028 4302 quod
1072 4230 1229 4286 bonis
1256 4230 1525 4303 lapidibus
1557 4238 1614 4287 et
1641 4229 1799 4286 donis
1905 4226 2107 4301 Icum,
2143 4226 2258 4299 10.]
2292 4225 2570 4282 Attendite
2600 4233 2781 4282 autem
2809 4224 2990 4294 vobis,
3022 4239 3091 4282 ne
3113 4223 3254 4280 forte
3284 4239 3516 4295 graven-

183 4331 444 4374 ornatum
477 4332 646 4389 esset,
675 4322 847 4377 dixit:
874 4321 1000 4379 llaec
1022 4338 1143 4394 qum
1163 4321 1381 4389 videtis,
1413 4322 1635 4379 venient
1657 4321 1797 4389 dies,
1907 4331 2000 4378 tur
2030 4320 2193 4378 corda
2238 4329 2421 4378 vestra
2473 4321 2525 4376 in
2568 4321 2811 4392 crapula,
2841 4327 2896 4376 et
2932 4318 3233 4386 ebrietate,
3278 4326 3335 4374 ct
3373 4317 3518 4374 curis
3549 4392 3564 4404 ἢ

187 4413 240 4468 in
268 4415 473 4486 quibus
506 4435 612 4472 non
647 4416 988 4486 relinquetur
1017 4417 1155 4489 lapis
1187 4432 1350 4490 super
1382 4417 1616 4488 lapidem
1645 4458 1658 4484 ,
1707 4417 1800 4487 qui
1907 4419 2069 4490 hujus
2116 4419 2246 4474 vitm
2285 4425 2383 4474 :et
2423 4417 2776 4488 superveniat
2825 4417 2879 4470 in
2925 4430 3024 4471 vos
3065 4414 3351 4486 repentina
3401 4413 3519 4470 dies

184 4525 300 4565 non
336 4510 677 4567 destruatur.
721 4512 931 4586 {ccxux
954 4560 967 4584 ,
995 4511 1076 4587 2.]
1122 4513 1593 4585 lnterrogaverunt
1620 4523 1799 4568 autem
1909 4516 2040 4571 illa:
2076 4524 2348 4587 tamquam
2381 4515 2610 4586 laqueus
2641 4513 2786 4570 enim
2821 4513 3170 4584 superveniet
3208 4512 3259 4566 in
3303 4525 3516 4580 omnes,

187 4603 349 4659 illum
377 4649 394 4674 ,
422 4605 696 4662 dicentes:
731 4607 1046 4680 Praeceptor
1070 4649 1085 4676 ,
1116 4608 1332 4680 quando
1357 4609 1472 4664 haec
1504 4616 1698 4673 erunt,
1746 4615 1803 4662 et
1833 4645 1879 4680 -_.__
1909 4608 1999 4679 qui
2034 4606 2228 4663 sedent
2276 4622 2440 4676 super
2467 4605 2660 4662 faciem
2706 4607 2885 4662 omnis
2919 4615 3098 4660 terra).
3134 4603 3366 4674 Vigilate
3411 4601 3517 4658 ita-

187 4700 342 4767 quod
376 4699 584 4770 signum
617 4716 741 4757 cum
780 4701 896 4758 fieri
923 4669 1242 4774 incipient?
1269 4702 1372 4772 Qui
1403 4702 1578 4758 dixit:
1610 4699 1805 4758 Videte
1832 4669 1888 4733 Β
1917 4718 2044 4775 que,
2074 4701 2221 4758 omni
2252 4711 2498 4771 tempore
2525 4710 2780 4766 orantes,
2814 4707 2872 4754 ut
2909 4698 3059 4772 digni
3090 4695 3399 4754 habeamini
3436 4694 3519 4752 fu-

190 4807 265 4848 ne
298 4792 642 4850 seducamini
673 4815 685 4851 :
720 4796 874 4851 multi
910 4797 1054 4853 enim
1089 4797 1312 4854 venient
1345 4797 1398 4853 in
1438 4798 1657 4854 nomine
1681 4811 1804 4852 meo
1917 4811 2049 4868 gere
2077 4796 2174 4850 ista
2204 4795 2404 4861 omnia,
2434 4809 2553 4865 quae
2577 4793 2755 4849 futura
2780 4801 2926 4860 sunt,
2951 4801 3007 4848 et
3032 4802 3177 4848 stare
3194 4800 3319 4845 ante
3347 4788 3517 4846 filium

187 4887 477 4956 dicentes,
508 4889 631 4961 quia
667 4905 766 4962 ego
796 4907 953 4947 sum:
986 4900 1041 4949 et
1074 4902 1287 4964 tempus
1310 4892 1801 4966 appropinquavit:
1917 4890 2176 4946 hominis.
2213 4889 2344 4945 Erat
2369 4897 2548 4944 autem
2580 4888 2778 4945 diebus
2814 4887 3017 4944 docens
3059 4888 3113 4942 in
3149 4884 3350 4954 templo
3377 4901 3391 4939 :
3417 4899 3518 4939 no-

187 4982 376 5037 nolite
401 4999 526 5055 ergo
548 4985 626 5040 ire
650 4994 773 5056 post
791 5000 910 5041 eos.
931 4986 1064 5043 Cum
1089 4996 1270 5044 autem
1293 4986 1571 5045 audieritis
1593 4987 1802 5058 praelia,
1915 4983 2092 5039 ctibus
2121 4997 2254 5038 vero
2285 4982 2506 5050 exiens,
2539 4981 2855 5038 morabatur
2893 4981 2947 5036 in
2980 4987 3164 5036 monte
3183 5021 3198 5045 ,
3233 4975 3324 5048 qui
3353 4989 3517 5032 voca-

185 5086 241 5130 et
291 5075 635 5144 seditiones,
681 5077 851 5134 nolite
893 5079 1130 5136 terreri:
1172 5090 1386 5153 oportet
1416 5082 1646 5152 primum
1686 5080 1779 5137 han

1921 5085 2010 5131 tur
2035 5073 2251 5131 Oliveti.
2286 5073 2354 5130 Et
2377 5073 2556 5131 omnis
2584 5073 2818 5146 populus
2847 5071 3154 5128 manicabat
3189 5068 3258 5127 ad
3289 5084 3414 5126 cum
3459 5067 3515 5128 in

187 5167 343 5237 fieri,
387 5171 475 5224 sed
505 5169 532 5210 ι)
565 5172 808 5230 nondum
835 5173 1018 5230 statim
1039 5173 1184 5231 ﬁnis.
1217 5175 1369 5232 Tunc
1402 5174 1616 5231 dicebat
1649 5175 1756 5232 illis
1788 5192 1804 5231 :
1919 5168 2124 5240 templo
2153 5168 2343 5224 audire
2371 5183 2516 5225 eum-

182 5260 412 5332 SurgCl
435 5278 562 5333 gens
589 5273 779 5321 contra
805 5276 1019 5338 gentem
1045 5311 1058 5336 ,
1093 5277 1147 5323 et
1177 5283 1400 5340 regnum
1433 5267 1698 5324 adversus
1720 5283 1810 5326 re-
1990 5263 2146 5336 [ϐαρ.
2173 5261 2344 5329 XXII,
2377 5277 2536 5330 cccx,
2571 5260 2650 5333 1.]
2674 5259 3163 5337 Appropinquabat
3188 5265 3372 5315 autem
3405 5257 3522 5315 dies

181 5371 401 5427 gnum.
429 5355 491 5411 Et
518 5366 864 5414 terraemotus
885 5360 1065 5430 magni
1093 5369 1253 5417 erunt
1275 5375 1372 5432 per
1393 5360 1536 5424 loca,
1566 5369 1618 5416 et
1643 5361 1809 5432 pesti-
1920 5357 2090 5414 festus
2135 5356 2490 5430 Azymorum,
2535 5354 2626 5426 qui
2667 5353 2865 5409 dicitur
2907 5351 3116 5410 Pascha
3156 5351 3398 5425 εῐαεωιι,
3443 5349 3522 5425 1.]

180 5451 278 5507 len
290 5451 418 5518 tim,
440 5460 491 5507 et
512 5450 707 5524 fames,
732 5463 1080 5527 terroresque
1101 5453 1170 5512 de
1185 5455 1348 5524 caelo,
1369 5465 1422 5512 et
1444 5455 1593 5527 signa
1617 5468 1811 5528 magna
1921 5461 1974 5508 et
1999 5449 2320 5523 quaerebant
2343 5446 2622 5520 principes
2644 5445 3016 5518 sacerdotum,
3054 5454 3110 5504 et
3140 5445 3356 5514 scriba),
3384 5459 3523 5519 quo-

263 5710 294 5740 ε
345 5699 421 5780 ln_
443 5700 660 5758 instanti
695 5703 846 5775 juxta
870 5703 1115 5780 Graecum
1150 5710 1358 5761 textum
1403 5700 1523 5763 οὖτά
1559 5709 1816 5780 γαμοῦσιν
1927 5702 2112 5780 priore
2137 5699 2419 5757 dumtaxat
2442 5699 2570 5780 loco
2584 5698 2813 5780 Prmfert
2843 5699 3100 5780 in‘futuro
3124 5717 3284 5780 nam];
3307 5698 3520 5780 nubent.

180 5773 315 5849 οὔτε
394 5771 741 5849 ἐκχαμὶζογτὰι
777 5795 788 5830 :
831 5778 1005 5843 nostri
1061 5792 1276 5847 quoque
1325 5771 1580 5844 omnes,'
1618 5771 1774 5849 quibo

1932 5771 1945 5775 ”
1994 5773 2021 5812 b
2062 5773 2261 5849 lterum
2300 5773 2539 5849 pressius
2566 5773 2801 5849 Δ(ἱππ-οὐκ
2841 5775 3021 5838 εὐθέως
3063 5771 3206 5830 unus
3221 5771 3526 5849 Vaticanus

179 5845 613 5932 utimur.niss._
645 5848 830 5932 legunt
855 5845 1091 5932 ,nneque'
1116 5845 1310 5932 nubunt
1341 5891 1358 5920 ,
1408 5864 1574 5932 tragice
1617 5845 1817 5932 ducunt
1923 5853 2089 5932 atque
2110 5845 2537 5932 altervatustiM
2566 5845 2788 5932 Regina
2828 5862 2934 5906 ms.
2973 5863 3077 5902 non
3110 5846 3287 5903 statim
3314 5845 3525 5901 tantum

183 5931 406 5973 uxores
431 5955 445 5982 ,
482 5931 588 5975 uno
609 5914 843 5991 excepto
857 5914 1086 5992 Regina
1124 5919 1227 5978 sub
1271 5914 1421 5978 num.
1459 5914 1530 5978 1'4
1556 5957 1572 5990 ,
1620 5917 1714 5991 qui
1762 5925 1818 5977 et
1926 5914 2155 5989 habent,
2188 5930 2288 5990 pro
2315 5915 2570 5988 nondum,
2598 5914 2705 5975 etc.
