4166 6336
576 329 680 390 ΒΗ

1561 326 1619 382 S.
1665 323 2045 385 HIERONYMI
2085 320 2316 380 DIVINA
2355 319 2836 380 BIBLIOTHECA.

3774 319 3881 378 648

577 444 742 503 modo
771 453 798 483 α
827 442 1012 501 Iesum
1045 442 1418 500 interficerent
1446 459 1460 499 :
1485 442 1756 500 timebam
1783 458 1916 500 vero
1941 443 2178 515 plebem.
2209 443 2264 501 Α
2289 454 2590 496 conversus
2633 438 2894 495 confirma
2941 435 3140 491 fratres
3187 442 3329 491 tuos.
3377 432 3633 507 [cccxxv,
3682 434 3758 506 1.]
3788 434 3885 502 Qui

580 539 802 612 foculi,
846 537 925 611 9.]
971 538 1199 595 Intravit
1247 547 1426 594 autem
1465 537 1695 594 Satanas
1726 537 1779 592 in
1823 537 2040 603 Judam,
2088 537 2180 604 qtti

579 631 1067 704 cognominabatur
1126 631 1452 698 lscariotes,
1512 646 1680 686 unum
1739 629 1806 686 de
1870 628 2177 684 duodecim.

581 727 822 802 [ccnxun
859 725 941 800 2.]
971 727 1038 782 Et
1063 726 1216 797 abiit,
1249 737 1301 783 et
1337 726 1551 783 locutus
1583 733 1668 781 est
1692 740 1813 780 cum
1845 723 2181 794 principibus

583 822 959 889 sacerdotum,
989 829 1042 877 et
1070 820 1512 892 magistratibus,
1539 816 1994 890 quemadmodum
2026 815 2177 871 illum

587 913 834 971 traderet
860 913 961 971 eis.
991 912 1059 968 Et
1079 911 1255 985 gavisi
1285 921 1443 980 sunt,
1474 920 1529 967 et
1561 911 1703 977 pacti
1735 919 1861 965 sunt
1897 907 2179 982 pecuniam

585 1007 664 1064 illi
693 1007 846 1065 dare.
875 1007 942 1064 Et
963 1006 1270 1077 spepondit.
1307 1005 1375 1061 Et
1397 1004 1674 1077 quaerebat
1695 1003 2179 1075 opportunitatem,

586 1109 646 1157 ut
671 1100 910 1157 traderet
941 1098 1095 1156 illum
1123 1098 1240 1155 sine
1269 1098 1462 1154 turbis.
1495 1097 1657 1154 Venit
1681 1107 1860 1153 autem
1893 1096 2008 1154 dies
2036 1086 2181 1167 Αιγ-

588 1209 824 1260 morum,
851 1192 908 1248 in
939 1207 1045 1264 qua
1077 1205 1300 1248 necesse
1334 1199 1452 1248 erat
1481 1190 1653 1247 occidi
1682 1189 1902 1261 pascha.
1937 1189 2003 1245 Et
2038 1187 2184 1243 misit

586 1287 807 1344 Petrum
835 1295 890 1344 et
931 1286 1228 1353 Joannem,
1277 1287 1466 1343 dicens
1500 1303 1512 1340 :
1549 1285 1752 1341 Euntcs
1797 1293 1985 1356 parate
2029 1283 2184 1338 nobis

587 1381 813 1454 pascha,
861 1391 918 1438 ut
947 1382 1365 1438 manducemus.
1402 1381 1472 1436 At
1509 1381 1592 1437 illi
1640 1380 1928 1436 dixerunt:
1965 1379 2064 1436 Ubi
2104 1380 2184 1432 vis

587 1475 877 1544 paremus?
903 1475 969 1530 Et
993 1474 1130 1531 dixit
1157 1473 1224 1529 ad
1252 1490 1346 1530 eos
1387 1489 1401 1529 :
1431 1475 1569 1528 Ecce
1606 1473 2004 1528 introeuntibus
2032 1469 2185 1526 vobis

584 1565 639 1622 in
665 1565 962 1634 civitatem,
1004 1578 1258 1623 occurret
1295 1567 1450 1623 vobis
1480 1566 1646 1621 homo
1691 1565 1910 1635 quidam
1955 1563 2184 1635 ampho-

587 1674 707 1715 ram
748 1675 903 1732 aquae
936 1669 1160 1730 portans
1202 1678 1214 1714 :
1247 1659 1540 1730 sequimini
1580 1675 1706 1714 eum
1745 1657 1798 1712 in
1844 1657 2087 1722 domum,
2130 1656 2183 1710 in

587 1766 749 1824 quam
795 1750 991 1818 intrat,
1031 1759 1084 1807 et
1126 1750 1322 1807 dicetis
1371 1751 1745 1821 patrifamilias
1793 1748 2011 1817 domus,
2057 1745 2187 1802 dicit

2284 532 2422 588 dixit
2443 533 2492 588 ei
2511 548 2526 588 :
2549 531 2800 600 Domine,
2817 535 2993 585 tecum
3023 534 3243 599 paratus
3258 542 3376 582 sum
3390 537 3444 582 et
3468 528 3520 581 in
3544 539 3820 582 carcerem
3834 534 3889 582 et

2282 627 2337 682 in
2351 634 2577 683 mortem
2597 626 2696 681 ire.
2716 626 2785 680 At
2803 623 3044 679 illedixit
3067 640 3082 681 z
3097 622 3231 676 Dico
3245 620 3364 687 tibi,
3378 620 3558 684 Petre,
3578 635 3685 674 non
3699 629 3888 674 canta-

2282 721 2358 777 bit
2384 721 2542 777 hodie
2562 721 2762 792 gallus,
2777 719 2949 775 donec
2963 727 3046 774 ter
3060 718 3298 788 abneges
3311 730 3474 772 nosse
3491 731 3598 772 me.
3617 714 3884 787 [ccuva

2283 814 2397 886 10.]
2431 814 2498 868 Et
2526 813 2664 868 dixit
2693 813 2774 868 eis
2803 831 2816 868 :
2850 811 3080 880 Quando
3111 809 3238 865 misi
3266 823 3362 864 vos
3400 811 3518 866 sine
3555 809 3806 875 sacculo,
3835 817 3893 864 et

2285 921 2437 978 pera,
2470 915 2526 962 et
2547 905 2956 972 calceamentis,
2983 902 3247 974 numquid
3273 901 3476 972 aliquid
3499 900 3672 957 defuit
3697 900 3892 967 vobis?

2284 1003 2356 1060 At
2398 1002 2476 1058 illi
2507 1001 2770 1058 dixerunt
2807 1019 2822 1060 :
2861 1001 3034 1058 Nihil.
3067 999 3216 1056 Dixit
3254 1015 3386 1072 ergo
3428 1001 3509 1055 eis
3545 1016 3558 1054 :
3588 996 3696 1054 Sed
3747 1011 3894 1052 nunc

2283 1097 2376 1167 qui
2402 1096 2566 1153 habet
2600 1097 2901 1162 socculum,
2937 1096 3119 1161 tollat;
3167 1093 3418 1150 similiter
3446 1102 3502 1149 et
3547 1107 3733 1163 peram
3775 1109 3788 1144 :
3834 1099 3891 1147 et

2285 1189 2377 1261 qui
2411 1204 2518 1245 non
2567 1188 2756 1257 habet,
2785 1188 2986 1246 vendat
3033 1188 3266 1242 tunicam
3309 1202 3487 1254 suam,
3520 1195 3575 1242 et
3604 1193 3750 1242 emat
3777 1184 3897 1255 gla-

2283 1283 2454 1339 dium.
2476 1283 2762 1356 [ccnxxvrn
2790 1282 2869 1356 8.]
2902 1283 3030 1338 Dico
3054 1284 3198 1339 enim
3226 1281 3403 1349 vobis,
3435 1280 3692 1352 quoniam
3717 1279 3896 1334 adhuc

2285 1375 2389 1432 hoc
2415 1377 2558 1446 quod
2606 1376 2868 1446 scriptum
2910 1386 3026 1442 est,
3061 1383 3280 1446 oportet
3320 1373 3536 1444 impleri
3580 1374 3633 1427 in
3666 1387 3753 1427 me
3786 1388 3799 1426 :
3830 1371 3898 1426 Et

2285 1483 2408 1526 cum
2433 1468 2631 1539 iniquis
2659 1467 2956 1538 deputatus
2995 1474 3100 1523 est.
3145 1465 3358 1521 Etenim
3397 1481 3484 1535 ea,
3516 1479 3634 1534 quae
3675 1472 3803 1519 sunt
3827 1462 3898 1518 de

2288 1577 2398 1627 me,
2429 1562 2593 1616 finem
2626 1560 2848 1617 habent.
2881 1561 3196 1632 [εοιιινιιμ
3231 1558 3347 1630 10.]
3369 1557 3438 1612 At
3476 1556 3554 1610 illi
3592 1556 3848 1611 dixerunt
3882 1571 3895 1608 :

2289 1657 2543 1723 Domine,
2575 1671 2701 1711 ecce
2730 1654 2840 1710 duo
2878 1654 3044 1726 gladii
3075 1653 3187 1708 hic.
3221 1655 3292 1708 At
3320 1651 3411 1706 ille
3441 1651 3579 1706 dixit
3602 1651 3683 1706 eis
3715 1649 3899 1706 :Satis

2286 1759 2389 1805 est.
2422 1748 2697 1822 [CCLXXIX,
2731 1746 2811 1820 1.]
2840 1747 2907 1802 Et
2949 1762 3208 1819 egressus
3254 1744 3370 1800 ibat
3411 1744 3708 1801 secundum
3754 1759 3888 1798 con-

590 1845 686 1902 tibi
722 1846 973 1918 Magister
1007 1864 1018 1900 :
1050 1844 1153 1902 Ubi
1176 1854 1260 1901 est
1289 1844 1677 1912 diversorium,
1707 1845 1800 1898 ubi
1832 1841 2030 1913 pascha
2064 1856 2184 1896 cum
2219 1844 2262 1903 Β
2292 1844 2633 1901 suetudinem
2663 1843 2715 1897 in
2749 1851 2991 1898 montem
3021 1840 3320 1897 Olivarum.
3355 1838 3686 1894 Secutisunt
3709 1846 3897 1892 autem

590 1937 876 2009 discipulis
906 1939 1046 1996 meis
1091 1938 1454 1994 manducem?
1483 1937 1552 1993 Et
1585 1937 1705 2009 ipse
1746 1937 1996 1991 ostendet
2038 1933 2191 1991 vobis

590 2031 934 2089 coenaeulum
979 2046 1235 2101 magnum
1279 2040 1532 2097 stratum,
1563 2039 1619 2085 et
1648 2028 1717 2084 ibi
1753 2040 1959 2100 parate.
1987 2027 2192 2084 Enntcs

589 2133 793 2194 autem,
838 2125 1166 2182 invenerunt
1212 2128 1353 2180 sicut
1393 2123 1530 2179 dixit
1574 2123 1722 2190 illis,
1765 2133 1816 2178 et
1868 2131 2193 2192 paraverunt

591 2217 815 2287 pascha.
841 2215 912 2272 Et
940 2232 1064 2273 cum
1095 2216 1236 2274 facta
1277 2226 1425 2274 esset
1457 2216 1612 2280 hora,
1642 2215 1938 2281 discubuit,
1975 2223 2030 2270 et
2057 2214 2189 2269 duo-

591 2310 770 2367 decim
802 2311 1038 2382 apostoli
1089 2325 1213 2366 cum
1253 2326 1339 2366 eo.
1387 2309 1622 2383 [ccum
1658 2307 1770 2382 10.]
1813 2307 1881 2362 Et
1924 2309 2000 2362 ait
2036 2309 2186 2366 illis:

592 2405 878 2462 Desiderio
933 2404 1242 2461 desideravi
1290 2405 1396 2460 hoc
1455 2404 1656 2476 pascha
1711 2403 2039 2460 manducare
2097 2418 2194 2459 vo-

590 2498 823 2567 biscum,
874 2507 1166 2570 antequam
1227 2497 1419 2568 patiar.
1469 2497 1684 2570 [ccr.xv,
1731 2496 1812 2570 2.]
1861 2496 1997 2552 Dico
2047 2495 2190 2551 enim

589 2592 775 2661 vobis,
805 2591 928 2662 quia
961 2606 1034 2649 ex
1062 2591 1167 2647 hoc
1192 2607 1300 2647 non
1333 2591 1670 2647 manducabo
1700 2591 1850 2657 illud,
1891 2590 2064 2646 donec
2093 2591 2193 2645 im-

589 2686 808 2757 pleatur
831 2685 887 2742 in
916 2700 1086 2756 regno
1116 2685 1233 2742 Dei.
1268 2685 1338 2740 Et
1378 2694 1602 2755 accepto
1630 2683 1798 2740 calice
1826 2685 2029 2756 gratias
2058 2683 2188 2755 egit,

588 2789 646 2837 et
668 2780 811 2836 dixit
841 2798 854 2836 :
888 2780 1156 2851 Accipite,
1199 2787 1254 2836 et
1298 2779 1522 2845 dividite
1553 2781 1696 2834 inter
1723 2792 1839 2834 vos.
1883 2778 2016 2833 Dico
2045 2777 2188 2834 enim

590 2876 773 2943 vobis,
801 2875 945 2948 quod
978 2891 1085 2931 non
1116 2875 1296 2930 bibam
1336 2875 1404 2930 de
1437 2874 1788 2946 generatione
1827 2873 1983 2939 vitis,
2018 2873 2192 2928 donec

587 2982 816 3040 regnum
866 2969 962 3024 Dei
1006 2966 1211 3024 veniat.
1267 2966 1501 3040 [cem],
1539 2965 1613 3039 1.]
1666 2965 1734 3021 Et
1781 2974 2006 3036 accepto
2053 2980 2191 3035 pane

589 3061 795 3134 gratias
824 3062 935 3134 egit
959 3104 974 3129 ,
1003 3070 1060 3118 et
1088 3061 1270 3134 fregit,
1300 3071 1358 3118 et
1387 3060 1538 3118 dedit
1573 3061 1674 3128 eis,
1703 3061 1890 3117 dicens
1921 3079 1933 3115 :
1968 3061 2080 3117 Hoc
2109 3069 2192 3117 est

587 3170 790 3230 corpus
817 3173 1022 3223 meum,
1050 3157 1193 3228 quod
1237 3172 1336 3228 pro
1377 3157 1532 3212 vobis
1562 3155 1722 3211 datur
1752 3173 1767 3213 :
1801 3155 1904 3211 hoc
1943 3155 2105 3211 facite
2135 3156 2186 3210 in

2296 1939 2447 1993 illum
2487 1950 2542 1994 et
2584 1937 2857 2008 discipuli.
2889 1936 3144 2009 [cccxxx,
3180 1933 3262 2006 2.]
3292 1934 3359 1989 Et
3402 1948 3524 1988 cum
3560 1931 3901 2002 pervenisset

2295 2033 2362 2089 ad
2396 2033 2599 2099 locum,
2627 2031 2762 2086 dixit
2798 2030 2910 2086 illis
2945 2048 2958 2085 :
2991 2030 3178 2097 Orate,
3217 2043 3288 2084 ne
3317 2029 3535 2083 intretis
3565 2028 3616 2080 in
3646 2026 3900 2082 tentatio-

2293 2144 2441 2184 nem.
2477 2127 2746 2199 [cccxxsn
2787 2125 2863 2198 1.]
2897 2125 2964 2181 Et
2990 2127 3104 2195 ipse
3135 2125 3359 2180 avulsus
3400 2133 3486 2180 est
3515 2124 3582 2180 ab
3613 2127 3691 2178 eis
3720 2110 3898 2193 quan-

2295 2233 2410 2278 tum
2437 2221 2613 2292 jactus
2635 2229 2717 2276 est
2741 2219 2939 2290 lapidis
2969 2236 2980 2272 :
3014 2229 3066 2274 et
3090 2217 3280 2288 positis
3303 2217 3536 2289 genibus
3565 2216 3778 2283 orabat,
3812 2215 3904 2271 di-

2293 2332 2424 2374 cens
2459 2335 2470 2370 :
2499 2317 2688 2380 Pater,
2719 2316 2762 2370 si
2793 2315 2901 2380 vis,
2945 2313 3180 2369 transfer
3214 2313 3440 2368 calicem
3485 2312 3646 2367 istum
3687 2327 3716 2366 a
3761 2326 3853 2368 me
3884 2328 3900 2366 :

2296 2411 2590 2484 [ccx.xxx1r,
2622 2409 2699 2483 1.]
2733 2410 3122 2466 Verumtamen
3174 2424 3280 2466 non
3311 2424 3433 2464 mea
3475 2408 3757 2474 voluntas,
3800 2407 3900 2463 sed

2296 2515 2382 2560 tua
2411 2505 2526 2560 fiat.
2562 2505 2887 2576 [CCLxxxnt,
2917 2503 3030 2576 10.]
3063 2502 3325 2574 Apparuit
3359 2512 3542 2558 autem
3573 2502 3644 2556 illi
3674 2501 3901 2573 angelus

2293 2598 2362 2654 de
2388 2598 2552 2663 ratio,
2583 2598 2902 2653 confortans
2942 2612 3089 2652 eum.
3122 2597 3188 2651 Et
3217 2596 3392 2652 factus
3421 2597 3474 2651 in
3511 2596 3728 2666 agonia,
3770 2609 3902 2666 pro-

2295 2689 2454 2746 lixius
2482 2689 2695 2744 orabat.
2730 2689 2800 2745 Et
2829 2690 3006 2746 factus
3043 2700 3128 2745 est
3164 2689 3330 2744 sudor
3356 2688 3506 2759 ejus,
3546 2689 3689 2744 sicut
3727 2699 3900 2760 guttae

2294 2782 2572 2853 sanguinis
2617 2781 2972 2839 decurrentes
3013 2770 3065 2838 in
3108 2795 3330 2838 terram.
3366 2782 3678 2856 [CCLxxxtv,
3704 2781 3786 2854 2.]
3829 2782 3900 2836 Et

2294 2891 2416 2930 cum
2451 2875 2789 2931 surrexisset
2832 2875 2900 2932 ab
2932 2876 3200 2943 oratione,
3245 2886 3298 2932 ct
3328 2876 3583 2932 venisset
3622 2875 3688 2930 ad
3734 2875 3901 2930 disci-

2293 2969 2447 3040 pulos
2479 2983 2628 3037 suos,
2669 2969 2875 3024 invenit
2903 2983 2999 3024 eos
3030 2969 3368 3025 dormientes
3404 2984 3520 3040 pra:
3553 2968 3794 3024 tristitia.
3827 2968 3901 3024 Et

2292 3061 2370 3117 ait
2401 3063 2507 3118 illis
2531 3082 2544 3117 ε
2565 3063 2702 3130 Quid
2726 3064 3009 3119 dormitis?
3039 3065 3267 3135 surgite,
3298 3073 3474 3134 orate,
3497 3054 3569 3120 ne
3602 3065 3814 3120 intretis
3840 3064 3897 3119 in

2293 3158 2673 3214 tentationem.
2705 3158 2991 3232 [cccxxxv,
3025 3158 3104 3232 1.]
3137 3159 3331 3217 Adhuc
3361 3175 3427 3216 eo
3455 3159 3735 3229 loquente,
3763 3175 3900 3216 ecce

586 3265 763 3308 meam
804 3250 1401 3308 commemorationem.
1438 3250 1694 3323 [CCLXVII,
1719 3249 1802 3324 2.]
1840 3250 2107 3307 Similiter
2135 3261 2190 3307 ct
2215 3233 2261 3296 (ἶ
2297 3253 2454 3308 turba
2493 3263 2589 3309 :et
2635 3255 2723 3324 qui
2754 3253 3051 3309 vocabatur
3086 3253 3258 3309 Judas
3295 3269 3435 3310 unus
3469 3254 3538 3310 de
3579 3253 3896 3321 duodecim,

586 3343 839 3412 calicem,
889 3353 1172 3415 postquam
1212 3344 1466 3409 ccenavit,
1501 3343 1736 3400 dicens:
1772 3343 1869 3399 Hic
1917 3353 2002 3400 est
2049 3343 2187 3399 calix

589 3451 792 3494 novum
820 3446 1211 3496 testamentum
1233 3438 1288 3494 in
1316 3439 1578 3511 sanguine
1606 3453 1750 3507 meo,
1786 3438 1875 3509 qui
1909 3455 2004 3510 pro
2034 3438 2188 3494 vobis

593 3530 869 3586 fundetur.
924 3529 1213 3603 [ccuvm,
1259 3529 1341 3604 2.]
1393 3531 1772 3588 Verumtamen
1823 3546 1951 3587 ecce
1996 3544 2188 3586 manus

595 3624 854 3680 tradentis
884 3639 1221 3694 me,mecum
1246 3635 1330 3680 est
1358 3623 1644 3693 injmensa.
1677 3625 1744 3680 Et
1773 3624 1990 3696 quidem
2019 3623 2188 3680 Filius

593 3715 852 3786 hominis,
904 3717 1204 3774 secundum
1247 3717 1394 3789 quod
1424 3717 1706 3774 definitum
1739 3729 1842 3787 est,
1881 3719 2020 3774 vadit
2049 3736 2062 3773 :
2096 3735 2190 3775 ve-

589 3819 896 3868 rumtamen
917 3827 998 3867 vae
1020 3811 1226 3867 homini
1250 3812 1347 3877 illi,
1363 3826 1460 3883 per
1480 3828 1640 3884 quem
1661 3813 1920 3869 tradetur.
1948 3812 2182 3886 [ccum

592 3904 670 3977 1.]
703 3905 773 3961 Et
799 3905 902 3976 ipsi
926 3917 1216 3977 creperum
1237 3920 1488 3976 quaerere
1513 3906 1655 3962 inter
1682 3921 1764 3971 se,
1797 3907 1918 3977 quis
1949 3916 2094 3962 esset
2118 3923 2187 3963 ex

583 4000 688 4068 eis,
703 4000 796 4072 qui
813 3999 918 4058 hoe
945 4001 1188 4058 facturus
1201 4011 1368 4058 esset.
1393 4000 1605 4074 [cccxx,
1626 3999 1708 4073 2.]
1731 4001 1893 4057 Facta
1909 4009 2185 4058 estautem

586 4102 643 4150 et
670 4096 956 4153 contentio
1000 4094 1147 4150 inter
1176 4109 1294 4163 eos,
1339 4094 1466 4165 quis
1515 4109 1705 4151 eorum
1750 4093 2026 4150 videretur
2065 4109 2188 4150 esse

585 4189 780 4260 major.
814 4188 966 4245 Dixit
993 4199 1174 4247 autem
1206 4190 1287 4246 eis
1323 4211 1336 4246 :
1362 4188 1539 4260 Reges
1564 4188 1806 4259 gentium
1837 4187 2189 4244 dominantur

587 4297 779 4341 eorum
814 4291 914 4340 :et
942 4282 1036 4355 qui
1065 4292 1389 4354 potestatem
1424 4281 1626 4337 habent
1667 4296 1831 4352 super
1860 4297 1954 4338 eos
1975 4323 1991 4350 ,
2025 4282 2189 4339 bene-

588 4376 678 4434 flci
706 4385 997 4434 vocantur.
1028 4376 1138 4434 Vos
1167 4385 1351 4434 autem
1381 4391 1488 4432 non
1522 4376 1600 4432 sic
1627 4394 1638 4430 :
1662 4375 1760 4432 sed
1791 4376 1882 4448 qui
1902 4376 2079 4448 major
2105 4384 2189 4434 est

587 4471 644 4529 in
694 4473 872 4542 vobis,
921 4472 1016 4528 fiat
1064 4472 1207 4529 sicut
1240 4471 1469 4528 minor:
1509 4479 1564 4528 et
1606 4471 1696 4542 qui
1743 4485 2042 4543 praecessor
2081 4479 2185 4539 est,

582 4568 728 4627 sicut
757 4568 1122 4628 ministrator.
1157 4566 1396 4641 [cccxx],
1433 4566 1544 4640 10.]
1572 4565 1705 4622 Nam
1727 4567 1853 4638 quis
1877 4565 2052 4638 major
2081 4574 2186 4632 est,

2295 3345 2657 3402 antecedebat
2689 3361 2786 3400 eos
2812 3365 2823 3398 :
2851 3359 2904 3402 et
2932 3346 3390 3418 appropinquavit
3417 3345 3566 3415 Jesu,
3595 3355 3648 3402 ut
3679 3346 3902 3402 oscula-

2301 3450 2452 3497 retur
2491 3456 2637 3495 eum.
2689 3439 3008 3512 [ccuxxvr,
3050 3439 3132 3512 2.]
3163 3441 3324 3496 Jesus
3371 3450 3550 3496 autem
3589 3439 3728 3495 dixit
3767 3439 3850 3495 illi
3884 3459 3896 3494 :

2292 3533 2455 3600 Juda,
2488 3533 2672 3589 osculo
2705 3533 2900 3588 Filium
2944 3533 3181 3589 hominis
3223 3533 3431 3589 tradis?
3458 3534 3783 3607 [CCLXXXVI],
3815 3533 3901 3606 1.]

2291 3630 2553 3686 Videntes
2585 3641 2765 3686 autem
2793 3629 2870 3700 hi,
2905 3631 2996 3702 qui
3026 3631 3170 3686 circa
3200 3631 3377 3701 ipsum
3411 3638 3603 3696 erant,
3634 3629 3778 3701 quod
3809 3629 3903 3685 fu-

2293 3732 2470 3779 turum
2501 3733 2643 3789 erat,
2686 3723 2944 3779 dixerunt
2975 3723 3026 3778 ei
3057 3740 3070 3777 :
3100 3723 3352 3793 Domine,
3389 3724 3435 3778 si
3473 3724 3812 3794 percutimus
3844 3723 3900 3777 in

2290 3816 2515 3889 gladio?
2535 3818 2602 3872 Et
2629 3817 2906 3888 percussit
2941 3832 3078 3872 unus
3109 3832 3176 3872 ex
3217 3817 3329 3872 illis
3373 3832 3592 3874 servum
3636 3817 3903 3888 principis

2291 3910 2660 3992 sacerdotum,
2695 3919 2749 3967 et
2771 3911 3078 3981 amputavit
3113 3911 3411 3967 auriculam
3444 3910 3561 3982 ejus
3587 3910 3900 3968 dexteram.

2299 3995 2654 4077 ReSpondens
2695 4014 2876 4061 autem
2918 4005 3099 4075 Jesus,
3153 4006 3230 4060 ait
3267 4022 3280 4058 :
3321 4003 3496 4060 Sinite
3547 4019 3718 4075 usque
3767 4003 3900 4060 huc.

2294 4099 2640 4173 [ccr.xxxvm,
2683 4097 2799 4171 10.]
2838 4099 2907 4153 Et
2944 4114 3067 4154 cum
3114 4098 3379 4168 tetigisset
3413 4097 3710 4153 auriculam
3753 4097 3902 4167 ejus,

2290 4193 2502 4249 sanavit
2535 4207 2683 4248 eum.
2733 4191 3056 4265 [CCLxxxix,
3099 4189 3173 4262 1.]
3215 4191 3363 4247 Dixit
3407 4201 3593 4246 autem
3632 4190 3791 4246 Jesus
3828 4190 3904 4246 ad

2289 4300 2406 4353 eos,
2447 4286 2537 4354 qui
2569 4295 2837 4342 venerant
2876 4285 2942 4341 ad
2994 4301 3055 4341 se
3103 4285 3380 4356 principes
3422 4285 3802 4351 sacerdotum,
3846 4295 3905 4342 et

2290 4381 2637 4452 magistratus
2663 4380 2878 4452 templi,
2911 4389 2966 4436 et
2989 4380 3243 4437 seniores
3275 4398 3287 4434 :
3317 4378 3488 4449 Quasi
3529 4379 3593 4433 ad
3625 4379 3900 4434 latronem

2289 4474 2484 4531 existis
2528 4490 2650 4530 cum
2693 4473 2892 4546 gladiis
2938 4483 2992 4530 et
3032 4473 3298 4530 fustibus?
3340 4472 3473 4528 Cum
3516 4471 3756 4544 quotidie
3798 4487 3905 4528 vo-

2296 4565 2502 4625 biscum
2534 4567 2725 4625 fuerim
2772 4570 2828 4624 in
2869 4569 3094 4639 templo,
3129 4584 3233 4625 non
3270 4567 3589 4625 extendistis
3622 4581 3811 4623 manus
3841 4568 3899 4622 in

582 4662 682 4736 qui
713 4662 1006 4730 recumbit,
1035 4676 1103 4717 an
1143 4663 1236 4733 qui
1266 4659 1583 4717 ministrat?
1619 4673 1798 4735 nonne
1835 4659 1926 4731 qui
1966 4673 2184 4715 recum-
2214 4633 2271 4694 Ῑ)
2297 4677 2388 4718 me
2432 4680 2444 4715 :
2487 4662 2582 4718 sed
2630 4662 2750 4718 haec
2813 4670 2899 4717 est
2937 4662 3068 4718 hora
3126 4671 3326 4730 vestra,
3366 4671 3422 4718 et
3460 4671 3698 4732 potestas
3740 4670 3901 4717 tene-

584 4756 702 4814 bit?
733 4755 848 4829 Ego
889 4764 1074 4812 autem
1115 4754 1170 4810 in
1213 4754 1394 4811 medio
1441 4761 1682 4811 vestrum
1726 4767 1880 4818 sum,
1915 4753 2055 4808 sicut
2097 4752 2187 4823 qui

581 4849 886 4907 ministrat.
910 4848 1017 4904 Vos
1045 4855 1227 4903 autem
1259 4846 1414 4915 estis,
1442 4846 1536 4918 qui
1567 4845 1944 4918 permansistis
1971 4859 2183 4901 mecum

580 4940 640 4998 in
677 4940 1070 4997 tentationibus
1110 4938 1269 4996 meis.
1309 4939 1375 4996 Et
1419 4954 1520 5011 ego
1566 4938 1800 5010 dispono
1837 4938 1994 4995 vobis
2043 4939 2187 4994 sicut

582 5031 854 5106 disposuit
874 5031 1010 5091 mihi
1040 5033 1203 5090 Pater
1231 5047 1387 5088 meus
1417 5046 1672 5103 regnum,
1707 5038 1771 5085 ut
1798 5029 1996 5098 edatis,
2029 5041 2080 5086 et
2102 5031 2185 5087 bi-

582 5127 725 5186 batis
751 5142 918 5199 super
943 5143 1188 5184 mensam
1216 5141 1394 5184 meam
1433 5127 1486 5182 in
1514 5142 1684 5198 regno
1711 5125 1740 5164 ιι
1766 5141 1891 5181 meo
1923 5125 2178 5198 [cc'.xxtt,

583 5220 666 5296 5.]
698 5229 755 5280 et
795 5223 1036 5280 sedeatis
1066 5238 1233 5295 super
1281 5222 1511 5278 thronos
1537 5221 1845 5292 judicantes
1889 5221 2177 5277 duodecim

587 5316 763 5373 tribus
807 5317 994 5374 lsrael.
1041 5317 1468 5391 [CCLXXIII,10.]
1518 5318 1609 5373 Ait
1642 5325 1822 5372 autem
1869 5307 2129 5372 Dominus
2167 5333 2182 5372 :

583 5407 799 5478 Simon,
833 5409 1045 5477 Simon,
1081 5427 1211 5470 ecce
1252 5411 1483 5469 Satanas
1510 5408 1772 5480 expetivit
1815 5424 1931 5475 vos,
1975 5418 2030 5464 ut
2069 5408 2182 5464 cri-

585 5501 775 5560 braret
814 5504 956 5560 sicut
988 5505 1251 5562 triticum.
1277 5504 1392 5576 Ego
1430 5513 1616 5560 autem
1659 5502 1844 5575 rogavi
1889 5518 1988 5573 pro
2021 5511 2097 5572 te,
2128 5511 2188 5558 ut

585 5610 696 5653 non
724 5595 940 5654 deficiat
964 5597 1099 5654 fides
1125 5608 1213 5654 tua
1247 5615 1260 5652 :
1293 5597 1574 5671 [eccum
1607 5594 1686 5669 9.]
1719 5604 1775 5652 et
1809 5604 1864 5652 tu
1893 5595 2186 5666 aliquando

660 5745 688 5776 ει
713 5737 795 5794 Ad
826 5737 1074 5795 Graecum
1097 5737 1376 5807 exemplar
1406 5737 1577 5804 αὐτὸν,
1602 5735 1774 5792 nostri
1801 5745 2016 5804 quoque
2040 5745 2176 5807 _mss.

583 5823 726 5883 eum,
756 5825 855 5883 pro
882 5808 1064 5866 Jesnm
1084 5803 1402 5883 praeferunt,
1431 5803 1574 5878 quod
1599 5822 1898 5883 pronomen
1929 5809 1986 5858 in
2006 5803 2181 5883 altero

586 5872 810 5956 Reginae
832 5883 1068 5942 secunda
1086 5872 1398 5952 repositum
1425 5872 1511 5937 est
1539 5872 1722 5937 manu.
1751 5881 1873 5937 Mox
1903 5889 2003 5948 pro
2032 5872 2181 5932 [sca-

2297 4754 2544 4810 brarum.
2589 4754 2777 4827 [ccxc,
2828 4753 2906 4828 1.]
2939 4754 3481 4824 Comprehendentes
3513 4763 3693 4809 autem
3741 4768 3898 4819 eum,

2295 4847 2568 4904 duxerunt
2586 4848 2653 4902 ad
2681 4846 2900 4902 domum
2922 4847 3183 4918 principis
3199 4846 3543 4903 sacerdotum
3569 4845 3792 4920 :[ccxcr.
3815 4847 3843 4901 1
3859 4847 3898 4919 .]

2293 4940 2488 4998 Petrus
2519 4955 2651 4996 vero
2678 4940 3011 5011 sequebatur
3033 4955 3064 4995 a
3092 4941 3271 5012 longe.
3297 4942 3542 4998 Accenso
3565 4950 3744 4994 autem
3771 4939 3900 5010 igne

2293 5033 2348 5088 in
2378 5031 2561 5088 medio
2589 5033 2739 5099 atrii,
2767 5043 2821 5088 et
2845 5032 3369 5089 circumsedentibus
3392 5031 3520 5098 illis,
3555 5041 3672 5087 erat
3699 5033 3898 5089 Petrus

2289 5126 2344 5182 in
2373 5126 2554 5183 medio
2583 5142 2791 5182 eorum.
2820 5119 2994 5192 Quem
3022 5140 3143 5180 cum
3169 5124 3392 5180 vidisset
3413 5125 3613 5181 ancilla
3641 5123 3894 5195 quaedam

2288 5220 2568 5278 sedentem
2592 5221 2658 5277 ad
2687 5221 2894 5289 lumen,
2921 5229 2976 5277 ct
2996 5236 3118 5277 eum
3150 5220 3346 5276 fuisset
3374 5221 3588 5287 intuita,
3614 5219 3749 5274 dixit
3779 5236 3792 5272 :
3823 5218 3895 5274 Et

2289 5313 2380 5370 hic
2403 5330 2526 5371 cum
2560 5314 2651 5370 illo
2683 5314 2833 5370 erat?
2861 5316 2930 5370 At
2962 5313 3052 5370 ille
3081 5315 3300 5386 negavit
3325 5329 3480 5380 eum,
3517 5312 3702 5368 dicens
3735 5329 3747 5364 :
3777 5311 3894 5365 Mu-

2291 5407 2413 5477 lier,
2447 5424 2554 5463 non
2593 5409 2722 5464 novi
2765 5407 2939 5463 illum.
2996 5407 3210 5480 [ccxcu,
3257 5407 3334 5480 1.]
3372 5407 3440 5462 Et
3479 5414 3601 5478 post
3639 5404 3891 5476 pusillum

2293 5502 2432 5557 alius
2479 5500 2673 5557 videns
2719 5517 2866 5566 eum,
2911 5500 3186 5557 dixitzEt
3222 5509 3278 5556 tu
3322 5501 3389 5558 de
3426 5499 3533 5556 illis
3571 5500 3662 5556 es?
3698 5498 3890 5554 Petrus

2293 5610 2425 5652 vero
2473 5595 2546 5649 ait
2583 5613 2596 5649 :
2631 5594 2677 5650 Ο
2707 5594 2893 5660 homo,
2949 5609 3056 5650 non
3105 5610 3246 5650 sum.
3296 5594 3364 5650 Et
3414 5592 3704 5650 intervallo
3745 5592 3888 5646 facto

2288 5734 2471 5806 rietes,
2507 5733 2758 5790 Scarioth
2789 5735 2856 5791 de
2883 5749 3033 5790 more
3060 5748 3253 5791 omnes
3283 5735 3491 5806 legunt.

2360 5805 2388 5844 δ
2421 5805 2574 5862 Unus
2604 5805 2898 5862 Vaticanus
2923 5821 3223 5877 pronomen
3244 5799 3376 5872 mea,
3407 5805 3551 5874 quod
3577 5805 3632 5862 in
3660 5799 3885 5875 reliquis

2288 5883 2467 5936 tamen
2496 5888 2584 5936 est
2607 5877 2787 5949 libris,
2813 5879 2985 5941 altero
3011 5881 3116 5937 hoc
3137 5879 3260 5937 loco
3290 5879 3504 5937 reticet.
