  <div class='ocr_page' id='page_1' title='image "/cluster/home/n/w/nwhite01/storage/ocr_20150623/29/hvd.32044015471428/330.png"; bbox 0 0 4166 6336; ppageno 0'>
   <div class='ocr_carea' id='block_1_1' title="bbox 372 364 481 420">
    <p class='ocr_par' dir='ltr' id='par_1_1' title="bbox 372 364 481 420">
     <span class='ocr_line' id='line_1_1' title="bbox 372 364 481 420; baseline -0.009 0"><span class='ocrx_word' id='word_1_1' title='bbox 372 364 481 420; x_wconf 59' lang='grc'><strong>619</strong></span> 
     </span>
    </p>
   </div>
   <div class='ocr_carea' id='block_1_2' title="bbox 1441 372 2607 442">
    <p class='ocr_par' dir='ltr' id='par_1_2' title="bbox 1441 372 2607 442">
     <span class='ocr_line' id='line_1_2' title="bbox 1441 372 2607 442; baseline 0.01 -12"><span class='ocrx_word' id='word_1_2' title='bbox 1441 372 1897 436; x_wconf 75' lang='lat' dir='ltr'><strong>EVANGELIUM</strong></span> <span class='ocrx_word' id='word_1_3' title='bbox 1936 377 2310 440; x_wconf 74' lang='lat' dir='ltr'><strong>SECUNDUM</strong></span> <span class='ocrx_word' id='word_1_4' title='bbox 2348 382 2607 442; x_wconf 79' lang='lat' dir='ltr'><strong>LUCAM.</strong></span> 
     </span>
    </p>
   </div>
   <div class='ocr_carea' id='block_1_3' title="bbox 3568 401 3672 462">
    <p class='ocr_par' dir='ltr' id='par_1_3' title="bbox 3568 401 3672 462">
     <span class='ocr_line' id='line_1_3' title="bbox 3568 401 3672 462; baseline 0.019 -3"><span class='ocrx_word' id='word_1_5' title='bbox 3568 401 3672 462; x_wconf 79' lang='lat'><strong>650</strong></span> 
     </span>
    </p>
   </div>
   <div class='ocr_carea' id='block_1_4' title="bbox 371 480 3667 575">
    <p class='ocr_par' dir='ltr' id='par_1_4' title="bbox 371 480 3667 575">
     <span class='ocr_line' id='line_1_4' title="bbox 371 480 3667 575; baseline 0.012 -41"><span class='ocrx_word' id='word_1_6' title='bbox 371 481 529 551; x_wconf 88' lang='lat' dir='ltr'><strong>quasi</strong></span> <span class='ocrx_word' id='word_1_7' title='bbox 554 480 709 537; x_wconf 84' lang='lat' dir='ltr'><strong>horae</strong></span> <span class='ocrx_word' id='word_1_8' title='bbox 740 483 920 550; x_wconf 93' lang='lat' dir='ltr'><strong>unius,</strong></span> <span class='ocrx_word' id='word_1_9' title='bbox 949 483 1087 541; x_wconf 90' lang='lat' dir='ltr'><strong>alius</strong></span> <span class='ocrx_word' id='word_1_10' title='bbox 1121 486 1339 557; x_wconf 90' lang='lat' dir='ltr'><strong>quidam</strong></span> <span class='ocrx_word' id='word_1_11' title='bbox 1366 488 1706 559; x_wconf 83' lang='lat' dir='ltr'><strong>afﬁrmabat,</strong></span> <span class='ocrx_word' id='word_1_12' title='bbox 1739 492 1928 550; x_wconf 90' lang='lat' dir='ltr'><strong>dicens</strong></span> <span class='ocrx_word' id='word_1_13' title='bbox 1956 512 1969 551; x_wconf 92' lang='lat'><strong>:</strong></span> <span class='ocrx_word' id='word_1_14' title='bbox 1999 498 2055 560; x_wconf 77' lang='grc' dir='ltr'><strong>Α</strong></span> <span class='ocrx_word' id='word_1_15' title='bbox 2078 505 2135 552; x_wconf 91' lang='lat' dir='ltr'><strong>et</strong></span> <span class='ocrx_word' id='word_1_16' title='bbox 2172 511 2297 554; x_wconf 91' lang='lat' dir='ltr'><strong>ecce</strong></span> <span class='ocrx_word' id='word_1_17' title='bbox 2340 498 2474 555; x_wconf 86' lang='lat' dir='ltr'><strong>nihil</strong></span> <span class='ocrx_word' id='word_1_18' title='bbox 2503 501 2725 573; x_wconf 90' lang='lat' dir='ltr'><strong>dignum</strong></span> <span class='ocrx_word' id='word_1_19' title='bbox 2756 512 2929 561; x_wconf 92' lang='lat' dir='ltr'><strong>morte</strong></span> <span class='ocrx_word' id='word_1_20' title='bbox 2956 517 3135 564; x_wconf 89' lang='lat' dir='ltr'><strong>actum</strong></span> <span class='ocrx_word' id='word_1_21' title='bbox 3158 520 3239 567; x_wconf 91' lang='lat' dir='ltr'><strong>est</strong></span> <span class='ocrx_word' id='word_1_22' title='bbox 3261 514 3331 568; x_wconf 90' lang='lat' dir='ltr'><strong>ei.</strong></span> <span class='ocrx_word' id='word_1_23' title='bbox 3394 513 3667 575; x_wconf 85' lang='lat' dir='ltr'><strong>Emenda-</strong></span> 
     </span>
    </p>
   </div>
   <div class='ocr_carea' id='block_1_5' title="bbox 375 576 1973 645">
    <p class='ocr_par' dir='ltr' id='par_1_5' title="bbox 375 576 1973 645">
     <span class='ocr_line' id='line_1_5' title="bbox 375 576 1973 645; baseline 0.011 -17"><span class='ocrx_word' id='word_1_24' title='bbox 375 576 517 633; x_wconf 84' lang='lat' dir='ltr'><strong>Vere</strong></span> <span class='ocrx_word' id='word_1_25' title='bbox 542 584 600 633; x_wconf 92' lang='lat' dir='ltr'><strong>et</strong></span> <span class='ocrx_word' id='word_1_26' title='bbox 629 576 719 634; x_wconf 91' lang='lat' dir='ltr'><strong>hic</strong></span> <span class='ocrx_word' id='word_1_27' title='bbox 749 593 870 635; x_wconf 92' lang='lat' dir='ltr'><strong>cum</strong></span> <span class='ocrx_word' id='word_1_28' title='bbox 903 579 999 638; x_wconf 93' lang='lat' dir='ltr'><strong>illo</strong></span> <span class='ocrx_word' id='word_1_29' title='bbox 1030 592 1146 637; x_wconf 90' lang='lat' dir='ltr'><strong>erat</strong></span> <span class='ocrx_word' id='word_1_30' title='bbox 1176 596 1191 637; x_wconf 91' lang='lat'><strong>:</strong></span> <span class='ocrx_word' id='word_1_31' title='bbox 1222 598 1347 639; x_wconf 92' lang='lat' dir='ltr'><strong>nam</strong></span> <span class='ocrx_word' id='word_1_32' title='bbox 1387 594 1443 641; x_wconf 92' lang='lat' dir='ltr'><strong>et</strong></span> <span class='ocrx_word' id='word_1_33' title='bbox 1476 585 1734 643; x_wconf 83' lang='lat' dir='ltr'><strong>Galilaeus</strong></span> <span class='ocrx_word' id='word_1_34' title='bbox 1763 598 1866 643; x_wconf 90' lang='lat' dir='ltr'><strong>est.</strong></span> <span class='ocrx_word' id='word_1_35' title='bbox 1908 589 1973 645; x_wconf 89' lang='lat' dir='ltr'><strong>Et</strong></span> 
     </span>
    </p>
   </div>
   <div class='ocr_carea' id='block_1_6' title="bbox 370 669 1974 747">
    <p class='ocr_par' dir='ltr' id='par_1_6' title="bbox 370 669 1974 747">
     <span class='ocr_line' id='line_1_6' title="bbox 370 669 1974 747; baseline 0.009 -24"><span class='ocrx_word' id='word_1_36' title='bbox 370 669 449 725; x_wconf 91' lang='lat' dir='ltr'><strong>ait</strong></span> <span class='ocrx_word' id='word_1_37' title='bbox 500 669 697 727; x_wconf 86' lang='lat' dir='ltr'><strong>Petrus</strong></span> <span class='ocrx_word' id='word_1_38' title='bbox 726 689 739 726; x_wconf 92' lang='lat'><strong>:</strong></span> <span class='ocrx_word' id='word_1_39' title='bbox 772 672 969 741; x_wconf 88' lang='lat' dir='ltr'><strong>Homo,</strong></span> <span class='ocrx_word' id='word_1_40' title='bbox 992 676 1181 731; x_wconf 91' lang='lat' dir='ltr'><strong>nescio</strong></span> <span class='ocrx_word' id='word_1_41' title='bbox 1229 678 1358 747; x_wconf 92' lang='lat' dir='ltr'><strong>quid</strong></span> <span class='ocrx_word' id='word_1_42' title='bbox 1406 678 1564 734; x_wconf 91' lang='lat' dir='ltr'><strong>dicis.</strong></span> <span class='ocrx_word' id='word_1_43' title='bbox 1607 680 1676 736; x_wconf 89' lang='lat' dir='ltr'><strong>Et</strong></span> <span class='ocrx_word' id='word_1_44' title='bbox 1715 683 1974 737; x_wconf 90' lang='lat' dir='ltr'><strong>continuo</strong></span> 
     </span>
    </p>
   </div>
   <div class='ocr_carea' id='block_1_7' title="bbox 373 761 1975 848">
    <p class='ocr_par' dir='ltr' id='par_1_7' title="bbox 373 761 1975 848">
     <span class='ocr_line' id='line_1_7' title="bbox 373 761 1975 848; baseline 0.009 -32"><span class='ocrx_word' id='word_1_45' title='bbox 373 761 551 819; x_wconf 87' lang='lat' dir='ltr'><strong>adhuc</strong></span> <span class='ocrx_word' id='word_1_46' title='bbox 574 764 674 821; x_wconf 90' lang='lat' dir='ltr'><strong>illo</strong></span> <span class='ocrx_word' id='word_1_47' title='bbox 699 766 962 837; x_wconf 90' lang='lat' dir='ltr'><strong>loquente</strong></span> <span class='ocrx_word' id='word_1_48' title='bbox 988 768 1232 825; x_wconf 89' lang='lat' dir='ltr'><strong>cantavit</strong></span> <span class='ocrx_word' id='word_1_49' title='bbox 1270 772 1471 841; x_wconf 83' lang='lat' dir='ltr'><strong>gallus.</strong></span> <span class='ocrx_word' id='word_1_50' title='bbox 1526 770 1764 845; x_wconf 84' lang='lat' dir='ltr'><strong>[ccxcnt,</strong></span> <span class='ocrx_word' id='word_1_51' title='bbox 1796 774 1879 848; x_wconf 88' lang='lat'><strong>2.]</strong></span> <span class='ocrx_word' id='word_1_52' title='bbox 1906 776 1975 835; x_wconf 77' lang='lat' dir='ltr'><strong>Et</strong></span> 
     </span>
    </p>
   </div>
   <div class='ocr_carea' id='block_1_8' title="bbox 371 861 1975 935">
    <p class='ocr_par' dir='ltr' id='par_1_8' title="bbox 371 861 1975 935">
     <span class='ocr_line' id='line_1_8' title="bbox 371 861 1975 935; baseline 0.007 -21"><span class='ocrx_word' id='word_1_53' title='bbox 371 873 677 918; x_wconf 88' lang='lat' dir='ltr'><strong>conversus</strong></span> <span class='ocrx_word' id='word_1_54' title='bbox 705 861 973 920; x_wconf 88' lang='lat' dir='ltr'><strong>Dominus</strong></span> <span class='ocrx_word' id='word_1_55' title='bbox 1010 866 1252 935; x_wconf 86' lang='lat' dir='ltr'><strong>respexit</strong></span> <span class='ocrx_word' id='word_1_56' title='bbox 1280 866 1523 922; x_wconf 87' lang='lat' dir='ltr'><strong>Petrum.</strong></span> <span class='ocrx_word' id='word_1_57' title='bbox 1564 868 1631 923; x_wconf 86' lang='lat' dir='ltr'><strong>Et</strong></span> <span class='ocrx_word' id='word_1_58' title='bbox 1658 870 1975 925; x_wconf 85' lang='lat' dir='ltr'><strong>recordatus</strong></span> 
     </span>
    </p>
   </div>
   <div class='ocr_carea' id='block_1_9' title="bbox 369 954 1975 1034">
    <p class='ocr_par' dir='ltr' id='par_1_9' title="bbox 369 954 1975 1034">
     <span class='ocr_line' id='line_1_9' title="bbox 369 954 1975 1034; baseline 0.007 -24"><span class='ocrx_word' id='word_1_59' title='bbox 369 962 457 1011; x_wconf 88' lang='lat' dir='ltr'><strong>est</strong></span> <span class='ocrx_word' id='word_1_60' title='bbox 484 954 679 1013; x_wconf 85' lang='lat' dir='ltr'><strong>Petrus</strong></span> <span class='ocrx_word' id='word_1_61' title='bbox 716 957 873 1014; x_wconf 88' lang='lat' dir='ltr'><strong>verbi</strong></span> <span class='ocrx_word' id='word_1_62' title='bbox 911 958 1149 1029; x_wconf 88' lang='lat' dir='ltr'><strong>Domini,</strong></span> <span class='ocrx_word' id='word_1_63' title='bbox 1191 963 1333 1017; x_wconf 90' lang='lat' dir='ltr'><strong>sicut</strong></span> <span class='ocrx_word' id='word_1_64' title='bbox 1377 962 1629 1019; x_wconf 83' lang='lat' dir='ltr'><strong>dixerat:</strong></span> <span class='ocrx_word' id='word_1_65' title='bbox 1663 966 1796 1032; x_wconf 82' lang='lat' dir='ltr'><strong>Quia</strong></span> <span class='ocrx_word' id='word_1_66' title='bbox 1826 966 1975 1034; x_wconf 87' lang='lat' dir='ltr'><strong>prius</strong></span> 
     </span>
    </p>
   </div>
   <div class='ocr_carea' id='block_1_10' title="bbox 369 1049 1973 1129">
    <p class='ocr_par' dir='ltr' id='par_1_10' title="bbox 369 1049 1973 1129">
     <span class='ocr_line' id='line_1_10' title="bbox 369 1049 1973 1129; baseline 0.006 -26"><span class='ocrx_word' id='word_1_67' title='bbox 369 1063 535 1119; x_wconf 88' lang='lat' dir='ltr'><strong>quam</strong></span> <span class='ocrx_word' id='word_1_68' title='bbox 584 1049 761 1121; x_wconf 81' lang='lat' dir='ltr'><strong>gallus</strong></span> <span class='ocrx_word' id='word_1_69' title='bbox 806 1062 1009 1122; x_wconf 87' lang='lat' dir='ltr'><strong>cantet,</strong></span> <span class='ocrx_word' id='word_1_70' title='bbox 1062 1062 1144 1109; x_wconf 92' lang='lat' dir='ltr'><strong>ter</strong></span> <span class='ocrx_word' id='word_1_71' title='bbox 1174 1070 1259 1110; x_wconf 91' lang='lat' dir='ltr'><strong>me</strong></span> <span class='ocrx_word' id='word_1_72' title='bbox 1296 1056 1521 1127; x_wconf 83' lang='lat' dir='ltr'><strong>negabis</strong></span> <span class='ocrx_word' id='word_1_73' title='bbox 1562 1072 1578 1112; x_wconf 87' lang='lat'><strong>:</strong></span> <span class='ocrx_word' id='word_1_74' title='bbox 1621 1057 1691 1112; x_wconf 87' lang='lat' dir='ltr'><strong>Et</strong></span> <span class='ocrx_word' id='word_1_75' title='bbox 1722 1073 1973 1129; x_wconf 83' lang='lat' dir='ltr'><strong>egressus</strong></span> 
     </span>
    </p>
   </div>
   <div class='ocr_carea' id='block_1_11' title="bbox 372 1142 1976 1222">
    <p class='ocr_par' dir='ltr' id='par_1_11' title="bbox 372 1142 1976 1222">
     <span class='ocr_line' id='line_1_11' title="bbox 372 1142 1976 1222; baseline 0.007 -25"><span class='ocrx_word' id='word_1_76' title='bbox 372 1142 523 1198; x_wconf 78' lang='lat' dir='ltr'><strong>foras</strong></span> <span class='ocrx_word' id='word_1_77' title='bbox 554 1143 749 1201; x_wconf 88' lang='lat' dir='ltr'><strong>Petrus</strong></span> <span class='ocrx_word' id='word_1_78' title='bbox 777 1145 927 1202; x_wconf 84' lang='lat' dir='ltr'><strong>ﬂevit</strong></span> <span class='ocrx_word' id='word_1_79' title='bbox 953 1162 1156 1204; x_wconf 90' lang='lat' dir='ltr'><strong>amare.</strong></span> <span class='ocrx_word' id='word_1_80' title='bbox 1192 1149 1519 1222; x_wconf 72' lang='lat' dir='ltr'><strong>[ccxcrv,1.]</strong></span> <span class='ocrx_word' id='word_1_81' title='bbox 1550 1151 1617 1206; x_wconf 90' lang='lat' dir='ltr'><strong>Et</strong></span> <span class='ocrx_word' id='word_1_82' title='bbox 1643 1152 1743 1207; x_wconf 90' lang='lat' dir='ltr'><strong>viri</strong></span> <span class='ocrx_word' id='word_1_83' title='bbox 1774 1152 1863 1222; x_wconf 87' lang='lat' dir='ltr'><strong>qui</strong></span> <span class='ocrx_word' id='word_1_84' title='bbox 1893 1160 1976 1208; x_wconf 86' lang='lat' dir='ltr'><strong>te-</strong></span> 
     </span>
    </p>
   </div>
   <div class='ocr_carea' id='block_1_12' title="bbox 376 1234 1975 1309">
    <p class='ocr_par' dir='ltr' id='par_1_12' title="bbox 376 1234 1975 1309">
     <span class='ocr_line' id='line_1_12' title="bbox 376 1234 1975 1309; baseline 0.006 -21"><span class='ocrx_word' id='word_1_85' title='bbox 376 1234 580 1293; x_wconf 90' lang='lat' dir='ltr'><strong>nebant</strong></span> <span class='ocrx_word' id='word_1_86' title='bbox 603 1236 775 1305; x_wconf 92' lang='lat' dir='ltr'><strong>illum,</strong></span> <span class='ocrx_word' id='word_1_87' title='bbox 806 1237 1103 1294; x_wconf 88' lang='lat' dir='ltr'><strong>illudebant</strong></span> <span class='ocrx_word' id='word_1_88' title='bbox 1130 1239 1203 1309; x_wconf 89' lang='lat' dir='ltr'><strong>ei,</strong></span> <span class='ocrx_word' id='word_1_89' title='bbox 1235 1240 1526 1297; x_wconf 63' lang='lat' dir='ltr'><strong>caedentes.</strong></span> <span class='ocrx_word' id='word_1_90' title='bbox 1561 1243 1629 1296; x_wconf 88' lang='lat' dir='ltr'><strong>Et</strong></span> <span class='ocrx_word' id='word_1_91' title='bbox 1655 1242 1975 1298; x_wconf 86' lang='lat' dir='ltr'><strong>velaverunt</strong></span> 
     </span>
    </p>
   </div>
   <div class='ocr_carea' id='block_1_13' title="bbox 373 1330 1975 1405">
    <p class='ocr_par' dir='ltr' id='par_1_13' title="bbox 373 1330 1975 1405">
     <span class='ocr_line' id='line_1_13' title="bbox 373 1330 1975 1405; baseline 0.003 -21"><span class='ocrx_word' id='word_1_92' title='bbox 373 1343 524 1398; x_wconf 89' lang='lat' dir='ltr'><strong>eum,</strong></span> <span class='ocrx_word' id='word_1_93' title='bbox 556 1338 611 1385; x_wconf 89' lang='lat' dir='ltr'><strong>et</strong></span> <span class='ocrx_word' id='word_1_94' title='bbox 640 1330 1014 1401; x_wconf 89' lang='lat' dir='ltr'><strong>percutiebant</strong></span> <span class='ocrx_word' id='word_1_95' title='bbox 1040 1331 1235 1389; x_wconf 75' lang='lat' dir='ltr'><strong>faciem</strong></span> <span class='ocrx_word' id='word_1_96' title='bbox 1276 1336 1393 1403; x_wconf 86' lang='lat' dir='ltr'><strong>ejus</strong></span> <span class='ocrx_word' id='word_1_97' title='bbox 1430 1354 1440 1387; x_wconf 85' lang='lat'><strong>:</strong></span> <span class='ocrx_word' id='word_1_98' title='bbox 1475 1344 1529 1391; x_wconf 90' lang='lat' dir='ltr'><strong>et</strong></span> <span class='ocrx_word' id='word_1_99' title='bbox 1571 1335 1975 1405; x_wconf 80' lang='lat' dir='ltr'><strong>interrogabant</strong></span> 
     </span>
    </p>
   </div>
   <div class='ocr_carea' id='block_1_14' title="bbox 371 1424 1972 1499">
    <p class='ocr_par' dir='ltr' id='par_1_14' title="bbox 371 1424 1972 1499">
     <span class='ocr_line' id='line_1_14' title="bbox 371 1424 1972 1499; baseline 0.002 -20"><span class='ocrx_word' id='word_1_100' title='bbox 371 1437 522 1489; x_wconf 86' lang='lat' dir='ltr'><strong>eum,</strong></span> <span class='ocrx_word' id='word_1_101' title='bbox 553 1424 802 1481; x_wconf 87' lang='lat' dir='ltr'><strong>dicentes</strong></span> <span class='ocrx_word' id='word_1_102' title='bbox 829 1441 843 1479; x_wconf 91' lang='lat'><strong>:</strong></span> <span class='ocrx_word' id='word_1_103' title='bbox 874 1424 1225 1496; x_wconf 88' lang='lat' dir='ltr'><strong>Prophetiza,</strong></span> <span class='ocrx_word' id='word_1_104' title='bbox 1259 1428 1380 1497; x_wconf 91' lang='lat' dir='ltr'><strong>quis</strong></span> <span class='ocrx_word' id='word_1_105' title='bbox 1408 1437 1515 1495; x_wconf 91' lang='lat' dir='ltr'><strong>est,</strong></span> <span class='ocrx_word' id='word_1_106' title='bbox 1549 1432 1641 1499; x_wconf 90' lang='lat' dir='ltr'><strong>qui</strong></span> <span class='ocrx_word' id='word_1_107' title='bbox 1668 1440 1720 1485; x_wconf 90' lang='lat' dir='ltr'><strong>te</strong></span> <span class='ocrx_word' id='word_1_108' title='bbox 1751 1442 1972 1498; x_wconf 81' lang='lat' dir='ltr'><strong>percus-</strong></span> 
     </span>
    </p>
   </div>
   <div class='ocr_carea' id='block_1_15' title="bbox 370 1514 1970 1589">
    <p class='ocr_par' dir='ltr' id='par_1_15' title="bbox 370 1514 1970 1589">
     <span class='ocr_line' id='line_1_15' title="bbox 370 1514 1970 1589; baseline 0.003 -18"><span class='ocrx_word' id='word_1_109' title='bbox 370 1516 485 1571; x_wconf 91' lang='lat' dir='ltr'><strong>sit?</strong></span> <span class='ocrx_word' id='word_1_110' title='bbox 511 1514 585 1573; x_wconf 86' lang='lat' dir='ltr'><strong>Et</strong></span> <span class='ocrx_word' id='word_1_111' title='bbox 609 1517 716 1573; x_wconf 90' lang='lat' dir='ltr'><strong>alia</strong></span> <span class='ocrx_word' id='word_1_112' title='bbox 740 1516 907 1572; x_wconf 90' lang='lat' dir='ltr'><strong>multa</strong></span> <span class='ocrx_word' id='word_1_113' title='bbox 942 1517 1388 1589; x_wconf 87' lang='lat' dir='ltr'><strong>blasphemantes</strong></span> <span class='ocrx_word' id='word_1_114' title='bbox 1432 1520 1688 1576; x_wconf 88' lang='lat' dir='ltr'><strong>dicebant</strong></span> <span class='ocrx_word' id='word_1_115' title='bbox 1726 1522 1779 1575; x_wconf 93' lang='lat' dir='ltr'><strong>in</strong></span> <span class='ocrx_word' id='word_1_116' title='bbox 1825 1536 1970 1577; x_wconf 68' lang='lat' dir='ltr'><strong>eum:</strong></span> 
     </span>
    </p>
   </div>
   <div class='ocr_carea' id='block_1_16' title="bbox 368 1608 1976 1682">
    <p class='ocr_par' dir='ltr' id='par_1_16' title="bbox 368 1608 1976 1682">
     <span class='ocr_line' id='line_1_16' title="bbox 368 1608 1976 1682; baseline 0.002 -17"><span class='ocrx_word' id='word_1_117' title='bbox 368 1609 586 1682; x_wconf 60' lang='grc' dir='ltr'><strong>μειοῖ,</strong></span> <span class='ocrx_word' id='word_1_118' title='bbox 612 1608 695 1682; x_wconf 85' lang='grc'><strong>2.]</strong></span> <span class='ocrx_word' id='word_1_119' title='bbox 722 1610 791 1665; x_wconf 83' lang='grc' dir='ltr'><strong>Ει</strong></span> <span class='ocrx_word' id='word_1_120' title='bbox 814 1618 875 1665; x_wconf 84' lang='grc' dir='ltr'><strong>ιιι</strong></span> <span class='ocrx_word' id='word_1_121' title='bbox 899 1608 1075 1666; x_wconf 82' lang='lat' dir='ltr'><strong>factus</strong></span> <span class='ocrx_word' id='word_1_122' title='bbox 1102 1622 1184 1667; x_wconf 92' lang='lat' dir='ltr'><strong>est</strong></span> <span class='ocrx_word' id='word_1_123' title='bbox 1212 1612 1353 1678; x_wconf 90' lang='lat' dir='ltr'><strong>dies,</strong></span> <span class='ocrx_word' id='word_1_124' title='bbox 1383 1621 1758 1670; x_wconf 85' lang='lat' dir='ltr'><strong>convenerunt</strong></span> <span class='ocrx_word' id='word_1_125' title='bbox 1794 1614 1976 1670; x_wconf 86' lang='lat' dir='ltr'><strong>senio-</strong></span> 
     </span>
    </p>
   </div>
   <div class='ocr_carea' id='block_1_17' title="bbox 369 1701 1976 1775">
    <p class='ocr_par' dir='ltr' id='par_1_17' title="bbox 369 1701 1976 1775">
     <span class='ocr_line' id='line_1_17' title="bbox 369 1701 1976 1775; baseline 0.003 -19"><span class='ocrx_word' id='word_1_126' title='bbox 369 1716 461 1758; x_wconf 88' lang='lat' dir='ltr'><strong>res</strong></span> <span class='ocrx_word' id='word_1_127' title='bbox 492 1701 694 1772; x_wconf 89' lang='lat' dir='ltr'><strong>plebis,</strong></span> <span class='ocrx_word' id='word_1_128' title='bbox 726 1711 783 1759; x_wconf 93' lang='lat' dir='ltr'><strong>et</strong></span> <span class='ocrx_word' id='word_1_129' title='bbox 826 1702 1100 1775; x_wconf 87' lang='lat' dir='ltr'><strong>principes</strong></span> <span class='ocrx_word' id='word_1_130' title='bbox 1142 1705 1509 1774; x_wconf 84' lang='lat' dir='ltr'><strong>sacerdotum,</strong></span> <span class='ocrx_word' id='word_1_131' title='bbox 1561 1715 1616 1761; x_wconf 90' lang='lat' dir='ltr'><strong>et</strong></span> <span class='ocrx_word' id='word_1_132' title='bbox 1656 1705 1871 1773; x_wconf 84' lang='lat' dir='ltr'><strong>scribae,</strong></span> <span class='ocrx_word' id='word_1_133' title='bbox 1920 1716 1976 1761; x_wconf 87' lang='lat' dir='ltr'><strong>et</strong></span> 
     </span>
    </p>
   </div>
   <div class='ocr_carea' id='block_1_18' title="bbox 367 1792 1974 1864">
    <p class='ocr_par' dir='ltr' id='par_1_18' title="bbox 367 1792 1974 1864">
     <span class='ocr_line' id='line_1_18' title="bbox 367 1792 1974 1864; baseline 0.004 -15"><span class='ocrx_word' id='word_1_134' title='bbox 367 1792 647 1850; x_wconf 88' lang='lat' dir='ltr'><strong>duxerunt</strong></span> <span class='ocrx_word' id='word_1_135' title='bbox 671 1793 824 1850; x_wconf 92' lang='lat' dir='ltr'><strong>illum</strong></span> <span class='ocrx_word' id='word_1_136' title='bbox 854 1796 910 1850; x_wconf 91' lang='lat' dir='ltr'><strong>in</strong></span> <span class='ocrx_word' id='word_1_137' title='bbox 940 1798 1229 1852; x_wconf 87' lang='lat' dir='ltr'><strong>concilium</strong></span> <span class='ocrx_word' id='word_1_138' title='bbox 1259 1812 1440 1864; x_wconf 90' lang='lat' dir='ltr'><strong>suum,</strong></span> <span class='ocrx_word' id='word_1_139' title='bbox 1467 1798 1815 1856; x_wconf 90' lang='lat' dir='ltr'><strong>dicentes:Si</strong></span> <span class='ocrx_word' id='word_1_140' title='bbox 1839 1808 1893 1854; x_wconf 91' lang='lat' dir='ltr'><strong>tu</strong></span> <span class='ocrx_word' id='word_1_141' title='bbox 1915 1814 1974 1855; x_wconf 90' lang='lat' dir='ltr'><strong>es</strong></span> 
     </span>
    </p>
   </div>
   <div class='ocr_carea' id='block_1_19' title="bbox 2081 594 3666 677">
    <p class='ocr_par' dir='ltr' id='par_1_19' title="bbox 2081 594 3666 677">
     <span class='ocr_line' id='line_1_19' title="bbox 2081 594 3666 677; baseline 0.017 -34"><span class='ocrx_word' id='word_1_142' title='bbox 2081 599 2192 645; x_wconf 92' lang='lat' dir='ltr'><strong>tum</strong></span> <span class='ocrx_word' id='word_1_143' title='bbox 2221 606 2354 662; x_wconf 85' lang='lat' dir='ltr'><strong>ergo</strong></span> <span class='ocrx_word' id='word_1_144' title='bbox 2380 594 2535 649; x_wconf 92' lang='lat' dir='ltr'><strong>illum</strong></span> <span class='ocrx_word' id='word_1_145' title='bbox 2564 595 2855 655; x_wconf 85' lang='lat' dir='ltr'><strong>dimittam.</strong></span> <span class='ocrx_word' id='word_1_146' title='bbox 2886 600 3079 673; x_wconf 15' lang='lat' dir='ltr'><strong>[‘ccc1x,</strong></span> <span class='ocrx_word' id='word_1_147' title='bbox 3113 604 3193 677; x_wconf 92' lang='lat'><strong>2.]</strong></span> <span class='ocrx_word' id='word_1_148' title='bbox 3222 605 3458 667; x_wconf 89' lang='lat' dir='ltr'><strong>Necesse</strong></span> <span class='ocrx_word' id='word_1_149' title='bbox 3486 623 3666 671; x_wconf 88' lang='lat' dir='ltr'><strong>autem</strong></span> 
     </span>
    </p>
   </div>
   <div class='ocr_carea' id='block_1_20' title="bbox 2078 683 3663 783">
    <p class='ocr_par' dir='ltr' id='par_1_20' title="bbox 2078 683 3663 783">
     <span class='ocr_line' id='line_1_20' title="bbox 2078 683 3663 783; baseline 0.018 -45"><span class='ocrx_word' id='word_1_150' title='bbox 2078 683 2313 783; x_wconf 71' lang='lat' dir='ltr'><strong>habebat</strong></span> <span class='ocrx_word' id='word_1_151' title='bbox 2338 688 2611 747; x_wconf 87' lang='lat' dir='ltr'><strong>dimittere</strong></span> <span class='ocrx_word' id='word_1_152' title='bbox 2639 692 2718 748; x_wconf 90' lang='lat' dir='ltr'><strong>eis</strong></span> <span class='ocrx_word' id='word_1_153' title='bbox 2751 710 2846 763; x_wconf 89' lang='lat' dir='ltr'><strong>per</strong></span> <span class='ocrx_word' id='word_1_154' title='bbox 2872 696 3014 754; x_wconf 88' lang='lat' dir='ltr'><strong>diem</strong></span> <span class='ocrx_word' id='word_1_155' title='bbox 3049 698 3245 758; x_wconf 81' lang='lat' dir='ltr'><strong>festum</strong></span> <span class='ocrx_word' id='word_1_156' title='bbox 3272 721 3455 761; x_wconf 92' lang='lat' dir='ltr'><strong>unum.</strong></span> <span class='ocrx_word' id='word_1_157' title='bbox 3489 707 3663 783; x_wconf 79' lang='lat' dir='ltr'><strong>[cccx,</strong></span> 
     </span>
    </p>
   </div>
   <div class='ocr_carea' id='block_1_21' title="bbox 2078 777 3665 869">
    <p class='ocr_par' dir='ltr' id='par_1_21' title="bbox 2078 777 3665 869">
     <span class='ocr_line' id='line_1_21' title="bbox 2078 777 3665 869; baseline 0.02 -38"><span class='ocrx_word' id='word_1_158' title='bbox 2078 777 2155 850; x_wconf 88' lang='lat'><strong>1.]</strong></span> <span class='ocrx_word' id='word_1_159' title='bbox 2189 779 2526 840; x_wconf 83' lang='lat' dir='ltr'><strong>Exclamavit</strong></span> <span class='ocrx_word' id='word_1_160' title='bbox 2552 795 2730 841; x_wconf 90' lang='lat' dir='ltr'><strong>autem</strong></span> <span class='ocrx_word' id='word_1_161' title='bbox 2764 790 2924 846; x_wconf 89' lang='lat' dir='ltr'><strong>simul</strong></span> <span class='ocrx_word' id='word_1_162' title='bbox 2954 794 3206 852; x_wconf 89' lang='lat' dir='ltr'><strong>universa</strong></span> <span class='ocrx_word' id='word_1_163' title='bbox 3236 800 3414 869; x_wconf 90' lang='lat' dir='ltr'><strong>turba,</strong></span> <span class='ocrx_word' id='word_1_164' title='bbox 3448 777 3665 861; x_wconf 75' lang='lat' dir='ltr'><strong>dicens:</strong></span> 
     </span>
    </p>
   </div>
   <div class='ocr_carea' id='block_1_22' title="bbox 2076 868 3667 964">
    <p class='ocr_par' dir='ltr' id='par_1_22' title="bbox 2076 868 3667 964">
     <span class='ocr_line' id='line_1_22' title="bbox 2076 868 3667 964; baseline 0.018 -39"><span class='ocrx_word' id='word_1_165' title='bbox 2076 868 2232 928; x_wconf 89' lang='lat' dir='ltr'><strong>Tolle</strong></span> <span class='ocrx_word' id='word_1_166' title='bbox 2263 872 2405 931; x_wconf 89' lang='lat' dir='ltr'><strong>hunc</strong></span> <span class='ocrx_word' id='word_1_167' title='bbox 2425 918 2440 941; x_wconf 93' lang='lat'><strong>,</strong></span> <span class='ocrx_word' id='word_1_168' title='bbox 2499 889 2555 934; x_wconf 89' lang='lat' dir='ltr'><strong>et</strong></span> <span class='ocrx_word' id='word_1_169' title='bbox 2577 879 2788 937; x_wconf 85' lang='lat' dir='ltr'><strong>dimitte</strong></span> <span class='ocrx_word' id='word_1_170' title='bbox 2834 886 2990 941; x_wconf 91' lang='lat' dir='ltr'><strong>nobis</strong></span> <span class='ocrx_word' id='word_1_171' title='bbox 3021 886 3339 949; x_wconf 90' lang='lat' dir='ltr'><strong>Barabbam.</strong></span> <span class='ocrx_word' id='word_1_172' title='bbox 3417 895 3520 964; x_wconf 86' lang='lat' dir='ltr'><strong>Qui</strong></span> <span class='ocrx_word' id='word_1_173' title='bbox 3549 908 3667 953; x_wconf 78' lang='lat' dir='ltr'><strong>erat</strong></span> 
     </span>
    </p>
   </div>
   <div class='ocr_carea' id='block_1_23' title="bbox 2078 969 3675 1059">
    <p class='ocr_par' dir='ltr' id='par_1_23' title="bbox 2078 969 3675 1059">
     <span class='ocr_line' id='line_1_23' title="bbox 2078 969 3675 1059; baseline 0.018 -41"><span class='ocrx_word' id='word_1_174' title='bbox 2078 974 2300 1035; x_wconf 90' lang='lat' dir='ltr'><strong>propter</strong></span> <span class='ocrx_word' id='word_1_175' title='bbox 2325 969 2648 1028; x_wconf 90' lang='lat' dir='ltr'><strong>seditionem</strong></span> <span class='ocrx_word' id='word_1_176' title='bbox 2673 975 2960 1044; x_wconf 88' lang='lat' dir='ltr'><strong>quamdam</strong></span> <span class='ocrx_word' id='word_1_177' title='bbox 2990 980 3184 1036; x_wconf 76' lang='lat' dir='ltr'><strong>factam</strong></span> <span class='ocrx_word' id='word_1_178' title='bbox 3235 985 3287 1039; x_wconf 93' lang='lat' dir='ltr'><strong>in</strong></span> <span class='ocrx_word' id='word_1_179' title='bbox 3309 985 3562 1059; x_wconf 90' lang='lat' dir='ltr'><strong>civitate,</strong></span> <span class='ocrx_word' id='word_1_180' title='bbox 3619 999 3675 1045; x_wconf 90' lang='lat' dir='ltr'><strong>et</strong></span> 
     </span>
    </p>
   </div>
   <div class='ocr_carea' id='block_1_24' title="bbox 2078 1058 3667 1152">
    <p class='ocr_par' dir='ltr' id='par_1_24' title="bbox 2078 1058 3667 1152">
     <span class='ocr_line' id='line_1_24' title="bbox 2078 1058 3667 1152; baseline 0.018 -39"><span class='ocrx_word' id='word_1_181' title='bbox 2078 1058 2452 1135; x_wconf 88' lang='lat' dir='ltr'><strong>homicidium,</strong></span> <span class='ocrx_word' id='word_1_182' title='bbox 2486 1068 2685 1123; x_wconf 91' lang='lat' dir='ltr'><strong>missus</strong></span> <span class='ocrx_word' id='word_1_183' title='bbox 2706 1069 2759 1124; x_wconf 91' lang='lat' dir='ltr'><strong>in</strong></span> <span class='ocrx_word' id='word_1_184' title='bbox 2786 1085 3083 1129; x_wconf 90' lang='lat' dir='ltr'><strong>carcerem.</strong></span> <span class='ocrx_word' id='word_1_185' title='bbox 3117 1077 3309 1150; x_wconf 84' lang='lat' dir='ltr'><strong>[cccxt,</strong></span> <span class='ocrx_word' id='word_1_186' title='bbox 3343 1078 3420 1152; x_wconf 91' lang='lat'><strong>1.]</strong></span> <span class='ocrx_word' id='word_1_187' title='bbox 3472 1058 3667 1141; x_wconf 85' lang='lat' dir='ltr'><strong>lterum</strong></span> 
     </span>
    </p>
   </div>
   <div class='ocr_carea' id='block_1_25' title="bbox 2076 1154 3670 1236">
    <p class='ocr_par' dir='ltr' id='par_1_25' title="bbox 2076 1154 3670 1236">
     <span class='ocr_line' id='line_1_25' title="bbox 2076 1154 3670 1236; baseline 0.016 -29"><span class='ocrx_word' id='word_1_188' title='bbox 2076 1161 2257 1208; x_wconf 89' lang='lat' dir='ltr'><strong>autem</strong></span> <span class='ocrx_word' id='word_1_189' title='bbox 2294 1154 2502 1213; x_wconf 88' lang='lat' dir='ltr'><strong>Pilatus</strong></span> <span class='ocrx_word' id='word_1_190' title='bbox 2538 1158 2751 1216; x_wconf 91' lang='lat' dir='ltr'><strong>locutus</strong></span> <span class='ocrx_word' id='word_1_191' title='bbox 2785 1172 2870 1218; x_wconf 90' lang='lat' dir='ltr'><strong>est</strong></span> <span class='ocrx_word' id='word_1_192' title='bbox 2910 1167 2975 1219; x_wconf 88' lang='lat' dir='ltr'><strong>ad</strong></span> <span class='ocrx_word' id='word_1_193' title='bbox 3005 1180 3122 1236; x_wconf 91' lang='lat' dir='ltr'><strong>eos,</strong></span> <span class='ocrx_word' id='word_1_194' title='bbox 3174 1170 3363 1226; x_wconf 89' lang='lat' dir='ltr'><strong>volens</strong></span> <span class='ocrx_word' id='word_1_195' title='bbox 3393 1173 3670 1233; x_wconf 90' lang='lat' dir='ltr'><strong>dimittere</strong></span> 
     </span>
    </p>
   </div>
   <div class='ocr_carea' id='block_1_26' title="bbox 2075 1242 3673 1336">
    <p class='ocr_par' dir='ltr' id='par_1_26' title="bbox 2075 1242 3673 1336">
     <span class='ocr_line' id='line_1_26' title="bbox 2075 1242 3673 1336; baseline 0.016 -38"><span class='ocrx_word' id='word_1_196' title='bbox 2075 1242 2281 1300; x_wconf 82' lang='lat' dir='ltr'><strong>Jesum.</strong></span> <span class='ocrx_word' id='word_1_197' title='bbox 2314 1248 2385 1302; x_wconf 90' lang='lat' dir='ltr'><strong>At</strong></span> <span class='ocrx_word' id='word_1_198' title='bbox 2408 1248 2485 1323; x_wconf 83' lang='lat' dir='ltr'><strong>illi</strong></span> <span class='ocrx_word' id='word_1_199' title='bbox 2512 1252 3211 1317; x_wconf 87' lang='lat' dir='ltr'><strong>succlamabantdicentes:</strong></span> <span class='ocrx_word' id='word_1_200' title='bbox 3244 1265 3527 1336; x_wconf 89' lang='lat' dir='ltr'><strong>Cruciﬁge,</strong></span> <span class='ocrx_word' id='word_1_201' title='bbox 3551 1283 3673 1324; x_wconf 92' lang='lat' dir='ltr'><strong>cru-</strong></span> 
     </span>
    </p>
   </div>
   <div class='ocr_carea' id='block_1_27' title="bbox 2077 1338 3672 1423">
    <p class='ocr_par' dir='ltr' id='par_1_27' title="bbox 2077 1338 3672 1423">
     <span class='ocr_line' id='line_1_27' title="bbox 2077 1338 3672 1423; baseline 0.016 -30"><span class='ocrx_word' id='word_1_202' title='bbox 2077 1338 2231 1411; x_wconf 86' lang='lat' dir='ltr'><strong>ciﬁge</strong></span> <span class='ocrx_word' id='word_1_203' title='bbox 2261 1357 2405 1397; x_wconf 91' lang='lat' dir='ltr'><strong>eum.</strong></span> <span class='ocrx_word' id='word_1_204' title='bbox 2438 1342 2653 1417; x_wconf 85' lang='lat' dir='ltr'><strong>[cccxu,</strong></span> <span class='ocrx_word' id='word_1_205' title='bbox 2689 1347 2768 1423; x_wconf 89' lang='lat'><strong>9.]</strong></span> <span class='ocrx_word' id='word_1_206' title='bbox 2826 1348 2920 1407; x_wconf 91' lang='lat' dir='ltr'><strong>llle</strong></span> <span class='ocrx_word' id='word_1_207' title='bbox 2948 1362 3129 1410; x_wconf 89' lang='lat' dir='ltr'><strong>autem</strong></span> <span class='ocrx_word' id='word_1_208' title='bbox 3164 1358 3323 1413; x_wconf 90' lang='lat' dir='ltr'><strong>tertio</strong></span> <span class='ocrx_word' id='word_1_209' title='bbox 3344 1358 3480 1416; x_wconf 84' lang='lat' dir='ltr'><strong>dixit</strong></span> <span class='ocrx_word' id='word_1_210' title='bbox 3507 1362 3573 1417; x_wconf 92' lang='lat' dir='ltr'><strong>ad</strong></span> <span class='ocrx_word' id='word_1_211' title='bbox 3606 1362 3672 1417; x_wconf 90' lang='lat' dir='ltr'><strong>il-</strong></span> 
     </span>
    </p>
   </div>
   <div class='ocr_carea' id='block_1_28' title="bbox 2079 1433 3666 1515">
    <p class='ocr_par' dir='ltr' id='par_1_28' title="bbox 2079 1433 3666 1515">
     <span class='ocr_line' id='line_1_28' title="bbox 2079 1433 3666 1515; baseline 0.018 -28"><span class='ocrx_word' id='word_1_212' title='bbox 2079 1433 2189 1488; x_wconf 88' lang='lat' dir='ltr'><strong>los:</strong></span> <span class='ocrx_word' id='word_1_213' title='bbox 2218 1434 2356 1503; x_wconf 86' lang='lat' dir='ltr'><strong>Quid</strong></span> <span class='ocrx_word' id='word_1_214' title='bbox 2389 1440 2532 1494; x_wconf 90' lang='lat' dir='ltr'><strong>enim</strong></span> <span class='ocrx_word' id='word_1_215' title='bbox 2563 1443 2686 1498; x_wconf 91' lang='lat' dir='ltr'><strong>mali</strong></span> <span class='ocrx_word' id='word_1_216' title='bbox 2717 1442 2845 1499; x_wconf 85' lang='lat' dir='ltr'><strong>fecit</strong></span> <span class='ocrx_word' id='word_1_217' title='bbox 2877 1447 3010 1503; x_wconf 90' lang='lat' dir='ltr'><strong>iste?</strong></span> <span class='ocrx_word' id='word_1_218' title='bbox 3036 1451 3235 1506; x_wconf 91' lang='lat' dir='ltr'><strong>nullam</strong></span> <span class='ocrx_word' id='word_1_219' title='bbox 3268 1468 3483 1511; x_wconf 89' lang='lat' dir='ltr'><strong>causam</strong></span> <span class='ocrx_word' id='word_1_220' title='bbox 3517 1474 3666 1515; x_wconf 90' lang='lat' dir='ltr'><strong>mor-</strong></span> 
     </span>
    </p>
   </div>
   <div class='ocr_carea' id='block_1_29' title="bbox 2080 1526 3670 1615">
    <p class='ocr_par' dir='ltr' id='par_1_29' title="bbox 2080 1526 3670 1615">
     <span class='ocr_line' id='line_1_29' title="bbox 2080 1526 3670 1615; baseline 0.018 -34"><span class='ocrx_word' id='word_1_221' title='bbox 2080 1526 2149 1581; x_wconf 91' lang='lat' dir='ltr'><strong>tis</strong></span> <span class='ocrx_word' id='word_1_222' title='bbox 2174 1527 2391 1585; x_wconf 91' lang='lat' dir='ltr'><strong>invenio</strong></span> <span class='ocrx_word' id='word_1_223' title='bbox 2425 1532 2480 1587; x_wconf 91' lang='lat' dir='ltr'><strong>in</strong></span> <span class='ocrx_word' id='word_1_224' title='bbox 2520 1548 2585 1587; x_wconf 87' lang='lat' dir='ltr'><strong>eo</strong></span> <span class='ocrx_word' id='word_1_225' title='bbox 2616 1552 2630 1589; x_wconf 91' lang='lat'><strong>:</strong></span> <span class='ocrx_word' id='word_1_226' title='bbox 2674 1538 2961 1607; x_wconf 90' lang='lat' dir='ltr'><strong>corripiam</strong></span> <span class='ocrx_word' id='word_1_227' title='bbox 2992 1556 3123 1613; x_wconf 89' lang='lat' dir='ltr'><strong>ergo</strong></span> <span class='ocrx_word' id='word_1_228' title='bbox 3153 1544 3333 1615; x_wconf 91' lang='lat' dir='ltr'><strong>illum,</strong></span> <span class='ocrx_word' id='word_1_229' title='bbox 3391 1559 3445 1605; x_wconf 90' lang='lat' dir='ltr'><strong>et</strong></span> <span class='ocrx_word' id='word_1_230' title='bbox 3489 1552 3670 1609; x_wconf 87' lang='lat' dir='ltr'><strong>dimit-</strong></span> 
     </span>
    </p>
   </div>
   <div class='ocr_carea' id='block_1_30' title="bbox 2080 1622 3669 1718">
    <p class='ocr_par' dir='ltr' id='par_1_30' title="bbox 2080 1622 3669 1718">
     <span class='ocr_line' id='line_1_30' title="bbox 2080 1622 3669 1718; baseline 0.018 -43"><span class='ocrx_word' id='word_1_231' title='bbox 2080 1628 2209 1678; x_wconf 88' lang='lat' dir='ltr'><strong>tam.</strong></span> <span class='ocrx_word' id='word_1_232' title='bbox 2240 1622 2477 1718; x_wconf 55' lang='grc' dir='ltr'><strong>[ϐορηίῃ</strong></span> <span class='ocrx_word' id='word_1_233' title='bbox 2511 1626 2590 1700; x_wconf 91' lang='grc'><strong>1.]</strong></span> <span class='ocrx_word' id='word_1_234' title='bbox 2634 1627 2704 1685; x_wconf 84' lang='lat' dir='ltr'><strong>At</strong></span> <span class='ocrx_word' id='word_1_235' title='bbox 2748 1631 2823 1686; x_wconf 90' lang='lat' dir='ltr'><strong>illi</strong></span> <span class='ocrx_word' id='word_1_236' title='bbox 2868 1632 3141 1693; x_wconf 88' lang='lat' dir='ltr'><strong>instabant</strong></span> <span class='ocrx_word' id='word_1_237' title='bbox 3184 1642 3409 1699; x_wconf 90' lang='lat' dir='ltr'><strong>vocibus</strong></span> <span class='ocrx_word' id='word_1_238' title='bbox 3461 1650 3669 1718; x_wconf 84' lang='lat' dir='ltr'><strong>magnis</strong></span> 
     </span>
    </p>
   </div>
   <div class='ocr_carea' id='block_1_31' title="bbox 2080 1715 3672 1797">
    <p class='ocr_par' dir='ltr' id='par_1_31' title="bbox 2080 1715 3672 1797">
     <span class='ocr_line' id='line_1_31' title="bbox 2080 1715 3672 1797; baseline 0.018 -28"><span class='ocrx_word' id='word_1_239' title='bbox 2080 1715 2552 1788; x_wconf 61' lang='lat' dir='ltr'><strong>postulantes,‘§ut</strong></span> <span class='ocrx_word' id='word_1_240' title='bbox 2572 1722 2984 1797; x_wconf 90' lang='lat' dir='ltr'><strong>cruciﬁgeretur</strong></span> <span class='ocrx_word' id='word_1_241' title='bbox 3025 1748 3039 1785; x_wconf 92' lang='lat'><strong>:</strong></span> <span class='ocrx_word' id='word_1_242' title='bbox 3073 1741 3126 1788; x_wconf 87' lang='lat' dir='ltr'><strong>et</strong></span> <span class='ocrx_word' id='word_1_243' title='bbox 3148 1715 3672 1797; x_wconf 39' lang='lat' dir='ltr'><strong>invalescebant‘vo-</strong></span> 
     </span>
    </p>
   </div>
   <div class='ocr_carea' id='block_1_32' title="bbox 2078 1813 3671 1900">
    <p class='ocr_par' dir='ltr' id='par_1_32' title="bbox 2078 1813 3671 1900">
     <span class='ocr_line' id='line_1_32' title="bbox 2078 1813 3671 1900; baseline 0.018 -37"><span class='ocrx_word' id='word_1_244' title='bbox 2078 1820 2171 1864; x_wconf 90' lang='lat' dir='ltr'><strong>ces</strong></span> <span class='ocrx_word' id='word_1_245' title='bbox 2200 1824 2416 1867; x_wconf 91' lang='lat' dir='ltr'><strong>eorum.</strong></span> <span class='ocrx_word' id='word_1_246' title='bbox 2448 1813 2680 1885; x_wconf 86' lang='lat' dir='ltr'><strong>[cccxtv,</strong></span> <span class='ocrx_word' id='word_1_247' title='bbox 2710 1814 2788 1890; x_wconf 90' lang='lat'><strong>1.]</strong></span> <span class='ocrx_word' id='word_1_248' title='bbox 2841 1820 2907 1875; x_wconf 87' lang='lat' dir='ltr'><strong>Et</strong></span> <span class='ocrx_word' id='word_1_249' title='bbox 2946 1821 3155 1882; x_wconf 91' lang='lat' dir='ltr'><strong>Pilatus</strong></span> <span class='ocrx_word' id='word_1_250' title='bbox 3194 1828 3522 1900; x_wconf 89' lang='lat' dir='ltr'><strong>adjudicavit</strong></span> <span class='ocrx_word' id='word_1_251' title='bbox 3553 1834 3671 1891; x_wconf 87' lang='lat' dir='ltr'><strong>ﬁeri</strong></span> 
     </span>
    </p>
   </div>
   <div class='ocr_carea' id='block_1_33' title="bbox 367 1888 3675 1999">
    <p class='ocr_par' dir='ltr' id='par_1_33' title="bbox 367 1888 3675 1999">
     <span class='ocr_line' id='line_1_33' title="bbox 367 1888 3675 1999; baseline 0.012 -54"><span class='ocrx_word' id='word_1_252' title='bbox 367 1888 647 1999; x_wconf 59' lang='lat' dir='ltr'><strong>Christus,</strong></span> <span class='ocrx_word' id='word_1_253' title='bbox 694 1889 786 1947; x_wconf 91' lang='lat' dir='ltr'><strong>die</strong></span> <span class='ocrx_word' id='word_1_254' title='bbox 823 1890 998 1947; x_wconf 90' lang='lat' dir='ltr'><strong>nobis.</strong></span> <span class='ocrx_word' id='word_1_255' title='bbox 1053 1890 1301 1999; x_wconf 36' lang='lat' dir='ltr'><strong>[cc-xcer</strong></span> <span class='ocrx_word' id='word_1_256' title='bbox 1328 1892 1452 1999; x_wconf 32' lang='lat'><strong>.10.].</strong></span> <span class='ocrx_word' id='word_1_257' title='bbox 1508 1894 1576 1949; x_wconf 86' lang='lat' dir='ltr'><strong>Et</strong></span> <span class='ocrx_word' id='word_1_258' title='bbox 1619 1895 1693 1949; x_wconf 88' lang='lat' dir='ltr'><strong>ait</strong></span> <span class='ocrx_word' id='word_1_259' title='bbox 1729 1894 1835 1999; x_wconf 77' lang='lat' dir='ltr'><strong>illis</strong></span> <span class='ocrx_word' id='word_1_260' title='bbox 1871 1912 1881 1947; x_wconf 79' lang='grc' dir='ltr'>ε</span> <span class='ocrx_word' id='word_1_261' title='bbox 1915 1895 1973 1951; x_wconf 90' lang='lat' dir='ltr'><strong>Si</strong></span> <span class='ocrx_word' id='word_1_262' title='bbox 2004 1906 2052 1966; x_wconf 77' lang='grc' dir='ltr'><strong>Β</strong></span> <span class='ocrx_word' id='word_1_263' title='bbox 2080 1902 2397 1971; x_wconf 72' lang='lat' dir='ltr'><strong>petitionem</strong></span> <span class='ocrx_word' id='word_1_264' title='bbox 2421 1920 2630 1963; x_wconf 89' lang='lat' dir='ltr'><strong>eorum.</strong></span> <span class='ocrx_word' id='word_1_265' title='bbox 2664 1888 3213 1975; x_wconf 82' lang='lat' dir='ltr'><strong>Dimisitautemillis</strong></span> <span class='ocrx_word' id='word_1_266' title='bbox 3234 1888 3377 1991; x_wconf 60' lang='lat' dir='ltr'><strong>eum,</strong></span> <span class='ocrx_word' id='word_1_267' title='bbox 3400 1926 3489 1997; x_wconf 91' lang='lat' dir='ltr'><strong>qui</strong></span> <span class='ocrx_word' id='word_1_268' title='bbox 3513 1888 3675 1999; x_wconf 47' lang='lat' dir='ltr'><strong>prop;</strong></span> 
     </span>
    </p>
   </div>
   <div class='ocr_carea' id='block_1_34' title="bbox 370 1984 1972 2051">
    <p class='ocr_par' dir='ltr' id='par_1_34' title="bbox 370 1984 1972 2051">
     <span class='ocr_line' id='line_1_34' title="bbox 370 1984 1972 2051; baseline 0.005 -13"><span class='ocrx_word' id='word_1_269' title='bbox 370 1984 527 2040; x_wconf 80' lang='lat' dir='ltr'><strong>vobis</strong></span> <span class='ocrx_word' id='word_1_270' title='bbox 548 1985 766 2051; x_wconf 80' lang='lat' dir='ltr'><strong>dixero,</strong></span> <span class='ocrx_word' id='word_1_271' title='bbox 800 2000 909 2041; x_wconf 93' lang='lat' dir='ltr'><strong>non</strong></span> <span class='ocrx_word' id='word_1_272' title='bbox 937 1985 1177 2042; x_wconf 89' lang='lat' dir='ltr'><strong>credetis</strong></span> <span class='ocrx_word' id='word_1_273' title='bbox 1209 1986 1343 2043; x_wconf 91' lang='lat' dir='ltr'><strong>mihi</strong></span> <span class='ocrx_word' id='word_1_274' title='bbox 1368 2004 1383 2045; x_wconf 88' lang='lat'><strong>:</strong></span> <span class='ocrx_word' id='word_1_275' title='bbox 1408 1989 1454 2044; x_wconf 91' lang='lat' dir='ltr'><strong>si</strong></span> <span class='ocrx_word' id='word_1_276' title='bbox 1501 1996 1685 2044; x_wconf 89' lang='lat' dir='ltr'><strong>autem</strong></span> <span class='ocrx_word' id='word_1_277' title='bbox 1718 2000 1770 2044; x_wconf 88' lang='lat' dir='ltr'><strong>et</strong></span> <span class='ocrx_word' id='word_1_278' title='bbox 1799 1990 1972 2046; x_wconf 88' lang='lat' dir='ltr'><strong>inter-</strong></span> 
     </span>
    </p>
   </div>
   <div class='ocr_carea' id='block_1_35' title="bbox 369 2082 1968 2153">
    <p class='ocr_par' dir='ltr' id='par_1_35' title="bbox 369 2082 1968 2153">
     <span class='ocr_line' id='line_1_35' title="bbox 369 2082 1968 2153; baseline 0.003 -17"><span class='ocrx_word' id='word_1_279' title='bbox 369 2094 669 2151; x_wconf 86' lang='lat' dir='ltr'><strong>rogavere,</strong></span> <span class='ocrx_word' id='word_1_280' title='bbox 704 2095 811 2135; x_wconf 90' lang='lat' dir='ltr'><strong>non</strong></span> <span class='ocrx_word' id='word_1_281' title='bbox 855 2082 1257 2150; x_wconf 90' lang='lat' dir='ltr'><strong>respondebitis</strong></span> <span class='ocrx_word' id='word_1_282' title='bbox 1285 2082 1416 2138; x_wconf 91' lang='lat' dir='ltr'><strong>mihi</strong></span> <span class='ocrx_word' id='word_1_283' title='bbox 1446 2099 1625 2153; x_wconf 85' lang='lat' dir='ltr'><strong>neque</strong></span> <span class='ocrx_word' id='word_1_284' title='bbox 1666 2083 1968 2142; x_wconf 88' lang='lat' dir='ltr'><strong>dimittetis.</strong></span> 
     </span>
    </p>
   </div>
   <div class='ocr_carea' id='block_1_36' title="bbox 373 2171 1974 2245">
    <p class='ocr_par' dir='ltr' id='par_1_36' title="bbox 373 2171 1974 2245">
     <span class='ocr_line' id='line_1_36' title="bbox 373 2171 1974 2245; baseline 0.004 -18"><span class='ocrx_word' id='word_1_285' title='bbox 373 2172 629 2245; x_wconf 77' lang='lat' dir='ltr'><strong>[ccxcvn,</strong></span> <span class='ocrx_word' id='word_1_286' title='bbox 666 2171 742 2244; x_wconf 91' lang='lat'><strong>1.]</strong></span> <span class='ocrx_word' id='word_1_287' title='bbox 786 2173 862 2228; x_wconf 88' lang='lat' dir='ltr'><strong>Ex</strong></span> <span class='ocrx_word' id='word_1_288' title='bbox 908 2174 1013 2229; x_wconf 87' lang='lat' dir='ltr'><strong>hoc</strong></span> <span class='ocrx_word' id='word_1_289' title='bbox 1053 2181 1235 2231; x_wconf 90' lang='lat' dir='ltr'><strong>autem</strong></span> <span class='ocrx_word' id='word_1_290' title='bbox 1269 2176 1375 2230; x_wconf 90' lang='lat' dir='ltr'><strong>erit</strong></span> <span class='ocrx_word' id='word_1_291' title='bbox 1417 2176 1562 2231; x_wconf 87' lang='lat' dir='ltr'><strong>ﬁlius</strong></span> <span class='ocrx_word' id='word_1_292' title='bbox 1606 2176 1843 2233; x_wconf 86' lang='lat' dir='ltr'><strong>hominis</strong></span> <span class='ocrx_word' id='word_1_293' title='bbox 1888 2193 1974 2233; x_wconf 82' lang='lat' dir='ltr'><strong>se-</strong></span> 
     </span>
    </p>
   </div>
   <div class='ocr_carea' id='block_1_37' title="bbox 368 2265 1975 2343">
    <p class='ocr_par' dir='ltr' id='par_1_37' title="bbox 368 2265 1975 2343">
     <span class='ocr_line' id='line_1_37' title="bbox 368 2265 1975 2343; baseline 0.004 -22"><span class='ocrx_word' id='word_1_294' title='bbox 368 2265 505 2321; x_wconf 89' lang='lat' dir='ltr'><strong>deus</strong></span> <span class='ocrx_word' id='word_1_295' title='bbox 534 2282 565 2321; x_wconf 91' lang='lat' dir='ltr'><strong>a</strong></span> <span class='ocrx_word' id='word_1_296' title='bbox 594 2267 803 2323; x_wconf 81' lang='lat' dir='ltr'><strong>dextris</strong></span> <span class='ocrx_word' id='word_1_297' title='bbox 840 2267 1060 2325; x_wconf 89' lang='lat' dir='ltr'><strong>virtutis</strong></span> <span class='ocrx_word' id='word_1_298' title='bbox 1096 2269 1213 2326; x_wconf 89' lang='lat' dir='ltr'><strong>Dei.</strong></span> <span class='ocrx_word' id='word_1_299' title='bbox 1251 2270 1526 2343; x_wconf 78' lang='lat' dir='ltr'><strong>[ccxcvm,</strong></span> <span class='ocrx_word' id='word_1_300' title='bbox 1557 2270 1672 2343; x_wconf 84' lang='lat'><strong>10.]</strong></span> <span class='ocrx_word' id='word_1_301' title='bbox 1705 2272 1975 2328; x_wconf 83' lang='lat' dir='ltr'><strong>Dixerunt</strong></span> 
     </span>
    </p>
   </div>
   <div class='ocr_carea' id='block_1_38' title="bbox 370 2364 1972 2436">
    <p class='ocr_par' dir='ltr' id='par_1_38' title="bbox 370 2364 1972 2436">
     <span class='ocr_line' id='line_1_38' title="bbox 370 2364 1972 2436; baseline 0.002 -17"><span class='ocrx_word' id='word_1_302' title='bbox 370 2372 553 2419; x_wconf 90' lang='lat' dir='ltr'><strong>autem</strong></span> <span class='ocrx_word' id='word_1_303' title='bbox 583 2378 778 2420; x_wconf 91' lang='lat' dir='ltr'><strong>omnes</strong></span> <span class='ocrx_word' id='word_1_304' title='bbox 805 2382 819 2418; x_wconf 91' lang='lat'><strong>:</strong></span> <span class='ocrx_word' id='word_1_305' title='bbox 849 2364 929 2419; x_wconf 92' lang='lat' dir='ltr'><strong>Tu</strong></span> <span class='ocrx_word' id='word_1_306' title='bbox 962 2380 1092 2436; x_wconf 88' lang='lat' dir='ltr'><strong>ergo</strong></span> <span class='ocrx_word' id='word_1_307' title='bbox 1116 2380 1174 2421; x_wconf 90' lang='lat' dir='ltr'><strong>es</strong></span> <span class='ocrx_word' id='word_1_308' title='bbox 1201 2366 1372 2422; x_wconf 88' lang='lat' dir='ltr'><strong>Filius</strong></span> <span class='ocrx_word' id='word_1_309' title='bbox 1412 2367 1545 2423; x_wconf 87' lang='lat' dir='ltr'><strong>Dei?</strong></span> <span class='ocrx_word' id='word_1_310' title='bbox 1578 2368 1683 2436; x_wconf 85' lang='lat' dir='ltr'><strong>Qui</strong></span> <span class='ocrx_word' id='word_1_311' title='bbox 1711 2370 1788 2425; x_wconf 90' lang='lat' dir='ltr'><strong>ait</strong></span> <span class='ocrx_word' id='word_1_312' title='bbox 1817 2386 1831 2425; x_wconf 92' lang='lat'><strong>:</strong></span> <span class='ocrx_word' id='word_1_313' title='bbox 1860 2369 1972 2425; x_wconf 78' lang='lat' dir='ltr'><strong>Vos</strong></span> 
     </span>
    </p>
   </div>
   <div class='ocr_carea' id='block_1_39' title="bbox 370 2458 1971 2535">
    <p class='ocr_par' dir='ltr' id='par_1_39' title="bbox 370 2458 1971 2535">
     <span class='ocr_line' id='line_1_39' title="bbox 370 2458 1971 2535; baseline 0.006 -20"><span class='ocrx_word' id='word_1_314' title='bbox 370 2458 574 2525; x_wconf 90' lang='lat' dir='ltr'><strong>dicitis,</strong></span> <span class='ocrx_word' id='word_1_315' title='bbox 602 2460 731 2531; x_wconf 90' lang='lat' dir='ltr'><strong>quia</strong></span> <span class='ocrx_word' id='word_1_316' title='bbox 763 2476 864 2532; x_wconf 91' lang='lat' dir='ltr'><strong>ego</strong></span> <span class='ocrx_word' id='word_1_317' title='bbox 890 2476 1033 2517; x_wconf 91' lang='lat' dir='ltr'><strong>sum.</strong></span> <span class='ocrx_word' id='word_1_318' title='bbox 1068 2460 1305 2535; x_wconf 79' lang='lat' dir='ltr'><strong>[ccxc1x,</strong></span> <span class='ocrx_word' id='word_1_319' title='bbox 1332 2461 1414 2535; x_wconf 91' lang='lat'><strong>2.]</strong></span> <span class='ocrx_word' id='word_1_320' title='bbox 1448 2465 1515 2518; x_wconf 81' lang='lat' dir='ltr'><strong>At</strong></span> <span class='ocrx_word' id='word_1_321' title='bbox 1552 2464 1631 2519; x_wconf 92' lang='lat' dir='ltr'><strong>illi</strong></span> <span class='ocrx_word' id='word_1_322' title='bbox 1663 2465 1923 2523; x_wconf 88' lang='lat' dir='ltr'><strong>dixerunt</strong></span> <span class='ocrx_word' id='word_1_323' title='bbox 1956 2484 1971 2523; x_wconf 90' lang='lat'><strong>:</strong></span> 
     </span>
    </p>
   </div>
   <div class='ocr_carea' id='block_1_40' title="bbox 369 2551 1969 2630">
    <p class='ocr_par' dir='ltr' id='par_1_40' title="bbox 369 2551 1969 2630">
     <span class='ocr_line' id='line_1_40' title="bbox 369 2551 1969 2630; baseline 0.006 -24"><span class='ocrx_word' id='word_1_324' title='bbox 369 2551 510 2620; x_wconf 88' lang='lat' dir='ltr'><strong>Quid</strong></span> <span class='ocrx_word' id='word_1_325' title='bbox 559 2551 740 2607; x_wconf 91' lang='lat' dir='ltr'><strong>adhuc</strong></span> <span class='ocrx_word' id='word_1_326' title='bbox 790 2552 1172 2610; x_wconf 86' lang='lat' dir='ltr'><strong>desideramus</strong></span> <span class='ocrx_word' id='word_1_327' title='bbox 1219 2554 1631 2613; x_wconf 72' lang='lat' dir='ltr'><strong>testimoniﬁm?</strong></span> <span class='ocrx_word' id='word_1_328' title='bbox 1677 2558 1780 2630; x_wconf 88' lang='lat' dir='ltr'><strong>ipsi</strong></span> <span class='ocrx_word' id='word_1_329' title='bbox 1826 2561 1969 2618; x_wconf 91' lang='lat' dir='ltr'><strong>enim</strong></span> 
     </span>
    </p>
   </div>
   <div class='ocr_carea' id='block_1_41' title="bbox 370 2641 1351 2723">
    <p class='ocr_par' dir='ltr' id='par_1_41' title="bbox 370 2641 1351 2723">
     <span class='ocr_line' id='line_1_41' title="bbox 370 2641 1351 2723; baseline 0.004 -26"><span class='ocrx_word' id='word_1_330' title='bbox 370 2641 686 2699; x_wconf 89' lang='lat' dir='ltr'><strong>audivimus</strong></span> <span class='ocrx_word' id='word_1_331' title='bbox 709 2644 777 2701; x_wconf 89' lang='lat' dir='ltr'><strong>de</strong></span> <span class='ocrx_word' id='word_1_332' title='bbox 807 2660 903 2701; x_wconf 90' lang='lat' dir='ltr'><strong>ore</strong></span> <span class='ocrx_word' id='word_1_333' title='bbox 929 2646 1069 2715; x_wconf 91' lang='lat' dir='ltr'><strong>ejus.</strong></span> <span class='ocrx_word' id='word_1_334' title='bbox 1330 2714 1351 2723; x_wconf 33' lang='grc' dir='ltr'>υ</span> 
     </span>
    </p>
   </div>
   <div class='ocr_carea' id='block_1_42' title="bbox 441 2735 1972 2812">
    <p class='ocr_par' dir='ltr' id='par_1_42' title="bbox 441 2735 1972 2812">
     <span class='ocr_line' id='line_1_42' title="bbox 441 2735 1972 2812; baseline 0.005 -19"><span class='ocrx_word' id='word_1_335' title='bbox 441 2736 598 2811; x_wconf 88' lang='lat' dir='ltr'><strong>[Cap.</strong></span> <span class='ocrx_word' id='word_1_336' title='bbox 628 2735 822 2794; x_wconf 80' lang='lat' dir='ltr'><strong>XXIII.</strong></span> <span class='ocrx_word' id='word_1_337' title='bbox 849 2754 967 2806; x_wconf 89' lang='lat' dir='ltr'><strong>ccc,</strong></span> <span class='ocrx_word' id='word_1_338' title='bbox 999 2737 1078 2812; x_wconf 83' lang='lat'><strong>1.]</strong></span> <span class='ocrx_word' id='word_1_339' title='bbox 1120 2740 1189 2795; x_wconf 89' lang='lat' dir='ltr'><strong>Et</strong></span> <span class='ocrx_word' id='word_1_340' title='bbox 1214 2755 1444 2812; x_wconf 90' lang='lat' dir='ltr'><strong>surgens</strong></span> <span class='ocrx_word' id='word_1_341' title='bbox 1474 2742 1652 2799; x_wconf 91' lang='lat' dir='ltr'><strong>omnis</strong></span> <span class='ocrx_word' id='word_1_342' title='bbox 1681 2744 1972 2801; x_wconf 85' lang='lat' dir='ltr'><strong>multitudo</strong></span> 
     </span>
    </p>
   </div>
   <div class='ocr_carea' id='block_1_43' title="bbox 368 2833 1969 2910">
    <p class='ocr_par' dir='ltr' id='par_1_43' title="bbox 368 2833 1969 2910">
     <span class='ocr_line' id='line_1_43' title="bbox 368 2833 1969 2910; baseline 0.004 -20"><span class='ocrx_word' id='word_1_343' title='bbox 368 2848 581 2901; x_wconf 91' lang='lat' dir='ltr'><strong>eorum,</strong></span> <span class='ocrx_word' id='word_1_344' title='bbox 610 2833 889 2889; x_wconf 87' lang='lat' dir='ltr'><strong>duxerunt</strong></span> <span class='ocrx_word' id='word_1_345' title='bbox 918 2833 1071 2889; x_wconf 90' lang='lat' dir='ltr'><strong>illum</strong></span> <span class='ocrx_word' id='word_1_346' title='bbox 1100 2835 1168 2890; x_wconf 91' lang='lat' dir='ltr'><strong>ad</strong></span> <span class='ocrx_word' id='word_1_347' title='bbox 1194 2834 1451 2891; x_wconf 88' lang='lat' dir='ltr'><strong>Pilatum.</strong></span> <span class='ocrx_word' id='word_1_348' title='bbox 1487 2836 1648 2909; x_wconf 67' lang='grc' dir='ltr'><strong>[σθαι.</strong></span> <span class='ocrx_word' id='word_1_349' title='bbox 1682 2836 1795 2910; x_wconf 92' lang='lat'><strong>10.]</strong></span> <span class='ocrx_word' id='word_1_350' title='bbox 1842 2838 1969 2897; x_wconf 88' lang='lat' dir='ltr'><strong>Coe-</strong></span> 
     </span>
    </p>
   </div>
   <div class='ocr_carea' id='block_1_44' title="bbox 366 2927 1971 2999">
    <p class='ocr_par' dir='ltr' id='par_1_44' title="bbox 366 2927 1971 2999">
     <span class='ocr_line' id='line_1_44' title="bbox 366 2927 1971 2999; baseline 0.004 -17"><span class='ocrx_word' id='word_1_351' title='bbox 366 2936 566 2999; x_wconf 89' lang='lat' dir='ltr'><strong>perunt</strong></span> <span class='ocrx_word' id='word_1_352' title='bbox 591 2935 773 2983; x_wconf 91' lang='lat' dir='ltr'><strong>autem</strong></span> <span class='ocrx_word' id='word_1_353' title='bbox 796 2927 950 2983; x_wconf 92' lang='lat' dir='ltr'><strong>illum</strong></span> <span class='ocrx_word' id='word_1_354' title='bbox 978 2941 1258 2996; x_wconf 88' lang='lat' dir='ltr'><strong>accusare,</strong></span> <span class='ocrx_word' id='word_1_355' title='bbox 1302 2927 1585 2985; x_wconf 88' lang='lat' dir='ltr'><strong>dicentes:</strong></span> <span class='ocrx_word' id='word_1_356' title='bbox 1638 2929 1971 2989; x_wconf 87' lang='lat' dir='ltr'><strong>Huncinve—</strong></span> 
     </span>
    </p>
   </div>
   <div class='ocr_carea' id='block_1_45' title="bbox 365 3020 1967 3094">
    <p class='ocr_par' dir='ltr' id='par_1_45' title="bbox 365 3020 1967 3094">
     <span class='ocr_line' id='line_1_45' title="bbox 365 3020 1967 3094; baseline 0.002 -18"><span class='ocrx_word' id='word_1_357' title='bbox 365 3020 548 3077; x_wconf 91' lang='lat' dir='ltr'><strong>nimus</strong></span> <span class='ocrx_word' id='word_1_358' title='bbox 598 3020 1003 3077; x_wconf 85' lang='lat' dir='ltr'><strong>subvertentem</strong></span> <span class='ocrx_word' id='word_1_359' title='bbox 1036 3029 1252 3093; x_wconf 90' lang='lat' dir='ltr'><strong>gentem</strong></span> <span class='ocrx_word' id='word_1_360' title='bbox 1276 3030 1517 3077; x_wconf 89' lang='lat' dir='ltr'><strong>nostram</strong></span> <span class='ocrx_word' id='word_1_361' title='bbox 1544 3062 1559 3090; x_wconf 90' lang='lat'><strong>,</strong></span> <span class='ocrx_word' id='word_1_362' title='bbox 1590 3030 1646 3078; x_wconf 89' lang='lat' dir='ltr'><strong>et</strong></span> <span class='ocrx_word' id='word_1_363' title='bbox 1673 3023 1967 3094; x_wconf 86' lang='lat' dir='ltr'><strong>prohiben-</strong></span> 
     </span>
    </p>
   </div>
   <div class='ocr_carea' id='block_1_46' title="bbox 365 3115 1967 3185">
    <p class='ocr_par' dir='ltr' id='par_1_46' title="bbox 365 3115 1967 3185">
     <span class='ocr_line' id='line_1_46' title="bbox 365 3115 1967 3185; baseline 0.004 -16"><span class='ocrx_word' id='word_1_364' title='bbox 365 3124 475 3172; x_wconf 91' lang='lat' dir='ltr'><strong>tem</strong></span> <span class='ocrx_word' id='word_1_365' title='bbox 518 3116 723 3174; x_wconf 89' lang='lat' dir='ltr'><strong>tributa</strong></span> <span class='ocrx_word' id='word_1_366' title='bbox 762 3116 893 3171; x_wconf 86' lang='lat' dir='ltr'><strong>dare</strong></span> <span class='ocrx_word' id='word_1_367' title='bbox 913 3115 1148 3185; x_wconf 86' lang='lat' dir='ltr'><strong>Caesari,</strong></span> <span class='ocrx_word' id='word_1_368' title='bbox 1199 3124 1255 3171; x_wconf 92' lang='lat' dir='ltr'><strong>et</strong></span> <span class='ocrx_word' id='word_1_369' title='bbox 1281 3116 1552 3173; x_wconf 86' lang='lat' dir='ltr'><strong>dicentem</strong></span> <span class='ocrx_word' id='word_1_370' title='bbox 1596 3133 1656 3173; x_wconf 88' lang='lat' dir='ltr'><strong>se</strong></span> <span class='ocrx_word' id='word_1_371' title='bbox 1693 3117 1967 3175; x_wconf 87' lang='lat' dir='ltr'><strong>Christum</strong></span> 
     </span>
    </p>
   </div>
   <div class='ocr_carea' id='block_1_47' title="bbox 2082 1997 3677 2075">
    <p class='ocr_par' dir='ltr' id='par_1_47' title="bbox 2082 1997 3677 2075">
     <span class='ocr_line' id='line_1_47' title="bbox 2082 1997 3677 2075; baseline 0.018 -27"><span class='ocrx_word' id='word_1_372' title='bbox 2082 2002 2164 2049; x_wconf 89' lang='lat' dir='ltr'><strong>ter</strong></span> <span class='ocrx_word' id='word_1_373' title='bbox 2212 1997 2566 2055; x_wconf 90' lang='lat' dir='ltr'><strong>homicidium</strong></span> <span class='ocrx_word' id='word_1_374' title='bbox 2622 2009 2676 2056; x_wconf 90' lang='lat' dir='ltr'><strong>et</strong></span> <span class='ocrx_word' id='word_1_375' title='bbox 2707 2004 3034 2063; x_wconf 89' lang='lat' dir='ltr'><strong>seditionem</strong></span> <span class='ocrx_word' id='word_1_376' title='bbox 3059 2012 3259 2069; x_wconf 89' lang='lat' dir='ltr'><strong>missus</strong></span> <span class='ocrx_word' id='word_1_377' title='bbox 3282 2014 3459 2072; x_wconf 83' lang='lat' dir='ltr'><strong>fuerat</strong></span> <span class='ocrx_word' id='word_1_378' title='bbox 3482 2019 3532 2073; x_wconf 92' lang='lat' dir='ltr'><strong>iu</strong></span> <span class='ocrx_word' id='word_1_379' title='bbox 3555 1997 3677 2075; x_wconf 77' lang='lat' dir='ltr'><strong>car-</strong></span> 
     </span>
    </p>
   </div>
   <div class='ocr_carea' id='block_1_48' title="bbox 2076 2095 3675 2168">
    <p class='ocr_par' dir='ltr' id='par_1_48' title="bbox 2076 2095 3675 2168">
     <span class='ocr_line' id='line_1_48' title="bbox 2076 2095 3675 2168; baseline 0.018 -28"><span class='ocrx_word' id='word_1_380' title='bbox 2076 2100 2282 2155; x_wconf 89' lang='lat' dir='ltr'><strong>cerem,</strong></span> <span class='ocrx_word' id='word_1_381' title='bbox 2332 2105 2492 2160; x_wconf 91' lang='lat' dir='ltr'><strong>quem</strong></span> <span class='ocrx_word' id='word_1_382' title='bbox 2523 2095 2808 2161; x_wconf 90' lang='lat' dir='ltr'><strong>petebant:</strong></span> <span class='ocrx_word' id='word_1_383' title='bbox 2866 2099 3051 2157; x_wconf 83' lang='lat' dir='ltr'><strong>Jesum</strong></span> <span class='ocrx_word' id='word_1_384' title='bbox 3081 2119 3212 2161; x_wconf 90' lang='lat' dir='ltr'><strong>vero</strong></span> <span class='ocrx_word' id='word_1_385' title='bbox 3240 2108 3457 2165; x_wconf 88' lang='lat' dir='ltr'><strong>tradidit</strong></span> <span class='ocrx_word' id='word_1_386' title='bbox 3485 2111 3675 2168; x_wconf 89' lang='lat' dir='ltr'><strong>volun-</strong></span> 
     </span>
    </p>
   </div>
   <div class='ocr_carea' id='block_1_49' title="bbox 2076 2180 3671 2277">
    <p class='ocr_par' dir='ltr' id='par_1_49' title="bbox 2076 2180 3671 2277">
     <span class='ocr_line' id='line_1_49' title="bbox 2076 2180 3671 2277; baseline 0.014 -42"><span class='ocrx_word' id='word_1_387' title='bbox 2076 2180 2189 2277; x_wconf 76' lang='lat' dir='ltr'><strong>tati</strong></span> <span class='ocrx_word' id='word_1_388' title='bbox 2216 2196 2427 2237; x_wconf 90' lang='lat' dir='ltr'><strong>eorum.</strong></span> <span class='ocrx_word' id='word_1_389' title='bbox 2472 2182 2695 2257; x_wconf 88' lang='lat' dir='ltr'><strong>[cccxv,</strong></span> <span class='ocrx_word' id='word_1_390' title='bbox 2731 2188 2806 2261; x_wconf 90' lang='lat'><strong>1.]</strong></span> <span class='ocrx_word' id='word_1_391' title='bbox 2866 2192 3076 2250; x_wconf 91' lang='lat' dir='ltr'><strong>Etcum</strong></span> <span class='ocrx_word' id='word_1_392' title='bbox 3106 2196 3370 2257; x_wconf 90' lang='lat' dir='ltr'><strong>ducerent</strong></span> <span class='ocrx_word' id='word_1_393' title='bbox 3395 2205 3671 2277; x_wconf 60' lang='lat' dir='ltr'><strong>eum,;ap-</strong></span> 
     </span>
    </p>
   </div>
   <div class='ocr_carea' id='block_1_50' title="bbox 2075 2272 3673 2367">
    <p class='ocr_par' dir='ltr' id='par_1_50' title="bbox 2075 2272 3673 2367">
     <span class='ocr_line' id='line_1_50' title="bbox 2075 2272 3673 2367; baseline 0.019 -39"><span class='ocrx_word' id='word_1_394' title='bbox 2075 2272 2485 2344; x_wconf 88' lang='lat' dir='ltr'><strong>prehenderunt</strong></span> <span class='ocrx_word' id='word_1_395' title='bbox 2510 2280 2796 2340; x_wconf 90' lang='lat' dir='ltr'><strong>Simonem</strong></span> <span class='ocrx_word' id='word_1_396' title='bbox 2827 2289 3118 2357; x_wconf 89' lang='lat' dir='ltr'><strong>quemdam</strong></span> <span class='ocrx_word' id='word_1_397' title='bbox 3146 2292 3513 2366; x_wconf 87' lang='lat' dir='ltr'><strong>Cyrenensem</strong></span> <span class='ocrx_word' id='word_1_398' title='bbox 3530 2272 3673 2367; x_wconf 28' lang='lat' dir='ltr'><strong>,ive-</strong></span> 
     </span>
    </p>
   </div>
   <div class='ocr_carea' id='block_1_51' title="bbox 2076 2374 3669 2469">
    <p class='ocr_par' dir='ltr' id='par_1_51' title="bbox 2076 2374 3669 2469">
     <span class='ocr_line' id='line_1_51' title="bbox 2076 2374 3669 2469; baseline 0.021 -44"><span class='ocrx_word' id='word_1_399' title='bbox 2076 2374 2313 2428; x_wconf 92' lang='lat' dir='ltr'><strong>nientem</strong></span> <span class='ocrx_word' id='word_1_400' title='bbox 2372 2374 2441 2430; x_wconf 92' lang='lat' dir='ltr'><strong>de</strong></span> <span class='ocrx_word' id='word_1_401' title='bbox 2493 2378 2653 2434; x_wconf 90' lang='lat' dir='ltr'><strong>villa:</strong></span> <span class='ocrx_word' id='word_1_402' title='bbox 2702 2391 2757 2437; x_wconf 89' lang='lat' dir='ltr'><strong>et</strong></span> <span class='ocrx_word' id='word_1_403' title='bbox 2781 2383 3156 2455; x_wconf 89' lang='lat' dir='ltr'><strong>imposuerunt</strong></span> <span class='ocrx_word' id='word_1_404' title='bbox 3184 2392 3265 2448; x_wconf 91' lang='lat' dir='ltr'><strong>illi</strong></span> <span class='ocrx_word' id='word_1_405' title='bbox 3292 2409 3511 2454; x_wconf 85' lang='lat' dir='ltr'><strong>crucem</strong></span> <span class='ocrx_word' id='word_1_406' title='bbox 3542 2414 3669 2469; x_wconf 85' lang='lat' dir='ltr'><strong>por-</strong></span> 
     </span>
    </p>
   </div>
   <div class='ocr_carea' id='block_1_52' title="bbox 2076 2467 3668 2554">
    <p class='ocr_par' dir='ltr' id='par_1_52' title="bbox 2076 2467 3668 2554">
     <span class='ocr_line' id='line_1_52' title="bbox 2076 2467 3668 2554; baseline 0.019 -36"><span class='ocrx_word' id='word_1_407' title='bbox 2076 2472 2190 2520; x_wconf 89' lang='lat' dir='ltr'><strong>tare</strong></span> <span class='ocrx_word' id='word_1_408' title='bbox 2217 2476 2338 2536; x_wconf 90' lang='lat' dir='ltr'><strong>post</strong></span> <span class='ocrx_word' id='word_1_409' title='bbox 2368 2467 2571 2525; x_wconf 82' lang='lat' dir='ltr'><strong>Jesunt.</strong></span> <span class='ocrx_word' id='word_1_410' title='bbox 2602 2471 2829 2544; x_wconf 84' lang='lat' dir='ltr'><strong>[cccxvi,</strong></span> <span class='ocrx_word' id='word_1_411' title='bbox 2864 2478 2977 2553; x_wconf 88' lang='lat'><strong>10.]</strong></span> <span class='ocrx_word' id='word_1_412' title='bbox 3028 2481 3366 2554; x_wconf 89' lang='lat' dir='ltr'><strong>Sequebatur</strong></span> <span class='ocrx_word' id='word_1_413' title='bbox 3395 2467 3577 2547; x_wconf 82' lang='lat' dir='ltr'><strong>autem</strong></span> <span class='ocrx_word' id='word_1_414' title='bbox 3604 2495 3636 2547; x_wconf 93' lang='lat' dir='ltr'><strong>il</strong></span> <span class='ocrx_word' id='word_1_415' title='bbox 3655 2524 3668 2532; x_wconf 65' lang='grc' dir='ltr'><strong>ς</strong></span> 
     </span>
    </p>
   </div>
   <div class='ocr_carea' id='block_1_53' title="bbox 2073 2556 3667 2655">
    <p class='ocr_par' dir='ltr' id='par_1_53' title="bbox 2073 2556 3667 2655">
     <span class='ocr_line' id='line_1_53' title="bbox 2073 2556 3667 2655; baseline 0.019 -44"><span class='ocrx_word' id='word_1_416' title='bbox 2073 2556 2183 2612; x_wconf 90' lang='lat' dir='ltr'><strong>lum</strong></span> <span class='ocrx_word' id='word_1_417' title='bbox 2215 2560 2381 2615; x_wconf 88' lang='lat' dir='ltr'><strong>multa</strong></span> <span class='ocrx_word' id='word_1_418' title='bbox 2412 2564 2567 2619; x_wconf 90' lang='lat' dir='ltr'><strong>turba</strong></span> <span class='ocrx_word' id='word_1_419' title='bbox 2602 2568 2785 2637; x_wconf 85' lang='lat' dir='ltr'><strong>populi</strong></span> <span class='ocrx_word' id='word_1_420' title='bbox 2808 2611 2822 2637; x_wconf 94' lang='lat'><strong>,</strong></span> <span class='ocrx_word' id='word_1_421' title='bbox 2866 2580 2921 2627; x_wconf 91' lang='lat' dir='ltr'><strong>et</strong></span> <span class='ocrx_word' id='word_1_422' title='bbox 2969 2575 3255 2633; x_wconf 90' lang='lat' dir='ltr'><strong>mulierum</strong></span> <span class='ocrx_word' id='word_1_423' title='bbox 3294 2597 3306 2634; x_wconf 92' lang='lat'><strong>:</strong></span> <span class='ocrx_word' id='word_1_424' title='bbox 3337 2597 3460 2653; x_wconf 79' lang='lat' dir='ltr'><strong>qua:</strong></span> <span class='ocrx_word' id='word_1_425' title='bbox 3512 2585 3667 2655; x_wconf 90' lang='lat' dir='ltr'><strong>plan-</strong></span> 
     </span>
    </p>
   </div>
   <div class='ocr_carea' id='block_1_54' title="bbox 2072 2652 3664 2738">
    <p class='ocr_par' dir='ltr' id='par_1_54' title="bbox 2072 2652 3664 2738">
     <span class='ocr_line' id='line_1_54' title="bbox 2072 2652 3664 2738; baseline 0.019 -33"><span class='ocrx_word' id='word_1_426' title='bbox 2072 2652 2301 2723; x_wconf 88' lang='lat' dir='ltr'><strong>gebant,</strong></span> <span class='ocrx_word' id='word_1_427' title='bbox 2368 2667 2419 2711; x_wconf 91' lang='lat' dir='ltr'><strong>et</strong></span> <span class='ocrx_word' id='word_1_428' title='bbox 2463 2658 2899 2721; x_wconf 85' lang='lat' dir='ltr'><strong>lamentabantur</strong></span> <span class='ocrx_word' id='word_1_429' title='bbox 2938 2683 3084 2726; x_wconf 93' lang='lat' dir='ltr'><strong>eum.</strong></span> <span class='ocrx_word' id='word_1_430' title='bbox 3128 2652 3436 2733; x_wconf 82' lang='lat' dir='ltr'><strong>Conversus</strong></span> <span class='ocrx_word' id='word_1_431' title='bbox 3483 2652 3664 2738; x_wconf 76' lang='lat' dir='ltr'><strong>autem</strong></span> 
     </span>
    </p>
   </div>
   <div class='ocr_carea' id='block_1_55' title="bbox 2072 2743 3669 2835">
    <p class='ocr_par' dir='ltr' id='par_1_55' title="bbox 2072 2743 3669 2835">
     <span class='ocr_line' id='line_1_55' title="bbox 2072 2743 3669 2835; baseline 0.021 -38"><span class='ocrx_word' id='word_1_432' title='bbox 2072 2743 2137 2799; x_wconf 90' lang='lat' dir='ltr'><strong>ad</strong></span> <span class='ocrx_word' id='word_1_433' title='bbox 2169 2744 2289 2801; x_wconf 87' lang='lat' dir='ltr'><strong>illas</strong></span> <span class='ocrx_word' id='word_1_434' title='bbox 2314 2747 2497 2815; x_wconf 87' lang='lat' dir='ltr'><strong>Jesus,</strong></span> <span class='ocrx_word' id='word_1_435' title='bbox 2539 2754 2705 2809; x_wconf 85' lang='lat' dir='ltr'><strong>dixit:</strong></span> <span class='ocrx_word' id='word_1_436' title='bbox 2762 2757 2913 2816; x_wconf 72' lang='lat' dir='ltr'><strong>Filia:</strong></span> <span class='ocrx_word' id='word_1_437' title='bbox 2940 2760 3275 2835; x_wconf 85' lang='lat' dir='ltr'><strong>Jerusalem,</strong></span> <span class='ocrx_word' id='word_1_438' title='bbox 3326 2770 3494 2828; x_wconf 89' lang='lat' dir='ltr'><strong>nolite</strong></span> <span class='ocrx_word' id='word_1_439' title='bbox 3538 2775 3669 2831; x_wconf 87' lang='lat' dir='ltr'><strong>ﬂere</strong></span> 
     </span>
    </p>
   </div>
   <div class='ocr_carea' id='block_1_56' title="bbox 2071 2843 3703 2943">
    <p class='ocr_par' dir='ltr' id='par_1_56' title="bbox 2071 2843 3703 2943">
     <span class='ocr_line' id='line_1_56' title="bbox 2071 2843 3703 2943; baseline 0.02 -52"><span class='ocrx_word' id='word_1_440' title='bbox 2071 2850 2236 2907; x_wconf 88' lang='lat' dir='ltr'><strong>super</strong></span> <span class='ocrx_word' id='word_1_441' title='bbox 2261 2855 2368 2907; x_wconf 87' lang='lat' dir='ltr'><strong>me,</strong></span> <span class='ocrx_word' id='word_1_442' title='bbox 2404 2843 2497 2899; x_wconf 91' lang='lat' dir='ltr'><strong>sed</strong></span> <span class='ocrx_word' id='word_1_443' title='bbox 2531 2860 2694 2917; x_wconf 91' lang='lat' dir='ltr'><strong>super</strong></span> <span class='ocrx_word' id='word_1_444' title='bbox 2722 2865 2819 2904; x_wconf 87' lang='lat' dir='ltr'><strong>vos</strong></span> <span class='ocrx_word' id='word_1_445' title='bbox 2856 2852 3001 2922; x_wconf 89' lang='lat' dir='ltr'><strong>ipsas</strong></span> <span class='ocrx_word' id='word_1_446' title='bbox 3032 2854 3175 2925; x_wconf 89' lang='lat' dir='ltr'><strong>ﬂete,</strong></span> <span class='ocrx_word' id='word_1_447' title='bbox 3235 2870 3288 2915; x_wconf 88' lang='lat' dir='ltr'><strong>et</strong></span> <span class='ocrx_word' id='word_1_448' title='bbox 3326 2877 3489 2933; x_wconf 90' lang='lat' dir='ltr'><strong>super</strong></span> <span class='ocrx_word' id='word_1_449' title='bbox 3527 2866 3703 2943; x_wconf 64' lang='lat' dir='ltr'><strong>ﬁlios,</strong></span> 
     </span>
    </p>
   </div>
   <div class='ocr_carea' id='block_1_57' title="bbox 2070 2934 3666 3027">
    <p class='ocr_par' dir='ltr' id='par_1_57' title="bbox 2070 2934 3666 3027">
     <span class='ocr_line' id='line_1_57' title="bbox 2070 2934 3666 3027; baseline 0.021 -44"><span class='ocrx_word' id='word_1_450' title='bbox 2070 2939 2302 2989; x_wconf 88' lang='lat' dir='ltr'><strong>vestros.</strong></span> <span class='ocrx_word' id='word_1_451' title='bbox 2370 2934 2633 3003; x_wconf 85' lang='lat' dir='ltr'><strong>Quoniam</strong></span> <span class='ocrx_word' id='word_1_452' title='bbox 2666 2956 2794 2999; x_wconf 86' lang='lat' dir='ltr'><strong>ecce</strong></span> <span class='ocrx_word' id='word_1_453' title='bbox 2821 2946 3204 3019; x_wconf 89' lang='lat' dir='ltr'><strong>venientdies,</strong></span> <span class='ocrx_word' id='word_1_454' title='bbox 3252 2954 3303 3009; x_wconf 90' lang='lat' dir='ltr'><strong>in</strong></span> <span class='ocrx_word' id='word_1_455' title='bbox 3350 2956 3549 3027; x_wconf 85' lang='lat' dir='ltr'><strong>quibus</strong></span> <span class='ocrx_word' id='word_1_456' title='bbox 3584 2961 3666 3016; x_wconf 93' lang='lat' dir='ltr'><strong>di-</strong></span> 
     </span>
    </p>
   </div>
   <div class='ocr_carea' id='block_1_58' title="bbox 2070 3025 3661 3121">
    <p class='ocr_par' dir='ltr' id='par_1_58' title="bbox 2070 3025 3661 3121">
     <span class='ocr_line' id='line_1_58' title="bbox 2070 3025 3661 3121; baseline 0.019 -43"><span class='ocrx_word' id='word_1_457' title='bbox 2070 3034 2195 3079; x_wconf 87' lang='lat' dir='ltr'><strong>cent</strong></span> <span class='ocrx_word' id='word_1_458' title='bbox 2226 3042 2239 3079; x_wconf 90' lang='lat'><strong>:</strong></span> <span class='ocrx_word' id='word_1_459' title='bbox 2273 3025 2455 3083; x_wconf 71' lang='lat' dir='ltr'><strong>Beata:</strong></span> <span class='ocrx_word' id='word_1_460' title='bbox 2478 3033 2715 3101; x_wconf 81' lang='lat' dir='ltr'><strong>Steriles,</strong></span> <span class='ocrx_word' id='word_1_461' title='bbox 2770 3040 3057 3098; x_wconf 83' lang='lat' dir='ltr'><strong>etvéntres</strong></span> <span class='ocrx_word' id='word_1_462' title='bbox 3093 3046 3181 3113; x_wconf 93' lang='lat' dir='ltr'><strong>qui</strong></span> <span class='ocrx_word' id='word_1_463' title='bbox 3207 3061 3313 3102; x_wconf 89' lang='lat' dir='ltr'><strong>non</strong></span> <span class='ocrx_word' id='word_1_464' title='bbox 3336 3025 3661 3121; x_wconf 77' lang='lat' dir='ltr'><strong>genuerunt,</strong></span> 
     </span>
    </p>
   </div>
   <div class='ocr_carea' id='block_1_59' title="bbox 2070 3119 3663 3211">
    <p class='ocr_par' dir='ltr' id='par_1_59' title="bbox 2070 3119 3663 3211">
     <span class='ocr_line' id='line_1_59' title="bbox 2070 3119 3663 3211; baseline 0.019 -40"><span class='ocrx_word' id='word_1_465' title='bbox 2070 3126 2122 3172; x_wconf 91' lang='lat' dir='ltr'><strong>et</strong></span> <span class='ocrx_word' id='word_1_466' title='bbox 2149 3119 2317 3175; x_wconf 90' lang='lat' dir='ltr'><strong>ubera</strong></span> <span class='ocrx_word' id='word_1_467' title='bbox 2350 3138 2469 3191; x_wconf 80' lang='lat' dir='ltr'><strong>quae</strong></span> <span class='ocrx_word' id='word_1_468' title='bbox 2498 3140 2603 3181; x_wconf 91' lang='lat' dir='ltr'><strong>non</strong></span> <span class='ocrx_word' id='word_1_469' title='bbox 2633 3127 2990 3188; x_wconf 84' lang='lat' dir='ltr'><strong>lactaverunt.</strong></span> <span class='ocrx_word' id='word_1_470' title='bbox 3052 3135 3203 3193; x_wconf 91' lang='lat' dir='ltr'><strong>Tunc</strong></span> <span class='ocrx_word' id='word_1_471' title='bbox 3233 3139 3489 3211; x_wconf 90' lang='lat' dir='ltr'><strong>incipient</strong></span> <span class='ocrx_word' id='word_1_472' title='bbox 3515 3119 3663 3202; x_wconf 36' lang='lat' dir='ltr'><strong>dice;</strong></span> 
     </span>
    </p>
   </div>
   <div class='ocr_carea' id='block_1_60' title="bbox 364 3208 3654 3307">
    <p class='ocr_par' dir='ltr' id='par_1_60' title="bbox 364 3208 3654 3307">
     <span class='ocr_line' id='line_1_60' title="bbox 364 3208 3654 3307; baseline 0.009 -42"><span class='ocrx_word' id='word_1_473' title='bbox 364 3224 548 3281; x_wconf 84' lang='lat' dir='ltr'><strong>regem</strong></span> <span class='ocrx_word' id='word_1_474' title='bbox 593 3224 739 3266; x_wconf 92' lang='lat' dir='ltr'><strong>esse.</strong></span> <span class='ocrx_word' id='word_1_475' title='bbox 782 3208 966 3283; x_wconf 86' lang='lat' dir='ltr'><strong>[cccn,</strong></span> <span class='ocrx_word' id='word_1_476' title='bbox 999 3210 1076 3283; x_wconf 94' lang='lat'><strong>1.]</strong></span> <span class='ocrx_word' id='word_1_477' title='bbox 1133 3208 1338 3266; x_wconf 87' lang='lat' dir='ltr'><strong>Pilatus</strong></span> <span class='ocrx_word' id='word_1_478' title='bbox 1382 3218 1563 3267; x_wconf 89' lang='lat' dir='ltr'><strong>autem</strong></span> <span class='ocrx_word' id='word_1_479' title='bbox 1614 3212 1970 3282; x_wconf 78' lang='lat' dir='ltr'><strong>interrogavit</strong></span> <span class='ocrx_word' id='word_1_480' title='bbox 2000 3294 2037 3307; x_wconf 45' lang='grc'><strong><em>⁸</em></strong></span> <span class='ocrx_word' id='word_1_481' title='bbox 2072 3229 2131 3270; x_wconf 86' lang='lat' dir='ltr'><strong>re</strong></span> <span class='ocrx_word' id='word_1_482' title='bbox 2159 3217 2470 3274; x_wconf 88' lang='lat' dir='ltr'><strong>montibus:</strong></span> <span class='ocrx_word' id='word_1_483' title='bbox 2523 3220 2713 3281; x_wconf 90' lang='lat' dir='ltr'><strong>Cadite</strong></span> <span class='ocrx_word' id='word_1_484' title='bbox 2750 3240 2915 3297; x_wconf 89' lang='lat' dir='ltr'><strong>super</strong></span> <span class='ocrx_word' id='word_1_485' title='bbox 2941 3244 3072 3286; x_wconf 92' lang='lat' dir='ltr'><strong>nos:</strong></span> <span class='ocrx_word' id='word_1_486' title='bbox 3103 3241 3157 3287; x_wconf 92' lang='lat' dir='ltr'><strong>et</strong></span> <span class='ocrx_word' id='word_1_487' title='bbox 3185 3208 3447 3293; x_wconf 77' lang='lat' dir='ltr'><strong>collibus:</strong></span> <span class='ocrx_word' id='word_1_488' title='bbox 3514 3239 3654 3307; x_wconf 81' lang='lat' dir='ltr'><strong>Ope-</strong></span> 
     </span>
    </p>
   </div>
   <div class='ocr_carea' id='block_1_61' title="bbox 364 3294 3664 3398">
    <p class='ocr_par' dir='ltr' id='par_1_61' title="bbox 364 3294 3664 3398">
     <span class='ocr_line' id='line_1_61' title="bbox 364 3294 3664 3398; baseline 0.01 -39"><span class='ocrx_word' id='word_1_489' title='bbox 364 3316 510 3371; x_wconf 89' lang='lat' dir='ltr'><strong>eum,</strong></span> <span class='ocrx_word' id='word_1_490' title='bbox 540 3303 762 3359; x_wconf 88' lang='lat' dir='ltr'><strong>dicens:</strong></span> <span class='ocrx_word' id='word_1_491' title='bbox 791 3304 872 3359; x_wconf 90' lang='lat' dir='ltr'><strong>Tu</strong></span> <span class='ocrx_word' id='word_1_492' title='bbox 896 3319 956 3361; x_wconf 90' lang='lat' dir='ltr'><strong>es</strong></span> <span class='ocrx_word' id='word_1_493' title='bbox 986 3318 1081 3359; x_wconf 91' lang='lat' dir='ltr'><strong>rex</strong></span> <span class='ocrx_word' id='word_1_494' title='bbox 1109 3302 1460 3360; x_wconf 65' lang='lat' dir='ltr'><strong>Judmorum?</strong></span> <span class='ocrx_word' id='word_1_495' title='bbox 1512 3306 1581 3359; x_wconf 83' lang='lat' dir='ltr'><strong>At</strong></span> <span class='ocrx_word' id='word_1_496' title='bbox 1613 3303 1707 3360; x_wconf 91' lang='lat' dir='ltr'><strong>ille</strong></span> <span class='ocrx_word' id='word_1_497' title='bbox 1736 3320 1964 3377; x_wconf 89' lang='lat' dir='ltr'><strong>respou-</strong></span> <span class='ocrx_word' id='word_1_498' title='bbox 1993 3294 2039 3359; x_wconf 89' lang='lat' dir='ltr'><strong>C</strong></span> <span class='ocrx_word' id='word_1_499' title='bbox 2070 3307 2177 3364; x_wconf 92' lang='lat' dir='ltr'><strong>rite</strong></span> <span class='ocrx_word' id='word_1_500' title='bbox 2199 3325 2320 3366; x_wconf 92' lang='lat' dir='ltr'><strong>nos.</strong></span> <span class='ocrx_word' id='word_1_501' title='bbox 2351 3312 2484 3379; x_wconf 88' lang='lat' dir='ltr'><strong>Quia</strong></span> <span class='ocrx_word' id='word_1_502' title='bbox 2514 3314 2559 3368; x_wconf 89' lang='lat' dir='ltr'><strong>si</strong></span> <span class='ocrx_word' id='word_1_503' title='bbox 2584 3315 2636 3370; x_wconf 94' lang='lat' dir='ltr'><strong>in</strong></span> <span class='ocrx_word' id='word_1_504' title='bbox 2665 3294 2996 3390; x_wconf 78' lang='lat' dir='ltr'><strong>viridiligno</strong></span> <span class='ocrx_word' id='word_1_505' title='bbox 3026 3325 3141 3380; x_wconf 62' lang='lat' dir='ltr'><strong>haec</strong></span> <span class='ocrx_word' id='word_1_506' title='bbox 3171 3326 3398 3398; x_wconf 78' lang='lat' dir='ltr'><strong>faciunt,</strong></span> <span class='ocrx_word' id='word_1_507' title='bbox 3439 3332 3491 3387; x_wconf 92' lang='lat' dir='ltr'><strong>in</strong></span> <span class='ocrx_word' id='word_1_508' title='bbox 3510 3294 3664 3392; x_wconf 65' lang='lat' dir='ltr'><strong>arido</strong></span> 
     </span>
    </p>
   </div>
   <div class='ocr_carea' id='block_1_62' title="bbox 361 3393 1963 3471">
    <p class='ocr_par' dir='ltr' id='par_1_62' title="bbox 361 3393 1963 3471">
     <span class='ocr_line' id='line_1_62' title="bbox 361 3393 1963 3471; baseline 0.001 -20"><span class='ocrx_word' id='word_1_509' title='bbox 361 3395 498 3452; x_wconf 90' lang='lat' dir='ltr'><strong>dens</strong></span> <span class='ocrx_word' id='word_1_510' title='bbox 526 3396 638 3452; x_wconf 88' lang='lat' dir='ltr'><strong>ait:</strong></span> <span class='ocrx_word' id='word_1_511' title='bbox 670 3395 755 3452; x_wconf 91' lang='lat' dir='ltr'><strong>Tu</strong></span> <span class='ocrx_word' id='word_1_512' title='bbox 781 3396 938 3453; x_wconf 92' lang='lat' dir='ltr'><strong>dicis.</strong></span> <span class='ocrx_word' id='word_1_513' title='bbox 970 3397 1173 3471; x_wconf 86' lang='lat' dir='ltr'><strong>[cccm,</strong></span> <span class='ocrx_word' id='word_1_514' title='bbox 1202 3393 1283 3467; x_wconf 89' lang='lat'><strong>9.]</strong></span> <span class='ocrx_word' id='word_1_515' title='bbox 1334 3398 1421 3453; x_wconf 88' lang='lat' dir='ltr'><strong>Ait</strong></span> <span class='ocrx_word' id='word_1_516' title='bbox 1451 3405 1630 3453; x_wconf 89' lang='lat' dir='ltr'><strong>autem</strong></span> <span class='ocrx_word' id='word_1_517' title='bbox 1664 3396 1867 3454; x_wconf 91' lang='lat' dir='ltr'><strong>Pilatus</strong></span> <span class='ocrx_word' id='word_1_518' title='bbox 1895 3397 1963 3453; x_wconf 90' lang='lat' dir='ltr'><strong>ad</strong></span> 
     </span>
    </p>
   </div>
   <div class='ocr_carea' id='block_1_63' title="bbox 362 3478 1962 3561">
    <p class='ocr_par' dir='ltr' id='par_1_63' title="bbox 362 3478 1962 3561">
     <span class='ocr_line' id='line_1_63' title="bbox 362 3478 1962 3561; baseline 0.003 -17"><span class='ocrx_word' id='word_1_519' title='bbox 362 3490 640 3561; x_wconf 88' lang='lat' dir='ltr'><strong>principes</strong></span> <span class='ocrx_word' id='word_1_520' title='bbox 684 3478 1027 3547; x_wconf 86' lang='lat' dir='ltr'><strong>sacerdotum</strong></span> <span class='ocrx_word' id='word_1_521' title='bbox 1062 3500 1118 3547; x_wconf 91' lang='lat' dir='ltr'><strong>et</strong></span> <span class='ocrx_word' id='word_1_522' title='bbox 1153 3491 1371 3546; x_wconf 89' lang='lat' dir='ltr'><strong>turbas:</strong></span> <span class='ocrx_word' id='word_1_523' title='bbox 1416 3491 1558 3547; x_wconf 80' lang='lat' dir='ltr'><strong>Niliil</strong></span> <span class='ocrx_word' id='word_1_524' title='bbox 1594 3491 1814 3547; x_wconf 88' lang='lat' dir='ltr'><strong>invenio</strong></span> <span class='ocrx_word' id='word_1_525' title='bbox 1834 3507 1962 3548; x_wconf 89' lang='lat' dir='ltr'><strong>cau-</strong></span> 
     </span>
    </p>
   </div>
   <div class='ocr_carea' id='block_1_64' title="bbox 360 3581 1956 3657">
    <p class='ocr_par' dir='ltr' id='par_1_64' title="bbox 360 3581 1956 3657">
     <span class='ocr_line' id='line_1_64' title="bbox 360 3581 1956 3657; baseline 0.001 -19"><span class='ocrx_word' id='word_1_526' title='bbox 360 3596 435 3638; x_wconf 66' lang='lat' dir='ltr'><strong>sa:</strong></span> <span class='ocrx_word' id='word_1_527' title='bbox 461 3582 515 3638; x_wconf 92' lang='lat' dir='ltr'><strong>in</strong></span> <span class='ocrx_word' id='word_1_528' title='bbox 543 3581 648 3639; x_wconf 93' lang='lat' dir='ltr'><strong>hoc</strong></span> <span class='ocrx_word' id='word_1_529' title='bbox 672 3583 914 3640; x_wconf 89' lang='lat' dir='ltr'><strong>homine.</strong></span> <span class='ocrx_word' id='word_1_530' title='bbox 942 3582 1142 3657; x_wconf 77' lang='lat' dir='ltr'><strong>[cccw,</strong></span> <span class='ocrx_word' id='word_1_531' title='bbox 1172 3581 1287 3655; x_wconf 91' lang='lat'><strong>10.]</strong></span> <span class='ocrx_word' id='word_1_532' title='bbox 1320 3584 1388 3639; x_wconf 85' lang='lat' dir='ltr'><strong>At</strong></span> <span class='ocrx_word' id='word_1_533' title='bbox 1419 3584 1495 3638; x_wconf 92' lang='lat' dir='ltr'><strong>illi</strong></span> <span class='ocrx_word' id='word_1_534' title='bbox 1527 3583 1956 3653; x_wconf 86' lang='lat' dir='ltr'><strong>invalescebant,</strong></span> 
     </span>
    </p>
   </div>
   <div class='ocr_carea' id='block_1_65' title="bbox 359 3674 1957 3748">
    <p class='ocr_par' dir='ltr' id='par_1_65' title="bbox 359 3674 1957 3748">
     <span class='ocr_line' id='line_1_65' title="bbox 359 3674 1957 3748; baseline 0.001 -17"><span class='ocrx_word' id='word_1_535' title='bbox 359 3675 641 3732; x_wconf 89' lang='lat' dir='ltr'><strong>dicentes:</strong></span> <span class='ocrx_word' id='word_1_536' title='bbox 696 3674 1017 3733; x_wconf 91' lang='lat' dir='ltr'><strong>Commovet</strong></span> <span class='ocrx_word' id='word_1_537' title='bbox 1048 3677 1304 3747; x_wconf 90' lang='lat' dir='ltr'><strong>populum</strong></span> <span class='ocrx_word' id='word_1_538' title='bbox 1324 3718 1337 3742; x_wconf 92' lang='lat'><strong>,</strong></span> <span class='ocrx_word' id='word_1_539' title='bbox 1372 3676 1573 3732; x_wconf 88' lang='lat' dir='ltr'><strong>docens</strong></span> <span class='ocrx_word' id='word_1_540' title='bbox 1603 3692 1700 3748; x_wconf 86' lang='lat' dir='ltr'><strong>per</strong></span> <span class='ocrx_word' id='word_1_541' title='bbox 1732 3678 1957 3733; x_wconf 89' lang='lat' dir='ltr'><strong>univer-</strong></span> 
     </span>
    </p>
   </div>
   <div class='ocr_carea' id='block_1_66' title="bbox 357 3768 1957 3840">
    <p class='ocr_par' dir='ltr' id='par_1_66' title="bbox 357 3768 1957 3840">
     <span class='ocr_line' id='line_1_66' title="bbox 357 3768 1957 3840; baseline 0.004 -17"><span class='ocrx_word' id='word_1_542' title='bbox 357 3781 473 3823; x_wconf 89' lang='lat' dir='ltr'><strong>sam</strong></span> <span class='ocrx_word' id='word_1_543' title='bbox 501 3768 770 3836; x_wconf 82' lang='lat' dir='ltr'><strong>Judaeam,</strong></span> <span class='ocrx_word' id='word_1_544' title='bbox 802 3769 1067 3840; x_wconf 92' lang='lat' dir='ltr'><strong>incipiens</strong></span> <span class='ocrx_word' id='word_1_545' title='bbox 1096 3784 1125 3824; x_wconf 91' lang='lat' dir='ltr'><strong>a</strong></span> <span class='ocrx_word' id='word_1_546' title='bbox 1147 3768 1370 3826; x_wconf 88' lang='lat' dir='ltr'><strong>Galilaea</strong></span> <span class='ocrx_word' id='word_1_547' title='bbox 1397 3785 1571 3840; x_wconf 90' lang='lat' dir='ltr'><strong>usque</strong></span> <span class='ocrx_word' id='word_1_548' title='bbox 1593 3769 1717 3825; x_wconf 91' lang='lat' dir='ltr'><strong>huc.</strong></span> <span class='ocrx_word' id='word_1_549' title='bbox 1749 3770 1957 3829; x_wconf 90' lang='lat' dir='ltr'><strong>Pilatus</strong></span> 
     </span>
    </p>
   </div>
   <div class='ocr_carea' id='block_1_67' title="bbox 356 3860 1957 3933">
    <p class='ocr_par' dir='ltr' id='par_1_67' title="bbox 356 3860 1957 3933">
     <span class='ocr_line' id='line_1_67' title="bbox 356 3860 1957 3933; baseline 0.002 -18"><span class='ocrx_word' id='word_1_550' title='bbox 356 3869 543 3917; x_wconf 89' lang='lat' dir='ltr'><strong>autem</strong></span> <span class='ocrx_word' id='word_1_551' title='bbox 572 3860 798 3918; x_wconf 90' lang='lat' dir='ltr'><strong>audiens</strong></span> <span class='ocrx_word' id='word_1_552' title='bbox 826 3861 1134 3928; x_wconf 63' lang='lat' dir='ltr'><strong>Galilaeam,</strong></span> <span class='ocrx_word' id='word_1_553' title='bbox 1193 3862 1554 3933; x_wconf 89' lang='lat' dir='ltr'><strong>interrogavit</strong></span> <span class='ocrx_word' id='word_1_554' title='bbox 1581 3864 1626 3917; x_wconf 90' lang='lat' dir='ltr'><strong>si</strong></span> <span class='ocrx_word' id='word_1_555' title='bbox 1658 3862 1821 3918; x_wconf 88' lang='lat' dir='ltr'><strong>homo</strong></span> <span class='ocrx_word' id='word_1_556' title='bbox 1848 3864 1957 3919; x_wconf 87' lang='lat' dir='ltr'><strong>Ga-</strong></span> 
     </span>
    </p>
   </div>
   <div class='ocr_carea' id='block_1_68' title="bbox 356 3954 1954 4028">
    <p class='ocr_par' dir='ltr' id='par_1_68' title="bbox 356 3954 1954 4028">
     <span class='ocr_line' id='line_1_68' title="bbox 356 3954 1954 4028; baseline 0.001 -16"><span class='ocrx_word' id='word_1_557' title='bbox 356 3956 533 4021; x_wconf 76' lang='lat' dir='ltr'><strong>lilaeus</strong></span> <span class='ocrx_word' id='word_1_558' title='bbox 562 3965 729 4013; x_wconf 89' lang='lat' dir='ltr'><strong>esset.</strong></span> <span class='ocrx_word' id='word_1_559' title='bbox 797 3956 866 4014; x_wconf 89' lang='lat' dir='ltr'><strong>Et</strong></span> <span class='ocrx_word' id='word_1_560' title='bbox 892 3965 952 4012; x_wconf 93' lang='lat' dir='ltr'><strong>ut</strong></span> <span class='ocrx_word' id='word_1_561' title='bbox 981 3954 1237 4028; x_wconf 86' lang='lat' dir='ltr'><strong>cognovit</strong></span> <span class='ocrx_word' id='word_1_562' title='bbox 1264 3956 1407 4028; x_wconf 91' lang='lat' dir='ltr'><strong>quod</strong></span> <span class='ocrx_word' id='word_1_563' title='bbox 1448 3957 1514 4012; x_wconf 90' lang='lat' dir='ltr'><strong>de</strong></span> <span class='ocrx_word' id='word_1_564' title='bbox 1539 3956 1771 4013; x_wconf 85' lang='lat' dir='ltr'><strong>Herodis</strong></span> <span class='ocrx_word' id='word_1_565' title='bbox 1804 3967 1954 4027; x_wconf 91' lang='lat' dir='ltr'><strong>pote-</strong></span> 
     </span>
    </p>
   </div>
   <div class='ocr_carea' id='block_1_69' title="bbox 355 4049 1947 4121">
    <p class='ocr_par' dir='ltr' id='par_1_69' title="bbox 355 4049 1947 4121">
     <span class='ocr_line' id='line_1_69' title="bbox 355 4049 1947 4121; baseline 0.001 -17"><span class='ocrx_word' id='word_1_566' title='bbox 355 4058 495 4104; x_wconf 90' lang='lat' dir='ltr'><strong>state</strong></span> <span class='ocrx_word' id='word_1_567' title='bbox 543 4058 719 4116; x_wconf 89' lang='lat' dir='ltr'><strong>esset,</strong></span> <span class='ocrx_word' id='word_1_568' title='bbox 775 4049 987 4106; x_wconf 89' lang='lat' dir='ltr'><strong>remisit</strong></span> <span class='ocrx_word' id='word_1_569' title='bbox 1013 4065 1137 4106; x_wconf 93' lang='lat' dir='ltr'><strong>eum</strong></span> <span class='ocrx_word' id='word_1_570' title='bbox 1165 4050 1232 4105; x_wconf 90' lang='lat' dir='ltr'><strong>ad</strong></span> <span class='ocrx_word' id='word_1_571' title='bbox 1263 4049 1566 4115; x_wconf 88' lang='lat' dir='ltr'><strong>Herodem,</strong></span> <span class='ocrx_word' id='word_1_572' title='bbox 1624 4050 1714 4119; x_wconf 90' lang='lat' dir='ltr'><strong>qui</strong></span> <span class='ocrx_word' id='word_1_573' title='bbox 1751 4061 1804 4107; x_wconf 90' lang='lat' dir='ltr'><strong>et</strong></span> <span class='ocrx_word' id='word_1_574' title='bbox 1830 4050 1947 4121; x_wconf 91' lang='lat' dir='ltr'><strong>ipse</strong></span> 
     </span>
    </p>
   </div>
   <div class='ocr_carea' id='block_1_70' title="bbox 352 4142 1951 4216">
    <p class='ocr_par' dir='ltr' id='par_1_70' title="bbox 352 4142 1951 4216">
     <span class='ocr_line' id='line_1_70' title="bbox 352 4142 1951 4216; baseline -0.001 -16"><span class='ocrx_word' id='word_1_575' title='bbox 352 4143 715 4216; x_wconf 84' lang='lat' dir='ltr'><strong>Jerosolymis</strong></span> <span class='ocrx_word' id='word_1_576' title='bbox 757 4154 875 4200; x_wconf 89' lang='lat' dir='ltr'><strong>erat</strong></span> <span class='ocrx_word' id='word_1_577' title='bbox 922 4143 1032 4201; x_wconf 91' lang='lat' dir='ltr'><strong>illis</strong></span> <span class='ocrx_word' id='word_1_578' title='bbox 1078 4143 1289 4199; x_wconf 91' lang='lat' dir='ltr'><strong>diebus.</strong></span> <span class='ocrx_word' id='word_1_579' title='bbox 1347 4142 1591 4199; x_wconf 85' lang='lat' dir='ltr'><strong>Herodes</strong></span> <span class='ocrx_word' id='word_1_580' title='bbox 1625 4152 1804 4199; x_wconf 88' lang='lat' dir='ltr'><strong>autem</strong></span> <span class='ocrx_word' id='word_1_581' title='bbox 1832 4144 1951 4199; x_wconf 90' lang='lat' dir='ltr'><strong>viso</strong></span> 
     </span>
    </p>
   </div>
   <div class='ocr_carea' id='block_1_71' title="bbox 351 4235 1949 4310">
    <p class='ocr_par' dir='ltr' id='par_1_71' title="bbox 351 4235 1949 4310">
     <span class='ocr_line' id='line_1_71' title="bbox 351 4235 1949 4310; baseline -0.001 -16"><span class='ocrx_word' id='word_1_582' title='bbox 351 4236 508 4307; x_wconf 85' lang='lat' dir='ltr'><strong>Jesu,</strong></span> <span class='ocrx_word' id='word_1_583' title='bbox 539 4238 757 4310; x_wconf 86' lang='lat' dir='ltr'><strong>gavisus</strong></span> <span class='ocrx_word' id='word_1_584' title='bbox 786 4246 872 4293; x_wconf 88' lang='lat' dir='ltr'><strong>est</strong></span> <span class='ocrx_word' id='word_1_585' title='bbox 892 4237 1069 4293; x_wconf 89' lang='lat' dir='ltr'><strong>valde.</strong></span> <span class='ocrx_word' id='word_1_586' title='bbox 1128 4236 1261 4293; x_wconf 89' lang='lat' dir='ltr'><strong>Erat</strong></span> <span class='ocrx_word' id='word_1_587' title='bbox 1286 4235 1431 4292; x_wconf 88' lang='lat' dir='ltr'><strong>enim</strong></span> <span class='ocrx_word' id='word_1_588' title='bbox 1459 4236 1686 4307; x_wconf 88' lang='lat' dir='ltr'><strong>cupiens</strong></span> <span class='ocrx_word' id='word_1_589' title='bbox 1711 4252 1779 4293; x_wconf 86' lang='lat' dir='ltr'><strong>ex</strong></span> <span class='ocrx_word' id='word_1_590' title='bbox 1808 4238 1949 4293; x_wconf 91' lang='lat' dir='ltr'><strong>mul-</strong></span> 
     </span>
    </p>
   </div>
   <div class='ocr_carea' id='block_1_72' title="bbox 354 4330 1948 4402">
    <p class='ocr_par' dir='ltr' id='par_1_72' title="bbox 354 4330 1948 4402">
     <span class='ocr_line' id='line_1_72' title="bbox 354 4330 1948 4402; baseline 0.003 -18"><span class='ocrx_word' id='word_1_591' title='bbox 354 4341 408 4387; x_wconf 91' lang='lat' dir='ltr'><strong>to</strong></span> <span class='ocrx_word' id='word_1_592' title='bbox 438 4341 689 4402; x_wconf 87' lang='lat' dir='ltr'><strong>tempore</strong></span> <span class='ocrx_word' id='word_1_593' title='bbox 714 4331 902 4388; x_wconf 88' lang='lat' dir='ltr'><strong>videre</strong></span> <span class='ocrx_word' id='word_1_594' title='bbox 927 4346 1052 4389; x_wconf 92' lang='lat' dir='ltr'><strong>eum</strong></span> <span class='ocrx_word' id='word_1_595' title='bbox 1077 4350 1087 4385; x_wconf 93' lang='lat'><strong>:</strong></span> <span class='ocrx_word' id='word_1_596' title='bbox 1135 4346 1201 4388; x_wconf 90' lang='lat' dir='ltr'><strong>eo</strong></span> <span class='ocrx_word' id='word_1_597' title='bbox 1231 4330 1374 4402; x_wconf 91' lang='lat' dir='ltr'><strong>quod</strong></span> <span class='ocrx_word' id='word_1_598' title='bbox 1402 4331 1652 4387; x_wconf 90' lang='lat' dir='ltr'><strong>audierat</strong></span> <span class='ocrx_word' id='word_1_599' title='bbox 1680 4332 1849 4388; x_wconf 91' lang='lat' dir='ltr'><strong>multa</strong></span> <span class='ocrx_word' id='word_1_600' title='bbox 1879 4333 1948 4388; x_wconf 93' lang='lat' dir='ltr'><strong>de</strong></span> 
     </span>
    </p>
   </div>
   <div class='ocr_carea' id='block_1_73' title="bbox 349 4421 1943 4497">
    <p class='ocr_par' dir='ltr' id='par_1_73' title="bbox 349 4421 1943 4497">
     <span class='ocr_line' id='line_1_73' title="bbox 349 4421 1943 4497; baseline -0.001 -17"><span class='ocrx_word' id='word_1_601' title='bbox 349 4438 449 4493; x_wconf 86' lang='lat' dir='ltr'><strong>eo,</strong></span> <span class='ocrx_word' id='word_1_602' title='bbox 510 4432 568 4481; x_wconf 89' lang='lat' dir='ltr'><strong>et</strong></span> <span class='ocrx_word' id='word_1_603' title='bbox 609 4424 867 4497; x_wconf 90' lang='lat' dir='ltr'><strong>sperabat</strong></span> <span class='ocrx_word' id='word_1_604' title='bbox 909 4425 1121 4496; x_wconf 86' lang='lat' dir='ltr'><strong>signum</strong></span> <span class='ocrx_word' id='word_1_605' title='bbox 1151 4421 1370 4496; x_wconf 88' lang='lat' dir='ltr'><strong>aliquod</strong></span> <span class='ocrx_word' id='word_1_606' title='bbox 1399 4422 1587 4480; x_wconf 85' lang='lat' dir='ltr'><strong>videre</strong></span> <span class='ocrx_word' id='word_1_607' title='bbox 1616 4425 1685 4480; x_wconf 90' lang='lat' dir='ltr'><strong>ab</strong></span> <span class='ocrx_word' id='word_1_608' title='bbox 1709 4439 1775 4481; x_wconf 88' lang='lat' dir='ltr'><strong>eo</strong></span> <span class='ocrx_word' id='word_1_609' title='bbox 1804 4425 1943 4480; x_wconf 87' lang='lat' dir='ltr'><strong>ﬁeri.</strong></span> 
     </span>
    </p>
   </div>
   <div class='ocr_carea' id='block_1_74' title="bbox 349 4516 1947 4590">
    <p class='ocr_par' dir='ltr' id='par_1_74' title="bbox 349 4516 1947 4590">
     <span class='ocr_line' id='line_1_74' title="bbox 349 4516 1947 4590; baseline 0 -17"><span class='ocrx_word' id='word_1_610' title='bbox 349 4518 731 4590; x_wconf 85' lang='lat' dir='ltr'><strong>Interrogabat</strong></span> <span class='ocrx_word' id='word_1_611' title='bbox 760 4528 941 4574; x_wconf 91' lang='lat' dir='ltr'><strong>autem</strong></span> <span class='ocrx_word' id='word_1_612' title='bbox 966 4533 1088 4574; x_wconf 92' lang='lat' dir='ltr'><strong>eum</strong></span> <span class='ocrx_word' id='word_1_613' title='bbox 1119 4517 1304 4573; x_wconf 90' lang='lat' dir='ltr'><strong>multis</strong></span> <span class='ocrx_word' id='word_1_614' title='bbox 1333 4518 1697 4575; x_wconf 91' lang='lat' dir='ltr'><strong>sermonibus.</strong></span> <span class='ocrx_word' id='word_1_615' title='bbox 1728 4516 1799 4572; x_wconf 88' lang='lat' dir='ltr'><strong>At</strong></span> <span class='ocrx_word' id='word_1_616' title='bbox 1830 4517 1947 4588; x_wconf 89' lang='lat' dir='ltr'><strong>ipse</strong></span> 
     </span>
    </p>
   </div>
   <div class='ocr_carea' id='block_1_75' title="bbox 348 4610 1944 4685">
    <p class='ocr_par' dir='ltr' id='par_1_75' title="bbox 348 4610 1944 4685">
     <span class='ocr_line' id='line_1_75' title="bbox 348 4610 1944 4685; baseline -0.001 -17"><span class='ocrx_word' id='word_1_617' title='bbox 348 4612 491 4668; x_wconf 90' lang='lat' dir='ltr'><strong>nihil</strong></span> <span class='ocrx_word' id='word_1_618' title='bbox 545 4613 623 4668; x_wconf 91' lang='lat' dir='ltr'><strong>illi</strong></span> <span class='ocrx_word' id='word_1_619' title='bbox 669 4613 1055 4682; x_wconf 85' lang='lat' dir='ltr'><strong>respondebat.</strong></span> <span class='ocrx_word' id='word_1_620' title='bbox 1109 4610 1283 4685; x_wconf 88' lang='lat' dir='ltr'><strong>[cccv,</strong></span> <span class='ocrx_word' id='word_1_621' title='bbox 1322 4610 1405 4683; x_wconf 91' lang='lat'><strong>2.]</strong></span> <span class='ocrx_word' id='word_1_622' title='bbox 1453 4611 1681 4668; x_wconf 90' lang='lat' dir='ltr'><strong>Stabant</strong></span> <span class='ocrx_word' id='word_1_623' title='bbox 1711 4620 1736 4649; x_wconf 75' lang='grc' dir='ltr'>ι</span> <span class='ocrx_word' id='word_1_624' title='bbox 1765 4622 1944 4667; x_wconf 91' lang='lat' dir='ltr'><strong>autem</strong></span> 
     </span>
    </p>
   </div>
   <div class='ocr_carea' id='block_1_76' title="bbox 2066 3403 3659 3485">
    <p class='ocr_par' dir='ltr' id='par_1_76' title="bbox 2066 3403 3659 3485">
     <span class='ocr_line' id='line_1_76' title="bbox 2066 3403 3659 3485; baseline 0.018 -28"><span class='ocrx_word' id='word_1_625' title='bbox 2066 3403 2192 3472; x_wconf 87' lang='lat' dir='ltr'><strong>quid</strong></span> <span class='ocrx_word' id='word_1_626' title='bbox 2246 3405 2383 3461; x_wconf 90' lang='lat' dir='ltr'><strong>ﬁet?</strong></span> <span class='ocrx_word' id='word_1_627' title='bbox 2437 3407 3199 3484; x_wconf 84' lang='lat' dir='ltr'><strong>[cccxvn,1.]Dueebantur</strong></span> <span class='ocrx_word' id='word_1_628' title='bbox 3243 3433 3425 3481; x_wconf 88' lang='lat' dir='ltr'><strong>autem</strong></span> <span class='ocrx_word' id='word_1_629' title='bbox 3475 3436 3529 3484; x_wconf 91' lang='lat' dir='ltr'><strong>et</strong></span> <span class='ocrx_word' id='word_1_630' title='bbox 3569 3430 3659 3485; x_wconf 91' lang='lat' dir='ltr'><strong>alii</strong></span> 
     </span>
    </p>
   </div>
   <div class='ocr_carea' id='block_1_77' title="bbox 2064 3493 3659 3594">
    <p class='ocr_par' dir='ltr' id='par_1_77' title="bbox 2064 3493 3659 3594">
     <span class='ocr_line' id='line_1_77' title="bbox 2064 3493 3659 3594; baseline 0.018 -46"><span class='ocrx_word' id='word_1_631' title='bbox 2064 3493 2172 3550; x_wconf 93' lang='lat' dir='ltr'><strong>duo</strong></span> <span class='ocrx_word' id='word_1_632' title='bbox 2194 3511 2422 3568; x_wconf 88' lang='lat' dir='ltr'><strong>nequam</strong></span> <span class='ocrx_word' id='word_1_633' title='bbox 2452 3514 2576 3554; x_wconf 91' lang='lat' dir='ltr'><strong>cum</strong></span> <span class='ocrx_word' id='word_1_634' title='bbox 2608 3517 2695 3569; x_wconf 89' lang='lat' dir='ltr'><strong>eo,</strong></span> <span class='ocrx_word' id='word_1_635' title='bbox 2729 3516 2783 3557; x_wconf 91' lang='lat' dir='ltr'><strong>ut</strong></span> <span class='ocrx_word' id='word_1_636' title='bbox 2814 3506 3264 3568; x_wconf 90' lang='lat' dir='ltr'><strong>interﬁcerentur.</strong></span> <span class='ocrx_word' id='word_1_637' title='bbox 3292 3516 3562 3588; x_wconf 83' lang='lat' dir='ltr'><strong>[cccxvm,</strong></span> <span class='ocrx_word' id='word_1_638' title='bbox 3583 3521 3659 3594; x_wconf 86' lang='lat'><strong>1.]</strong></span> 
     </span>
    </p>
   </div>
   <div class='ocr_carea' id='block_1_78' title="bbox 2065 3588 3663 3675">
    <p class='ocr_par' dir='ltr' id='par_1_78' title="bbox 2065 3588 3663 3675">
     <span class='ocr_line' id='line_1_78' title="bbox 2065 3588 3663 3675; baseline 0.018 -33"><span class='ocrx_word' id='word_1_639' title='bbox 2065 3588 2129 3643; x_wconf 86' lang='lat' dir='ltr'><strong>Et</strong></span> <span class='ocrx_word' id='word_1_640' title='bbox 2154 3600 2437 3661; x_wconf 88' lang='lat' dir='ltr'><strong>postquam</strong></span> <span class='ocrx_word' id='word_1_641' title='bbox 2466 3605 2736 3651; x_wconf 91' lang='lat' dir='ltr'><strong>venerunt</strong></span> <span class='ocrx_word' id='word_1_642' title='bbox 2763 3598 2816 3652; x_wconf 90' lang='lat' dir='ltr'><strong>in</strong></span> <span class='ocrx_word' id='word_1_643' title='bbox 2846 3599 3022 3656; x_wconf 91' lang='lat' dir='ltr'><strong>locum</strong></span> <span class='ocrx_word' id='word_1_644' title='bbox 3045 3645 3059 3670; x_wconf 91' lang='lat'><strong>,</strong></span> <span class='ocrx_word' id='word_1_645' title='bbox 3110 3605 3202 3675; x_wconf 89' lang='lat' dir='ltr'><strong>qui</strong></span> <span class='ocrx_word' id='word_1_646' title='bbox 3233 3620 3457 3666; x_wconf 86' lang='lat' dir='ltr'><strong>vocatur</strong></span> <span class='ocrx_word' id='word_1_647' title='bbox 3476 3588 3663 3670; x_wconf 59' lang='lat' dir='ltr'><strong>Calva:</strong></span> 
     </span>
    </p>
   </div>
   <div class='ocr_carea' id='block_1_79' title="bbox 2060 3683 3657 3775">
    <p class='ocr_par' dir='ltr' id='par_1_79' title="bbox 2060 3683 3657 3775">
     <span class='ocr_line' id='line_1_79' title="bbox 2060 3683 3657 3775; baseline 0.017 -38"><span class='ocrx_word' id='word_1_648' title='bbox 2060 3683 2176 3751; x_wconf 76' lang='lat' dir='ltr'><strong>rim,</strong></span> <span class='ocrx_word' id='word_1_649' title='bbox 2238 3685 2310 3741; x_wconf 93' lang='lat' dir='ltr'><strong>ibi</strong></span> <span class='ocrx_word' id='word_1_650' title='bbox 2333 3688 2899 3759; x_wconf 89' lang='lat' dir='ltr'><strong>cruciﬁxerunteum;</strong></span> <span class='ocrx_word' id='word_1_651' title='bbox 2932 3697 3267 3772; x_wconf 75' lang='lat' dir='ltr'><strong>[cccx1x,1.]</strong></span> <span class='ocrx_word' id='word_1_652' title='bbox 3317 3712 3371 3759; x_wconf 91' lang='lat' dir='ltr'><strong>et</strong></span> <span class='ocrx_word' id='word_1_653' title='bbox 3396 3706 3657 3775; x_wconf 86' lang='lat' dir='ltr'><strong>latrones,</strong></span> 
     </span>
    </p>
   </div>
   <div class='ocr_carea' id='block_1_80' title="bbox 2060 3780 3649 3871">
    <p class='ocr_par' dir='ltr' id='par_1_80' title="bbox 2060 3780 3649 3871">
     <span class='ocr_line' id='line_1_80' title="bbox 2060 3780 3649 3871; baseline 0.017 -40"><span class='ocrx_word' id='word_1_654' title='bbox 2060 3792 2226 3832; x_wconf 91' lang='lat' dir='ltr'><strong>unum</strong></span> <span class='ocrx_word' id='word_1_655' title='bbox 2288 3780 2584 3850; x_wconf 85' lang='lat' dir='ltr'><strong>adextris,</strong></span> <span class='ocrx_word' id='word_1_656' title='bbox 2646 3794 2698 3841; x_wconf 90' lang='lat' dir='ltr'><strong>et</strong></span> <span class='ocrx_word' id='word_1_657' title='bbox 2740 3786 2971 3844; x_wconf 91' lang='lat' dir='ltr'><strong>alterum</strong></span> <span class='ocrx_word' id='word_1_658' title='bbox 3018 3806 3047 3845; x_wconf 92' lang='lat' dir='ltr'><strong>a</strong></span> <span class='ocrx_word' id='word_1_659' title='bbox 3109 3793 3360 3851; x_wconf 90' lang='lat' dir='ltr'><strong>sinistris.</strong></span> <span class='ocrx_word' id='word_1_660' title='bbox 3425 3798 3649 3871; x_wconf 82' lang='lat' dir='ltr'><strong>[cccxx,</strong></span> 
     </span>
    </p>
   </div>
   <div class='ocr_carea' id='block_1_81' title="bbox 2060 3870 3651 3950">
    <p class='ocr_par' dir='ltr' id='par_1_81' title="bbox 2060 3870 3651 3950">
     <span class='ocr_line' id='line_1_81' title="bbox 2060 3870 3651 3950; baseline 0.014 -24"><span class='ocrx_word' id='word_1_661' title='bbox 2060 3870 2174 3945; x_wconf 90' lang='lat'><strong>10.]</strong></span> <span class='ocrx_word' id='word_1_662' title='bbox 2204 3871 2363 3929; x_wconf 81' lang='lat' dir='ltr'><strong>Jesus</strong></span> <span class='ocrx_word' id='word_1_663' title='bbox 2391 3886 2571 3931; x_wconf 89' lang='lat' dir='ltr'><strong>autem</strong></span> <span class='ocrx_word' id='word_1_664' title='bbox 2603 3877 2851 3940; x_wconf 85' lang='lat' dir='ltr'><strong>dicebat;</strong></span> <span class='ocrx_word' id='word_1_665' title='bbox 2899 3882 3080 3950; x_wconf 89' lang='lat' dir='ltr'><strong>Pater,</strong></span> <span class='ocrx_word' id='word_1_666' title='bbox 3111 3885 3321 3942; x_wconf 89' lang='lat' dir='ltr'><strong>dimitte</strong></span> <span class='ocrx_word' id='word_1_667' title='bbox 3362 3870 3498 3946; x_wconf 87' lang='lat' dir='ltr'><strong>illis:</strong></span> <span class='ocrx_word' id='word_1_668' title='bbox 3542 3908 3651 3949; x_wconf 93' lang='lat' dir='ltr'><strong>non</strong></span> 
     </span>
    </p>
   </div>
   <div class='ocr_carea' id='block_1_82' title="bbox 2058 3965 3652 4051">
    <p class='ocr_par' dir='ltr' id='par_1_82' title="bbox 2058 3965 3652 4051">
     <span class='ocr_line' id='line_1_82' title="bbox 2058 3965 3652 4051; baseline 0.015 -31"><span class='ocrx_word' id='word_1_669' title='bbox 2058 3965 2203 4020; x_wconf 92' lang='lat' dir='ltr'><strong>enim</strong></span> <span class='ocrx_word' id='word_1_670' title='bbox 2248 3967 2432 4023; x_wconf 88' lang='lat' dir='ltr'><strong>sciunt</strong></span> <span class='ocrx_word' id='word_1_671' title='bbox 2477 3969 2605 4039; x_wconf 90' lang='lat' dir='ltr'><strong>quid</strong></span> <span class='ocrx_word' id='word_1_672' title='bbox 2652 3970 2873 4028; x_wconf 80' lang='lat' dir='ltr'><strong>faciunt.</strong></span> <span class='ocrx_word' id='word_1_673' title='bbox 2924 3974 3268 4051; x_wconf 79' lang='lat' dir='ltr'><strong>[cccxxt,1.]</strong></span> <span class='ocrx_word' id='word_1_674' title='bbox 3336 3981 3652 4043; x_wconf 89' lang='lat' dir='ltr'><strong>Dividentes</strong></span> 
     </span>
    </p>
   </div>
   <div class='ocr_carea' id='block_1_83' title="bbox 2058 4064 3651 4137">
    <p class='ocr_par' dir='ltr' id='par_1_83' title="bbox 2058 4064 3651 4137">
     <span class='ocr_line' id='line_1_83' title="bbox 2058 4064 3651 4137; baseline 0.014 -23"><span class='ocrx_word' id='word_1_675' title='bbox 2058 4075 2193 4117; x_wconf 90' lang='lat' dir='ltr'><strong>vero</strong></span> <span class='ocrx_word' id='word_1_676' title='bbox 2242 4064 2566 4119; x_wconf 90' lang='lat' dir='ltr'><strong>vestimenta</strong></span> <span class='ocrx_word' id='word_1_677' title='bbox 2616 4066 2756 4136; x_wconf 89' lang='lat' dir='ltr'><strong>ejus,</strong></span> <span class='ocrx_word' id='word_1_678' title='bbox 2808 4068 3069 4125; x_wconf 89' lang='lat' dir='ltr'><strong>miserunt</strong></span> <span class='ocrx_word' id='word_1_679' title='bbox 3108 4081 3306 4131; x_wconf 90' lang='lat' dir='ltr'><strong>sortes.</strong></span> <span class='ocrx_word' id='word_1_680' title='bbox 3375 4076 3443 4131; x_wconf 92' lang='lat' dir='ltr'><strong>Et</strong></span> <span class='ocrx_word' id='word_1_681' title='bbox 3472 4079 3651 4137; x_wconf 85' lang='lat' dir='ltr'><strong>stabat</strong></span> 
     </span>
    </p>
   </div>
   <div class='ocr_carea' id='block_1_84' title="bbox 2056 4154 3645 4234">
    <p class='ocr_par' dir='ltr' id='par_1_84' title="bbox 2056 4154 3645 4234">
     <span class='ocr_line' id='line_1_84' title="bbox 2056 4154 3645 4234; baseline 0.014 -28"><span class='ocrx_word' id='word_1_682' title='bbox 2056 4154 2287 4223; x_wconf 89' lang='lat' dir='ltr'><strong>populus</strong></span> <span class='ocrx_word' id='word_1_683' title='bbox 2338 4166 2623 4226; x_wconf 84' lang='lat' dir='ltr'><strong>spectans,</strong></span> <span class='ocrx_word' id='word_1_684' title='bbox 2682 4159 2933 4230; x_wconf 68' lang='lat' dir='ltr'><strong>l&#39;cccxxn,</strong></span> <span class='ocrx_word' id='word_1_685' title='bbox 2964 4161 3043 4234; x_wconf 87' lang='lat'><strong>2.]</strong></span> <span class='ocrx_word' id='word_1_686' title='bbox 3096 4174 3150 4220; x_wconf 90' lang='lat' dir='ltr'><strong>et</strong></span> <span class='ocrx_word' id='word_1_687' title='bbox 3177 4165 3494 4226; x_wconf 90' lang='lat' dir='ltr'><strong>deridebant</strong></span> <span class='ocrx_word' id='word_1_688' title='bbox 3518 4187 3645 4229; x_wconf 91' lang='lat' dir='ltr'><strong>eum</strong></span> 
     </span>
    </p>
   </div>
   <div class='ocr_carea' id='block_1_85' title="bbox 2057 4246 3649 4329">
    <p class='ocr_par' dir='ltr' id='par_1_85' title="bbox 2057 4246 3649 4329">
     <span class='ocr_line' id='line_1_85' title="bbox 2057 4246 3649 4329; baseline 0.014 -30"><span class='ocrx_word' id='word_1_689' title='bbox 2057 4246 2331 4317; x_wconf 89' lang='lat' dir='ltr'><strong>principes</strong></span> <span class='ocrx_word' id='word_1_690' title='bbox 2362 4264 2482 4303; x_wconf 89' lang='lat' dir='ltr'><strong>eum</strong></span> <span class='ocrx_word' id='word_1_691' title='bbox 2514 4250 2613 4316; x_wconf 90' lang='lat' dir='ltr'><strong>eis,</strong></span> <span class='ocrx_word' id='word_1_692' title='bbox 2656 4251 2929 4310; x_wconf 89' lang='lat' dir='ltr'><strong>dicentes:</strong></span> <span class='ocrx_word' id='word_1_693' title='bbox 2986 4256 3138 4312; x_wconf 90' lang='lat' dir='ltr'><strong>Alios</strong></span> <span class='ocrx_word' id='word_1_694' title='bbox 3169 4260 3345 4316; x_wconf 89' lang='lat' dir='ltr'><strong>salvos</strong></span> <span class='ocrx_word' id='word_1_695' title='bbox 3375 4262 3533 4329; x_wconf 79' lang='lat' dir='ltr'><strong>fecit;</strong></span> <span class='ocrx_word' id='word_1_696' title='bbox 3588 4279 3649 4324; x_wconf 90' lang='lat' dir='ltr'><strong>se</strong></span> 
     </span>
    </p>
   </div>
   <div class='ocr_carea' id='block_1_86' title="bbox 2054 4339 3664 4429">
    <p class='ocr_par' dir='ltr' id='par_1_86' title="bbox 2054 4339 3664 4429">
     <span class='ocr_line' id='line_1_86' title="bbox 2054 4339 3664 4429; baseline 0.013 -36"><span class='ocrx_word' id='word_1_697' title='bbox 2054 4339 2265 4395; x_wconf 89' lang='lat' dir='ltr'><strong>salvum</strong></span> <span class='ocrx_word' id='word_1_698' title='bbox 2288 4342 2472 4407; x_wconf 79' lang='lat' dir='ltr'><strong>faciat,</strong></span> <span class='ocrx_word' id='word_1_699' title='bbox 2487 4343 2530 4397; x_wconf 92' lang='lat' dir='ltr'><strong>si</strong></span> <span class='ocrx_word' id='word_1_700' title='bbox 2554 4344 2637 4397; x_wconf 87' lang='lat' dir='ltr'><strong>hic</strong></span> <span class='ocrx_word' id='word_1_701' title='bbox 2656 4344 2999 4403; x_wconf 74' lang='lat' dir='ltr'><strong>estCln&#39;istus</strong></span> <span class='ocrx_word' id='word_1_702' title='bbox 3014 4348 3107 4405; x_wconf 91' lang='lat' dir='ltr'><strong>Dei</strong></span> <span class='ocrx_word' id='word_1_703' title='bbox 3128 4351 3351 4408; x_wconf 90' lang='lat' dir='ltr'><strong>electus.</strong></span> <span class='ocrx_word' id='word_1_704' title='bbox 3371 4355 3621 4427; x_wconf 85' lang='lat' dir='ltr'><strong>[cccxxtu</strong></span> <span class='ocrx_word' id='word_1_705' title='bbox 3644 4356 3664 4429; x_wconf 90' lang='lat'><strong>]</strong></span> 
     </span>
    </p>
   </div>
   <div class='ocr_carea' id='block_1_87' title="bbox 2051 4431 3646 4516">
    <p class='ocr_par' dir='ltr' id='par_1_87' title="bbox 2051 4431 3646 4516">
     <span class='ocr_line' id='line_1_87' title="bbox 2051 4431 3646 4516; baseline 0.014 -31"><span class='ocrx_word' id='word_1_706' title='bbox 2051 4431 2131 4503; x_wconf 90' lang='lat'><strong>2.]</strong></span> <span class='ocrx_word' id='word_1_707' title='bbox 2181 4433 2479 4490; x_wconf 84' lang='lat' dir='ltr'><strong>llludebant</strong></span> <span class='ocrx_word' id='word_1_708' title='bbox 2529 4448 2706 4492; x_wconf 91' lang='lat' dir='ltr'><strong>autem</strong></span> <span class='ocrx_word' id='word_1_709' title='bbox 2756 4440 2802 4493; x_wconf 91' lang='lat' dir='ltr'><strong>ei</strong></span> <span class='ocrx_word' id='word_1_710' title='bbox 2854 4450 2908 4495; x_wconf 93' lang='lat' dir='ltr'><strong>et</strong></span> <span class='ocrx_word' id='word_1_711' title='bbox 2961 4442 3156 4499; x_wconf 88' lang='lat' dir='ltr'><strong>milites</strong></span> <span class='ocrx_word' id='word_1_712' title='bbox 3193 4448 3533 4516; x_wconf 87' lang='lat' dir='ltr'><strong>accedentes,</strong></span> <span class='ocrx_word' id='word_1_713' title='bbox 3590 4464 3646 4508; x_wconf 88' lang='lat' dir='ltr'><strong>et</strong></span> 
     </span>
    </p>
   </div>
   <div class='ocr_carea' id='block_1_88' title="bbox 2050 4529 3646 4602">
    <p class='ocr_par' dir='ltr' id='par_1_88' title="bbox 2050 4529 3646 4602">
     <span class='ocr_line' id='line_1_88' title="bbox 2050 4529 3646 4602; baseline 0.013 -21"><span class='ocrx_word' id='word_1_714' title='bbox 2050 4537 2263 4583; x_wconf 87' lang='lat' dir='ltr'><strong>acetum</strong></span> <span class='ocrx_word' id='word_1_715' title='bbox 2294 4529 2588 4586; x_wconf 79' lang='lat' dir='ltr'><strong>offerentes</strong></span> <span class='ocrx_word' id='word_1_716' title='bbox 2617 4530 2665 4586; x_wconf 90' lang='lat' dir='ltr'><strong>ei</strong></span> <span class='ocrx_word' id='word_1_717' title='bbox 2694 4574 2708 4598; x_wconf 97' lang='lat'><strong>,</strong></span> <span class='ocrx_word' id='word_1_718' title='bbox 2773 4542 2828 4588; x_wconf 90' lang='lat' dir='ltr'><strong>et</strong></span> <span class='ocrx_word' id='word_1_719' title='bbox 2850 4533 3121 4590; x_wconf 87' lang='lat' dir='ltr'><strong>dicentes:</strong></span> <span class='ocrx_word' id='word_1_720' title='bbox 3172 4536 3226 4593; x_wconf 91' lang='lat' dir='ltr'><strong>Si</strong></span> <span class='ocrx_word' id='word_1_721' title='bbox 3256 4547 3311 4593; x_wconf 90' lang='lat' dir='ltr'><strong>tu</strong></span> <span class='ocrx_word' id='word_1_722' title='bbox 3338 4556 3398 4597; x_wconf 90' lang='lat' dir='ltr'><strong>es</strong></span> <span class='ocrx_word' id='word_1_723' title='bbox 3426 4558 3523 4597; x_wconf 82' lang='lat' dir='ltr'><strong>rex</strong></span> <span class='ocrx_word' id='word_1_724' title='bbox 3551 4544 3646 4602; x_wconf 86' lang='lat' dir='ltr'><strong>Ju-</strong></span> 
     </span>
    </p>
   </div>
   <div class='ocr_carea' id='block_1_89' title="bbox 2051 4618 3639 4699">
    <p class='ocr_par' dir='ltr' id='par_1_89' title="bbox 2051 4618 3639 4699">
     <span class='ocr_line' id='line_1_89' title="bbox 2051 4618 3639 4699; baseline 0.012 -27"><span class='ocrx_word' id='word_1_725' title='bbox 2051 4618 2324 4689; x_wconf 70' lang='lat' dir='ltr'><strong>drcorum,</strong></span> <span class='ocrx_word' id='word_1_726' title='bbox 2379 4621 2586 4676; x_wconf 86' lang='lat' dir='ltr'><strong>salvum</strong></span> <span class='ocrx_word' id='word_1_727' title='bbox 2621 4632 2671 4677; x_wconf 92' lang='lat' dir='ltr'><strong>te</strong></span> <span class='ocrx_word' id='word_1_728' title='bbox 2704 4622 2806 4679; x_wconf 80' lang='lat' dir='ltr'><strong>fac.</strong></span> <span class='ocrx_word' id='word_1_729' title='bbox 2860 4626 3125 4698; x_wconf 83' lang='lat' dir='ltr'><strong>[cccxxtv,</strong></span> <span class='ocrx_word' id='word_1_730' title='bbox 3158 4628 3233 4699; x_wconf 90' lang='lat'><strong>1.]</strong></span> <span class='ocrx_word' id='word_1_731' title='bbox 3289 4631 3418 4686; x_wconf 88' lang='lat' dir='ltr'><strong>Erat</strong></span> <span class='ocrx_word' id='word_1_732' title='bbox 3458 4645 3639 4692; x_wconf 89' lang='lat' dir='ltr'><strong>autem</strong></span> 
     </span>
    </p>
   </div>
   <div class='ocr_carea' id='block_1_90' title="bbox 347 4686 3639 4798">
    <p class='ocr_par' dir='ltr' id='par_1_90' title="bbox 347 4686 3639 4798">
     <span class='ocr_line' id='line_1_90' title="bbox 347 4686 3639 4798; baseline 0.009 -40"><span class='ocrx_word' id='word_1_733' title='bbox 347 4705 625 4775; x_wconf 90' lang='lat' dir='ltr'><strong>principes</strong></span> <span class='ocrx_word' id='word_1_734' title='bbox 681 4704 1026 4760; x_wconf 88' lang='lat' dir='ltr'><strong>sacerdotum</strong></span> <span class='ocrx_word' id='word_1_735' title='bbox 1087 4713 1143 4761; x_wconf 90' lang='lat' dir='ltr'><strong>et</strong></span> <span class='ocrx_word' id='word_1_736' title='bbox 1193 4703 1387 4760; x_wconf 86' lang='lat' dir='ltr'><strong>scribae</strong></span> <span class='ocrx_word' id='word_1_737' title='bbox 1425 4713 1741 4761; x_wconf 87' lang='lat' dir='ltr'><strong>constanter</strong></span> <span class='ocrx_word' id='word_1_738' title='bbox 1781 4720 1942 4759; x_wconf 84' lang='lat' dir='ltr'><strong>accu-</strong></span> <span class='ocrx_word' id='word_1_739' title='bbox 1971 4686 2026 4746; x_wconf 79' lang='lat' dir='ltr'><strong>D</strong></span> <span class='ocrx_word' id='word_1_740' title='bbox 2050 4722 2104 4766; x_wconf 93' lang='lat' dir='ltr'><strong>et</strong></span> <span class='ocrx_word' id='word_1_741' title='bbox 2150 4715 2542 4783; x_wconf 83' lang='lat' dir='ltr'><strong>superscriptio</strong></span> <span class='ocrx_word' id='word_1_742' title='bbox 2596 4718 2803 4784; x_wconf 89' lang='lat' dir='ltr'><strong>scripta</strong></span> <span class='ocrx_word' id='word_1_743' title='bbox 2849 4734 3014 4789; x_wconf 87' lang='lat' dir='ltr'><strong>super</strong></span> <span class='ocrx_word' id='word_1_744' title='bbox 3039 4738 3159 4777; x_wconf 92' lang='lat' dir='ltr'><strong>eum</strong></span> <span class='ocrx_word' id='word_1_745' title='bbox 3183 4724 3376 4781; x_wconf 91' lang='lat' dir='ltr'><strong>litteris</strong></span> <span class='ocrx_word' id='word_1_746' title='bbox 3406 4727 3639 4798; x_wconf 88' lang='lat' dir='ltr'><strong>Graecis,</strong></span> 
     </span>
    </p>
   </div>
   <div class='ocr_carea' id='block_1_91' title="bbox 346 4796 1940 4871">
    <p class='ocr_par' dir='ltr' id='par_1_91' title="bbox 346 4796 1940 4871">
     <span class='ocr_line' id='line_1_91' title="bbox 346 4796 1940 4871; baseline -0.001 -18"><span class='ocrx_word' id='word_1_747' title='bbox 346 4806 533 4853; x_wconf 86' lang='lat' dir='ltr'><strong>santes</strong></span> <span class='ocrx_word' id='word_1_748' title='bbox 561 4813 708 4853; x_wconf 91' lang='lat' dir='ltr'><strong>eum.</strong></span> <span class='ocrx_word' id='word_1_749' title='bbox 738 4798 933 4871; x_wconf 82' lang='lat' dir='ltr'><strong>[cccv1,</strong></span> <span class='ocrx_word' id='word_1_750' title='bbox 966 4796 1079 4870; x_wconf 89' lang='lat'><strong>10.]</strong></span> <span class='ocrx_word' id='word_1_751' title='bbox 1129 4796 1350 4868; x_wconf 85' lang='lat' dir='ltr'><strong>Sprevit</strong></span> <span class='ocrx_word' id='word_1_752' title='bbox 1378 4806 1557 4852; x_wconf 92' lang='lat' dir='ltr'><strong>autem</strong></span> <span class='ocrx_word' id='word_1_753' title='bbox 1589 4797 1741 4851; x_wconf 93' lang='lat' dir='ltr'><strong>illum</strong></span> <span class='ocrx_word' id='word_1_754' title='bbox 1768 4797 1940 4852; x_wconf 86' lang='lat' dir='ltr'><strong>Hero-</strong></span> 
     </span>
    </p>
   </div>
   <div class='ocr_carea' id='block_1_92' title="bbox 344 4889 1943 4947">
    <p class='ocr_par' dir='ltr' id='par_1_92' title="bbox 344 4889 1943 4947">
     <span class='ocr_line' id='line_1_92' title="bbox 344 4889 1943 4947; baseline -0.002 -1"><span class='ocrx_word' id='word_1_755' title='bbox 344 4890 445 4946; x_wconf 90' lang='lat' dir='ltr'><strong>des</strong></span> <span class='ocrx_word' id='word_1_756' title='bbox 494 4906 619 4946; x_wconf 91' lang='lat' dir='ltr'><strong>cum</strong></span> <span class='ocrx_word' id='word_1_757' title='bbox 663 4894 913 4947; x_wconf 85' lang='lat' dir='ltr'><strong>exercitu</strong></span> <span class='ocrx_word' id='word_1_758' title='bbox 940 4905 1068 4947; x_wconf 86' lang='lat' dir='ltr'><strong>suo:</strong></span> <span class='ocrx_word' id='word_1_759' title='bbox 1122 4898 1180 4947; x_wconf 86' lang='lat' dir='ltr'><strong>et</strong></span> <span class='ocrx_word' id='word_1_760' title='bbox 1204 4890 1369 4946; x_wconf 89' lang='lat' dir='ltr'><strong>illusit</strong></span> <span class='ocrx_word' id='word_1_761' title='bbox 1401 4889 1646 4945; x_wconf 90' lang='lat' dir='ltr'><strong>indutum</strong></span> <span class='ocrx_word' id='word_1_762' title='bbox 1680 4900 1832 4944; x_wconf 87' lang='lat' dir='ltr'><strong>veste</strong></span> <span class='ocrx_word' id='word_1_763' title='bbox 1864 4889 1943 4943; x_wconf 90' lang='lat' dir='ltr'><strong>al-</strong></span> 
     </span>
    </p>
   </div>
   <div class='ocr_carea' id='block_1_93' title="bbox 344 4981 1942 5059">
    <p class='ocr_par' dir='ltr' id='par_1_93' title="bbox 344 4981 1942 5059">
     <span class='ocr_line' id='line_1_93' title="bbox 344 4981 1942 5059; baseline -0.002 -19"><span class='ocrx_word' id='word_1_764' title='bbox 344 4984 410 5040; x_wconf 89' lang='lat' dir='ltr'><strong>ba</strong></span> <span class='ocrx_word' id='word_1_765' title='bbox 432 5024 449 5052; x_wconf 93' lang='lat'><strong>,</strong></span> <span class='ocrx_word' id='word_1_766' title='bbox 506 4993 562 5039; x_wconf 91' lang='lat' dir='ltr'><strong>et</strong></span> <span class='ocrx_word' id='word_1_767' title='bbox 587 4984 798 5041; x_wconf 89' lang='lat' dir='ltr'><strong>remisit</strong></span> <span class='ocrx_word' id='word_1_768' title='bbox 820 4984 888 5040; x_wconf 90' lang='lat' dir='ltr'><strong>ad</strong></span> <span class='ocrx_word' id='word_1_769' title='bbox 916 4983 1167 5040; x_wconf 89' lang='lat' dir='ltr'><strong>Pilatum.</strong></span> <span class='ocrx_word' id='word_1_770' title='bbox 1250 4983 1317 5038; x_wconf 87' lang='lat' dir='ltr'><strong>Et</strong></span> <span class='ocrx_word' id='word_1_771' title='bbox 1343 4981 1472 5059; x_wconf 83' lang='lat' dir='ltr'><strong>facti</strong></span> <span class='ocrx_word' id='word_1_772' title='bbox 1499 4989 1625 5038; x_wconf 90' lang='lat' dir='ltr'><strong>sunt</strong></span> <span class='ocrx_word' id='word_1_773' title='bbox 1649 4982 1805 5037; x_wconf 91' lang='lat' dir='ltr'><strong>amici</strong></span> <span class='ocrx_word' id='word_1_774' title='bbox 1835 4982 1942 5037; x_wconf 86' lang='lat' dir='ltr'><strong>He-</strong></span> 
     </span>
    </p>
   </div>
   <div class='ocr_carea' id='block_1_94' title="bbox 344 5075 1938 5148">
    <p class='ocr_par' dir='ltr' id='par_1_94' title="bbox 344 5075 1938 5148">
     <span class='ocr_line' id='line_1_94' title="bbox 344 5075 1938 5148; baseline -0.001 -15"><span class='ocrx_word' id='word_1_775' title='bbox 344 5077 508 5133; x_wconf 90' lang='lat' dir='ltr'><strong>rodes</strong></span> <span class='ocrx_word' id='word_1_776' title='bbox 551 5085 606 5133; x_wconf 90' lang='lat' dir='ltr'><strong>et</strong></span> <span class='ocrx_word' id='word_1_777' title='bbox 651 5077 854 5132; x_wconf 89' lang='lat' dir='ltr'><strong>Pilatus</strong></span> <span class='ocrx_word' id='word_1_778' title='bbox 903 5078 955 5132; x_wconf 91' lang='lat' dir='ltr'><strong>in</strong></span> <span class='ocrx_word' id='word_1_779' title='bbox 1005 5078 1120 5148; x_wconf 89' lang='lat' dir='ltr'><strong>ipsa</strong></span> <span class='ocrx_word' id='word_1_780' title='bbox 1168 5075 1287 5133; x_wconf 90' lang='lat' dir='ltr'><strong>die:</strong></span> <span class='ocrx_word' id='word_1_781' title='bbox 1338 5090 1461 5131; x_wconf 91' lang='lat' dir='ltr'><strong>nam</strong></span> <span class='ocrx_word' id='word_1_782' title='bbox 1515 5085 1677 5130; x_wconf 91' lang='lat' dir='ltr'><strong>antea</strong></span> <span class='ocrx_word' id='word_1_783' title='bbox 1732 5075 1938 5131; x_wconf 90' lang='lat' dir='ltr'><strong>inimici</strong></span> 
     </span>
    </p>
   </div>
   <div class='ocr_carea' id='block_1_95' title="bbox 343 5167 1942 5243">
    <p class='ocr_par' dir='ltr' id='par_1_95' title="bbox 343 5167 1942 5243">
     <span class='ocr_line' id='line_1_95' title="bbox 343 5167 1942 5243; baseline -0.001 -18"><span class='ocrx_word' id='word_1_784' title='bbox 343 5177 505 5225; x_wconf 88' lang='lat' dir='ltr'><strong>erant</strong></span> <span class='ocrx_word' id='word_1_785' title='bbox 534 5169 599 5225; x_wconf 91' lang='lat' dir='ltr'><strong>ad</strong></span> <span class='ocrx_word' id='word_1_786' title='bbox 629 5170 878 5224; x_wconf 90' lang='lat' dir='ltr'><strong>invicem.</strong></span> <span class='ocrx_word' id='word_1_787' title='bbox 912 5170 1124 5243; x_wconf 87' lang='lat' dir='ltr'><strong>[cccvn,</strong></span> <span class='ocrx_word' id='word_1_788' title='bbox 1153 5167 1233 5239; x_wconf 89' lang='lat'><strong>9.]</strong></span> <span class='ocrx_word' id='word_1_789' title='bbox 1298 5167 1500 5223; x_wconf 89' lang='lat' dir='ltr'><strong>Pilatus</strong></span> <span class='ocrx_word' id='word_1_790' title='bbox 1527 5176 1707 5221; x_wconf 91' lang='lat' dir='ltr'><strong>autem</strong></span> <span class='ocrx_word' id='word_1_791' title='bbox 1737 5182 1942 5223; x_wconf 82' lang='lat' dir='ltr'><strong>convo-</strong></span> 
     </span>
    </p>
   </div>
   <div class='ocr_carea' id='block_1_96' title="bbox 344 5261 1936 5334">
    <p class='ocr_par' dir='ltr' id='par_1_96' title="bbox 344 5261 1936 5334">
     <span class='ocr_line' id='line_1_96' title="bbox 344 5261 1936 5334; baseline -0.003 -15"><span class='ocrx_word' id='word_1_792' title='bbox 344 5264 482 5319; x_wconf 86' lang='lat' dir='ltr'><strong>catis</strong></span> <span class='ocrx_word' id='word_1_793' title='bbox 555 5262 891 5334; x_wconf 88' lang='lat' dir='ltr'><strong>principibus</strong></span> <span class='ocrx_word' id='word_1_794' title='bbox 956 5262 1329 5327; x_wconf 89' lang='lat' dir='ltr'><strong>sacerdotum,</strong></span> <span class='ocrx_word' id='word_1_795' title='bbox 1409 5271 1462 5316; x_wconf 92' lang='lat' dir='ltr'><strong>et</strong></span> <span class='ocrx_word' id='word_1_796' title='bbox 1510 5261 1936 5331; x_wconf 87' lang='lat' dir='ltr'><strong>magistratibus,</strong></span> 
     </span>
    </p>
   </div>
   <div class='ocr_carea' id='block_1_97' title="bbox 344 5353 1939 5427">
    <p class='ocr_par' dir='ltr' id='par_1_97' title="bbox 344 5353 1939 5427">
     <span class='ocr_line' id='line_1_97' title="bbox 344 5353 1939 5427; baseline -0.003 -14"><span class='ocrx_word' id='word_1_797' title='bbox 344 5367 399 5413; x_wconf 90' lang='lat' dir='ltr'><strong>et</strong></span> <span class='ocrx_word' id='word_1_798' title='bbox 435 5356 630 5427; x_wconf 86' lang='lat' dir='ltr'><strong>plebe,</strong></span> <span class='ocrx_word' id='word_1_799' title='bbox 682 5356 817 5412; x_wconf 82' lang='lat' dir='ltr'><strong>dixit</strong></span> <span class='ocrx_word' id='word_1_800' title='bbox 856 5356 923 5411; x_wconf 88' lang='lat' dir='ltr'><strong>ad</strong></span> <span class='ocrx_word' id='word_1_801' title='bbox 960 5356 1083 5412; x_wconf 86' lang='lat' dir='ltr'><strong>illos</strong></span> <span class='ocrx_word' id='word_1_802' title='bbox 1119 5374 1130 5409; x_wconf 90' lang='lat'><strong>:</strong></span> <span class='ocrx_word' id='word_1_803' title='bbox 1180 5354 1465 5411; x_wconf 87' lang='lat' dir='ltr'><strong>Obtulislis</strong></span> <span class='ocrx_word' id='word_1_804' title='bbox 1506 5354 1637 5409; x_wconf 84' lang='lat' dir='ltr'><strong>mihi</strong></span> <span class='ocrx_word' id='word_1_805' title='bbox 1670 5353 1814 5409; x_wconf 86' lang='lat' dir='ltr'><strong>hunc</strong></span> <span class='ocrx_word' id='word_1_806' title='bbox 1840 5353 1939 5409; x_wconf 84' lang='lat' dir='ltr'><strong>h0-</strong></span> 
     </span>
    </p>
   </div>
   <div class='ocr_carea' id='block_1_98' title="bbox 343 5449 1944 5521">
    <p class='ocr_par' dir='ltr' id='par_1_98' title="bbox 343 5449 1944 5521">
     <span class='ocr_line' id='line_1_98' title="bbox 343 5449 1944 5521; baseline -0.001 -15"><span class='ocrx_word' id='word_1_807' title='bbox 343 5452 549 5507; x_wconf 90' lang='lat' dir='ltr'><strong>minem</strong></span> <span class='ocrx_word' id='word_1_808' title='bbox 580 5451 733 5518; x_wconf 88' lang='lat' dir='ltr'><strong>quasi</strong></span> <span class='ocrx_word' id='word_1_809' title='bbox 758 5460 1091 5506; x_wconf 90' lang='lat' dir='ltr'><strong>avertentem</strong></span> <span class='ocrx_word' id='word_1_810' title='bbox 1122 5449 1379 5521; x_wconf 89' lang='lat' dir='ltr'><strong>populum</strong></span> <span class='ocrx_word' id='word_1_811' title='bbox 1399 5490 1415 5515; x_wconf 89' lang='lat'><strong>,</strong></span> <span class='ocrx_word' id='word_1_812' title='bbox 1475 5459 1529 5505; x_wconf 89' lang='lat' dir='ltr'><strong>et</strong></span> <span class='ocrx_word' id='word_1_813' title='bbox 1570 5463 1697 5505; x_wconf 89' lang='lat' dir='ltr'><strong>ecce</strong></span> <span class='ocrx_word' id='word_1_814' title='bbox 1724 5464 1823 5520; x_wconf 89' lang='lat' dir='ltr'><strong>ego</strong></span> <span class='ocrx_word' id='word_1_815' title='bbox 1850 5462 1944 5504; x_wconf 90' lang='lat' dir='ltr'><strong>co-</strong></span> 
     </span>
    </p>
   </div>
   <div class='ocr_carea' id='block_1_99' title="bbox 342 5542 1941 5616">
    <p class='ocr_par' dir='ltr' id='par_1_99' title="bbox 342 5542 1941 5616">
     <span class='ocr_line' id='line_1_99' title="bbox 342 5542 1941 5616; baseline -0.002 -16"><span class='ocrx_word' id='word_1_816' title='bbox 342 5560 463 5600; x_wconf 90' lang='lat' dir='ltr'><strong>ram</strong></span> <span class='ocrx_word' id='word_1_817' title='bbox 490 5544 645 5600; x_wconf 88' lang='lat' dir='ltr'><strong>vobis</strong></span> <span class='ocrx_word' id='word_1_818' title='bbox 674 5545 1036 5616; x_wconf 84' lang='lat' dir='ltr'><strong>interrogans,</strong></span> <span class='ocrx_word' id='word_1_819' title='bbox 1070 5544 1275 5599; x_wconf 90' lang='lat' dir='ltr'><strong>nullam</strong></span> <span class='ocrx_word' id='word_1_820' title='bbox 1304 5558 1521 5600; x_wconf 88' lang='lat' dir='ltr'><strong>causam</strong></span> <span class='ocrx_word' id='word_1_821' title='bbox 1553 5543 1732 5598; x_wconf 90' lang='lat' dir='ltr'><strong>inveni</strong></span> <span class='ocrx_word' id='word_1_822' title='bbox 1762 5544 1814 5596; x_wconf 91' lang='lat' dir='ltr'><strong>in</strong></span> <span class='ocrx_word' id='word_1_823' title='bbox 1846 5542 1941 5597; x_wconf 91' lang='lat' dir='ltr'><strong>ho-</strong></span> 
     </span>
    </p>
   </div>
   <div class='ocr_carea' id='block_1_100' title="bbox 342 5636 1936 5709">
    <p class='ocr_par' dir='ltr' id='par_1_100' title="bbox 342 5636 1936 5709">
     <span class='ocr_line' id='line_1_100' title="bbox 342 5636 1936 5709; baseline -0.001 -17"><span class='ocrx_word' id='word_1_824' title='bbox 342 5638 492 5693; x_wconf 91' lang='lat' dir='ltr'><strong>mine</strong></span> <span class='ocrx_word' id='word_1_825' title='bbox 518 5638 621 5693; x_wconf 91' lang='lat' dir='ltr'><strong>isto</strong></span> <span class='ocrx_word' id='word_1_826' title='bbox 646 5653 717 5693; x_wconf 85' lang='lat' dir='ltr'><strong>ex</strong></span> <span class='ocrx_word' id='word_1_827' title='bbox 745 5638 830 5693; x_wconf 89' lang='lat' dir='ltr'><strong>his</strong></span> <span class='ocrx_word' id='word_1_828' title='bbox 852 5679 867 5705; x_wconf 93' lang='lat'><strong>,</strong></span> <span class='ocrx_word' id='word_1_829' title='bbox 918 5638 973 5693; x_wconf 94' lang='lat' dir='ltr'><strong>in</strong></span> <span class='ocrx_word' id='word_1_830' title='bbox 994 5636 1191 5709; x_wconf 89' lang='lat' dir='ltr'><strong>quibus</strong></span> <span class='ocrx_word' id='word_1_831' title='bbox 1220 5653 1343 5693; x_wconf 90' lang='lat' dir='ltr'><strong>eum</strong></span> <span class='ocrx_word' id='word_1_832' title='bbox 1385 5638 1669 5693; x_wconf 88' lang='lat' dir='ltr'><strong>accusatis.</strong></span> <span class='ocrx_word' id='word_1_833' title='bbox 1704 5636 1936 5709; x_wconf 85' lang='lat' dir='ltr'><strong>[cccvnt,</strong></span> 
     </span>
    </p>
   </div>
   <div class='ocr_carea' id='block_1_101' title="bbox 344 5730 1937 5806">
    <p class='ocr_par' dir='ltr' id='par_1_101' title="bbox 344 5730 1937 5806">
     <span class='ocr_line' id='line_1_101' title="bbox 344 5730 1937 5806; baseline -0.003 -17"><span class='ocrx_word' id='word_1_834' title='bbox 344 5730 455 5803; x_wconf 83' lang='lat'><strong>10.]</strong></span> <span class='ocrx_word' id='word_1_835' title='bbox 504 5730 612 5790; x_wconf 88' lang='lat' dir='ltr'><strong>Sed</strong></span> <span class='ocrx_word' id='word_1_836' title='bbox 634 5748 810 5806; x_wconf 87' lang='lat' dir='ltr'><strong>neque</strong></span> <span class='ocrx_word' id='word_1_837' title='bbox 838 5732 1111 5793; x_wconf 84' lang='lat' dir='ltr'><strong>Herodes;</strong></span> <span class='ocrx_word' id='word_1_838' title='bbox 1162 5746 1284 5787; x_wconf 91' lang='lat' dir='ltr'><strong>nam</strong></span> <span class='ocrx_word' id='word_1_839' title='bbox 1315 5732 1498 5789; x_wconf 91' lang='lat' dir='ltr'><strong>remisi</strong></span> <span class='ocrx_word' id='word_1_840' title='bbox 1539 5746 1634 5787; x_wconf 92' lang='lat' dir='ltr'><strong>vos</strong></span> <span class='ocrx_word' id='word_1_841' title='bbox 1668 5730 1734 5786; x_wconf 91' lang='lat' dir='ltr'><strong>ad</strong></span> <span class='ocrx_word' id='word_1_842' title='bbox 1762 5731 1937 5797; x_wconf 91' lang='lat' dir='ltr'><strong>illum,</strong></span> 
     </span>
    </p>
   </div>
   <div class='ocr_carea' id='block_1_102' title="bbox 411 5864 1427 5931">
    <p class='ocr_par' dir='ltr' id='par_1_102' title="bbox 411 5864 1427 5931">
     <span class='ocr_line' id='line_1_102' title="bbox 411 5864 1427 5931; baseline -0.01 -3"><span class='ocrx_word' id='word_1_843' title='bbox 411 5877 438 5907; x_wconf 77' lang='grc'><strong>⁸</strong></span> <span class='ocrx_word' id='word_1_844' title='bbox 466 5867 526 5928; x_wconf 84' lang='lat' dir='ltr'><strong>In</strong></span> <span class='ocrx_word' id='word_1_845' title='bbox 553 5865 818 5925; x_wconf 78' lang='lat' dir='ltr'><strong>Vaticano</strong></span> <span class='ocrx_word' id='word_1_846' title='bbox 849 5880 974 5931; x_wconf 91' lang='lat' dir='ltr'><strong>ms.,</strong></span> <span class='ocrx_word' id='word_1_847' title='bbox 1007 5864 1230 5921; x_wconf 83' lang='lat' dir='ltr'><strong>Stabant</strong></span> <span class='ocrx_word' id='word_1_848' title='bbox 1255 5865 1427 5921; x_wconf 83' lang='lat' dir='ltr'><strong>etiam.</strong></span> 
     </span>
    </p>
   </div>
   <div class='ocr_carea' id='block_1_103' title="bbox 782 5956 1352 6022">
    <p class='ocr_par' dir='ltr' id='par_1_103' title="bbox 782 5956 1352 6022">
     <span class='ocr_line' id='line_1_103' title="bbox 782 5956 1352 6022; baseline -0.009 0"><span class='ocrx_word' id='word_1_849' title='bbox 782 5961 1055 6022; x_wconf 75' lang='grc' dir='ltr'><strong>Ρηιιοι..</strong></span> <span class='ocrx_word' id='word_1_850' title='bbox 1108 5956 1352 6021; x_wconf 78' lang='lat' dir='ltr'><strong>XXIX.</strong></span> 
     </span>
    </p>
   </div>
   <div class='ocr_carea' id='block_1_104' title="bbox 2048 4806 3638 4880">
    <p class='ocr_par' dir='ltr' id='par_1_104' title="bbox 2048 4806 3638 4880">
     <span class='ocr_line' id='line_1_104' title="bbox 2048 4806 3638 4880; baseline 0.013 -20"><span class='ocrx_word' id='word_1_851' title='bbox 2048 4815 2101 4861; x_wconf 93' lang='lat' dir='ltr'><strong>et</strong></span> <span class='ocrx_word' id='word_1_852' title='bbox 2133 4806 2363 4872; x_wconf 89' lang='lat' dir='ltr'><strong>Latinis,</strong></span> <span class='ocrx_word' id='word_1_853' title='bbox 2421 4816 2475 4861; x_wconf 88' lang='lat' dir='ltr'><strong>et</strong></span> <span class='ocrx_word' id='word_1_854' title='bbox 2505 4808 2818 4867; x_wconf 83' lang='lat' dir='ltr'><strong>Hebraicis:</strong></span> <span class='ocrx_word' id='word_1_855' title='bbox 2881 4813 2981 4869; x_wconf 86' lang='lat' dir='ltr'><strong>Hic</strong></span> <span class='ocrx_word' id='word_1_856' title='bbox 3030 4825 3113 4870; x_wconf 92' lang='lat' dir='ltr'><strong>est</strong></span> <span class='ocrx_word' id='word_1_857' title='bbox 3164 4833 3260 4873; x_wconf 84' lang='lat' dir='ltr'><strong>rex</strong></span> <span class='ocrx_word' id='word_1_858' title='bbox 3303 4820 3638 4880; x_wconf 67' lang='lat' dir='ltr'><strong>Judazorum.</strong></span> 
     </span>
    </p>
   </div>
   <div class='ocr_carea' id='block_1_105' title="bbox 2049 4897 3643 4982">
    <p class='ocr_par' dir='ltr' id='par_1_105' title="bbox 2049 4897 3643 4982">
     <span class='ocr_line' id='line_1_105' title="bbox 2049 4897 3643 4982; baseline 0.011 -29"><span class='ocrx_word' id='word_1_859' title='bbox 2049 4897 2296 4969; x_wconf 83' lang='lat' dir='ltr'><strong>[cccxxv,</strong></span> <span class='ocrx_word' id='word_1_860' title='bbox 2332 4897 2412 4969; x_wconf 87' lang='lat'><strong>2.]</strong></span> <span class='ocrx_word' id='word_1_861' title='bbox 2464 4900 2613 4955; x_wconf 90' lang='lat' dir='ltr'><strong>Unus</strong></span> <span class='ocrx_word' id='word_1_862' title='bbox 2639 4911 2816 4957; x_wconf 87' lang='lat' dir='ltr'><strong>autem</strong></span> <span class='ocrx_word' id='word_1_863' title='bbox 2849 4904 2915 4960; x_wconf 92' lang='lat' dir='ltr'><strong>de</strong></span> <span class='ocrx_word' id='word_1_864' title='bbox 2948 4905 3051 4976; x_wconf 90' lang='lat' dir='ltr'><strong>his,</strong></span> <span class='ocrx_word' id='word_1_865' title='bbox 3081 4910 3169 4979; x_wconf 91' lang='lat' dir='ltr'><strong>qui</strong></span> <span class='ocrx_word' id='word_1_866' title='bbox 3203 4913 3532 4982; x_wconf 87' lang='lat' dir='ltr'><strong>pendebant,</strong></span> <span class='ocrx_word' id='word_1_867' title='bbox 3564 4918 3643 4973; x_wconf 89' lang='lat' dir='ltr'><strong>la-</strong></span> 
     </span>
    </p>
   </div>
   <div class='ocr_carea' id='block_1_106' title="bbox 2050 4990 3639 5063">
    <p class='ocr_par' dir='ltr' id='par_1_106' title="bbox 2050 4990 3639 5063">
     <span class='ocr_line' id='line_1_106' title="bbox 2050 4990 3639 5063; baseline 0.013 -20"><span class='ocrx_word' id='word_1_868' title='bbox 2050 4990 2316 5053; x_wconf 85' lang='lat' dir='ltr'><strong>tronibus,</strong></span> <span class='ocrx_word' id='word_1_869' title='bbox 2356 4990 2769 5061; x_wconf 89' lang='lat' dir='ltr'><strong>hlasphemabat</strong></span> <span class='ocrx_word' id='word_1_870' title='bbox 2799 5011 2922 5052; x_wconf 91' lang='lat' dir='ltr'><strong>eum</strong></span> <span class='ocrx_word' id='word_1_871' title='bbox 2950 4998 3170 5056; x_wconf 90' lang='lat' dir='ltr'><strong>dicens:</strong></span> <span class='ocrx_word' id='word_1_872' title='bbox 3220 5002 3277 5058; x_wconf 89' lang='lat' dir='ltr'><strong>Si</strong></span> <span class='ocrx_word' id='word_1_873' title='bbox 3306 5014 3358 5057; x_wconf 93' lang='lat' dir='ltr'><strong>tu</strong></span> <span class='ocrx_word' id='word_1_874' title='bbox 3388 5020 3448 5061; x_wconf 92' lang='lat' dir='ltr'><strong>es</strong></span> <span class='ocrx_word' id='word_1_875' title='bbox 3478 5007 3639 5063; x_wconf 81' lang='lat' dir='ltr'><strong>Chri-</strong></span> 
     </span>
    </p>
   </div>
   <div class='ocr_carea' id='block_1_107' title="bbox 2047 5083 3638 5175">
    <p class='ocr_par' dir='ltr' id='par_1_107' title="bbox 2047 5083 3638 5175">
     <span class='ocr_line' id='line_1_107' title="bbox 2047 5083 3638 5175; baseline 0.014 -38"><span class='ocrx_word' id='word_1_876' title='bbox 2047 5092 2182 5149; x_wconf 88' lang='lat' dir='ltr'><strong>stus,</strong></span> <span class='ocrx_word' id='word_1_877' title='bbox 2215 5083 2424 5140; x_wconf 91' lang='lat' dir='ltr'><strong>salvum</strong></span> <span class='ocrx_word' id='word_1_878' title='bbox 2453 5084 2539 5141; x_wconf 86' lang='lat' dir='ltr'><strong>fac</strong></span> <span class='ocrx_word' id='word_1_879' title='bbox 2568 5090 2906 5159; x_wconf 90' lang='lat' dir='ltr'><strong>temetipsum</strong></span> <span class='ocrx_word' id='word_1_880' title='bbox 2930 5134 2945 5158; x_wconf 96' lang='lat'><strong>,</strong></span> <span class='ocrx_word' id='word_1_881' title='bbox 2991 5104 3046 5147; x_wconf 83' lang='lat' dir='ltr'><strong>et</strong></span> <span class='ocrx_word' id='word_1_882' title='bbox 3070 5110 3187 5149; x_wconf 83' lang='lat' dir='ltr'><strong>nas.</strong></span> <span class='ocrx_word' id='word_1_883' title='bbox 3241 5097 3638 5175; x_wconf 85' lang='lat' dir='ltr'><strong>[cccxxvt,10.]</strong></span> 
     </span>
    </p>
   </div>
   <div class='ocr_carea' id='block_1_108' title="bbox 2050 5174 3635 5261">
    <p class='ocr_par' dir='ltr' id='par_1_108' title="bbox 2050 5174 3635 5261">
     <span class='ocr_line' id='line_1_108' title="bbox 2050 5174 3635 5261; baseline 0.015 -32"><span class='ocrx_word' id='word_1_884' title='bbox 2050 5174 2405 5246; x_wconf 81' lang='lat' dir='ltr'><strong>Respondeas</strong></span> <span class='ocrx_word' id='word_1_885' title='bbox 2454 5189 2633 5234; x_wconf 90' lang='lat' dir='ltr'><strong>autem</strong></span> <span class='ocrx_word' id='word_1_886' title='bbox 2681 5181 2817 5237; x_wconf 89' lang='lat' dir='ltr'><strong>alter</strong></span> <span class='ocrx_word' id='word_1_887' title='bbox 2866 5183 3179 5255; x_wconf 88' lang='lat' dir='ltr'><strong>increpabat</strong></span> <span class='ocrx_word' id='word_1_888' title='bbox 3212 5204 3371 5261; x_wconf 90' lang='lat' dir='ltr'><strong>eum,</strong></span> <span class='ocrx_word' id='word_1_889' title='bbox 3419 5174 3635 5253; x_wconf 78' lang='lat' dir='ltr'><strong>dicens:</strong></span> 
     </span>
    </p>
   </div>
   <div class='ocr_carea' id='block_1_109' title="bbox 2046 5267 3642 5346">
    <p class='ocr_par' dir='ltr' id='par_1_109' title="bbox 2046 5267 3642 5346">
     <span class='ocr_line' id='line_1_109' title="bbox 2046 5267 3642 5346; baseline 0.014 -23"><span class='ocrx_word' id='word_1_890' title='bbox 2046 5267 2234 5340; x_wconf 87' lang='lat' dir='ltr'><strong>Neque</strong></span> <span class='ocrx_word' id='word_1_891' title='bbox 2265 5277 2321 5324; x_wconf 89' lang='lat' dir='ltr'><strong>tu</strong></span> <span class='ocrx_word' id='word_1_892' title='bbox 2352 5271 2511 5327; x_wconf 89' lang='lat' dir='ltr'><strong>times</strong></span> <span class='ocrx_word' id='word_1_893' title='bbox 2542 5272 2738 5340; x_wconf 91' lang='lat' dir='ltr'><strong>Deum,</strong></span> <span class='ocrx_word' id='word_1_894' title='bbox 2787 5277 2930 5344; x_wconf 87' lang='lat' dir='ltr'><strong>quod</strong></span> <span class='ocrx_word' id='word_1_895' title='bbox 2978 5277 3029 5332; x_wconf 92' lang='lat' dir='ltr'><strong>in</strong></span> <span class='ocrx_word' id='word_1_896' title='bbox 3057 5279 3246 5335; x_wconf 91' lang='lat' dir='ltr'><strong>eadem</strong></span> <span class='ocrx_word' id='word_1_897' title='bbox 3295 5282 3642 5346; x_wconf 88' lang='lat' dir='ltr'><strong>damnatione</strong></span> 
     </span>
    </p>
   </div>
   <div class='ocr_carea' id='block_1_110' title="bbox 2047 5360 3642 5450">
    <p class='ocr_par' dir='ltr' id='par_1_110' title="bbox 2047 5360 3642 5450">
     <span class='ocr_line' id='line_1_110' title="bbox 2047 5360 3642 5450; baseline 0.013 -34"><span class='ocrx_word' id='word_1_898' title='bbox 2047 5374 2127 5416; x_wconf 92' lang='lat' dir='ltr'><strong>es.</strong></span> <span class='ocrx_word' id='word_1_899' title='bbox 2186 5360 2254 5414; x_wconf 86' lang='lat' dir='ltr'><strong>Et</strong></span> <span class='ocrx_word' id='word_1_900' title='bbox 2279 5376 2379 5417; x_wconf 88' lang='lat' dir='ltr'><strong>nos</strong></span> <span class='ocrx_word' id='word_1_901' title='bbox 2403 5362 2619 5431; x_wconf 89' lang='lat' dir='ltr'><strong>quidem</strong></span> <span class='ocrx_word' id='word_1_902' title='bbox 2644 5364 2814 5433; x_wconf 90' lang='lat' dir='ltr'><strong>juste,</strong></span> <span class='ocrx_word' id='word_1_903' title='bbox 2866 5384 2986 5422; x_wconf 87' lang='lat' dir='ltr'><strong>nam</strong></span> <span class='ocrx_word' id='word_1_904' title='bbox 3034 5371 3191 5441; x_wconf 85' lang='lat' dir='ltr'><strong>digna</strong></span> <span class='ocrx_word' id='word_1_905' title='bbox 3244 5374 3399 5431; x_wconf 80' lang='lat' dir='ltr'><strong>factis</strong></span> <span class='ocrx_word' id='word_1_906' title='bbox 3447 5380 3642 5450; x_wconf 82' lang='lat' dir='ltr'><strong>recipi-</strong></span> 
     </span>
    </p>
   </div>
   <div class='ocr_carea' id='block_1_111' title="bbox 2048 5452 3637 5530">
    <p class='ocr_par' dir='ltr' id='par_1_111' title="bbox 2048 5452 3637 5530">
     <span class='ocr_line' id='line_1_111' title="bbox 2048 5452 3637 5530; baseline 0.015 -24"><span class='ocrx_word' id='word_1_907' title='bbox 2048 5466 2197 5507; x_wconf 88' lang='lat' dir='ltr'><strong>mus:</strong></span> <span class='ocrx_word' id='word_1_908' title='bbox 2257 5452 2346 5507; x_wconf 89' lang='lat' dir='ltr'><strong>hic</strong></span> <span class='ocrx_word' id='word_1_909' title='bbox 2372 5469 2500 5509; x_wconf 91' lang='lat' dir='ltr'><strong>vero</strong></span> <span class='ocrx_word' id='word_1_910' title='bbox 2531 5454 2662 5509; x_wconf 89' lang='lat' dir='ltr'><strong>nihil</strong></span> <span class='ocrx_word' id='word_1_911' title='bbox 2696 5458 2821 5512; x_wconf 91' lang='lat' dir='ltr'><strong>mali</strong></span> <span class='ocrx_word' id='word_1_912' title='bbox 2848 5461 3039 5529; x_wconf 86' lang='lat' dir='ltr'><strong>gessit.</strong></span> <span class='ocrx_word' id='word_1_913' title='bbox 3112 5464 3178 5519; x_wconf 88' lang='lat' dir='ltr'><strong>Et</strong></span> <span class='ocrx_word' id='word_1_914' title='bbox 3206 5465 3417 5524; x_wconf 89' lang='lat' dir='ltr'><strong>dicebat</strong></span> <span class='ocrx_word' id='word_1_915' title='bbox 3455 5472 3518 5526; x_wconf 93' lang='lat' dir='ltr'><strong>ad</strong></span> <span class='ocrx_word' id='word_1_916' title='bbox 3549 5473 3637 5530; x_wconf 80' lang='lat' dir='ltr'><strong>Je-</strong></span> 
     </span>
    </p>
   </div>
   <div class='ocr_carea' id='block_1_112' title="bbox 2051 5542 3639 5623">
    <p class='ocr_par' dir='ltr' id='par_1_112' title="bbox 2051 5542 3639 5623">
     <span class='ocr_line' id='line_1_112' title="bbox 2051 5542 3639 5623; baseline 0.014 -24"><span class='ocrx_word' id='word_1_917' title='bbox 2051 5559 2205 5599; x_wconf 88' lang='lat' dir='ltr'><strong>sum:</strong></span> <span class='ocrx_word' id='word_1_918' title='bbox 2256 5542 2508 5608; x_wconf 86' lang='lat' dir='ltr'><strong>Domine,</strong></span> <span class='ocrx_word' id='word_1_919' title='bbox 2561 5560 2836 5606; x_wconf 83' lang='lat' dir='ltr'><strong>memento</strong></span> <span class='ocrx_word' id='word_1_920' title='bbox 2881 5554 3019 5621; x_wconf 90' lang='lat' dir='ltr'><strong>mei,</strong></span> <span class='ocrx_word' id='word_1_921' title='bbox 3065 5571 3185 5612; x_wconf 90' lang='lat' dir='ltr'><strong>cum</strong></span> <span class='ocrx_word' id='word_1_922' title='bbox 3218 5564 3432 5618; x_wconf 89' lang='lat' dir='ltr'><strong>veneris</strong></span> <span class='ocrx_word' id='word_1_923' title='bbox 3464 5566 3515 5620; x_wconf 90' lang='lat' dir='ltr'><strong>in</strong></span> <span class='ocrx_word' id='word_1_924' title='bbox 3548 5584 3639 5623; x_wconf 81' lang='lat' dir='ltr'><strong>re-</strong></span> 
     </span>
    </p>
   </div>
   <div class='ocr_carea' id='block_1_113' title="bbox 2048 5638 3635 5717">
    <p class='ocr_par' dir='ltr' id='par_1_113' title="bbox 2048 5638 3635 5717">
     <span class='ocr_line' id='line_1_113' title="bbox 2048 5638 3635 5717; baseline 0.017 -27"><span class='ocrx_word' id='word_1_925' title='bbox 2048 5651 2215 5708; x_wconf 88' lang='lat' dir='ltr'><strong>gnum</strong></span> <span class='ocrx_word' id='word_1_926' title='bbox 2246 5647 2417 5692; x_wconf 91' lang='lat' dir='ltr'><strong>tuum.</strong></span> <span class='ocrx_word' id='word_1_927' title='bbox 2475 5638 2548 5694; x_wconf 89' lang='lat' dir='ltr'><strong>Et</strong></span> <span class='ocrx_word' id='word_1_928' title='bbox 2592 5641 2725 5697; x_wconf 88' lang='lat' dir='ltr'><strong>dixit</strong></span> <span class='ocrx_word' id='word_1_929' title='bbox 2775 5643 2850 5699; x_wconf 92' lang='lat' dir='ltr'><strong>illi</strong></span> <span class='ocrx_word' id='word_1_930' title='bbox 2899 5646 3087 5704; x_wconf 79' lang='lat' dir='ltr'><strong>Jesus:</strong></span> <span class='ocrx_word' id='word_1_931' title='bbox 3143 5655 3312 5710; x_wconf 84' lang='lat' dir='ltr'><strong>Amen</strong></span> <span class='ocrx_word' id='word_1_932' title='bbox 3351 5655 3473 5713; x_wconf 91' lang='lat' dir='ltr'><strong>dico</strong></span> <span class='ocrx_word' id='word_1_933' title='bbox 3510 5661 3635 5717; x_wconf 89' lang='lat' dir='ltr'><strong>tibi:</strong></span> 
     </span>
    </p>
   </div>
   <div class='ocr_carea' id='block_1_114' title="bbox 2050 5727 3637 5821">
    <p class='ocr_par' dir='ltr' id='par_1_114' title="bbox 2050 5727 3637 5821">
     <span class='ocr_line' id='line_1_114' title="bbox 2050 5727 3637 5821; baseline 0.014 -38"><span class='ocrx_word' id='word_1_934' title='bbox 2050 5727 2221 5785; x_wconf 88' lang='lat' dir='ltr'><strong>llodie</strong></span> <span class='ocrx_word' id='word_1_935' title='bbox 2247 5743 2456 5785; x_wconf 89' lang='lat' dir='ltr'><strong>mecum</strong></span> <span class='ocrx_word' id='word_1_936' title='bbox 2501 5731 2613 5789; x_wconf 89' lang='lat' dir='ltr'><strong>eris</strong></span> <span class='ocrx_word' id='word_1_937' title='bbox 2646 5734 2701 5790; x_wconf 92' lang='lat' dir='ltr'><strong>in</strong></span> <span class='ocrx_word' id='word_1_938' title='bbox 2734 5737 3003 5806; x_wconf 88' lang='lat' dir='ltr'><strong>paradiso.</strong></span> <span class='ocrx_word' id='word_1_939' title='bbox 3055 5741 3341 5817; x_wconf 82' lang='lat' dir='ltr'><strong>[cccxxvu,</strong></span> <span class='ocrx_word' id='word_1_940' title='bbox 3372 5749 3450 5821; x_wconf 90' lang='lat'><strong>2.]</strong></span> <span class='ocrx_word' id='word_1_941' title='bbox 3510 5751 3637 5809; x_wconf 88' lang='lat' dir='ltr'><strong>Erat</strong></span> 
     </span>
    </p>
   </div>
   <div class='ocr_carea' id='block_1_115' title="bbox 3029 5968 3103 6029">
    <p class='ocr_par' dir='ltr' id='par_1_115' title="bbox 3029 5968 3103 6029">
     <span class='ocr_line' id='line_1_115' title="bbox 3029 5968 3103 6029; baseline 0 0"><span class='ocrx_word' id='word_1_942' title='bbox 3029 5968 3103 6029; x_wconf 78' lang='grc'><strong>21</strong></span> 
     </span>
    </p>
   </div>
  </div>
