4166 6336
534 352 634 409 651
1541 347 1595 402 S.
1641 343 2029 404 lllERONYMl
2069 337 2298 400 DIVINA
2339 342 2815 405 BIBLIOTHECA.
3741 348 3843 406 σθαι

536 474 716 525 autem
756 464 873 520 fere
913 461 1046 518 hora
1085 470 1264 530 sexta,
1319 470 1375 517 ct
1424 461 1665 519 tenebrae.
1713 463 1866 519 factae
1915 469 2040 518 sunt
2079 458 2133 514 in
2161 459 2212 520 Δ
2240 459 2388 518 illis:
2431 461 2574 519 oculi
2603 471 2782 518 autem
2817 460 3032 516 illorum
3063 461 3394 520 tenebantur
3423 477 3492 518 ne
3519 478 3642 519 eum
3675 477 3842 534 agno-

533 560 846 617 universam
895 566 1094 614 terram
1146 571 1316 626 usque
1359 555 1414 612 in
1440 555 1630 612 horam
1658 571 1880 612 nonam.
1947 554 2016 610 Et
2044 553 2136 610 ob-
2243 565 2481 612 scerent.
2516 555 2587 611 Et
2613 556 2690 611 ait
2719 555 2788 610 ad
2817 555 2968 612 illos:
3001 556 3101 624 Qui
3129 565 3260 613 sunt
3286 558 3339 612 hi
3367 572 3668 625 sermones,
3704 574 3839 630 quos

536 662 787 710 scuratus
837 661 923 710 est
982 651 1094 706 sol:
1152 649 1568 725 lcccxxvm,2.]
1615 660 1671 708 et
1720 649 1900 706 velum
1951 646 2138 718 templi
2241 649 2503 708 confertis
2545 649 2610 706 ad
2643 649 2874 706 invicem
2902 649 3272 718 ambulantes,
3323 661 3378 707 et
3425 652 3558 709 estis
3609 653 3832 708 tristes?

535 749 766 804 scissum
797 755 879 802 est
908 744 1170 801 medium.
1205 744 1474 817 [cccxx1x,
1510 745 1586 810 1.]
1644 745 1710 802 Et
1733 743 1976 802 clamans
2006 757 2138 798 voce
2239 741 2310 798 Et
2340 741 2676 814 respondens
2705 756 2866 809 unus,
2905 741 2992 798 cui
3025 756 3222 798 nomen
3251 742 3542 814 Cleophas,
3584 744 3721 802 dixit
3752 745 3828 802 ei:

532 855 732 912 magna
782 838 942 895 Jesus
988 839 1096 893 ait:
1147 837 1330 906 Pater,
1365 839 1418 894 in
1449 853 1641 896 manus
1667 823 1787 894 tuas
1811 837 2136 895 commendo
2239 835 2322 894 Tu
2358 836 2511 894 solus
2543 835 2863 908 peregrinus
2891 851 2950 894 es
3005 836 3059 893 in
3087 837 3422 905 Jerusalem,
3473 848 3531 896 et
3577 853 3682 897 non
3740 854 3836 896 co-

528 932 780 1005 spiritum
813 947 1012 988 meum.
1045 931 1112 986 Et
1140 930 1258 987 haec
1286 931 1495 999 dicens,
1535 931 1852 1003 exspiravit.
1881 930 2131 1004 [cccxxx,
2235 928 2470 1002 gnovisti
2511 945 2634 1003 qua:
2674 928 2812 986 facta
2853 939 2980 986 sunt
3026 931 3079 986 in
3108 929 3198 986 illa
3241 929 3326 987 bis
3356 930 3583 991 diebus?
3629 933 3838 1002 Quibus

529 1025 617 1101 2.]
650 1026 854 1083 Videns
884 1034 1065 1082 autem
1097 1026 1356 1083 Centurio
1381 1025 1524 1096 quod
1554 1027 1755 1083 factum
1787 1027 1986 1095 luerat,
2016 1026 2132 1098 κιο·
2233 1020 2329 1079 ille
2355 1022 2520 1077 dixit:
2573 1023 2741 1090 Qum?
2787 1021 2855 1078 Et
2891 1022 3180 1080 dixerunt:
3231 1022 3308 1080 De
3341 1022 3472 1081 Jesu
3515 1023 3832 1081 Nazarene;

527 1119 758 1178 riﬁcavit
790 1120 966 1176 Deum
991 1162 1006 1189 ,
1059 1119 1281 1176 dicens:
1310 1119 1456 1176 Vere
1487 1120 1576 1177 hic
1602 1125 1768 1179 homo
1787 1121 1967 1193 justus
1989 1129 2128 1178 erat.
2233 1119 2326 1190 qui
2357 1119 2455 1176 fuit
2481 1119 2563 1174 vir
2593 1119 2853 1192 propheta
2881 1164 2896 1189 ,
2957 1129 3151 1193 potens
3175 1121 3230 1179 in
3258 1136 3425 1194 opere
3467 1132 3522 1182 et
3549 1138 3834 1194 sermone,

526 1211 800 1284 [cccxxx],
829 1209 945 1285 10.]
1009 1211 1077 1267 Et
1124 1213 1302 1268 omnis
1347 1213 1506 1269 turba
1553 1229 1775 1282 eorum,
1822 1214 1918 1286 qui
1967 1213 2129 1271 simul

521 1301 751 1358 aderant
797 1303 864 1358 ad
891 1303 1266 1373 spectaculum
1299 1305 1441 1360 istud
1469 1346 1484 1373 ,
1531 1317 1585 1362 et
1606 1307 1859 1366 videbant
1883 1323 2005 1380 quae
2028 1308 2125 1366 tie-

519 1395 684 1463 bant,
737 1395 1104 1466 percutientes
1134 1406 1350 1468 pectora
1385 1413 1483 1455 sua
1516 1400 1954 1458 revertebantur.
2005 1401 2126 1457 Sta-

518 1489 652 1546 bant
699 1499 881 1546 autem
931 1505 1122 1548 omnes
1169 1493 1282 1548 nati
1312 1492 1429 1563 ejus
1471 1511 1501 1548 a
1542 1495 1723 1566 longe,
1770 1504 1826 1552 et
1862 1495 2125 1553 mulieres

511 1599 633 1656 quae
685 1597 886 1642 secuta:
932 1602 1058 1644 eum
1108 1596 1264 1642 erant
1309 1603 1340 1643 a
1394 1587 1656 1656 Galilaea,
1701 1589 1818 1648 hrec
1848 1590 2117 1662 videntes.

511 1681 799 1752 [cccxxxn,
833 1680 909 1753 1.]
961 1683 1028 1738 Ει
1058 1697 1187 1739 ecce
1219 1683 1305 1737 vir
1335 1685 1556 1742 nomine
1582 1683 1786 1757 Ioseph
1809 1730 1822 1755 ,
1875 1688 1967 1757 qui
2002 1694 2122 1742 erat

509 1774 762 1842 decurio,
806 1773 889 1830 vir
915 1774 1092 1831 bonus
1117 1783 1170 1832 et
1197 1775 1406 1846 justus:
1463 1778 1552 1834 hic
1605 1793 1714 1837 non
1762 1787 2118 1837 consenserat

2233 1229 2416 1270 coram
2447 1215 2557 1271 Deo
2587 1224 2642 1273 et
2673 1215 2824 1271 omni
2869 1216 3102 1287 populo:
3142 1224 3198 1275 et
3216 1215 3514 1290 :quomodo
3555 1232 3679 1276 eum
3727 1226 3834 1274 tra-

2230 1305 2484 1364 diderunt
2529 1308 2727 1364 summi
2774 1309 3087 1366 sacerdotes
3138 1317 3194 1366 et
3230 1309 3504 1382 principes
3555 1311 3730 1368 nostri
3777 1311 3832 1367 in

2228 1401 2630 1459 damnationem
2673 1405 2906 1471 mortis,
2966 1412 3021 1460 et
3065 1403 3455 1464 cruciﬂxerunt
3509 1420 3656 1463 eum.
3720 1403 3834 1461 Nos

2228 1503 2414 1552 autem
2472 1495 2828 1567 sperabamus
2881 1498 3005 1567 quia
3072 1497 3192 1569 ipse
3249 1508 3395 1556 esset
3448 1497 3833 1570 redempturus

2228 1589 2395 1649 Israel
2424 1607 2438 1645 :
2469 1602 2524 1648 et
2576 1607 2720 1648 nunc
2761 1606 2926 1662 super
2961 1590 3078 1648 haec
3121 1592 3328 1662 omnia,
3361 1594 3520 1650 tertia
3548 1593 3666 1650 dies
3696 1602 3723 1632 ι
3748 1602 3834 1650 est

2224 1684 2387 1741 hodie
2421 1699 2530 1756 quo
2565 1683 2682 1740 haec
2709 1683 2850 1741 facta
2899 1693 3048 1744 sunt.
3077 1683 3185 1743 Sed
3215 1693 3271 1742 et
3297 1686 3558 1745 mulieres
3583 1687 3831 1759 quaedam

2221 1793 2290 1833 ex
2335 1778 2537 1834 nostris
2590 1785 2901 1836 terruerunt
2939 1793 3061 1848 nos,
3107 1793 3228 1849 quae
3255 1789 3384 1837 ante
3409 1779 3586 1838 lucem
3614 1781 3836 1838 fuerunt

505 1868 736 1924 consilio
777 1877 834 1924 et
894 1868 1104 1924 actibus
1149 1884 1371 1938 eorum,
1421 1869 1490 1926 ab
1533 1869 1864 1929 Arimathaaa
1890 1871 2113 1929 civitate
2143 1858 2192 1922 Β
2217 1872 2284 1927 ad
2333 1879 2744 1929 monumentum
2771 1915 2786 1940 ,
2815 1881 2870 1930 et
2919 1887 3026 1929 non
3053 1873 3278 1932 invento
3301 1887 3532 1946 corpore
3559 1873 3698 1946 ejus,
3738 1890 3834 1931 ve-

501 1959 704 2018 Judaeae
730 2002 744 2029 ,
795 1963 888 2034 qui
929 1962 1283 2034 exspectabat
1330 1973 1386 2020 et
1418 1965 1537 2036 ipse
1586 1983 1814 2038 regnum
1854 1968 1971 2024 Dei.
2015 1967 2112 2023 Hic

500 2057 733 2113 accessit
755 2055 822 2112 ad
838 2055 1090 2126 Pilatum,
1126 2070 1180 2115 et
1197 2057 1354 2129 petiit
1376 2073 1572 2131 corpus
1594 2060 1722 2117 Jesu
1743 2079 1756 2114 :
1779 2063 2106 2135 [.t‘ccxxxttt,

505 2147 585 2220 1.]
630 2159 687 2206 et
729 2148 1039 2221 depositum
1084 2149 1310 2209 involvit
1349 2151 1612 2218 sindone,
1664 2160 1719 2210 et
1763 2155 1943 2224 posuit
1983 2170 2105 2212 eum

501 2243 557 2298 in
590 2253 944 2301 monumento
965 2246 1168 2312 exciso,
1219 2247 1272 2302 in
1294 2261 1402 2318 quo
1427 2247 1667 2304 nondum
1691 2248 1978 2321 quisquam
2004 2265 2103 2322 po-

494 2336 634 2395 situs
659 2339 853 2396 fuerat.
881 2339 1196 2413 βραχίων,
1222 2339 1334 2410 10.]
1379 2342 1444 2396 Et
1463 2341 1579 2398 dies
1602 2351 1722 2399 erat
1750 2357 2100 2414 parasceves,

508 2439 564 2487 et
582 2432 865 2488 sabbatum
889 2433 1258 2490 illucescebat.
1309 2433 1626 2489 Subsecutae
1675 2443 1853 2489 autem
1907 2437 2101 2492 mulie-

485 2539 597 2592 res,
628 2542 748 2597 qua:
773 2541 898 2583 cum
921 2541 987 2583 eo
1010 2535 1273 2582 venerant
1299 2525 1373 2583 dc
1399 2527 1618 2584 Galilma
1637 2570 1650 2593 ,
1697 2527 1950 2584 viderunt
1979 2543 2099 2586 mo-

491 2629 809 2676 numentum
835 2660 851 2688 ,
890 2629 942 2677 et
965 2619 1423 2692 quemadmodum
1451 2621 1684 2692 positum
1733 2633 1852 2677 erat
1896 2637 2097 2692 corpus

486 2712 627 2785 ejus.
662 2715 947 2788 [cccxxxv,
973 2713 1054 2786 8.]
1095 2711 1163 2771 Et
1203 2725 1542 2774 revertentes
1590 2724 1927 2786 paraverunt
1965 2731 2092 2771 aro-

498 2819 682 2879 mata,
746 2820 804 2868 et
845 2819 1150 2882 unguenta:
1196 2823 1251 2867 et
1301 2811 1528 2868 sabbato
1564 2811 1780 2882 quidem
1827 2811 2097 2868 siluerunt

488 2905 790 2963 secundum
813 2905 1150 2960 mandatum.

555 3000 708 3072 [ϐαρ.
735 2998 927 3056 XXIV.
951 3013 1235 3066 cccxxxvr,
1255 2998 1333 3070 η.
1357 2997 1473 3056 Una
1495 3006 1678 3054 autem
1701 2999 1910 3054 sabbati
1934 2999 2092 3056 valde

481 3093 718 3150 diluculo
743 3101 1009 3149 venerunt
1037 3091 1106 3147 ad
1133 3101 1546 3148 monumentum
1566 3133 1582 3159 ,
1623 3099 1929 3162 portantes,
1963 3105 2087 3162 qua:

2217 1974 2451 2032 nerunt,
2501 1965 2749 2022 dicentes
2789 1980 2849 2022 se
2873 1965 3037 2024 etiam
3078 1966 3344 2024 visionem
3374 1968 3708 2039 Angelorum
3747 1974 3831 2024 vi-

2213 2059 2383 2127 disse,
2421 2059 2513 2130 qui
2553 2059 2745 2115 dicunt
2784 2073 2910 2116 eum
2947 2059 3153 2115 vivere.
3228 2058 3294 2115 Et
3320 2060 3573 2117 abierunt
3599 2061 3824 2131 quidam

2212 2170 2279 2211 ex
2320 2153 2524 2211 nostris
2573 2154 2639 2209 ad
2671 2163 3082 2211 monumentum
3117 2163 3212 2210 :et
3248 2154 3321 2209 ita
3355 2155 3681 2212 invenerunt
3708 2155 3820 2214 sic-

2211 2259 2271 2305 ut
2315 2249 2574 2306 mulieres
2595 2249 2884 2316 dixerunt,
2917 2249 3093 2320 ipsum
3121 2263 3251 2306 vero
3275 2246 3304 2286 δ
3337 2264 3443 2304 non
3474 2248 3817 2305 invenerunt.

2213 2341 2285 2398 Et
2332 2342 2448 2412 ipse
2493 2343 2628 2398 dixit
2679 2341 2749 2397 ad
2787 2356 2912 2398 eos:
2963 2341 3010 2397 0
3039 2341 3230 2420 stulti,
3276 2350 3332 2398 et
3377 2341 3512 2397 tardi
3551 2341 3719 2398 corde
3751 2340 3824 2396 ad

2206 2434 2540 2492 credendum
2563 2476 2576 2501 ,
2624 2435 2675 2488 in
2704 2433 2961 2492 omnibus
2983 2450 3105 2506 quae
3137 2434 3305 2490 locuti
3339 2442 3469 2490 sunt
3499 2433 3819 2505 Propheta!

2202 2525 2397 2584 Nonne
2448 2526 2564 2582 hate
2617 2527 2857 2598 oportuit
2898 2527 3009 2598 pati
3057 2525 3366 2595 Christum,
3414 2533 3470 2580 et
3509 2526 3580 2581 ita
3617 2525 3821 2582 intrare

2203 2619 2259 2675 in
2307 2619 2535 2690 gloriam
2590 2619 2784 2674 suam?
2834 2617 2902 2672 Et
2931 2617 3252 2689 incipiensa
3287 2617 3493 2690 Moyse,
3549 2626 3606 2674 et
3633 2617 3817 2672 omni-

2201 2711 2305 2769 bus
2331 2711 2643 2783 Prophetis,
2677 2711 3138 2783 interpretabatur
3165 2711 3273 2768 illis
3301 2711 3353 2767 in
3383 2711 3638 2768 omnibus
3679 2711 3814 2768 scri-

2203 2809 2401 2879 pturis,
2428 2823 2552 2880 quae
2576 2808 2645 2865 de
2668 2807 2787 2878 ipso
2807 2815 2987 2866 erant.
3032 2807 3099 2863 Et
3122 2808 3697 2878 appropinquaverunt
3721 2821 3815 2864 ca-

2199 2901 2360 2958 stello
2380 2915 2489 2971 quo
2513 2902 2694 2956 ibant:
2719 2909 2775 2957 et
2805 2901 2923 2971 ipse
2955 2915 3015 2957 se
3042 2899 3196 2955 ﬁnxit
3222 2899 3436 2971 longius
3469 2900 3566 2956 ire.
3602 2900 3669 2955 Et
3689 2915 3815 2958 coeo

2197 3005 2393 3070 gerunt
2408 2995 2579 3061 illum,
2599 2995 2863 3051 dicentes:
2878 2994 3034 3052 Mane
3051 2993 3358 3061 nobiscum,
3373 2995 3626 3064 quoniam
3646 2995 3815 3052 adve-

2193 3090 2476 3162 sperascit,
2506 3100 2560 3147 et
2583 3090 2838 3147 inclinata
2861 3098 2947 3147 est
2967 3089 3081 3160 jam
3109 3089 3248 3146 dies.
3313 3090 3379 3145 Et
3421 3090 3640 3146 intravit
3683 3105 3809 3146 cum

481 3197 838 3259 paraverant,
888 3197 1162 3253 aromata;
1213 3197 1268 3242 et
1336 3185 1666 3242 invenerunt
1715 3184 1947 3256 lapidem
1998 3201 2087 3241 re—
2191 3184 2325 3240 illis.
2360 3185 2421 3239 Et
2454 3185 2650 3241 factum
2678 3193 2781 3252 est,
2817 3183 2946 3240 dum
2972 3183 3316 3240 recumberet
3341 3198 3466 3239 cum
3498 3182 3608 3250 eis,
3642 3197 3801 3239 accc-

478 3284 722 3339 volutum
754 3295 784 3336 a
815 3289 1190 3336 monumento.
1221 3279 1288 3335 Et
1320 3281 1583 3352 ingressa:
1615 3295 1724 3335 non
1757 3281 2084 3336 invenerunt
2111 3259 2157 3322 (ἶ
2195 3279 2274 3351 pit
2303 3294 2527 3352 panem,
2553 3287 2610 3334 et
2634 3277 2936 3344 benedixit,
2963 3293 3029 3334 ac
3052 3276 3232 3348 fregit,
3262 3286 3316 3333 et
3339 3277 3653 3348 porrigebat
3674 3277 3804 3334 illis.

478 3388 678 3445 corpus
710 3372 924 3429 Domini
951 3374 1103 3430 Jesu.
1137 3372 1207 3428 Et
1231 3371 1434 3430 factum
1459 3381 1566 3440 est,
1594 3372 1722 3430 dum
1748 3382 1929 3429 mente
1953 3389 2077 3429 con-

479 3474 741 3523 sternatae
781 3475 967 3522 essent
1004 3465 1072 3522 de
1101 3466 1229 3532 isto,
1275 3480 1402 3522 ecce
1428 3466 1537 3522 duo
1567 3466 1669 3522 viri
1699 3475 1972 3523 steterunt
1999 3482 2086 3523 se-

476 3573 575 3616 cus
619 3559 738 3615 illas
788 3560 839 3614 in
872 3567 1020 3614 veste
1066 3558 1311 3630 fulgenti.
1363 3559 1689 3630 [cccxxxvu,
1721 3558 1802 3632 2.]
1852 3559 1987 3616 Cum
2020 3560 2088 3615 ti-

484 3664 699 3712 merent
746 3662 965 3722 autcm,
1019 3663 1070 3711 et
1101 3654 1439 3712 declinarent
1485 3657 1689 3712 vultum
1743 3658 1799 3713 in
1854 3666 2080 3726 terram,

481 3747 736 3804 dixerunt
763 3747 830 3802 ad
855 3746 1007 3802 illas:
1039 3745 1181 3814 Quid
1209 3747 1451 3819 quaeritis
1477 3749 1754 3805 viventem
1783 3765 1906 3806 cum
1936 3765 2082 3806 mor.

477 3841 621 3918 tuis?
653 3857 758 3897 non
787 3849 874 3896 est
899 3841 1008 3910 hic,
1039 3840 1135 3897 sed
1158 3842 1424 3898 surrexit:
1460 3843 1824 3900 recordamini
1849 3845 2084 3915 qualiter

475 3935 692 3993 locutus
721 3944 804 3992 est
834 3935 1010 4002 vobis,
1068 3950 1190 3991 cum
1222 3936 1400 3992 adhuc
1429 3937 1484 3991 in
1517 3937 1742 3993 Galilaea
1773 3945 1953 4006 esset,
1995 3937 2083 3992 di-

474 4045 634 4088 cens:
684 4029 821 4098 Quia
869 4039 1088 4100 oportet
1129 4029 1300 4086 tilium
1343 4031 1579 4086 hominis
1621 4031 1755 4086 tradi
1801 4032 1853 4086 in
1885 4045 2082 4086 manus

474 4123 754 4180 hominum
819 4131 1198 4192 peccatorum,
1248 4131 1304 4177 et
1365 4122 1643 4194 cruciﬁgi,
1711 4134 1768 4178 et
1828 4124 1916 4178 die
1969 4131 2080 4178 ter-

473 4217 548 4272 tia
593 4230 898 4286 resurgere.
961 4217 1026 4270 Et
1069 4216 1370 4273 recordata:
1415 4224 1542 4271 sunt
1589 4216 1882 4271 verborum
1933 4215 2073 4286 ejus.

474 4310 828 4382 [cccxxxvm,
857 4307 936 4379 2.]
995 4308 1061 4363 Ει
1102 4323 1367 4380 regressae
1390 4309 1435 4378 1a
1461 4317 1817 4364 monumento
1863 4309 2078 4364 nuntia-

473 4411 670 4458 verunt
701 4400 816 4456 haec
841 4403 1022 4456 omnia
1054 4400 1162 4456 illis
1191 4399 1444 4456 undecim
1469 4441 1484 4465 ,
1537 4409 1592 4456 et
1634 4400 1847 4456 caeteris
1893 4401 2074 4456 omni-

474 4493 596 4550 bus.
645 4495 969 4566 lCCCXXXIX,
1001 4492 1115 4564 10.]
1167 4491 1298 4548 Erat
1327 4502 1506 4549 autem
1540 4492 1704 4549 Maria
1736 4493 2076 4564 Magdalene,

467 4597 524 4644 ct
557 4585 802 4644 Johanna
824 4629 841 4655 ,
889 4597 946 4644 et
982 4587 1150 4643 Maria
1189 4585 1409 4655 Jacobi,
1460 4597 1513 4643 et
1547 4595 1755 4643 caeteras
1801 4602 1921 4658 qua:
1949 4601 2075 4644 cum

2197 3373 2268 3430 Et
2297 3374 2472 3444 aperti
2493 3382 2625 3428 sunt
2649 3373 2792 3430 oculi
2821 3388 3034 3440 eorum,
3066 3382 3122 3429 et
3146 3384 3516 3444 cognoverunt
3551 3388 3673 3429 eum
3711 3390 3722 3425 :
3753 3383 3810 3430 et

2199 3467 2316 3538 ipse
2332 3467 2635 3522 evanuitcx
2662 3465 2835 3522 oculis
2855 3480 3064 3521 eorum.
3085 3463 3152 3519 Et
3171 3464 3430 3521 dixerunt
3452 3464 3515 3519 ad
3543 3465 3804 3522 invicem:

2191 3558 2386 3616 Nonne
2432 3574 2529 3615 cor
2559 3567 2809 3615 nostrum
2851 3557 3050 3613 ardens
3080 3568 3198 3613 erat
3243 3557 3296 3612 in
3330 3557 3523 3622 nobis,
3562 3557 3692 3614 dum
3723 3559 3808 3613 lo-

2196 3661 2460 3724 queretur
2498 3654 2553 3708 in
2592 3652 2700 3719 via,
2753 3659 2809 3708 et
2857 3651 3096 3720 aperiret
3140 3649 3298 3706 nobis
3347 3651 3686 3722 scripturas?
3735 3651 3808 3709 Et

2190 3754 2482 3816 surgentes
2521 3743 2710 3800 eadem
2751 3743 2884 3799 hora
2924 3743 3162 3814 regressi
3205 3752 3335 3798 sunt
3379 3743 3432 3798 in
3461 3745 3801 3802 Jerusalem:

2189 3849 2244 3896 et
2276 3839 2600 3895 invenerunt
2630 3847 2991 3908 congregatos
3023 3837 3299 3904 undecim,
3339 3847 3395 3894 et
3414 3852 3511 3894 eos
3535 3838 3630 3910 qui
3669 3855 3796 3895 cum

2185 3932 2294 3990 illis
2319 3941 2516 3999 erant,
2545 3931 2794 3989 dicentes
2825 3950 2836 3984 :
2867 3930 3023 4000 Quod
3057 3932 3296 3987 surrexit
3341 3933 3600 3989 Dominus
3643 3948 3798 4001 vere,

2188 4037 2242 4084 et
2287 4027 2542 4099 apparuit
2589 4025 2819 4085 Simoni.
2873 4027 2938 4082 Et
2981 4025 3084 4097 ipsi
3131 4026 3429 4083 narrabant
3474 4043 3597 4098 qua:
3637 4038 3798 4099 gesta

2187 4129 2343 4176 erant
2372 4123 2425 4176 in
2459 4122 2540 4175 via
2575 4137 2589 4175 :
2621 4129 2679 4176 et
2705 4118 2980 4190 quomodo
3019 4127 3403 4189 cognoverunt
3421 4135 3544 4176 eum
3573 4121 3628 4176 in
3652 4121 3798 4178 frac—

2186 4214 2335 4270 tione
2363 4214 2542 4286 panis.
2576 4213 2810 4286 [cccxu,
2834 4209 2912 4284 9.]
2939 4212 3070 4267 Dum
3101 4221 3284 4267 autem
3318 4211 3434 4268 haec
3468 4212 3788 4284 loquuntur,

2185 4307 2338 4364 stetit
2356 4305 2516 4364 Iesus
2545 4307 2602 4362 in
2624 4305 2806 4363 medio
2825 4320 3040 4372 eorum,
3063 4312 3120 4360 et
3144 4304 3277 4362 dicit
3307 4306 3389 4363 eis
3421 4325 3433 4361 :
3464 4306 3574 4363 Pax
3598 4307 3788 4364 vobis:

2185 4417 2288 4475 ego
2319 4418 2442 4459 sum
2461 4444 2476 4471 ,
2504 4401 2675 4457 nolite
2707 4401 2917 4457 timere.
2955 4399 3278 4456 Coaturbati
3311 4416 3466 4470 vero,
3493 4411 3548 4459 et
3575 4412 3793 4459 conter-

2183 4495 2297 4562 riti,
2329 4495 2722 4551 exisﬁmabant
2761 4507 2822 4550 se
2867 4493 3122 4562 spiritum
3161 4493 3368 4549 videre.
3405 4495 3472 4550 Et
3498 4494 3633 4552 dixit
3661 4496 3740 4553 eis
3771 4513 3787 4551 :

2181 4589 2324 4658 Quid
2381 4588 2582 4645 turbati
2637 4587 2804 4655 estis,
2853 4594 2909 4642 et
2956 4586 3317 4659 cogitationes
3370 4587 3679 4644 ascendunt
3730 4590 3786 4645 iu

463 4683 546 4738 eis
592 4692 778 4748 erant,
840 4698 962 4752 qua:
1009 4682 1262 4737 dicebant
1311 4681 1380 4737 ad
1429 4683 1722 4753 Apostolos
1778 4683 1914 4740 haec.
2000 4662 2348 4746 Etncorda
2390 4687 2612 4744 vestra?
2642 4686 2834 4743 Videte
2881 4700 3074 4741 manus
3113 4699 3288 4750 meas,
3331 4697 3388 4741 et
3432 4685 3624 4756 pedes,
3656 4684 3786 4754 quia

466 4775 582 4832 visa
609 4783 737 4831 sunt
762 4782 892 4830 ante
919 4774 1062 4841 illos,
1095 4774 1233 4830 sicut
1264 4773 1700 4841 deliramentum,
1736 4776 1902 4832 verba
1925 4777 2065 4832 ista:

466 4876 676 4926 etnon
727 4866 1076 4924 crediderunt
1140 4865 1270 4922 illis.
1362 4867 1552 4924 Petrus
1613 4877 1791 4924 autem
1839 4883 2070 4940 surgens

465 4962 705 5016 cucurrit
733 4960 801 5016 ad
833 4967 1278 5016 monumentum:
1304 4968 1358 5016 et
1406 4961 1768 5030 procumbens
1808 4962 1941 5018 vidit
1961 4963 2064 5017 lin-

460 5054 700 5110 teamina
731 5053 849 5109 sola
876 5054 1054 5124 posita
1075 5094 1089 5120 ,
1120 5061 1177 5108 et
1208 5051 1341 5110 abiit
1369 5067 1552 5109 secum
1581 5052 1788 5110 mirans
1813 5055 1954 5125 quod
1983 5055 2063 5111 fa-

463 5155 610 5205 ctum
662 5148 861 5204 iuerat.
915 5147 1128 5220 loco“,
1155 5147 1234 5220 8.]
1289 5149 1358 5204 Et
1385 5163 1515 5205 ecce
1539 5147 1649 5205 duo
1675 5164 1744 5206 ex
1775 5149 1883 5205 illis
1910 5150 2063 5208 ibant

453 5241 575 5312 ipsa
601 5242 690 5298 die
715 5241 772 5297 in
801 5242 1085 5298 castellum
1103 5283 1119 5309 ,
1147 5241 1292 5313 quod
1320 5250 1438 5298 erat
1467 5243 1520 5297 in
1550 5244 1731 5313 spatio
1759 5244 2060 5302 stadiorum

452 5337 734 5407 sexaginta
763 5337 834 5392 ab
860 5336 1195 5405 Jerusalem,
1247 5340 1466 5394 nomine
1502 5339 1778 5397 Emmaus.
1849 5341 1915 5396 Et
1952 5341 2058 5412 ipsi

451 5425 812 5498 loquebantur
841 5428 910 5483 ad
939 5430 1173 5485 invicem
1201 5429 1270 5486 de
1299 5431 1381 5486 his
1409 5431 1664 5489 omnibus
1689 5447 1811 5504 quae
1838 5435 2058 5492 accide-

2177 4798 2278 4854 ego
2309 4783 2428 4852 ipse
2453 4795 2574 4836 sum
2608 4796 2622 4834 :
2657 4781 2901 4850 palpate,
2929 4787 2987 4835 et
3015 4777 3220 4845 videte,
3247 4778 3377 4849 quia
3403 4779 3634 4851 spiritus
3664 4793 3785 4836 car-

2178 4893 2302 4932 nem
2332 4884 2388 4931 et
2415 4889 2539 4932 ossa
2569 4889 2675 4929 non
2707 4873 2890 4940 habet,
2923 4876 3066 4928 sicut
3095 4886 3182 4928 me
3211 4871 3410 4927 videtis
3442 4871 3667 4928 habere.
3712 4872 3781 4927 Et

2172 4987 2298 5026 cum
2346 4969 2451 5025 hoc
2495 4968 2746 5032 dixisset,
2800 4965 3043 5022 ostendit
3091 4965 3174 5022 eis
3221 4980 3440 5031 manus,
3485 4972 3543 5020 et
3588 4963 3780 5036 pedes.

2175 5064 2429 5137 [eccum
2458 5059 2537 5132 9.]
2579 5059 2773 5116 Adhuc
2798 5071 2980 5115 autem
3012 5057 3120 5114 illis
3164 5072 3271 5114 non
3309 5056 3657 5114 credentibus
3679 5097 3694 5123 ,
3723 5065 3783 5114 et

2172 5155 2500 5214 mirantibus
2533 5169 2642 5225 prae
2684 5152 2906 5224 gaudio,
2936 5150 3074 5206 dixit
3108 5169 3120 5204 :
3157 5149 3378 5206 Habetis
3416 5149 3506 5206 hic
3544 5147 3775 5220 aliquid,

2169 5249 2318 5322 quod
2345 5245 2746 5305 manducetur?
2785 5244 2856 5301 At
2885 5244 2965 5300 illi
2995 5243 3318 5300 obtulerunt
3357 5243 3406 5300 ei
3448 5251 3656 5312 partem
3689 5242 3776 5314 pi-

2169 5344 2280 5398 scis
2311 5342 2438 5409 assi,
2471 5349 2528 5397 et
2551 5339 2732 5395 favum
2774 5337 2973 5394 mellis.
3008 5337 3224 5392 Etcum
3267 5339 3774 5392 inuiducassetco-

2168 5453 2284 5494 ram
2313 5439 2412 5507 eis,
2442 5450 2663 5492 sumens
2686 5433 2945 5504 reliquias
2976 5432 3129 5488 dedit
3157 5431 3258 5488 eis.
3287 5433 3563 5502 locum",
3591 5429 3674 5505 5.]
3701 5431 3772 5488 Et

451 5529 594 5576 rant.
631 5520 698 5577 Et
751 5521 952 5580 factum
981 5532 1068 5581 est
1093 5568 1106 5594 ,
1159 5525 1288 5581 dum
1322 5524 1712 5597 fabularentur,
1762 5537 1817 5584 et
1861 5539 2050 5586 secum
2163 5531 2304 5587 dixit
2333 5528 2400 5585 ad
2432 5543 2527 5584 eos
2561 5545 2574 5582 :
2605 5526 2732 5583 Hauc
2767 5534 2896 5582 sunt
2923 5525 3109 5590 verba,
3141 5539 3260 5594 qum
3303 5522 3519 5580 locutus
3548 5537 3669 5580 sum
3697 5522 3769 5580 ad

447 5623 793 5685 quaererent,
845 5625 899 5673 et
929 5617 1046 5688 ipse
1093 5617 1250 5674 Jesus
1294 5619 1739 5693 appropinquans
1783 5622 1894 5679 ibat
1921 5639 2048 5683 cum

501 5828 528 5858 ⁸
557 5818 793 5876 Verbum
821 5829 895 5875 est
922 5822 976 5876 in
1004 5838 1110 5876 uno
1141 5822 1402 5881 Vaticano
1432 5841 1533 5883 ms.
1566 5827 1927 5886 desideratur.

495 5887 523 5930 δ
549 5886 730 5949 Nostri
762 5904 892 5948 mss.
923 5891 1127 5952 rectius
1158 5894 1226 5951 ad
1249 5893 1499 5954 Graecum
1534 5899 1887 5972 archetypum
1929 5905 2024 5960 οὐκ

2067 6080 2110 6095 Α

2163 5639 2263 5682 vos
2287 5667 2300 5693 ,
2329 5640 2450 5681 eum
2479 5622 2657 5680 adhuc
2687 5636 2867 5679 essem
2911 5619 3222 5686 vobiscum,
3249 5619 3510 5690 quoniam
3539 5632 3768 5678 necesse

2313 5834 2398 5891 vel
2425 5833 2624 5906 εἴδομεν
2651 5833 2983 5932 habent’mm
3009 5832 3266 5899 viderunt,
3299 5845 3398 5902 pro
3421 5839 3524 5890 non
3549 5832 3760 5892 invens-
