4166 6336
352 315 464 376 053

1383 320 1835 385 ιινιιιαιιιιιιιι
1875 319 2246 387 SECUNDUM
2272 323 2601 385 JOANNEII.

3550 328 3662 387 654

353 442 438 487 est
469 430 692 507 impleri
732 433 939 502 omnia,
984 446 1107 507 quae
1133 437 1335 510 scripta
1366 449 1492 497 sunt
1526 442 1578 497 in
1613 444 1731 514 lege
1762 444 1954 517 Moysi,
1986 444 2030 507 Λ
2062 445 2219 500 ιηίιιο
2250 445 2574 517 promissum
2610 442 2791 498 Patris
2819 442 2925 498 mei
2972 441 3025 497 in
3055 453 3155 500 vos
3188 456 3323 500 :vos
3354 450 3533 502 autem
3574 463 3659 503 se-

353 534 410 579 et
442 525 760 595 prophetis,
799 536 854 583 et
893 528 1124 585 Psalmis
1156 531 1224 586 de
1260 547 1369 588 me.
1403 532 1557 589 Tunc
1602 536 1815 606 aperuit
1855 536 1958 593 illis

352 631 597 684 sensum,
641 627 703 675 ut
743 620 1118 692 intelligerent
1167 622 1499 695 Scripturas.
1550 626 1619 682 Et
1655 628 1794 683 dixit
1828 629 1955 685 eis:

355 712 622 779 Quoniam
661 714 743 770 sic
788 717 1055 787 scriptum
1107 728 1210 785 est,
1258 727 1318 774 et
1361 720 1440 775 sic
1481 721 1770 790 oportebat
1801 721 1960 777 Chri-

356 816 499 861 stum
527 807 663 877 pati,
693 816 746 864 et
770 824 1060 881 resurgere
1089 827 1119 866 a
1146 812 1378 869 mortuis
1407 815 1565 868 tertia
1589 813 1677 870 die
1702 831 1715 868 :
1743 822 1799 870 et
1823 830 1958 885 prte-

361 902 546 960 dieare
585 906 639 960 in
682 907 907 964 nomine
934 908 1053 978 ejus
1084 910 1457 980 pcenitentiam
1494 920 1551 967 et
1580 910 1955 969 remissionem

355 1008 707 1068 peccatorum
747 1002 801 1056 in
831 1017 1023 1059 omnes
1049 1014 1264 1075 gentes,
1300 1003 1682 1076 incipientibus
1708 1005 1775 1060 ab
1804 1004 1961 1059 Jero—

356 1091 602 1163 solyma.
675 1095 785 1152 Vos
831 1104 1013 1155 autem
1065 1105 1233 1156 testes
1285 1099 1417 1155 estis
1465 1098 1677 1154 horum.
1731 1097 1798 1154 Et
1858 1110 1960 1168 ego

2066 538 2192 595 dcte
2242 537 2296 593 in
2343 538 2585 604 civitate,
2637 535 2991 608 quoadusque
3029 536 3328 592 induamini
3362 538 3559 595 virtute
3592 556 3658 594 ex

2066 631 2194 687 alto.
2227 630 2427 687 Eduxit
2446 640 2627 686 autem
2660 644 2754 685 eos
2780 629 2926 685 foras
2958 629 3011 684 in
3043 630 3383 697 Bethaniam,
3404 643 3457 687 et
3481 633 3661 687 eleva-

2065 722 2132 780 tis
2180 724 2431 780 manibns
2470 725 2585 779 suis
2616 722 2893 779 benedixit
2919 722 3021 779 eis.
3063 723 3131 778 Et
3162 725 3358 778 factum
3390 731 3492 791 est,
3531 724 3662 779 dum

2064 816 2421 874 benediceret
2465 816 2595 884 illis,
2651 817 2880 873 recessit
2924 817 2993 873 ab
3037 818 3141 882 eis,
3184 827 3239 873 et
3288 818 3564 876 ferebatur
3612 819 3663 875 in

2065 911 2289 968 caelum.
2318 911 2388 966 Et
2428 911 2531 982 ipsi
2564 910 2860 967 adorantes
2881 952 2896 978 ,
2929 912 3163 982 regressi
3198 922 3325 968 sunt
3366 914 3417 968 in
3448 912 3667 971 Jerusa-

2067 1002 2174 1060 lem
2202 1018 2323 1059 cum
2352 1005 2551 1076 gaudio
2582 1019 2784 1075 magno
2811 1022 2824 1060 :
2853 1012 2909 1060 et
2937 1012 3095 1060 erant
3114 1019 3331 1075 semper
3356 1006 3413 1062 in
3437 1008 3661 1079 templo,

2071 1095 2355 1153 laudantes
2382 1107 2439 1154 et
2466 1096 2853 1155 benedicentes
2883 1096 3077 1155 Deum.
3099 1096 3295 1156 Amen.

1436 1213 1665 1289 Explicit
1710 1212 2048 1287 Evangelium
2075 1213 2361 1270 secundum
2388 1213 2604 1271 Lucam.

357 1348 3652 1377 Mm

1798 1476 2242 1563 INCIPIT

412 1659 888 1791 EVAN
910 1652 1249 1792 GEL
1274 1659 1586 1790 IUM
1674 1655 2620 1792 SECUNDUM
2714 1664 2788 1786 J
2812 1659 3190 1794 ΟΑΝ
3204 1668 3312 1793 Ν
3328 1668 3634 1794 ΕΜ.

1585 1866 2463 1892 -ι--ὣ--η--ι--ἐ

436 1985 590 2061 [Cap.
615 1984 657 2042 Ι.
682 2001 722 2057 ι,
748 1986 828 2060 5.]
854 1986 911 2043 In
935 1986 1204 2060 principio
1227 1995 1350 2045 erat
1370 1987 1632 2058 Verbum,
1652 2000 1706 2047 et
1731 1989 1963 2048 Verbum
1994 1997 2044 2059 B
2070 1998 2225 2047 erant
2247 2006 2313 2048 ex
2342 1989 2646 2062 pharisaeis.
2678 1990 2746 2046 Et
2766 1992 3238 2064 interrogaverunt
3264 2010 3409 2065 eum,
3436 2005 3491 2053 et
3517 1997 3676 2055 dixe-

363 2090 481 2137 erat
510 2079 655 2151 apud
688 2081 885 2150 Deum,
913 2090 969 2136 et
999 2081 1140 2138 Deus
1171 2090 1289 2137 erat
1333 2081 1592 2138 Verbum.
1624 2082 1737 2139 lIoc
1768 2093 1888 2140 erat
1912 2084 1966 2140 in

368 2174 639 2247 principio
669 2175 813 2248 apud
843 2175 1038 2234 Deum.
1071 2174 1267 2233 Omnia
1296 2191 1394 2248 per
1428 2178 1603 2247 ipsum
1631 2175 1771 2234 facta
1799 2187 1925 2235 sunt
1953 2195 1967 2233 :

364 2278 420 2324 ct
448 2269 567 2325 sine
614 2269 735 2341 ipso
775 2269 976 2327 factum
1010 2280 1095 2328 est
1141 2271 1300 2339 nihil,
1332 2272 1475 2344 quod
1514 2271 1715 2330 factum
1748 2282 1872 2330 est:
1914 2274 1970 2330 in

366 2361 487 2431 ipso
519 2364 628 2417 vita
658 2372 797 2431 erat,
830 2375 884 2419 et
911 2364 1020 2420 vita
1057 2368 1191 2435 erat,
1220 2365 1310 2421 lux
1341 2364 1624 2425 hominum
1661 2384 1674 2422 :
1707 2374 1764 2422 et
1795 2367 1886 2421 lux
1917 2366 1971 2423 in

371 2456 614 2511 tenebris
662 2455 832 2525 lucet,
866 2468 919 2513 et
954 2458 1199 2515 tenebras
1238 2474 1358 2515 eam
1395 2474 1503 2517 non
1541 2459 1974 2531 comprehende-

370 2556 518 2602 runt.
556 2546 648 2619 [11,
684 2546 761 2619 3.]
810 2545 937 2605 Fuit
983 2549 1145 2605 homo
1175 2552 1377 2607 missus
1407 2567 1437 2606 a
1485 2551 1622 2621 Deo,
1654 2551 1741 2608 cui
1770 2567 1971 2609 nomen

368 2656 486 2701 erat
512 2642 776 2701 Joannes.
811 2645 907 2701 llic
934 2648 1084 2703 venit
1112 2648 1163 2703 in
1199 2648 1573 2705 testimonium
1595 2689 1612 2718 ,
1643 2656 1701 2704 ut
1732 2648 1975 2705 testimo-

371 2738 519 2794 nium
554 2737 870 2809 perhiberet
898 2738 966 2794 de
994 2739 1218 2808 lumine,
1249 2748 1310 2796 ut
1339 2756 1527 2797 omnes
1559 2740 1851 2798 crederent
1881 2756 1977 2811 per

369 2832 547 2887 illum.
588 2831 704 2887 Non
750 2841 869 2888 erat
899 2832 991 2889 ille
1023 2834 1139 2901 lux,
1170 2834 1267 2890 sed
1301 2844 1358 2890 ut
1391 2836 1761 2892 testimonium
1792 2835 1977 2907 perhi-

373 2924 529 2981 beret
554 2926 622 2981 de
651 2924 873 2983 lumine.
890 2924 993 3000 [111,
1016 2927 1094 3001 5.]
1114 2928 1244 2984 Erat
1267 2928 1361 2986 lux
1386 2946 1538 2999 vera,
1560 2945 1680 3003 qum
1710 2929 1980 2987 illuminat

374 3035 593 3075 onmem
633 3019 909 3077 hominem
953 3023 1262 3079 venientem
1303 3024 1358 3079 in
1402 3023 1550 3080 hunc
1588 3023 1871 3081 mundum.
1917 3023 1980 3080 In

374 3113 583 3170 mundo
603 3114 1048 3183 erat,etmundus
1062 3131 1158 3187 per
1174 3118 1349 3187 ipsum
1370 3118 1542 3173 factus
1554 3125 1658 3186 est,
1679 3127 1734 3173 et
1749 3116 1981 3174 mundus

377 3223 499 3265 cum
518 3223 633 3265 non
654 3211 932 3280 cognovit.
953 3212 1049 3283 [1v,
1069 3210 1250 3282 10.]111
1269 3213 1488 3284 propria
1504 3213 1672 3277 venit,
1688 3222 1742 3271 et
1761 3213 1981 3270 suieum

384 3319 490 3360 non
546 3314 893 3374 receperunt.
941 3304 1217 3377 Quotquot
1246 3316 1428 3362 autem
1470 3315 1794 3379 receperunt
1831 3323 1979 3377 eum,

2072 2090 2201 2139 runt
2229 2083 2308 2139 ei:
2352 2081 2491 2151 Quid
2522 2097 2651 2155 ergo
2682 2082 2926 2153 baptizas
2947 2126 2964 2154 ,
3011 2083 3058 2140 si
3088 2093 3144 2141 tu
3181 2101 3288 2142 non
3319 2103 3379 2145 es
3401 2087 3675 2159 Christus,

2074 2190 2253 2247 neque
2293 2176 2460 2243 Elias,
2506 2191 2683 2248 neque
2728 2178 3024 2247 prOpheta?
3078 2180 3210 2252 [1:11,
3248 2179 3327 2253 1.]
3374 2182 3674 2253 Respondit

2075 2270 2155 2325 eis
2204 2270 2466 2338 Joannes,
2494 2269 2682 2326 dicens
2710 2288 2722 2323 :
2752 2270 2869 2342 Ego
2914 2271 3128 2342 baptizo
3162 2274 3216 2329 in
3244 2288 3421 2345 aqua:
3460 2276 3675 2333 medius

2076 2372 2258 2421 autem
2302 2373 2543 2421 vestrum
2567 2364 2735 2433 stetit,
2766 2380 2929 2437 quem
2959 2381 3062 2424 vos
3098 2377 3124 2405 α
3146 2368 3391 2424 nescitis.
3423 2367 3546 2439 Ipse
3574 2379 3677 2436 est,

2074 2457 2167 2528 qui
2186 2465 2306 2527 post
2328 2466 2687 2514 meventurus
2709 2464 2815 2523 est,
2834 2458 2926 2529 qui
2958 2467 3083 2515 ante
3107 2474 3194 2515 me
3210 2458 3383 2517 factus
3412 2470 3496 2517 est
3527 2478 3539 2514 :
3573 2476 3671 2518 cu-

2074 2553 2162 2624 jus
2182 2568 2283 2626 ego
2298 2570 2403 2611 non
2424 2568 2541 2609 sum
2557 2553 2773 2626 dignus,
2793 2564 2851 2611 ut
2870 2554 3075 2610 solvam
3095 2555 3211 2625 ejus
3243 2555 3531 2627 corrigiam
3560 2558 3675 2613 cal-

2078 2650 2365 2706 ceamenti.
2420 2646 2557 2722 [11111,
2612 2646 2721 2721 10.]
2777 2647 2903 2704 llaec
2956 2647 3009 2704 in
3066 2647 3330 2704 Bethania
3368 2647 3513 2706 facta
3553 2658 3681 2706 sunt

2082 2755 2229 2802 trans
2260 2743 2576 2812 Jordanem,
2609 2744 2704 2800 ubi
2741 2754 2862 2801 erat
2892 2746 3132 2801 Joannes
3158 2744 3463 2817 baptizans.
3496 2745 3684 2802 Altera

2082 2842 2169 2898 die
2215 2840 2351 2898 vidit
2385 2840 2625 2898 Joannes
2656 2840 2844 2897 Jesum
2886 2839 3197 2897 venientem
3243 2839 3312 2896 ad
3356 2854 3437 2910 se,
3472 2850 3527 2896 et
3561 2840 3677 2897 ait:

2085 2938 2223 2994 Ecce
2272 2950 2443 3008 agnus
2492 2934 2612 3004 Dei,
2650 2950 2781 2993 ecce
2819 2936 2910 3007 qui
2963 2935 3104 2992 tollit
3146 2944 3431 3006 peccatum
3470 2935 3676 2992 mundi.

2085 3032 2216 3106 [x1v,
2252 3030 2327 3102 1.]
2352 3030 2452 3087 llic
2472 3039 2555 3086 est
2576 3034 2645 3087 de
2672 3046 2783 3102 quo
2812 3030 2924 3086 dixi
2957 3047 2971 3085 :
2998 3029 3129 3087 Post
3160 3047 3246 3085 me
3275 3031 3425 3087 venit
3453 3032 3558 3098 vir,
3589 3030 3685 3101 qui

2083 3133 2209 3181 ante
2242 3140 2329 3180 me
2372 3124 2543 3181 factus
2584 3133 2698 3191 est;
2723 3124 2848 3195 quia
2878 3124 3029 3196 prior
3057 3139 3145 3179 me
3189 3132 3325 3179 erat.
3354 3123 3425 3179 Et
3453 3138 3557 3195 ego
3583 3139 3684 3180 ne-

2084 3219 2320 3277 sciebam
2344 3235 2495 3282 eum;
2520 3219 2618 3275 sed
2638 3228 2701 3275 ut
2726 3218 3104 3276 manifestatur
3130 3219 3183 3273 in
3219 3217 3410 3284 Israel,
3433 3226 3686 3289 propter-

2088 3329 2150 3371 ea
2188 3314 2311 3370 veni
2337 3329 2437 3385 ego
2467 3313 2522 3368 in
2549 3327 2691 3385 aqua
2730 3312 3036 3383 baptisans.
3071 3312 3181 3387 [κη
3227 3310 3305 3383 1.]
3347 3312 3413 3367 Ει
3443 3311 3687 3367 testimo-

379 3398 527 3455 dedit
561 3399 639 3454 eis
672 3407 995 3469 potestatem
1032 3400 1173 3455 filios
1203 3400 1301 3456 Dei
1330 3400 1470 3468 fieri,
1496 3400 1600 3468 his,
1630 3402 1724 3472 qui
1752 3400 1981 3458 credunt
2006 3405 2053 3470 C
2084 3407 2232 3462 nium
2259 3404 2535 3477 perhibuit
2564 3405 2828 3474 Joannes,
2861 3405 3087 3462 dicens:
3121 3404 3258 3473 Quia
3284 3404 3392 3459 vidi
3422 3404 3683 3475 Spiritum

379 3494 434 3549 in
467 3498 689 3550 nomine
716 3493 836 3565 ejus
870 3512 881 3547 :
917 3493 1010 3565 qui
1037 3509 1146 3549 non
1177 3510 1243 3551 ex
1282 3496 1638 3566 sanguinibus
1661 3538 1676 3565 ,
1710 3512 1887 3567 neque
1915 3512 1983 3553 ex

378 3589 661 3643 voluntate
715 3587 921 3653 carnis,
972 3604 1146 3658 neque
1193 3603 1261 3645 ex
1296 3588 1577 3646 voluntate
1604 3589 1727 3659 viri,
1777 3590 1871 3647 sed
1914 3605 1982 3646 ex

380 3682 498 3738 Deo
528 3681 639 3737 nati
689 3693 835 3738 sunt.
871 3682 962 3754 [v,
995 3680 1073 3753 5.]
1114 3682 1446 3740 EtVerbum
1486 3698 1613 3741 caro
1644 3682 1844 3740 factum
1872 3691 1979 3753 est,

381 3784 439 3832 et
464 3776 731 3832 habitavit
765 3776 818 3830 in
865 3775 1023 3833 nobis
1054 3795 1067 3832 :
1096 3787 1153 3832 et
1172 3776 1407 3833 vidimus
1438 3778 1668 3848 gloriam
1696 3778 1837 3850 ejus,
1867 3779 1983 3849 glo-

383 3870 521 3924 riam
551 3870 705 3942 quasi
725 3868 1000 3940 Unigeniti
1032 3884 1064 3927 a
1086 3869 1268 3939 Patre,
1300 3871 1519 3943 plenum
1543 3872 1731 3944 gratiae
1758 3882 1813 3929 et
1835 3873 1982 3930 veri-

388 3964 536 4020 tatis.
571 3966 665 4037 [τι.
698 3964 773 4037 1.]
801 3964 1039 4022 Joannes
1072 3966 1438 4023 testimonium
1470 3967 1715 4037 perhibet
1736 3968 1805 4024 de
1832 3968 1983 4039 ipso,

385 4066 440 4112 et
485 4056 683 4112 clamat
714 4055 901 4115 dicens
935 4076 946 4112 :
982 4056 1080 4114 llic
1125 4067 1285 4126 erat,
1323 4075 1482 4130 quem
1529 4060 1639 4115 dixi
1669 4077 1681 4114 :
1728 4060 1829 4128 Qui
1861 4068 1986 4131 post

388 4164 477 4204 me
511 4158 774 4205 venturus
801 4161 914 4220 est,
944 4158 1071 4207 ante
1099 4165 1185 4207 me
1216 4150 1390 4207 factus
1414 4161 1531 4219 est;
1564 4154 1688 4225 quia
1722 4154 1871 4225 prior
1899 4168 1987 4210 me

386 4250 529 4298 erat.
582 4244 697 4316 [1111,
732 4240 845 4313 10.]
890 4243 961 4300 Et
1002 4244 1071 4300 de
1114 4244 1453 4317 plenitudine
1492 4246 1607 4317 ejus
1647 4264 1750 4304 nos
1796 4263 1985 4305 omnes

387 4337 735 4407 accepimus,
787 4346 844 4395 et
897 4341 1124 4409 gratiam
1172 4355 1273 4411 pro
1328 4341 1524 4413 gratia.
1566 4341 1703 4410 Quia
1760 4342 1847 4399 lex
1892 4357 1989 4413 per

389 4431 618 4499 Moysen
663 4432 786 4489 data
819 4443 933 4502 est,
966 4435 1135 4506 gratia
1176 4445 1231 4491 et
1256 4436 1458 4492 veritas
1491 4452 1586 4508 per
1612 4436 1796 4493 Jesum
1826 4434 1987 4492 Chri-

391 4532 540 4580 stum
573 4524 709 4581 facta
734 4534 836 4581 est.
867 4528 1006 4603 [11111,
1030 4526 1109 4600 5.]
1139 4528 1310 4585 Deum
1340 4544 1501 4585 nemo
1530 4528 1663 4586 vidit
1693 4544 1987 4601 umquam;

392 4617 704 4687 unigenitus
720 4618 918 4690 Filius,
942 4621 1035 4692 qui
1066 4630 1147 4677 est
1177 4622 1229 4676 in
1257 4620 1380 4677 sinu
1405 4621 1597 4691 Patris,
1616 4624 1731 4694 ipse
1763 4638 1990 4679 enarra-

392 4708 493 4764 vit.
576 4709 690 4782 [tx,
738 4709 853 4782 10.]
912 4711 982 4768 Et
1023 4711 1130 4769 hoc
1179 4721 1264 4770 est
1314 4713 1683 4770 testimonium
1731 4713 1988 4784 Joannis,

2083 3499 2507 3556 descendentem
2552 3500 2707 3569 quasi
2730 3498 3040 3555 columbam
3091 3498 3158 3554 de
3201 3498 3364 3566 caalo,
3388 3506 3443 3553 et
3490 3500 3689 3553 mansit

2083 3609 2247 3665 super
2275 3608 2419 3650 eum.
2447 3593 2515 3649 Et
2539 3608 2642 3665 ego
2669 3591 2985 3649 nesciebam
3010 3608 3167 3658 eum;
3194 3591 3291 3647 sed
3313 3592 3403 3661 qui
3429 3591 3578 3646 misit
3597 3606 3686 3646 me

2082 3687 2363 3758 baptizare
2400 3687 2452 3741 in
2481 3702 2647 3757 aqua,
2683 3686 2775 3742 ille
2817 3686 2950 3741 mihi
2982 3685 3160 3740 dixit:
3204 3685 3383 3755 Super
3410 3699 3570 3755 quem
3605 3684 3686 3738 vi-

2082 3766 2227 3835 deris
2274 3779 2535 3850 Spiritum
2567 3779 2987 3835 descendentem
3015 3819 3030 3845 ,
3056 3789 3109 3833 et
3158 3786 3471 3833 manentem
3520 3791 3687 3847 super

2084 3886 2231 3942 eum,
2267 3871 2355 3927 hic
2399 3878 2503 3938 est,
2535 3871 2627 3942 qui
2656 3871 2895 3942 baptizat
2932 3870 2987 3926 in
3020 3870 3226 3941 Spiritu
3257 3879 3463 3925 sancto.
3492 3870 3558 3924 Et
3584 3885 3687 3939 ego

2085 3963 2195 4021 vidi
2219 3979 2233 4019 :
2257 3972 2313 4019 et
2338 3963 2704 4021 testimonium
2728 3962 2973 4035 perhibui
2998 3963 3123 4035 quia
3150 3961 3239 4017 hic
3262 3971 3345 4018 est
3366 3961 3534 4018 Filius
3565 3960 3685 4017 Dei.

2088 4058 2222 4131 [xv1,
2258 4055 2371 4127 10.]
2418 4057 2599 4112 Altera
2641 4057 2731 4113 die
2760 4056 2955 4113 iterum
3011 4055 3191 4112 stabat
3233 4055 3494 4122 Joannes,
3539 4063 3594 4111 et
3620 4070 3688 4111 ex

2088 4149 2371 4220 discipulis
2415 4149 2532 4220 ejus
2563 4149 2692 4207 dno.
2734 4148 2804 4205 Et
2837 4149 3137 4219 respiciens
3171 4147 3357 4205 Jesum
3404 4148 3689 4205 ambulan-

2091 4254 2222 4311 tem,
2253 4243 2382 4300 dicit
2417 4262 2428 4297 :
2465 4243 2604 4300 Ecce
2631 4258 2805 4315 agnus
2834 4243 2955 4299 Dei.
3002 4243 3072 4299 Et
3100 4242 3389 4298 audierunt
3416 4257 3540 4298 eum
3581 4242 3691 4297 duo

2090 4337 2340 4405 discipuli
2372 4335 2684 4407 loquentem
2714 4379 2729 4405 ,
2764 4344 2820 4394 et
2847 4337 3021 4393 secuti
3052 4343 3179 4392 sunt
3208 4335 3417 4393 Jesum.
3447 4334 3694 4391 Conver-

2088 4444 2184 4485 sus
2210 4438 2391 4485 autem
2439 4428 2627 4497 Jesus,
2674 4440 2730 4485 et
2756 4429 2944 4485 videns
2974 4444 3071 4486 eos
3112 4439 3404 4501 sequentes
3445 4444 3527 4492 se.
3560 4429 3693 4485 dicit

2092 4523 2173 4580 cis
2205 4540 2218 4578 :
2246 4522 2387 4593 Quid
2407 4523 2689 4593 quaeritis?
2714 4523 2819 4589 Qui
2860 4522 3117 4578 dixerunt
3148 4522 3196 4577 ei
3256 4541 3266 4575 :
3315 4521 3487 4576 Rabbi
3520 4520 3693 4592 (quod

2092 4616 2292 4673 dicitur
2333 4617 2748 4686 interpretatum
2793 4615 3100 4686 Magister),
3126 4614 3215 4671 ubi
3265 4613 3514 4669 habitas?
3555 4612 3697 4668 Dicit

2094 4708 2175 4765 eis
2205 4728 2219 4763 :
2250 4708 2477 4774 Venite,
2515 4719 2569 4764 et
2610 4708 2810 4765 videte.
2842 4707 3164 4776 Venerunt,
3204 4716 3260 4763 et
3312 4707 3565 4762 viderunt
3605 4704 3697 4761 ubi

392 4802 614 4872 quando
662 4802 930 4861 miserunt
964 4804 1137 4863 Judaei
1176 4806 1245 4862 ab
1276 4806 1634 4880 Jerosolymis
1676 4805 1993 4866 sacerdotes
2016 4802 2072 4865 D
2096 4802 2364 4868 mallel'el.
2389 4811 2445 4857 θι
2480 4800 2623 4872 ³1)υά
2654 4816 2781 4857 eum
2812 4808 3131 4855 maﬂsel‘um
3159 4798 3249 4855 die
3281 4799 3406 4854 ί¹¹ο²
3444 4798 3580 4854 ¹¹οΓ³
3604 4811 3700 4851 au’

396 4903 454 4951 et
502 4894 701 4952 levitas
746 4896 815 4952 ad
856 4911 1003 4965 eum,
1034 4906 1097 4953 ut
1142 4897 1685 4969 interrogarenteum
1713 4914 1727 4953 :
1759 4898 1841 4953 Tu
1870 4897 1994 4970 quis

396 4987 504 5042 es?
534 4988 602 5044 Et
639 4990 926 5046 confessus
955 4998 1059 5056 est,
1093 5000 1148 5046 et
1189 5007 1294 5047 non
1327 4992 1545 5062 negavit
1579 5009 1593 5048 :
1627 4999 1682 5049 et
1709 4989 1995 5048 confessus

2099 4905 2207 4952 tem
2244 4904 2363 4951 erat
2388 4894 2547 4967 quasi
2590 4894 2821 4951 decima.
2858 4895 2987 4949 Erat
3024 4902 3208 4950 autem
3243 4892 3489 4948 Andreas
3533 4890 3698 4946 frater

2100 4988 2338 5045 Simonis
2388 4987 2533 5044 Petri
2583 5002 2724 5043 unus
2778 5003 2845 5043 ex
2899 4987 3146 5055 duobus,
3192 4987 3281 5056 qui
3333 4984 3619 5040 audierant
3667 4997 3698 5038 a

399 5089 521 5135 est:
555 5080 690 5149 Quia
720 5097 831 5138 non
858 5098 978 5139 sum
1002 5097 1101 5154 ego
1124 5080 1399 5140 Christus.
1430 5083 1495 5140 Et
1526 5086 1999 5155 interrogaverunt
2100 5082 2330 5149 Joanne,
2378 5094 2434 5139 et
2478 5082 2650 5139 secuti
2700 5081 2915 5139 fuerant
2955 5096 3101 5137 eum.
3148 5080 3306 5153 [χιιι.
3350 5078 3429 5151 1.]
3482 5078 3698 5134 Invenit

401 5190 526 5231 eum
561 5193 575 5232 :
605 5176 747 5245 Quid
789 5179 965 5250 ergo?
1001 5179 1149 5235 Elias
1177 5194 1238 5236 es
1269 5180 1366 5235 tu?
1396 5180 1461 5236 Et
1491 5179 1627 5235 dixit
1652 5197 1664 5233 :
1711 5178 1827 5234 Non
1855 5194 1997 5235 sum.

2104 5177 2192 5233 hic
2212 5177 2448 5249 primum
2476 5178 2697 5232 fratrem
2727 5191 2885 5231 suum
2913 5174 3211 5239 Simonem,
3244 5182 3299 5228 et
3326 5173 3458 5227 dicit
3483 5174 3534 5228 ei
3570 5190 3584 5228 :
3616 5172 3702 5226 ln-

402 5269 677 5341 PrOpheta
715 5285 774 5326 es
806 5270 899 5326 tu?
926 5270 995 5327 Et
1028 5272 1311 5343 respondit
1345 5288 1360 5327 :
1401 5271 1545 5327 Non.
1578 5271 1840 5327 Dixerunt
1868 5284 2002 5341 ergo
2104 5270 2634 5327 venimusMessiam.
2653 5268 2833 5341 (Quod
2848 5264 3701 5337 estinterpretatum,Christus.)

403 5365 455 5419 ei
487 5380 501 5417 :
542 5364 674 5430 Quis
702 5381 781 5431 es,
814 5375 873 5418 ut
906 5381 1224 5435 reSponsum
1252 5366 1444 5423 demus
1475 5366 1583 5433 his,
1616 5365 1706 5434 qui
1738 5363 2004 5420 miserunt

404 5457 542 5512 nos?
566 5457 695 5527 quid
725 5457 858 5513 dicis
889 5458 958 5514 de
980 5468 1032 5515 te
1060 5458 1211 5529 ipso?
1241 5460 1318 5532 [11,
1352 5456 1429 5529 1.]
1449 5458 1540 5516 Ait
1575 5476 1587 5513 :
1620 5459 1732 5529 Ego
1763 5474 1863 5513 vox
1894 5457 2004 5513 cla-

2109 5366 2176 5421 Et
2198 5363 2423 5420 adduxit
2443 5379 2567 5419 eum
2591 5364 2658 5418 ad
2683 5362 2888 5418 Jesnm.
2916 5359 3142 5416 lntuitus
3167 5368 3347 5414 autem
3370 5374 3492 5414 eum
3521 5356 3704 5428 Jesus,

2108 5459 2245 5515 dixit
2274 5457 2393 5513 :Tu
2420 5473 2479 5514 es
2505 5457 2694 5514 Simon
2720 5455 2863 5511 filius
2886 5454 3024 5511 Jona
3052 5473 3064 5508 :
3090 5464 3145 5509 tu
3169 5452 3449 5508 vocaberis
3471 5452 3704 5523 Cepbas.

406 5552 610 5607 mantis
640 5552 695 5607 in
725 5553 973 5609 deserto:
1007 5553 1235 5623 Dirigite
1266 5553 1405 5608 viam
1437 5552 1678 5617 Domini,
1709 5553 1849 5608 sicut
1870 5550 2007 5609 dixit
2104 5549 2282 5623 (Quod
2338 5551 2727 5620 interpretatur
2776 5548 3015 5620 Petrus.)
3045 5546 3225 5622 [xvm,
3270 5544 3385 5616 10.]
3425 5544 3483 5601 1n
3514 5543 3710 5601 crasti—

409 5643 579 5699 lsaias
632 5645 917 5716 prepheta.
975 5646 1073 5721 [111,
1133 5643 1248 5719 10.]
1299 5646 1365 5701 Et
1415 5645 1508 5717 qui
1560 5646 1712 5703 missi
1764 5645 2000 5715 fuerant,

489 5876 513 5905 α
536 5865 675 5925 Tres
700 5882 857 5937 mss.,
889 5885 1041 5955 qnam
1067 5886 1154 5926 vos
1184 5884 1285 5925 non
1310 5869 1469 5924 scitis.

2109 5659 2238 5701 num
2277 5642 2304 5684 ιι
2338 5642 2505 5700 voluit
2550 5641 2703 5699 exire
2748 5642 2801 5698 in
2830 5641 3134 5709 Galilteam,
3166 5648 3224 5698 et
3262 5640 3473 5701 invenit
3508 5638 3712 5709 Philip-

2204 5860 2232 5901 ι’
2264 5860 2417 5920 Unus
2451 5861 2770 5931 Vaticanus,
2801 5864 2857 5923 in
2877 5862 3177 5937 crastinus:
3202 5869 3375 5917 autem
3406 5857 3586 5931 voluit,
3613 5864 3719 5917 etc.
