4036 6326
511 370 618 428 655
1526 349 1583 407 8.
1627 338 2006 406 ΗΙΕΚΟΝΫΜΙ
2044 336 2105 396 Dl

2152 333 2280 395 ’INA
2316 333 2796 394 BIBLIOTHECA.
3481 303 3522 311 ’”
3660 331 3746 391 056

507 499 659 558 pum.
713 479 780 536 Et
818 477 952 534 dicit
996 475 1044 531 ei
1093 471 1290 528 Jesus:
1322 469 1562 539 Sequere
1602 481 1710 522 me.
1751 464 1886 519 Erat
1924 465 2104 515 autem
2134 453 2188 516 Α
2210 455 2403 512 diebus
2429 452 2698 509 excitabis
2726 444 2904 506 illud?
2930 443 3026 501 Ille
3054 449 3233 499 autem
3254 441 3458 500 dicebat
3492 443 3555 500 de
3581 448 3756 516 templo

506 535 790 646 Philippus
819 588 850 627 a
881 567 1168 626 Bethsaida
1190 609 1203 632 ,
1230 535 1448 619 civitate
1477 559 1711 615 Andreae
1742 565 1794 611 et
1826 552 1992 609 Petri.
2022 550 2112 605 ln-
2213 547 2462 618 corporis
2495 545 2598 600 sui.
2626 544 2760 600 Cum
2801 553 2932 611 ergo
2961 535 3353 594 resurrexisset
3374 552 3403 590 a
3429 537 3656 603 mortuis,
3684 554 3758 594 re-

506 627 976 740 venitrPhilippus
1001 627 1320 724 Nathanael,
1347 666 1402 713 et
1424 654 1554 711 dicit
1583 653 1667 708 ei:
1692 651 1862 718 Quem
1893 643 2111 716 scripsit
2214 639 2423 695 cordati
2457 647 2583 692 sunt
2613 633 2864 704 discipuli
2897 631 3038 702 ejus,
3069 629 3194 700 quia
3220 627 3321 683 hoc
3347 628 3568 695 dicebat,
3591 639 3639 684 et
3659 645 3759 686 cre-

510 766 727 837 Moyses
768 722 1026 830 in'I'aege,
1057 764 1112 812 et
1143 722 1443 825 prophetae,
1487 747 1789 804 invenimus
1817 743 2003 799 Jesum
2052 737 2112 792 [ὶ-
2215 734 2472 790 diderunt
2499 731 2810 802 scripturae,
2859 735 2914 782 et
2955 724 3196 782 sermoni
3233 737 3389 793 quem
3437 722 3565 778 dixit
3603 724 3758 780 Jesus.

508 817 876 926 iidxiiioseph
915 817 1266 907 avN'azar-eth'.
1310 844 1379 899 Et
1411 841 1551 898 dixit
1583 839 1631 895 ei
1679 833 2022 893 Nathanael:
2069 832 2108 884 Α
2215 829 2350 884 Cum
2381 837 2558 884 autem
2587 834 2730 882 esset
2756 821 3110 894 Jerosolymis
3133 819 3188 875 in
3223 817 3413 888 pascha
3441 818 3489 872 in
3517 817 3597 874 die
3622 818 3760 886 festo,

514 912 782 1011 :‘Vazareth
803 912 985 1019 potest
1005 941 1210 1013 aliquid
1235 939 1360 996 boni
1384 937 1546 994 esse?
1578 933 1714 988 Dicit
1735 931 1783 986 ei
1803 928 2111 999 Philippus:
2219 922 2371 980 multi
2403 920 2750 978 crediderunt
2793 919 2848 974 in
2896 916 3114 973 nomine
3161 913 3312 984 ejus,
3361 912 3592 970 videntes
3634 913 3762 986 signa

517 1006 680 1113 Veni,
705 1006 778 1098 et
809 1006 966 1096 .vide.
997 1006 1145 1092 Vidit
1176 1033 1334 1090 Jesus
1366 1028 1667 1086 Nathanael
1698 1025 2010 1081 venientem
2047 1019 2114 1074 ad
2219 1019 2340 1088 ejus
2386 1031 2508 1086 qum
2557 1013 2808 1070 faciebat.
2849 1011 2971 1084 Ipse
3000 1019 3180 1065 autem
3222 1006 3377 1064 Jesus
3409 1021 3510 1063 non
3548 1007 3766 1065 credebat

520 1155 601 1206 se,
634 1101 689 1195 et
717 1135 849 1194 dicit
868 1133 938 1190 de
967 1146 1034 1187 eo
1068 1149 1080 1184 :
1112 1128 1256 1184 Ecce
1284 1141 1411 1181 vere
1442 1121 1713 1182 Israelita,
1747 1121 1801 1174 in
1831 1132 1938 1187 quo
1962 1113 2117 1172 dolus
2219 1107 2572 1179 semetipsum
2601 1107 2702 1175 eis,
2737 1120 2804 1162 eo
2830 1103 2972 1176 quod
3006 1105 3122 1174 ipse
3153 1109 3336 1158 nosset
3367 1115 3578 1168 omnes,
3591 1109 3641 1157 et
3663 1101 3766 1170 quia

516 1194 628 1288 non
649 1194 765 1285 est.
815 1225 956 1281 Dicit
984 1223 1034 1279 ei
1079 1218 1377 1276 Nathanael
1410 1236 1423 1270 :
1457 1215 1613 1272 Unde
1659 1228 1746 1268 me
1796 1209 1975 1265 nosti?
2007 1208 2118 1263 Re-
2221 1217 2360 1274 opus
2382 1202 2431 1259 ei
2460 1217 2568 1257 non
2599 1208 2739 1269 erat,
2771 1209 2831 1254 ut
2859 1199 2980 1269 quis
3024 1194 3386 1253 testimonium
3413 1194 3696 1266 perhiberet
3714 1196 3770 1253 de

518 1320 740 1394 spondit
763 1318 943 1383 Jesus,
965 1324 1020 1372 et
1047 1308 1623 1387 dixit'ei.Priusquam
1655 1315 1707 1361 te
1727 1302 2010 1373 Philippus
2028 1315 2120 1354 vo-
2223 1297 2447 1353 homine
2478 1312 2490 1349 :
2521 1295 2639 1365 ipse
2674 1292 2818 1349 enim
2850 1291 3056 1348 sciebat
3083 1288 3207 1360 quid
3239 1297 3380 1344 esset
3407 1289 3458 1342 in
3496 1287 3710 1346 homine.

518 1379 703 1480 caret,
744 1427 865 1466 cum
898 1379 1051 1464 esses
1081 1406 1181 1461 sub
1201 1380 1340 1471 ficu,
1366 1401 1474 1456 vidi
1509 1412 1579 1455 te.
1605 1395 1907 1466 ReSpondit
1941 1394 1990 1450 ei
2013 1391 2121 1448 Na-
2307 1388 2461 1462 [ϐαρ.
2509 1384 2624 1456 11L]
2673 1385 2804 1442 Erat
2852 1394 3030 1441 autem
3083 1384 3243 1438 homo
3283 1397 3348 1438 ex
3389 1381 3669 1453 phariszeis,
3696 1379 3771 1436 Ni-

513 1473 757 1572 thanael,
799 1514 854 1560 et
902 1503 976 1557 ait
1005 1519 1019 1556 :
1061 1497 1232 1554 Rabbi
1255 1541 1269 1566 ,
1305 1505 1364 1551 tu
1397 1511 1456 1552 es
1494 1492 1663 1550 Filius
1692 1491 1820 1556 Dei,
1855 1499 1908 1544 tu
1936 1502 1996 1544 es
2025 1501 2122 1543 rex
2224 1481 2484 1538 codemus
2513 1479 2762 1547 nomine,
2813 1475 3064 1547 princeps
3091 1473 3418 1531 Judmorum.
3447 1474 3539 1529 llic
3557 1473 3690 1529 venit
3713 1473 3768 1527 ad

522 1565 711 1656 lsrael.
744 1565 1048 1667 Respondit
1079 1593 1240 1649 Jesus
1262 1631 1277 1657 ,
1316 1599 1369 1646 et
1399 1587 1531 1642 dixit
1562 1585 1612 1640 ei
1641 1601 1656 1639 :
1689 1581 1824 1649 Quia
1842 1581 1954 1636 dixi
1981 1579 2080 1634 tibi
2108 1597 2118 1631 :
2225 1576 2409 1632 Jesum
2453 1581 2635 1641 nocte,
2659 1582 2716 1627 et
2744 1570 2882 1626 dixit
2908 1569 2957 1624 ei
2985 1587 2997 1622 :
3030 1567 3226 1634 Rabbi,
3254 1567 3450 1622 scimus
3490 1566 3605 1636 quia
3628 1580 3656 1620 a
3687 1565 3775 1620 Deo

523 1692 648 1749 Vidi
671 1700 723 1747 te
751 1658 1020 1753 subdicu,
1050 1684 1229 1741 credis
1261 1700 1275 1737 :
1311 1680 1486 1750 majus
1514 1679 1598 1732 his
1629 1675 1858 1732 videbis.
1896 1672 1966 1728 Et
1995 1671 2127 1727 dicit
2229 1667 2424 1725 venisti
2475 1665 2769 1736 magister:
2822 1676 2982 1719 nemo
3018 1661 3161 1717 enim
3196 1669 3374 1731 potest
3407 1658 3516 1713 hare
3555 1658 3692 1729 signa
3714 1659 3776 1712 la-

525 1789 574 1842 ei
611 1802 624 1838 :
659 1787 828 1839 Amen
847 1826 862 1850 ,
911 1795 1067 1835 amen
1097 1777 1220 1832 dico
1245 1775 1430 1836 vobis,
1463 1769 1715 1826 videbitis
1745 1767 1941 1823 cmlum
1967 1778 2126 1836 aper-
2229 1778 2374 1829 cere,
2409 1775 2534 1832 quae
2559 1768 2615 1814 tu
2646 1757 2797 1826 facis,
2831 1757 2931 1812 nisi
2954 1755 3119 1812 fuerit
3149 1755 3292 1811 Deus
3317 1769 3435 1809 cum
3461 1767 3544 1807 eo.
3571 1749 3779 1822 Respon-

526 1887 664 1944 tum,
699 1883 754 1932 et
797 1842 1037 1944 Angelos
1080 1871 1172 1925 Dei
1213 1866 1603 1931 ascendentes,
1648 1871 1702 1918 et
1727 1859 2127 1919 descendentes
2155 1844 2310 1913 Bdit
2335 1857 2513 1922 Jesus,
2537 1863 2594 1911 et
2618 1852 2757 1909 dixit
2805 1851 2896 1907 ei:
2948 1851 3145 1916 Amen,
3195 1863 3354 1904 amen
3387 1846 3505 1901 dico
3549 1842 3779 1911 tibi,nisi

525 1986 691 2041 supra
718 1968 915 2024 Filium
941 1962 1192 2018 hominis.
2229 1951 2348 2024 quis
2378 1959 2404 1988 α
2429 1959 2652 2004 renatus
2697 1945 2862 2002 fuerit
2893 1943 3097 2008 denuo,
3143 1958 3252 1998 non
3303 1947 3478 2012 potest
3505 1937 3674 1994 videre
3711 1953 3783 1992 re-

601 2029 758 2135 ]Cap.
794 2057 885 2129 1L]
918 2057 982 2112 Et
1012 2055 1100 2110 die
1136 2053 1295 2109 tertia
1328 2051 1529 2122 nuptiae
1560 2049 1716 2105 factre
1745 2056 1871 2104 sunt
1899 2047 1952 2102 in
1979 2043 2126 2102 Cana
2229 2057 2393 2114 gnum
2427 2039 2546 2097 Dei.
2586 2039 2728 2094 Dicit
2753 2035 2822 2092 ad
2848 2051 2972 2093 eum
3021 2033 3386 2090 Nicodemus:
3423 2029 3680 2100 Quomodo
3703 2044 3783 2100 po-

527 2121 808 2211 Gaiilteaez
845 2159 901 2207 et
931 2159 1049 2205 erat
1079 2147 1248 2202 Mater
1279 2145 1408 2202 Jesu
1439 2144 1533 2200 ibi.
1570 2143 1807 2200 Vocatus
1836 2151 1919 2197 est
1948 2150 2128 2196 autem
2232 2146 2338 2194 test
2363 2135 2526 2192 homo
2556 2133 2727 2200 nasci,
2759 2146 2881 2188 cum
2911 2130 2984 2186 sit
3013 2128 3228 2185 senex?
3275 2124 3528 2196 numquid
3557 2131 3714 2195 potest
3739 2121 3783 2174 in

529 2245 794 2311 etJesus,
824 2250 882 2298 et
908 2239 1163 2310 discipuli
1188 2237 1337 2308 ejus,
1371 2235 1439 2291 ad
1467 2234 1704 2305 nuptias.
1751 2233 1819 2287 Et
1842 2231 2130 2288 deficiente
2232 2241 2480 2287 ventrem
2511 2226 2700 2283 matris
2743 2240 2857 2281 suae
2900 2224 3098 2280 iterato
3155 2219 3422 2287 introire,
3470 2226 3523 2274 et
3565 2213 3783 2272 renasci?

526 2339 682 2405 vino,
705 2335 839 2391 dicit
867 2342 1039 2389 mater
1054 2306 1194 2387 'Jesu
1221 2306 1288 2384 ad
1318 2343 1441 2385 eum
1467 2343 1482 2384 :
1513 2326 1712 2382 Vinum
1744 2341 1854 2381 non
1886 2323 2126 2378 habent:
2234 2320 2534 2392 Respondit
2569 2318 2766 2374 Iesus:
2803 2317 3008 2383 Amen,
3045 2329 3204 2370 amen
3235 2312 3360 2368 dico
3389 2310 3522 2378 tibi,
3570 2307 3661 2364 nisi
3685 2306 3786 2376 quis

537 2433 612 2488 Et
661 2431 792 2487 dicit
819 2429 869 2485 ei
910 2427 1104 2484 Jesus:
1136 2423 1275 2492 Quid
1307 2422 1465 2490 mihi,
1516 2431 1571 2478 et
1622 2419 1717 2476 tibi
1759 2428 1863 2487 est,
1892 2416 2130 2473 mulier?
2233 2426 2456 2476 renatus
2485 2414 2646 2470 fuerit
2676 2427 2742 2469 ex
2773 2425 2913 2483 aqua
2942 2419 2996 2467 et
3016 2407 3222 2478 Spiritu
3253 2415 3467 2473 sancto,
3500 2419 3599 2460 non
3639 2406 3789 2472 potest

533 2525 777 2582 nondum
841 2521 991 2578 venit
1049 2519 1180 2574 hora
1245 2532 1385 2573 mea.
1443 2514 1584 2570 Dicit
1642 2524 1816 2569 mater
1860 2511 1977 2582 ejus
2035 2509 2134 2564 mi-
2236 2512 2462 2569 introire
2505 2511 2557 2564 in
2599 2521 2825 2580 regnum
2871 2504 2986 2561 Dei.
3038 2502 3192 2571 Quod
3217 2513 3403 2558 natum
3431 2507 3513 2557 est
3545 2513 3607 2555 ex
3631 2508 3786 2562 carne,

531 2619 724 2676 nistris
751 2635 764 2671 :
815 2614 1207 2684 Quodcumque
1252 2611 1454 2667 dixerit
1503 2607 1680 2674 vobis,
1736 2607 1915 2663 facile.
1965 2604 2134 2659 Erant
2236 2621 2364 2663 caro
2392 2612 2514 2660 est:
2543 2610 2598 2658 et
2625 2599 2768 2673 quod
2798 2607 2982 2654 natum
3015 2605 3186 2653 estex
3217 2595 3438 2666 spiritu,
3474 2593 3681 2664 spiritus
3703 2596 3788 2644 est.

532 2724 716 2770 autem
761 2709 832 2766 ibi
864 2709 1089 2780 lapideae
1131 2705 1342 2779 hydriae
1370 2720 1465 2761 sex
1489 2705 1680 2775 positae
1707 2702 2004 2760 secundum
2038 2716 2134 2771 pu-
2237 2698 2354 2754 Non
2377 2696 2594 2754 mireris
2622 2695 2748 2767 quia
2769 2693 2884 2749 dixi
2909 2692 3004 2749 tibi
3031 2710 3042 2745 :
3074 2699 3293 2762 oportet
3320 2705 3418 2747 vos
3447 2687 3586 2743 nasci
3620 2684 3788 2741 denuo.

531 2807 898 2864 rilicationem
941 2801 1277 2868 Judmorum,
1314 2798 1591 2870 capientes
1620 2798 1848 2868 singulae
1879 2804 2136 2852 metretas
2237 2792 2466 2865 Spiritus
2495 2791 2585 2847 ubi
2625 2789 2745 2846 vult
2790 2789 2980 2859 spirat,
3035 2795 3091 2843 et
3137 2800 3330 2841 vocem
3363 2783 3479 2855 ejus
3521 2779 3682 2844 audis,
3711 2774 3789 2833 sed

533 2900 689 2956 binas
717 2896 805 2952 vel
836 2904 1038 2952 ternas.
1093 2893 1234 2948 Dicit
1281 2891 1361 2947 eis
1407 2890 1598 2946 Jesus:
1646 2889 1872 2960 lmplete
1918 2887 2137 2959 hydrias
2237 2886 2267 2925 δ
2298 2885 2477 2941 nescis
2509 2883 2652 2938 unde
2681 2882 2889 2947 veniat,
2914 2887 3007 2935 aut
3035 2893 3144 2950 quo
3174 2878 3338 2934 vadat
3366 2895 3378 2930 :
3411 2875 3490 2931 sic
3525 2881 3605 2931 est
3627 2869 3794 2935 omnis,

534 3005 698 3062 aqua.
746 2989 814 3044 Et
866 2987 1234 3058 impleverunt
1282 2996 1376 3039 eas
1423 2997 1592 3053 usque
1638 2981 1706 3037 ad
1745 2996 2040 3037 summum.
2071 2982 2139 3037 Et
2239 2979 2329 3050 qui
2363 2987 2521 3033 natus
2551 2985 2634 3032 est
2663 2991 2731 3031 ex
2759 2974 2980 3046 spiritu.
3050 2972 3358 3043 Respondit
3394 2968 3729 3029 Nicodemus,
3753 2969 3797 3018 et

542 3053 674 3138 dicit
699 3082 780 3138 eis
809 3053 1001 3136 Jesus:
1031 3077 1258 3132 llaurite
1288 3091 1454 3142 nunc,
1484 3084 1534 3131 et
1581 3074 1717 3131 ferte
1745 3073 2135 3129 architriclino.
2241 3070 2379 3127 dixit
2419 3071 2511 3126 ei:
2564 3068 2850 3139 Quomodo
2884 3075 3112 3138 possunt
3163 3065 3284 3122 haec
3333 3062 3493 3121 fieri?
3535 3053 3800 3129 Respondit

534 3175 604 3231 Et
631 3175 893 3230 tulerunt.
923 3170 990 3227 Ut
1013 3182 1195 3224 autem
1227 3169 1464 3239 gustavit
1490 3165 1900 3222 architriclinus
1939 3181 2137 3237 aquam
2242 3164 2426 3235 Jesus,
2461 3173 2516 3220 et
2540 3163 2680 3219 dixit
2707 3164 2797 3218 ei:
2830 3161 2912 3217 Tu
2941 3175 3001 3216 es
3040 3159 3302 3231 magister
3333 3159 3386 3214 in
3417 3154 3606 3219 Israel,
3629 3161 3678 3208 et
3702 3150 3800 3204 haec

535 3269 722 3323 vinum
753 3266 970 3329 factam,
1014 3271 1070 3318 et
1115 3277 1225 3316 non
1275 3260 1480 3315 sciebat
1525 3257 1674 3313 unde
1703 3267 1871 3323 esset;
1906 3258 2136 3314 ministri
2165 3240 2212 3306 C
2245 3257 2504 3330 ignoras?
2544 3255 2740 3323 Amen,
2772 3269 2930 3310 amen
2958 3253 3081 3309 dico
3112 3251 3232 3317 tibi,
3280 3250 3405 3322 quia
3436 3245 3574 3321 quod
3603 3244 3798 3308 scimus,

535 3373 717 3418 autem
749 3359 1013 3426 sciebant,
1040 3355 1132 3428 qui
1162 3355 1454 3410 hauserant
1501 3367 1698 3422 aquam
1723 3371 1734 3406 :
1777 3361 1938 3407 vocat
1978 3367 2139 3422 spon-
2243 3352 2537 3422 loquimur,
2563 3358 2617 3405 et
2638 3347 2784 3420 quod
2806 3347 3041 3403 vidimus
3070 3353 3356 3409 testamur,
3385 3352 3441 3399 et
3470 3333 3800 3395 testimonium

537 3472 659 3514 sum
689 3453 1110 3518 architriclinus,
1139 3458 1195 3505 et
1220 3448 1353 3505 dicit
1378 3446 1428 3504 ei
1455 3465 1468 3501 :
1497 3447 1688 3503 Omnis
1717 3445 1879 3500 homo
1905 3446 2139 3516 primum
2244 3455 2490 3501 nostrum
2515 3457 2624 3498 non
2658 3438 2930 3510 accipitis.
2959 3438 3014 3494 Si
3049 3448 3268 3493 terrena
3297 3434 3409 3491 dixi
3440 3430 3606 3499 vobis,
3635 3436 3688 3485 et
3711 3437 3801 3481 nou

541 3551 744 3606 bonum
776 3547 964 3601 vinum
999 3544 1190 3615 ponit:
1238 3549 1293 3598 et
1323 3555 1445 3596 cum
1475 3538 1725 3595 inebriati
1755 3537 1977 3607 fuerint,
2014 3546 2143 3593 tunc
2243 3539 2466 3596 creditis
2492 3554 2506 3591 :
2536 3534 2836 3606 quomodo,
2869 3533 2913 3588 si
2945 3531 3137 3586 dixero
3168 3527 3327 3584 vobis
3357 3524 3615 3590 calestia,
3643 3517 3804 3576 crede-

538 3641 614 3707 id,
644 3638 787 3710 quod
816 3613 1057 3693 deterius
1087 3641 1203 3689 est:
1257 3641 1313 3687 tu
1345 3640 1526 3686 autem
1568 3630 1795 3685 servasti
1832 3630 2030 3684 bonum
2065 3629 2140 3684 vi-
2246 3631 2359 3686 tis?
2391 3631 2458 3685 Et
2487 3643 2646 3684 nemo
2679 3622 2926 3682 ascendit
2973 3623 3024 3677 in
3074 3621 3298 3690 emtum,
3327 3619 3433 3675 nisi
3473 3615 3563 3688 qui
3604 3613 3804 3669 descen-

540 3747 674 3790 num
703 3745 876 3801 usque
902 3728 1099 3784 adhuc.
1133 3725 1245 3781 Hoc
1274 3723 1407 3781 fecit
1436 3724 1648 3779 initium
1680 3725 1956 3793 signorum
1984 3723 2141 3780 Jesus
2243 3722 2411 3779 ditde
2427 3721 2589 3790 C(BIO,
2616 3719 2786 3775 Filius
2810 3716 3066 3781 hominis,
3094 3715 3184 3786 qui
3216 3723 3304 3770 est
3334 3712 3388 3769 in
3421 3710 3576 3767 ctelo.
3602 3705 3666 3762 Et
3690 3703 3806 3759 sicut

539 3829 598 3885 in
625 3826 771 3882 Cana
798 3822 1072 3878 Galilaeae:
1105 3827 1161 3875 et
1209 3817 1572 3873 manifestavit
1612 3816 1841 3887 gloriam
1884 3832 2060 3881 suam,
2087 3825 2144 3872 et
2245 3817 2464 3888 Moyses
2492 3813 2752 3871 exaltavit
2776 3820 3091 3882 serpentem
3137 3809 3190 3864 in
3223 3807 3444 3864 deserto
3471 3822 3484 3859 :
3517 3803 3585 3858 ita
3610 3793 3806 3856 exaltari

539 3917 888 3978 crediderunt
919 3915 972 3970 in
998 3927 1123 3970 eum
1144 3909 1396 3980 discipuli
1424 3909 1563 3980 ejus.
1597 3907 1741 3981 lxxx,
1775 3907 1854 3981 7.]
1883 3909 2011 3965 Post
2041 3908 2143 3964 hoc
2244 3919 2459 3982 oportet
2489 3908 2687 3966 Filium
2715 3906 2988 3972 hominis;
3036 3913 3096 3959 ut
3124 3903 3331 3970 omnis,
3363 3901 3454 3971 qui
3479 3895 3646 3954 credit
3670 3894 3716 3948 in
3741 3890 3809 3960 ip-

539 4007 827 4068 descendit
847 4005 1227 4077 Capharnaum
1257 4002 1392 4072 ipse,
1419 4010 1472 4057 et
1503 4010 1675 4056 mater
1698 4001 1833 4072 ejus,
1862 4010 1916 4056 et
1944 4000 2144 4057 fratres
2245 4021 2364 4063 sum
2387 4051 2400 4077 ,
2431 4020 2541 4062 non
2578 4011 2796 4074 pereat,
2829 4000 2926 4058 sed
2981 3999 3180 4057 habeat
3219 3998 3394 4052 vitam
3445 4003 3708 4050 astet-nam.
3731 3984 3809 4041 Sic

540 4103 686 4174 ejus,
719 4109 773 4157 et
798 4096 1050 4167 discipuli
1076 4095 1192 4166 ejus
1220 4111 1233 4147 :
1283 4103 1337 4148 et
1362 4093 1434 4148 ibi
1461 4103 1778 4149 manserunt
1817 4110 1925 4148 non
1957 4095 2144 4151 multis
2247 4102 2390 4157 enim
2423 4100 2567 4156 Deus
2592 4097 2786 4154 dilexit
2826 4093 3113 4160 mundum,
3147 4100 3205 4147 ut
3231 4091 3432 4148 Filium
3463 4102 3611 4144 suum
3639 4079 3807 4149 unige-

539 4194 756 4252 diebus.
787 4189 916 4263 lxx,
951 4187 1028 4259 1.]
1061 4187 1129 4242 Et
1152 4201 1319 4257 prope
1348 4196 1467 4242 erat
1497 4186 1702 4242 Pascha
1730 4185 2062 4252 Judworum,
2089 4197 2144 4242 et
2247 4195 2420 4250 uirum
2467 4193 2662 4249 daret:
2705 4199 2765 4246 ul.
2812 4188 3022 4253 omnis,
3069 4185 3161 4257 qui
3209 4184 3385 4242 credit
3440 4181 3494 4236 in
3521 4194 3668 4240 eum,
3717 4184 3809 4227 non

540 4283 789 4341 ascendit
811 4281 968 4336 Jesus
1005 4277 1443 4350 Jerosolymam:
1493 4277 1628 4350 [xxt,
1663 4276 1740 4349 1,]
1765 4287 1818 4334 et
1856 4279 2060 4333 invenit
2090 4280 2134 4335 in

2246 4293 2460 4359 pereat,
2490 4283 2586 4340 sed
2626 4282 2822 4338 habeat
2861 4280 3023 4335 vitam
3051 4289 3338 4334 aeternam.
3372 4274 3487 4330 Non
3521 4271 3657 4328 enim
3687 4263 3810 4322 misit

541 4377 748 4447 templo
783 4372 1081 4429 vendentes
1126 4370 1316 4437 boves,
1359 4379 1415 4426 et
1441 4384 1600 4437 oves,
1648 4380 1704 4427 et
1747 4372 2048 4441 columbas,
2090 4384 2146 4431 et
2247 4358 2391 4434 Deus
2420 4375 2616 4431 Filium
2645 4389 2804 4430 suum
2831 4372 2887 4428 in
2913 4370 3194 4435 mundum,
3225 4377 3285 4424 ut
3313 4366 3522 4438 judicet
3557 4358 3808 4418 mundum,

541 4468 879 4529 numularios
904 4463 1180 4522 sedentes.
1206 4463 1417 4518 Etcum
1442 4462 1666 4521 fecisset
1697 4466 1846 4535 quasi
1873 4465 2142 4536 ﬂagellum
2245 4471 2343 4528 sed
2395 4479 2450 4525 ιιι
2495 4469 2740 4525 salvetur
2788 4464 3018 4521 mundus
3063 4479 3160 4533 per
3209 4461 3410 4531 ipsum.
3452 4456 3550 4526 Qui
3580 4451 3742 4510 credit
3769 4448 3812 4501 in

541 4563 613 4620 de
638 4559 910 4628 funiculis,
942 4571 1134 4614 omnes
1161 4555 1320 4627 ejecit
1349 4555 1417 4612 de
1463 4556 1690 4627 templo,
1737 4573 1866 4614 oves
1891 4574 2135 4631 quoque,

2247 4579 2396 4631 cum,
2424 4579 2531 4618 non
2558 4560 2871 4633 judicatur:
2915 4557 3008 4630 qui
3040 4565 3220 4613 autem
3250 4569 3358 4610 non
3400 4550 3589 4612 credit.
3617 4547 3718 4619 jam
3741 4541 3812 4611 ill-

541 4664 601 4714 et
641 4655 839 4722 boves,
878 4662 936 4710 et
981 4651 1407 4708 uumulariorum
1453 4649 1643 4707 effudit
1686 4667 1780 4721 ars,
1825 4662 1882 4710 et
1926 4668 2141 4711 mensas
2166 4639 2224 4703 Ῐ)
2247 4658 2459 4714 dicatus
2485 4666 2598 4713 est:
2627 4655 2752 4727 quia
2780 4669 2888 4710 non
2912 4651 3086 4708 credit
3108 4651 3161 4706 in
3184 4648 3407 4705 nomine
3433 4639 3684 4714 unigeniti
3708 4632 3814 4692 Filii

541 4748 832 4808 subvertit.
877 4747 944 4800 Et
992 4744 1101 4812 his,
1151 4745 1243 4816 qui
1295 4743 1575 4800 columbas
1605 4745 1930 4816 vendebant,
1964 4747 2136 4803 dixit:
2250 4751 2368 4807 Dei.
2427 4750 2542 4806 Hoc
2587 4725 2671 4807 est
2716 4755 2896 4803 autem
2950 4743 3250 4816 judicium:
3282 4741 3412 4811 quia
3467 4738 3558 4793 lux
3595 4731 3731 4788 venit
3767 4725 3812 4782 in

540 4841 765 4899 Auferte
796 4839 897 4896 ista
945 4836 1108 4902 hinc,
1149 4845 1207 4891 et
1257 4836 1425 4892 nolite
1471 4835 1650 4893 facere
1697 4837 1918 4895 domum
1964 4839 2142 4897 Patris
2250 4844 2546 4912 mundum,
2590 4851 2646 4897 et
2687 4841 2996 4897 dilexerunt
3052 4835 3298 4891 homines
3346 4831 3516 4902 magis
3559 4824 3812 4886 tenebras,

542 4935 673 5002 mei,
704 4933 926 4990 domum
949 4928 1352 5002 negotiationis.
1378 4930 1533 5002 [xxtt,
1563 4931 1678 5002 10.]
1708 4933 1994 4990 Recordati
2017 4946 2144 4992 sunt
2248 4955 2408 5011 quam
2440 4911 2614 4994 lucem
2644 4955 2656 4990 :
2691 4944 2847 4992 erant
2876 4933 3020 4990 enim
3052 4945 3241 5005 eor_um
3271 4926 3413 4983 mala
3441 4937 3624 4992 Opera.
3652 4911 3816 4974 Omnis

541 5042 675 5084 vero
700 5023 954 5095 discipuli
995 5023 1112 5092 ejus
1142 5025 1267 5093 quia
1299 5023 1558 5094 scriptum
1591 5037 1712 5081 est:
1746 5027 1910 5083 Zelus
1951 5029 2143 5088 domus
2250 5002 2392 5091 enim
2442 5032 2536 5104 qui
2569 5042 2591 5070 ο
2625 5029 2765 5085 male
2795 5028 2932 5098 agit,
2961 5023 3076 5081 odit
3117 5002 3292 5078 lucem
3346 5027 3404 5075 et
3437 5033 3545 5073 non
3585 5009 3722 5068 venit
3758 5002 3815 5059 ad

542 5128 653 5176 tuae
679 5117 918 5175 comedit
941 5130 1050 5172 me.
1083 5115 1261 5189 [xxm,
1307 5116 1390 5188 4.]
1433 5115 1850 5188 Responderunt
1878 5136 2008 5194 ergo
2051 5125 2146 5181 Jn-
2251 5096 2538 5191 lucem,'ut
2568 5137 2676 5179 non
2701 5096 2996 5192 arguantur
3017 5130 3181 5187 opera
3202 5115 3360 5185 ejus:
3396 5109 3490 5184 qui
3514 5117 3682 5163 autem
3710 5096 3818 5155 facit

541 5212 671 5280 (ιωῖυ
711 5219 766 5268 et
809 5209 1063 5266 ἀίκετιιηῑ
1110 5209 1198 5263 ei:
1254 5207 1409 5275 Quod
1459 5210 1671 5280 signum
1703 5215 1944 5271 ostendis
1986 5218 2144 5274 nobis
2252 5221 2572 5287 veritatem,
2619 5215 2768 5272 venit
2807 5214 2874 5269 ad
2902 5213 3099 5278 lucem,
3145 5218 3203 5265 ut
3233 5205 3647 5264 manifestentur
3675 5203 3817 5264 opera

542 5306 668 5377 quia
697 5303 816 5360 haec
837 5301 1013 5358 facis?
1037 5302 1208 5374 μιαν,
1239 5300 1354 5371 10.]
1384 5301 1683 5373 Respondit
1709 5307 1887 5376 Jesus,
1922 5317 1977 5366 et
2005 5311 2145 5367 dixit
2251 5312 2390 5382 ejus,
2416 5311 2539 5382 quia
2561 5286 2626 5363 in
2660 5308 2770 5362 Deo
2800 5312 2927 5360 sunt
2964 5302 3126 5359 facta.
3159 5299 3290 5356 Post
3318 5298 3439 5352 haec
3479 5291 3621 5349 venit
3649 5286 3814 5343 Iesus.

542 5400 658 5455 eis:
695 5397 903 5454 Solvite
947 5399 1204 5466 templum
1252 5395 1374 5465 hoc,
1409 5407 1463 5452 et
1494 5398 1545 5452 in
1576 5399 1746 5455 tribus
1781 5402 1971 5460 diebus
1996 5409 2136 5463 exci-

2249 5380 2304 5464 eit
2335 5380 2581 5475 discipuli
2613 5402 2756 5473 ejus,
2799 5400 2854 5454 in
2886 5406 3086 5452 terram
3110 5393 3351 5449 Judaaam
3378 5406 3392 5443 :
3425 5397 3481 5444 et
3521 5385 3626 5440 illic
3653 5380 3817 5435 demo-

543 5491 674 5548 tabo
709 5491 865 5546 illud.
900 5490 1162 5546 Dixerunt
1185 5505 1316 5562 ergo
1337 5491 1547 5548 Judaei:
1581 5493 1948 5568 Quadraginta
1971 5509 2024 5556 et
2047 5516 2142 5558 sex
2250 5501 2474 5556 rabatur
2500 5512 2622 5553 cum
2651 5496 2752 5560 eis,
2774 5501 2828 5548 et
2856 5487 3179 5560 baptizabat.
3213 5486 3363 5558 lxxv,
3394 5479 3475 5552 5.]
3506 5479 3630 5533 Erat
3657 5479 3814 5568 autent

539 5583 700 5641 annis
746 5582 1071 5639 aaditicatum
1119 5591 1204 5638 est
1254 5585 1514 5655 templum
1546 5585 1668 5657 hoc,
1717 5600 1770 5644 et
1804 5599 1860 5646 tu
1889 5593 1942 5648 in
1973 5594 2143 5652 tribus
2252 5606 2306 5652 et
2328 5595 2565 5650 Joannes
2596 5588 2878 5660 baptizans
2925 5585 2977 5640 in
3009 5587 3260 5650 Aennon,
3286 5577 3442 5648 juxta
3485 5561 3816 5633 Salim:quia

613 5719 847 5810 Ἥοειτί
871 5723 1615 5810 evandrius),renatas.
1653 5725 1894 5810 ριῖεεξίυε
1934 5728 2130 5787 Greco
2309 5731 2336 5771 ι)
2378 5729 2540 5810 litem
2569 5734 2795 5795 mss-’6‘
2822 5738 2927 5778 ηοη
2950 5720 3050 5810 ξσίε
3079 5715 3214 5806 tende
3241 5713 3446 5810 ξἐηίατν.
3469 5720 3516 5765 ⁸⁸
3540 5697 3815 5810 ηκουὶζίέῗξρξ

539 5794 714 5850 textui
749 5792 977 5874 Wipse.
997 5788 1090 5848 Sic
1119 5771 1264 5847 moxr
1284 5771 1617 5852 iidemvvvlibri
1646 5771 2129 5872 titiiair'E‘afda‘ZE’i:

2313 5815 2334 5843 ε
3086 5771 3304 5874 Ῠὸνφαῦλςι
3344 5771 3624 5874 «paruerint,
3655 5771 3815 5829 nostri

501 5967 504 5970 .
539 5881 642 5940 pro
670 5857 890 5922 mima;
928 5857 937 5864 -
1910 5933 1930 5941 ..
2014 5857 2019 5858 ί
2091 5857 2124 5872 θ’
2233 5857 2591 5942 etiammss.,
2630 5870 2720 5943 qui
2739 5857 3019 5939 mulcebit,
3051 5857 3334 5935 pro'malo,
3362 5857 3472 5912 etc.
