4036 6326
317 370 426 429 657

1357 378 1808 437 EVANGELIUM
1847 380 2216 440 SECUNDUM
2255 384 2593 444 JOANNEM.

3516 393 3622 452 658

316 503 475 563 aquae
503 490 694 549 multa:
717 499 875 549 erant
912 492 1056 561 illic,
1087 501 1142 549 et
1171 502 1199 531 ει
1226 495 1541 564 veniebam,
1588 507 1641 553 et
1680 496 1921 568 baptiza-
1948 497 2002 558 Α
2028 507 2085 553 ut
2116 514 2220 554 non
2265 501 2445 556 sitiam
2476 546 2488 568 ,
2521 518 2701 574 neque
2726 505 2938 560 veniam
2988 506 3095 562 huc
3129 507 3368 565 haurire.
3401 509 3544 566 Dicit
3571 511 3621 565 ei

318 586 540 640 bantur.
574 588 750 659 [xxvt,
779 584 860 656 1.]
888 586 1137 642 Nondum
1160 587 1305 642 enim
1324 588 1525 644 missus
1555 588 1729 646 fuerat
1755 588 1919 644 Joan-

314 692 415 733 nes
445 677 501 733 in
530 692 833 735 carcerem.
866 677 1061 749 [xxvrt,
1097 678 1211 751 10.]
1239 678 1403 736 Facta
1445 690 1530 737 est
1566 693 1746 736 autem
1772 696 1917 753 quae-

313 770 422 826 stio
443 786 512 826 ex
530 770 811 842 discipulis
827 771 1053 827 Joannis
1069 787 1191 828 cum
1217 772 1419 829 Ιυάιίιὶε
1434 774 1500 829 de
1520 775 1913 843 purificatione.

312 865 380 921 Et
406 875 682 922 venerunt
708 867 775 921 ad
806 866 1093 937 Joannem,
1128 877 1183 922 et
1211 866 1469 923 dixerunt
1496 869 1574 923 ei:
1604 868 1793 935 Rabbi,
1823 868 1914 937 qui

310 969 427 1016 erat
449 968 636 1016 tecum
670 969 821 1015 trans
844 960 1160 1025 Jordanem,
1188 960 1276 1015 cui
1313 969 1367 1014 tu
1398 961 1764 1015 testimonium
1791 974 1912 1029 per-

309 1049 575 1120 hibuisti,
608 1066 738 1108 ecce
774 1052 862 1108 hic
912 1052 1179 1123 haptizat,
1229 1060 1285 1108 et
1331 1068 1523 1107 omnes
1570 1052 1795 1107 veniunt
1845 1050 1912 1106 ad

308 1160 458 1202 eum.
490 1144 795 1217 Respondit
823 1145 1083 1214 Joannes,
1116 1154 1172 1202 et
1199 1147 1365 1202 dixit:
1392 1147 1506 1201 Non
1533 1155 1715 1216 potest
1748 1146 1913 1199 homo

304 1238 565 1307 accipere
611 1236 935 1309 quidquam,
989 1237 1091 1293 nisi
1145 1236 1308 1292 fuerit
1348 1238 1397 1292 ei
1426 1237 1609 1291 datum
1651 1236 1719 1290 de
1746 1236 1901 1293 coelo.

305 1332 522 1404 [xxvm,
557 1330 634 1402 1.]
679 1330 784 1401 lpsi
831 1346 928 1386 vos
978 1330 1110 1386 mibi
1159 1331 1526 1386 testimonium
1577 1328 1907 1400 perhibetis,

303 1423 455 1496 quod
503 1423 776 1480 dixerim:
833 1424 948 1479 Non
998 1438 1121 1479 sum
1176 1437 1277 1494 ego
1307 1422 1596 1477 Christus:
1654 1421 1747 1475 sed
1781 1420 1906 1490 quia

302 1517 510 1573 missus
539 1530 661 1572 sum
682 1524 808 1572 ante
839 1516 1010 1571 illum.
1043 1514 1218 1589 [xxtx,
1260 1512 1372 1585 10.]
1404 1516 1515 1584 Qui
1552 1515 1717 1569 habet
1740 1529 1906 1584 spon-

299 1624 445 1679 sam,
474 1622 711 1681 sponsus
749 1618 872 1665 est:
920 1609 1131 1665 amicus
1174 1620 1353 1664 autem
1384 1608 1600 1679 sponsi,
1637 1608 1730 1677 qui
1760 1616 1903 1671 stat,

298 1715 359 1762 et
389 1705 544 1761 audit
570 1722 720 1775 eum,
750 1705 948 1777 gaudio
976 1706 1175 1777 gaudet
1227 1716 1448 1776 propter
1474 1720 1660 1760 vocem
1692 1703 1900 1775 sponsi.

298 1800 418 1856 Hoc
446 1816 581 1873 ergo
605 1801 861 1872 gaudium
891 1817 1071 1857 meum
1115 1800 1396 1871 impletum
1427 1810 1529 1857 est.
1562 1800 1713 1853 Illum
1742 1813 1901 1869 opor-

2024 590 2182 647 Jesus
2221 609 2234 647 :
2267 592 2415 649 Vade
2440 636 2454 660 ,
2490 610 2621 651 voca
2650 597 2825 651 virum
2867 607 3014 653 tuttm
3037 642 3051 667 ,
3094 611 3149 655 et
3180 603 3299 656 veni
3338 602 3463 657 huc.
3514 602 3623 658 Re—

2023 686 2241 755 Spondit
2270 688 2488 753 mulier,
2520 700 2576 745 et
2600 690 2742 744 dixit
2773 708 2785 744 :
2818 690 2933 746 Non
2970 691 3146 748 habeo
3170 695 3367 749 virum.
3397 694 3537 749 Dicit
3566 696 3621 751 ei

2019 778 2180 834 Jesus
2209 798 2223 835 :
2257 782 2400 837 Bene
2430 783 2611 838 dixisti
2640 802 2651 836 :
2693 786 2819 855 quia
2854 802 2959 841 non
2987 787 3161 844 habeo
3191 789 3368 844 virum
3407 807 3419 842 :
3451 789 3612 860 quin-

2020 885 2126 940 que
2152 874 2294 927 enim
2326 874 2474 929 viros
2506 875 2775 941 habuisti;
2804 886 2858 932 et
2891 895 3031 934 nunc
3058 895 3219 951 quem
3250 880 3418 937 habes
3448 925 3462 948 ,
3506 896 3617 937 non

2020 973 2104 1020 est
2128 976 2247 1019 tuus
2279 966 2365 1021 vir
2395 985 2408 1022 :
2440 967 2542 1021 hoc
2570 983 2698 1024 vere
2730 969 2935 1026 dixisti.
2983 972 3121 1027 Dicit
3157 973 3205 1028 ei
3236 975 3432 1030 mulier
3465 992 3478 1027 :
3511 975 3620 1030 Do-

2019 1060 2164 1115 mine
2186 1105 2199 1130 ,
2230 1061 2391 1117 video
2422 1063 2545 1130 quia
2581 1064 2842 1133 propheta
2893 1081 2952 1121 es
2999 1074 3077 1121 tu.
3112 1068 3301 1123 Patres
3342 1069 3517 1125 nostri
3561 1068 3617 1124 in

2024 1164 2210 1210 monte
2245 1154 2351 1212 hoe
2379 1156 2771 1222 adoraverunt,
2807 1170 2861 1215 et
2886 1176 2980 1216 vos
3007 1161 3183 1217 dicitis
3205 1206 3219 1228 ,
3246 1164 3369 1233 quia
3397 1163 3619 1219 Jeroso-

2017 1248 2178 1321 lymis
2206 1260 2289 1305 est
2321 1251 2492 1316 locus,
2528 1253 2617 1307 ubi
2642 1254 2873 1310 adorare
2901 1264 3133 1325 oportet.
3157 1256 3301 1312 Dicit
3328 1259 3377 1312 ei
3410 1257 3569 1314 Jesus
3597 1276 3612 1314 :

2016 1340 2228 1410 Mulier,
2264 1343 2428 1399 crede
2455 1344 2583 1399 mihi
2614 1346 2739 1415 quia
2764 1346 2790 1385 ι)
2823 1348 2970 1402 venit
2996 1348 3148 1413 hora,
3191 1349 3408 1419 quando
3438 1365 3615 1421 neque

2014 1432 2068 1488 in
2096 1444 2280 1491 monte
2312 1436 2416 1493 hoc
2439 1482 2453 1504 ,
2504 1454 2677 1509 neque
2702 1440 2753 1495 in
2787 1439 3141 1513 Jerosolymis
3182 1443 3478 1499 adorabitis
3516 1442 3615 1499 Pa«

2015 1535 2174 1582 trem.
2219 1528 2325 1583 Vos
2370 1529 2613 1585 adoratis
2662 1532 2808 1602 quod
2860 1535 3081 1589 nescitis
3129 1553 3140 1587 :
3177 1550 3276 1590 nos
3322 1536 3611 1593 adoramus

2012 1619 2152 1689 quod
2199 1621 2401 1675 scimus
2429 1664 2443 1687 ,
2476 1623 2597 1693 quia
2629 1625 2777 1678 salus
2821 1640 2887 1681 ex
2930 1626 3133 1683 Judaeis
3180 1636 3281 1682 est.
3317 1628 3422 1685 Sed
3463 1630 3614 1686 venit

2010 1709 2171 1780 hora,
2214 1722 2269 1768 et
2295 1730 2436 1769 nunc
2468 1726 2551 1771 est
2579 1758 2593 1782 ,
2642 1718 2859 1787 quando
2885 1720 2997 1774 veri
3042 1720 3365 1777 adoratorcs
3414 1724 3609 1777 adora-

2012 1808 2149 1865 bunt
2197 1808 2412 1863 Patrem
2456 1809 2509 1863 in
2555 1810 2749 1880 Spiritu
2791 1821 2846 1866 et
2877 1813 3127 1868 veritate.
3157 1814 3291 1868 Nam
3346 1824 3401 1869 et
3447 1816 3613 1872 Pater

297 1905 377 1951 tet
402 1909 678 1963 crescere,
711 1910 799 1951 me
826 1902 1007 1950 autem
1035 1896 1227 1949 minui.
1262 1894 1364 1961 Qui
1408 1894 1692 1948 desursum
1733 1892 1900 1959 venit,

2014 1902 2152 1957 tales
2180 1902 2412 1972 qumrit,
2445 1903 2533 1971 qui
2574 1901 2803 1957 adorent
2841 1918 2986 1957 eum.
3027 1904 3263 1976 Spiritus
3304 1919 3387 1960 est
3425 1907 3610 1964 Deus:

293 2004 463 2060 super
488 2004 683 2045 omnes
710 1996 815 2045 est.
842 1988 942 2057 Qui
971 1999 1055 2043 est
1085 1987 1153 2044 de
1183 2000 1322 2043 terra
1344 2028 1359 2055 ,
1392 1986 1459 2041 de
1511 1996 1652 2041 terra
1679 1994 1789 2049 est,
1838 1994 1893 2039 et

293 2081 367 2137 de
407 2091 553 2137 terra
597 2081 859 2152 loquitur.
891 2080 993 2149 Qui
1024 2080 1091 2135 de
1120 2080 1260 2135 caalo
1289 2081 1463 2146 venit,
1506 2093 1671 2149 super
1706 2090 1896 2131 omnes

294 2184 407 2231 est.
436 2175 504 2229 Et
527 2174 673 2245 quod
704 2174 861 2241 vidit,
894 2183 949 2228 et
978 2173 1208 2240 audivit,
1244 2174 1344 2228 hoc
1375 2181 1625 2237 testatur,
1657 2181 1711 2225 et
1743 2171 1893 2225 testi-

289 2267 537 2323 monium
564 2266 685 2337 ejus
729 2281 890 2322 nemo
937 2266 1153 2335 accipit.
1186 2265 1293 2333 Qui
1337 2266 1549 2333 accepit
1587 2264 1708 2332 ejus
1737 2262 1893 2317 testi-

295 2358 571 2427 monium,
606 2358 839 2429 signavit
867 2358 991 2427 quia
1036 2357 1178 2412 Deus
1210 2372 1376 2412 verax
1418 2365 1518 2411 est.
1550 2355 1721 2422 Quem
1750 2354 1895 2409 enim

292 2454 444 2509 misit
466 2453 635 2518 Deus,
664 2453 831 2509 verba
858 2452 956 2509 Dei
1004 2453 1243 2525 loquitur
1274 2471 1286 2506 :
1322 2442 1431 2508 non
1462 2454 1604 2509 enim
1636 2453 1703 2507 ad
1738 2468 1893 2508 men-

294 2560 479 2602 suram
505 2546 603 2603 dat
628 2546 773 2602 Deus
817 2548 1086 2616 spiritum.
1114 2544 1261 2618 μυ,
1292 2545 1779 2617 5.]],Pater;diligit
1807 2544 1896 2599 Fi-

292 2640 459 2695 lium:
496 2649 553 2696 et
583 2640 766 2694 omnia
794 2639 945 2695 dedit
966 2640 1018 2693 in
1050 2653 1210 2693 manu
1252 2637 1396 2707 ejus.
1439 2639 1611 2710 [XXX],
1648 2636 1760 2707 10.]
1792 2635 1896 2703 Qui

294 2732 472 2788 credit
503 2733 558 2788 in
593 2730 814 2800 Filium,
851 2731 1016 2787 habet
1042 2731 1207 2785 vitam
1239 2740 1501 2784 aeternam
1545 2747 1558 2785 :
1593 2730 1683 2798 qui
1714 2738 1895 2784 autem

296 2822 618 2879 incredulus
644 2831 730 2879 est
761 2821 922 2889 Filio,
973 2838 1082 2878 non
1120 2820 1325 2877 videbit
1352 2821 1542 2890 vitam,
1571 2820 1666 2876 sed
1693 2822 1769 2875 ira
1805 2819 1898 2876 Dei

291 2926 487 2973 manet
515 2932 683 2986 super
708 2932 852 2971 eum.

373 3010 540 3083 [Cap.
595 3008 726 3081 fV.]
780 3009 849 3067 Ut
896 3024 1032 3081 ergo
1072 3010 1331 3081 cognovit
1379 3011 1580 3077 Jesus,
1636 3009 1758 3080 quia
1806 3024 1903 3064 au-

292 3104 519 3160 dierunt
594 3102 845 3174 phariszei
925 3102 1069 3173 quod
1127 3102 1287 3158 Jesus
1355 3103 1539 3173 plures
1604 3102 1900 3171 discipulos

298 3196 470 3262 facit,
543 3204 604 3253 et
674 3196 950 3266 baptizat,
1008 3210 1168 3265 quam
1229 3196 1470 3250 Joannes
1532 3194 1901 3265 (quamquam

2007 2003 2062 2051 et
2087 2009 2205 2065 eos,
2229 1995 2317 2065 qui
2343 1994 2573 2049 adorant
2595 2009 2746 2063 cum,
2774 1996 2824 2049 in
2849 1994 3042 2065 spiritu
3067 2005 3124 2052 et
3145 1998 3370 2053 veritate
3393 2010 3614 2068 oportet

2005 2086 2258 2141 adorare.
2288 2086 2429 2141 Dicit
2469 2087 2519 2141 ei
2567 2088 2763 2142 mulier
2797 2107 2810 2141 :
2845 2089 2972 2144 Scio
3014 2092 3137 2160 quia
3188 2090 3411 2146 Messias
3456 2093 3614 2149 venit

1998 2180 2115 2253 (qui
2155 2180 2351 2235 dicitur
2378 2179 2670 2253 Christus).
2702 2180 2839 2236 Cum
2867 2198 2996 2253 ergo
3051 2185 3261 2240 venerit
3292 2185 3379 2241 ille
3406 2230 3419 2251 ,
3454 2188 3611 2243 nobis

2001 2274 2350 2331 annuntiahit
2390 2272 2595 2327 omnia.
2630 2273 2767 2328 Dicit
2806 2275 2857 2329 ei
2908 2276 3068 2331 Jesus
3116 2295 3129 2332 ε
3178 2278 3293 2347 Ego
3319 2293 3478 2347 sum,
3513 2280 3608 2350 qui

2000 2367 2194 2437 loquor
2223 2375 2421 2421 tecum.
2452 2365 2521 2419 Et
2550 2365 2809 2420 continuo
2839 2378 3113 2423 venerunt
3146 2369 3397 2438 discipuli
3442 2372 3561 2440 ejus
3586 2389 3601 2425 :

1998 2468 2054 2515 et
2084 2457 2425 2513 mirabantur
2449 2457 2574 2526 quia
2614 2472 2736 2513 eum
2780 2460 3011 2514 muliere
3052 2460 3400 2530 loquebatur.
3431 2463 3603 2519 Nemo

1999 2561 2183 2608 tamen
2206 2550 2341 2605 dixit
2369 2568 2382 2604 :
2410 2534 2793 2620 Quidlquteris,
2818 2562 2909 2606 aut
2936 2553 3062 2623 quid
3089 2554 3327 2624 loqueris
3352 2570 3471 2609 cum
3498 2557 3606 2611 ea!

1999 2645 2240 2716 Reliquit
2267 2659 2398 2714 ergo
2427 2643 2674 2717 hydriam
2710 2660 2861 2700 suam
2897 2646 3115 2711 mulier,
3149 2657 3203 2702 et
3232 2648 3361 2703 abiit
3391 2650 3442 2704 in
3472 2651 3607 2705 civi-

2002 2747 2204 2806 tatem,
2252 2746 2306 2793 et
2340 2736 2475 2793 dicit
2522 2737 2632 2792 illis
2675 2736 3023 2793 hominibus:
3058 2739 3248 2794 Venite
3276 2783 3290 2807 ,
3338 2751 3392 2796 et
3419 2742 3603 2798 videte

2003 2830 2277 2887 hominem
2306 2871 2320 2895 ,
2354 2829 2448 2899 qui
2491 2818 2632 2884 dixit
2670 2830 2803 2884 mihi
2846 2833 3027 2886 omnia
3060 2847 3416 2904 quaecumque
3444 2834 3549 2889 feci
3586 2852 3600 2889 :

2008 2923 2269 2994 numquid
2314 2926 2431 2994 ipse
2470 2933 2554 2979 est
2582 2921 2877 2979 Christus?
2921 2926 3181 2979 Exierunt
3210 2941 3339 2997 ergo
3371 2928 3438 2982 de
3469 2926 3604 2983 civi-

2006 3025 2155 3083 tate,
2198 3027 2252 3073 et
2282 3017 2575 3073 veniebant
2602 3019 2669 3073 ad
2717 3034 2860 3074 cum.
2913 3020 3122 3076 Interea
3166 3022 3432 3091 rogabant
3474 3035 3604 3079 eum

2007 3111 2283 3180 discipuli,
2308 3110 2550 3167 dicentes
2580 3130 2592 3166 :
2632 3111 2801 3167 Rabbi
2829 3154 2841 3176 ,
2869 3113 3158 3169 manduca.
3190 3114 3285 3169 Ille
3313 3124 3490 3170 autem
3524 3115 3607 3170 di-

2008 3202 2080 3259 cit
2107 3203 2186 3259 eis
2216 3221 2228 3256 :
2264 3204 2377 3274 Ego
2406 3202 2587 3259 cibum
2621 3202 2796 3258 habeo
2826 3204 3171 3268 manducare,
3200 3221 3358 3275 quem
3384 3221 3480 3261 vos
3508 3222 3605 3262 ne-

297 3289 459 3345 Jesus
485 3304 596 3345 non
627 3289 950 3359 baptizaret,
978 3288 1073 3343 sed
1104 3287 1359 3357 discipuli
1399 3288 1566 3359 ejus),
1597 3288 1791 3361 [xxxm
1822 3288 1902 3359 7-J
1930 3292 1975 3354 C
2009 3298 2177 3353 scitis.
2214 3297 2479 3353 Dicebant
2502 3311 2633 3367 ergo
2656 3296 2904 3367 discipuli
2930 3298 2995 3352 ad
3028 3299 3255 3353 invicem
3284 3317 3295 3351 :
3331 3297 3606 3369 Numquid

296 3381 522 3452 reliquit
578 3380 824 3437 Judaeam
855 3422 870 3448 ,
920 3390 977 3436 et
1032 3380 1167 3435 abiit
1239 3382 1436 3435 iterum
1488 3382 1544 3436 in
1596 3380 1899 3437 Galilaeam.

298 3474 527 3547 [xxxii],
587 3473 703 3545 10.]
754 3474 1054 3544 Oportebat
1106 3484 1288 3529 autem
1342 3490 1465 3530 eum
1515 3476 1746 3530 transire
1803 3490 1903 3546 per

295 3570 629 3626 Samariam.
668 3568 828 3624 Venit
857 3584 987 3640 ergo
1024 3569 1075 3624 in
1120 3570 1393 3625 civitatem
1446 3570 1742 3633 Samaria),
1781 3586 1901 3640 quas

296 3664 503 3718 dicitur
552 3661 770 3730 Siebar,
822 3663 971 3732 juxta
1023 3662 1307 3732 prmdium,
1351 3662 1495 3733 quod
1543 3661 1693 3716 dedit
1733 3660 1904 3718 Jacob

297 3758 509 3828 Joseph
542 3758 656 3814 tilio
700 3773 821 3815 suo.
874 3758 1004 3813 Erat
1034 3769 1213 3814 autem
1254 3759 1325 3813 ibi
1357 3757 1478 3813 fons
1518 3758 1704 3814 Jacob.
1745 3757 1904 3813 Jesus

296 3865 431 3922 ergo
457 3850 717 3920 fatigatus
742 3866 809 3907 ex
841 3852 1035 3907 itinere
1058 3894 1073 3916 ,
1103 3851 1330 3907 sedebat
1358 3851 1435 3906 sic
1466 3866 1627 3921 supra
1672 3850 1902 3906 fontem.

299 3944 453 3999 Hora
498 3953 619 4000 erat
667 3946 815 4014 quasi
867 3953 1041 4000 sexta.
1078 3944 1237 4002 Venit
1287 3946 1482 4000 mulier
1528 3944 1597 4000 de
1654 3943 1903 4000 Samaria

301 4037 529 4093 haurire
563 4052 781 4108 aquam.
814 4038 953 4093 Dicit
979 4039 1029 4093 ei
1056 4036 1214 4093 Jesus
1244 4056 1256 4092 :
1291 4037 1368 4092 Da
1395 4037 1523 4092 mihi
1551 4038 1761 4093 bibere.
1791 4038 1905 4107 (Di-

296 4131 496 4200 scipuli
540 4132 688 4187 enim
717 4132 835 4200 ejus
877 4132 1126 4188 abierant
1170 4132 1227 4187 in
1275 4132 1593 4199 civitatem,
1648 4142 1707 4186 ut
1752 4133 1906 4188 cibos

299 4226 626 4296 emerent.)
673 4226 813 4282 Dicit
850 4242 980 4297 ergo
1023 4229 1074 4283 ei
1121 4227 1318 4283 mulier
1366 4227 1457 4281 illa
1501 4227 1838 4282 Samaritana
1889 4243 1902 4280 :

300 4320 594 4388 Quomodo
626 4330 681 4374 tu
720 4318 941 4375 Judaeus
965 4335 1086 4374 cum
1120 4321 1196 4376 sis
1219 4362 1235 4387 ,
1268 4320 1457 4376 bibere
1492 4338 1519 4373 ιι
1551 4336 1640 4376 me
1684 4320 1863 4391 poscis
1889 4360 1907 4389 ,

300 4430 428 4487 qua:
474 4430 596 4470 sum
640 4416 840 4471 mulier
880 4414 1257 4471 Samaritana?
1288 4430 1397 4470 non
1428 4415 1574 4470 enim
1616 4425 1909 4470 coutuntur

302 4507 486 4563 Judaei
519 4507 902 4564 Samaritanis.
936 4507 1240 4577 Respondit
1266 4507 1462 4574 Jesus,
1490 4516 1543 4562 et
1564 4507 1698 4562 dixit
1725 4508 1773 4562 ei
1808 4526 1818 4560 :
1848 4507 1908 4563 Si

302 4601 483 4657 scires
504 4602 708 4656 donum
736 4600 853 4667 Dei,
878 4610 933 4656 et
958 4601 1079 4671 quis
1106 4609 1210 4667 est,
1237 4600 1326 4670 qui
1345 4600 1476 4655 dicit
1509 4600 1599 4655 tibi
1626 4616 1640 4653 :
1676 4600 1751 4655 Da
1775 4600 1907 4655 mihi

2009 3389 2203 3453 aliquis
2233 3390 2415 3444 attulit
2444 3391 2493 3444 ei
2524 3388 2898 3445 manducare?
2930 3390 3065 3446 Dicit
3096 3392 3175 3447 eis
3213 3391 3371 3447 Jesus
3402 3410 3415 3445 :
3452 3390 3605 3449 Meus

2007 3482 2162 3537 cibus
2186 3490 2300 3547 est,
2330 3491 2386 3536 ut
2414 3480 2612 3536 faciam
2642 3483 2979 3538 voluntatem
3002 3484 3148 3552 ejus,
3180 3486 3271 3555 qui
3303 3484 3448 3540 misit
3474 3501 3561 3541 me
3584 3527 3602 3552 ,

2008 3582 2069 3629 ut
2120 3573 2397 3643 perficiam
2440 3588 2577 3641 opus
2626 3574 2764 3642 ejus.
2819 3576 3008 3631 Nonne
3035 3591 3135 3631 vos
3182 3578 3402 3644 dicitis,
3457 3579 3600 3648 quod

2010 3666 2185 3722 adhuc
2209 3678 2440 3738 quatuor
2463 3682 2679 3723 menses
2717 3675 2843 3723 sunt
2873 3668 2980 3739 [ΑΙ.
3024 3670 3153 3739 sint]
3173 3712 3187 3737 ,
3214 3683 3267 3726 et
3295 3671 3488 3727 messis
3509 3687 3602 3727 ve-

2010 3760 2129 3816 nit?
2162 3761 2301 3815 Ecce
2326 3760 2449 3815 dico
2471 3760 2627 3815 vobis
2654 3778 2665 3814 :
2691 3760 2894 3816 Levate
2937 3763 3127 3817 oculos
3153 3772 3365 3818 vestros
3392 3804 3403 3827 ,
3432 3774 3486 3817 et
3516 3765 3603 3818 vi-

2008 3854 2132 3909 dete
2157 3854 2409 3923 regiones
2434 3895 2447 3917 ,
2487 3854 2613 3923 quia
2652 3853 2793 3907 albae
2833 3864 2962 3907 sunt
3006 3855 3115 3922 jam
3143 3855 3207 3907 ad
3240 3870 3492 3909 messem.
3538 3856 3606 3910 Et

2010 3947 2101 4017 qui
2133 3947 2311 4009 metit,
2348 3946 2664 4002 mercedem
2702 3945 2933 4016 accipit,
2966 3958 3020 4002 et
3048 3957 3341 4018 congregat
3371 3948 3606 4005 fructum

2012 4040 2066 4095 in
2099 4039 2260 4093 vitam
2288 4047 2549 4094 aeternam
2581 4057 2593 4093 :
2631 4046 2724 4104 ut,
2756 4050 2812 4093 et
2850 4040 2940 4109 qui
2974 4040 3231 4105 seminat,
3278 4040 3437 4095 simul
3470 4057 3605 4111 gau-

2011 4132 2159 4195 deat,
2187 4141 2244 4186 et
2272 4131 2362 4201 qui
2393 4132 2565 4187 metit.
2600 4131 2657 4187 ln
2688 4132 2792 4188 hoc
2828 4132 2971 4187 enim
3004 4143 3091 4189 est
3123 4134 3349 4190 verbum
3374 4150 3565 4189 verum
3594 4155 3609 4190 :

2013 4228 2138 4298 quia
2183 4225 2322 4282 alius
2350 4235 2434 4282 est
2463 4228 2553 4298 qui
2580 4227 2845 4291 seminat,
2896 4236 2955 4283 et
2984 4229 3123 4284 alius
3172 4238 3257 4285 est
3298 4230 3387 4300 qui
3432 4230 3612 4284 metit.

2014 4318 2131 4390 Ego
2165 4318 2286 4373 misi
2316 4334 2414 4374 vos
2444 4332 2651 4376 metere
2690 4321 2834 4392 quod
2858 4337 2953 4376 vos
3002 4338 3109 4376 non
3150 4322 3443 4378 laborastis
3474 4341 3486 4377 :
3523 4324 3615 4379 alii

2015 4416 2416 4482 laboraverunt,
2453 4424 2507 4471 et
2536 4430 2630 4469 vos
2666 4400 2722 4469 in
2752 4414 2965 4471 labores
2999 4431 3184 4471 eorum
3214 4417 3499 4472 introistis.
3528 4418 3613 4473 Ex

2013 4509 2229 4562 civitate
2256 4516 2435 4563 autem
2472 4506 2561 4561 illa
2589 4508 2741 4562 multi
2766 4506 3116 4563 crediderunt
3148 4509 3199 4563 in
3226 4525 3349 4563 eum
3382 4510 3617 4564 Samari-

2015 4609 2288 4663 tanorum,
2322 4609 2542 4669 propter
2569 4600 2794 4653 verbum
2818 4602 3063 4655 mulieris
3093 4602 3457 4656 testimonium
3493 4619 3616 4670 per-

306 4693 503 4750 bibere
535 4709 551 4748 :
586 4703 643 4749 tu
674 4693 903 4751 forsitan
958 4695 1190 4764 petisses
1214 4694 1281 4748 ab
1310 4708 1407 4761 eo,
1441 4702 1497 4748 et
1523 4693 1765 4749 dedisset
1811 4694 1904 4749 tibi
1937 4692 1989 4753 D
2014 4695 2251 4750 hibentis
2280 4711 2293 4747 :
2337 4693 2469 4759 Quia
2524 4694 2666 4747 dixit
2695 4694 2827 4748 mihi
2872 4694 3053 4747 omnia
3088 4710 3439 4764 qurecumquc
3484 4694 3612 4751 feci.

302 4804 508 4860 aquam
538 4789 744 4844 vivam.
783 4788 927 4845 Dicit
956 4788 1005 4844 ei
1044 4789 1238 4844 mulier
1270 4806 1283 4843 :
1320 4788 1546 4843 Domine
1573 4831 1586 4857 ,
1630 4803 1806 4858 neque
1853 4789 1907 4844 in

304 4897 422 4955 quo
450 4882 674 4938 haurias
704 4880 880 4937 habes
902 4923 917 4947 ,
946 4890 1001 4937 et
1029 4890 1227 4952 puteus
1270 4882 1412 4936 altus
1442 4890 1527 4936 est
1560 4898 1570 4932 :
1606 4880 1752 4935 unde
1779 4895 1909 4950 ergo

306 4974 486 5030 habes
516 4988 712 5043 aquam
737 4971 955 5029 vivam?
980 4972 1251 5042 Numquid
1283 4982 1337 5027 tu
1366 4972 1539 5041 major
1562 4987 1619 5027 es
1647 4983 1795 5041 patre
1816 4988 1914 5027 no-

304 5077 429 5123 stro
474 5067 643 5124 Jacob
665 5109 679 5131 ,
721 5069 811 5139 qui
842 5066 992 5123 dedit
1023 5068 1181 5123 nobis
1225 5075 1443 5136 puteum
1474 5110 1487 5133 ,
1531 5076 1583 5120 et
1611 5065 1726 5134 ipse
1754 5080 1821 5119 ex
1847 5078 1915 5121 eo

307 5164 473 5231 bibit,
508 5175 565 5221 et
597 5163 695 5220 filii
725 5163 877 5234 ejus,
911 5174 967 5218 et
998 5178 1193 5232 pecora
1228 5162 1379 5232 ejus?
1408 5160 1707 5230 Respondit
1734 5159 1916 5229 Jesus,

306 5270 370 5317 et
402 5259 540 5315 dixit
565 5260 614 5316 ei
656 5278 669 5313 :
703 5259 895 5315 Omnis
923 5258 1013 5330 qui
1046 5256 1183 5313 bibit
1209 5272 1275 5313 ex
1306 5271 1443 5325 aqua
1475 5255 1598 5323 hac,
1629 5255 1780 5310 sitiet
1814 5257 1915 5311 itc-

306 5369 433 5411 rum
469 5370 483 5408 :
508 5352 599 5419 qui
635 5361 815 5407 autem
843 5351 1045 5407 biberit
1069 5365 1135 5405 ex
1165 5365 1325 5420 aqua,
1356 5362 1514 5419 quam
1545 5362 1647 5417 ego
1669 5346 1810 5415 dabo
1839 5349 1910 5415 ei,

309 5464 428 5504 non
459 5448 611 5502 sitiet
629 5446 683 5502 in
706 5455 973 5502 asternum
1002 5462 1014 5497 :
1045 5443 1141 5499 sed
1173 5458 1332 5513 aqua,
1361 5456 1521 5512 quam
1553 5454 1653 5511 ego
1678 5439 1819 5494 dabo
1841 5441 1914 5509 ei,

310 5543 415 5596 ﬁet
441 5539 495 5595 in
520 5553 587 5595 eo
616 5539 735 5595 fons
764 5554 919 5609 aqua:
947 5538 1191 5594 salientis
1220 5536 1275 5591 in
1308 5539 1470 5591 vitam
1500 5544 1782 5588 aeternam.
1830 5535 1920 5589 Di—

306 5633 395 5689 cit
417 5631 483 5687 ad
514 5646 641 5688 eum
669 5632 868 5687 mulier
894 5649 909 5686 :
942 5631 1173 5686 Domine
1197 5671 1212 5696 ,
1244 5628 1314 5685 da
1356 5626 1489 5685 mihi
1520 5626 1658 5689 hanc
1688 5641 1881 5697 aquam
1901 5672 1916 5696 ,

398 5848 425 5875 α
462 5838 580 5894 Duo
612 5845 832 5905 mss.,et
852 5836 1209 5903 adveniebant,
1234 5850 1355 5907 qua:
1378 5833 1780 5907 praepositioin
1811 5845 1920 5887 uno

314 5912 547 5984 Reginae
574 5910 833 5969 secundis
858 5910 1009 5967 curis
1038 5910 1397 5980 expungitur.

2015 4785 2150 4841 Cum
2181 4785 2462 4840 venissent
2489 4799 2619 4854 ergo
2639 4784 2706 4838 ad
2727 4783 2879 4838 illum
2904 4783 3256 4850 Samaritani,
3283 4796 3615 4855 rogaverunt

2018 4895 2140 4934 eum
2168 4922 2182 4947 ,
2221 4889 2279 4934 ut
2322 4877 2394 4931 ibi
2424 4886 2689 4932 maneret.
2744 4878 2807 4931 Et
2837 4878 3034 4932 mansit
3075 4878 3145 4933 ibi
3182 4878 3318 4933 duos
3361 4877 3497 4933 dies.
3547 4879 3619 4936 Et

2019 4973 2189 5027 multo
2216 4974 2397 5041 plures
2428 4968 2778 5025 crediderunt
2807 4970 2859 5024 in
2891 4985 3013 5025 eum
3047 4980 3269 5041 propter
3306 4984 3616 5030 sermonem

2022 5064 2157 5134 ejus.
2202 5063 2268 5119 Et
2306 5062 2521 5118 mulieri
2553 5060 2807 5117 dicebant
2850 5079 2864 5117 :
2911 5062 3046 5129 Quia
3086 5064 3197 5132 jam
3242 5077 3349 5117 non
3397 5075 3619 5133 propter

2027 5165 2173 5211 tuam
2203 5156 2471 5225 loquelam
2510 5154 2782 5210 credimus
2822 5171 2836 5210 :
2886 5154 2985 5225 ipsi
3028 5156 3171 5208 cnim
3197 5153 3535 5222 audivimus,
3568 5166 3627 5214 et

2026 5250 2246 5315 scimus,
2277 5249 2402 5320 quia
2429 5247 2519 5303 hic
2547 5256 2633 5304 est
2653 5262 2782 5303 vere
2804 5248 3047 5301 Salvator
3070 5247 3277 5301 mundi.
3313 5248 3519 5318 [xxx1v,
3541 5246 3624 5321 7.]

2026 5344 2155 5400 Post
2197 5345 2331 5397 duos
2369 5351 2548 5397 autem
2592 5341 2709 5396 dies
2741 5340 2874 5394 exiit
2920 5338 3087 5394 inde:
3123 5348 3179 5395 et
3207 5340 3339 5395 abiit
3379 5341 3432 5395 in
3478 5340 3627 5397 Gali-

2027 5438 2202 5492 laeam.
2232 5438 2415 5509 luxv,
2452 5433 2528 5504 1.]
2567 5434 2688 5503 lpse
2720 5431 2863 5486 enim
2904 5432 3064 5487 Jesus
3102 5432 3469 5488 testimonium
3501 5449 3631 5504 per-

2026 5530 2219 5596 hibuit,
2252 5529 2374 5598 quia
2411 5527 2673 5596 propheta
2702 5526 2755 5579 iu
2786 5542 2881 5580 sua
2906 5526 3079 5597 patria
3102 5525 3363 5583 honorem
3399 5544 3506 5583 non
3532 5529 3629 5583 ha-

2030 5625 2137 5679 bet.
2186 5623 2399 5693 [xxxvu
2438 5618 2549 5689 10.]
2585 5620 2716 5674 Cum
2757 5633 2889 5689 ergo
2914 5619 3190 5676 venissent
3219 5621 3270 5676 in
3302 5620 3579 5677 Galilmam
3607 5663 3626 5691 ,

2099 5826 2127 5865 δ
2155 5826 2214 5883 1η
2241 5826 2445 5903 nostris
2473 5825 2982 5903 mss.,qu_ia._veniet.
3025 5831 3247 5888 Graecus
3288 5842 3465 5889 autem
3512 5832 3626 5903 ipse

2025 5906 2206 5956 textus
2241 5898 2403 5953 habet
2434 5898 2484 5952 in
2512 5896 2728 5954 instanti
2759 5896 2998 5971 ἔρχεται.
