4166 6336
500 369 605 425 659

1510 367 1569 423 S.
1611 365 1992 425 HIERONYMI
2033 365 2262 425 DIVINA
2306 365 2788 424 BIBLIO'I‘HECA.

3697 369 3801 425 660

500 491 830 553 exceperunt
857 498 980 537 eum
1008 482 1214 537 Galilzei
1243 523 1257 547 ,
1295 495 1418 538 cum
1457 482 1640 537 omnia
1668 481 1934 538 vidissent
1977 496 2099 552 qua:
2129 486 2176 544 Α
2203 481 2422 552 spondit
2447 481 2628 552 itaque
2649 481 2829 546 Jesus,
2864 489 2917 536 et
2942 479 3080 536 dixit
3108 480 3191 536 eis
3221 499 3234 534 :
3267 481 3466 548 Amen,
3496 497 3656 539 amen
3676 485 3804 540 dico

499 579 708 634 fecerat
737 574 1096 648 .lerosolymis
1126 573 1181 630 in
1210 574 1300 631 die
1328 574 1470 631 festo
1498 592 1512 630 :
1541 585 1598 631 et
1628 576 1728 645 ipsi
1755 577 1904 632 enim
1934 590 2102 632 vene-

500 682 624 730 rant
647 669 714 726 ad
743 669 885 726 diem
916 668 1140 726 festum.
1167 668 1327 725 Vertit
1356 684 1486 741 ergo
1512 670 1708 725 iterum
1739 669 1792 724 in
1818 666 1963 724 Cana
1994 667 2102 724 Ga-

501 766 661 822 lilaae
683 806 698 832 ,
735 762 828 820 ubi
854 761 981 819 fecit
1019 777 1213 836 aquam
1248 763 1456 818 vinum.
1495 761 1696 834 [xxxvn
1721 803 1734 827 ,
1764 761 1845 834 4.]
1887 762 1958 817 Ει
1984 769 2106 818 erat

503 859 724 932 quidam
766 858 985 930 regulus
1009 898 1025 924 ,
1071 857 1225 928 cujus
1254 855 1400 914 ﬁlius
1440 856 1814 912 inﬁrmabatnr
1860 855 2104 927 Caphar-

505 967 687 1009 naum.
728 951 824 1007 llic
851 965 973 1006 cum
1002 948 1242 1005 audisset
1269 950 1396 1019 quia
1429 948 1587 1005 Jesus
1614 947 1900 1005 adveniret
1930 963 1960 1002 a
2000 948 2099 1003 Ju-

505 1046 622 1101 daea
657 1045 710 1100 in
749 1042 1026 1099 Galilaeam
1057 1083 1070 1107 ,
1100 1041 1235 1097 abiit
1253 1042 1324 1096 ad
1363 1056 1484 1097 eum
1511 1085 1526 1108 ,
1558 1052 1612 1097 et
1643 1042 1869 1112 rogabat
1897 1052 2106 1098 eumut

507 1135 889 1204 descenderet,
923 1144 979 1190 et
1006 1144 1228 1191 sanaret
1253 1134 1421 1190 ﬁlium
1447 1135 1568 1204 ejus
1601 1154 1611 1189 :
1643 1135 1932 1206 incipiebat
1956 1135 2101 1191 cnim

506 1231 668 1287 mori.
700 1228 844 1284 Dixit
872 1242 1002 1300 ergo
1026 1226 1184 1282 Jesus
1215 1227 1281 1283 ad
1312 1242 1438 1284 eum
1469 1245 1482 1281 :
1515 1227 1624 1282 Nisi
1658 1229 1806 1298 signa
1836 1237 1892 1283 et
1922 1227 2106 1299 prodi-

505 1326 594 1397 gia
629 1319 876 1378 videritis
901 1365 916 1390 ,
961 1335 1069 1375 non
1100 1319 1345 1376 creditis.
1383 1320 1525 1375 Dicit
1566 1320 1634 1375 ad
1676 1335 1798 1376 eum
1832 1321 2051 1393 regulus
2086 1339 2100 1377 :

506 1418 761 1486 Domine,
787 1414 1059 1472 descende
1090 1416 1240 1485 prius
1268 1430 1428 1485 quam
1464 1415 1728 1470 moriatur
1758 1414 1900 1470 ﬁlius
1927 1430 2098 1471 meus.

502 1512 648 1570 Dicit
674 1511 723 1568 ei
745 1511 906 1566 Jesus
931 1525 952 1567 τ’
972 1509 1143 1577 Vade,
1176 1509 1318 1565 ﬁlius
1351 1519 1472 1564 tuus
1503 1511 1649 1564 vivit.
1669 1509 1908 1566 Credidit
1939 1510 2108 1568 homo

503 1606 765 1672 sermoni,
798 1620 960 1677 quem
985 1604 1122 1661 dixit
1151 1604 1200 1659 ei
1229 1605 1412 1671 Jesus,
1441 1613 1494 1660 et
1524 1603 1652 1660 ibat.
1685 1604 1806 1661 Jam
1829 1614 2008 1662 autem
2037 1620 2106 1663 eo

505 1699 882 1756 descendente
906 1739 922 1766 ,
955 1700 1096 1754 servi
1125 1707 1486 1754 occurrerunt
1505 1700 1553 1755 ei
1579 1739 1596 1766 ,
1634 1708 1690 1756 et
1719 1702 2107 1756 nuntiaverunt

505 1793 753 1849 dicentes
773 1833 786 1859 ,
821 1791 946 1862 quia
975 1790 1115 1846 ﬁlius
1143 1789 1262 1860 ejus
1288 1790 1521 1846 viveret.
1571 1790 1947 1864 [interrogabat
1972 1807 2108 1864 ergo

2201 575 2354 632 vobis
2379 591 2391 627 :
2427 591 2538 629 non
2569 583 2748 644 potest
2774 573 2946 630 Filius
2974 589 3003 628 a
3029 590 3088 629 se
3119 573 3300 630 facere
3329 575 3659 647 quidquam,
3693 581 3798 633 nisi

2202 668 2345 740 quod
2377 668 2578 723 viderit
2609 667 2826 724 Patrem
2876 667 3164 726 facientem
3197 687 3213 724 :
3243 685 3603 742 quaecumque
3651 673 3800 729 enim

2201 763 2293 820 ille
2324 763 2516 819 fecerit
2538 804 2554 830 ,
2587 761 2706 818 haec
2734 771 2788 818 et
2813 761 2983 818 Filius
3012 762 3264 819 similiter
3287 765 3436 820 facit.
3469 763 3632 821 Pater
3658 768 3806 823 enim

2202 857 2380 930 diligit
2407 855 2630 924 Filium,
2659 863 2714 912 et
2739 857 2922 912 omnia
2952 857 3288 913 demonstrat
3314 860 3364 914 ei
3389 900 3404 926 ,
3431 875 3552 930 quae
3584 861 3700 929 ipse
3729 861 3808 917 fa-

2203 951 2278 1006 cit
2321 970 2333 1004 :
2378 959 2430 1006 et
2464 949 2674 1020 majora
2708 949 2790 1005 his
2840 949 3241 1005 demonstrabit
3287 951 3335 1006 ei
3381 966 3586 1022 opera,
3631 962 3687 1007 ut
3707 968 3808 1010 vos

2205 1042 2498 1098 miremini.
2523 1041 2676 1098 Sicut
2703 1041 2850 1098 enim
2881 1042 3042 1097 Pater
3072 1042 3302 1098 suscitat
3331 1054 3576 1099 mortuos
3599 1087 3614 1111 ,
3650 1054 3706 1100 ct
3730 1046 3806 1101 vi-

2205 1138 2386 1193 viﬁcat
2411 1154 2425 1192 :
2449 1137 2526 1193 sic
2548 1146 2598 1192 et
2625 1135 2819 1202 Filius,
2843 1151 2982 1208 quos
3003 1137 3142 1203 vult,
3169 1137 3427 1195 vivilicat.
3451 1137 3634 1210 Neque
3656 1140 3808 1198 cnim

2207 1230 2370 1286 Pater
2398 1230 2608 1301 judicat
2633 1245 2958 1301 quemquam
2994 1247 3012 1284 :
3039 1230 3134 1286 sed
3164 1245 3327 1286 omne
3358 1231 3622 1302 judicium
3655 1233 3807 1290 dedit

2207 1324 2366 1392 Filio,
2400 1332 2456 1380 ut
2482 1338 2675 1380 omnes
2703 1323 3070 1380 honoriﬁcent
3101 1322 3296 1380 Filium
3319 1365 3334 1393 ,
3368 1325 3509 1403 sicut
3539 1326 3806 1382 honoriﬁ-

2205 1427 2328 1472 cant
2359 1417 2576 1472 Patrem
2606 1433 2619 1471 :
2653 1417 2772 1491 [ειη
2807 1415 2882 1489 1.]
2937 1417 3030 1488 qui
3060 1432 3169 1472 non
3207 1417 3534 1474 honoriﬁcat
3562 1418 3757 1476 Filium
3786 1464 3804 1490 ,

2207 1526 2314 1566 non
2345 1509 2671 1565 honoriﬁcat
2698 1508 2952 1576 Patrem,
2984 1509 3079 1580 qui
3119 1507 3268 1564 misit
3299 1509 3475 1564 illum.
3510 1510 3657 1582 μυ,
3691 1511 3808 1583 10.]

2207 1607 2377 1661 Amen
2403 1647 2418 1675 ,
2459 1619 2619 1660 amen
2665 1603 2788 1660 dico
2818 1603 3008 1672 vobis,
3047 1603 3175 1674 quia
3226 1603 3319 1676 qui
3349 1605 3578 1661 verbum
3625 1621 3806 1661 meum

2207 1700 2387 1766 audit,
2421 1709 2476 1754 et
2504 1697 2678 1754 credit
2708 1697 2756 1751 ei
2791 1698 2880 1767 qui
2914 1697 3065 1752 misit
3095 1712 3182 1752 me
3202 1738 3216 1763 ,
3255 1696 3419 1752 habet
3450 1695 3621 1752 vitam
3649 1708 3810 1753 aiter-

2209 1809 2350 1860 nam,
2383 1803 2438 1849 et
2468 1793 2519 1848 in
2547 1791 2808 1862 judicium
2839 1807 2943 1845 non
2977 1789 3144 1857 venit,
3179 1789 3276 1846 sed
3307 1789 3524 1846 transiit
3559 1804 3590 1843 a
3632 1800 3814 1846 morte.

503 1884 696 1942 horam
727 1883 796 1938 ab
825 1883 905 1940 eis
930 1925 946 1952 ,
987 1884 1038 1937 in
1071 1897 1176 1953 qua
1207 1882 1404 1939 melius
1435 1882 1707 1940 habuerit.
1742 1885 1810 1939 Et
1850 1885 2108 1940 dixerunt
2135 1883 2183 1944 B
2209 1887 2264 1942 in
2294 1887 2477 1940 vitam.
2512 1885 2682 1940 Amen
2709 1925 2723 1951 ,
2753 1897 2909 1938 amen
2940 1882 3066 1938 dico
3095 1881 3280 1948 vob's,
3306 1881 3428 1952 quia
3452 1881 3602 1937 venit
3628 1882 3762 1936 liora
3789 1921 3804 1948 ,

507 1983 558 2038 ei
596 2000 607 2035 :
638 1980 778 2047 Quia
807 1979 923 2034 heri
957 1979 1088 2033 hora
1111 1978 1341 2049 septima
1375 1978 1594 2048 reliquit
1616 1992 1742 2035 eum
1776 1977 1964 2034 febris.
1995 1977 2110 2035 Co-~

506 2075 695 2146 gnovit
724 2088 858 2144 ergo
884 2079 1058 2143 pater,
1087 2071 1209 2143 quia
1240 2071 1327 2126 illa
1370 2071 1502 2126 hora
1541 2083 1690 2140 erat,
1734 2073 1787 2127 in
1825 2089 1930 2144 qua
1961 2073 2106 2128 dixit

508 2167 559 2222 ei
587 2165 746 2222 Jesus
780 2183 792 2221 :
827 2164 999 2220 Filius
1029 2172 1151 2219 tuus
1180 2161 1312 2219 vivit
1341 2180 1355 2219 :
1387 2173 1440 2220 et
1468 2163 1698 2220 credidit
1734 2165 1850 2236 ipse
1871 2207 1886 2231 ,
1916 2177 1971 2222 et
2001 2166 2103 2222 do-

508 2273 632 2315 nius
672 2259 792 2330 ejus
827 2266 960 2314 tota.
1002 2257 1115 2313 lloc
1155 2257 1348 2312 iterum
1397 2257 1694 2314 secundum
1733 2259 1946 2330 signum
1977 2259 2107 2316 fecit

509 2355 700 2422 Jesus,
731 2367 856 2408 cum
887 2352 1128 2408 venisset
1148 2365 1176 2405 a
1213 2350 1398 2407 Judaia
1429 2351 1482 2406 in
1512 2351 1816 2410 Galilaeam.

581 2445 734 2519 [Cap.
767 2445 830 2502 γ.
869 2460 1106 2512 xxxviii,
1143 2443 1220 2515 1.]
1266 2444 1399 2500 Post
1439 2443 1558 2500 haec
1603 2453 1721 2500 erat
1765 2445 1888 2502 dies
1937 2445 2106 2502 festus

455 2549 463 2558 "
511 2542 825 2596 Judaeorum
850 2543 868 2607 ,'
896 2549 952 2595 ct
977 2540 1222 2595 ascendit
1246 2539 1405 2596 Jesus
1430 2540 1850 2613 Jerosolymam.
1881 2542 1979 2598 Est
2009 2557 2107 2596 au-

510 2647 618 2689 tem
648 2633 1005 2705 Jcrosolymis
1048 2633 1330 2688 Probatica
1372 2633 1579 2704 piscina
1609 2676 1624 2704 ,
1667 2649 1790 2705 quae
1825 2635 2109 2706 cognomi-

514 2735 675 2782 natur
702 2727 966 2784 Hebraice
991 2727 1310 2794 Bethsaida,
1341 2725 1582 2797 quinque
1605 2731 1847 2798 porticus
1875 2727 2101 2783 habens.

509 2824 568 2879 ln
601 2823 686 2878 his
706 2823 918 2893 jacehat
951 2822 1242 2877 multitudo
1267 2835 1464 2892 magna
1493 2824 1859 2893 languentium
1889 2863 1904 2890 ,
1932 2837 2110 2879 caeco-

508 2930 669 2980 rum,
717 2914 1072 2979 claudorutn,
1128 2913 1403 2968 aridorum
1433 2955 1448 2978 ,
1477 2916 1906 2984 exspectantium
1953 2929 2111 2986 aqua:

509 3018 744 3066 motum.
775 3010 1017 3079 Angelus
1039 3017 1217 3063 autem
1253 3008 1470 3064 Domini
1523 3009 1885 3066 descendebat
1913 3023 2110 3066 secun-

455 3093 457 3095 ’
510 3107 640 3162 dum
680 3117 894 3176 tempus
934 3106 984 3159 in
1033 3105 1294 3174 piscinam
1333 3121 1346 3157 :
1387 3113 1444 3159 et
1483 3106 1802 3161 movebatur
1830 3120 1992 3176 aqua.
2041 3105 2110 3160 Et

510 3201 598 3270 qui
643 3199 792 3269 prior
829 3195 1202 3253 descendisset
1244 3195 1296 3250 in
1342 3197 1771 3267 piscinam‘post
1806 3199 2108 3255 motionem

2206 1992 2260 2038 et
2288 1995 2430 2036 nunc
2454 1990 2557 2049 est,
2581 1977 2799 2051 quando
2828 1977 3026 2034 mortui
3061 1976 3281 2033 audient
3305 1991 3498 2033 vocem
3524 1976 3645 2032 Filii
3674 1977 3804 2034 Dei:

2207 2084 2261 2130 et
2291 2073 2384 2146 qui
2409 2072 2687 2129 audierint
2713 2115 2726 2136 ,
2758 2073 2962 2127 vivent.
2993 2072 3146 2126 Sicut
3175 2071 3324 2126 enim
3354 2069 3516 2126 Pater
3539 2069 3702 2126 habet
3725 2069 3808 2125 vi-

2206 2173 2315 2222 tam
2355 2166 2407 2221 in
2458 2166 2753 2235 semetipso
2787 2180 2800 2219 :
2832 2165 2912 2220 sic
2943 2163 3094 2220 dedit
3140 2173 3194 2218 et
3240 2162 3381 2218 Filio
3412 2162 3614 2218 habere
3639 2163 3805 2218 vitam

2206 2258 2260 2315 in
2290 2258 2607 2328 semetipso,
2631 2264 2687 2313 et
2710 2263 3035 2327 potestatem
3060 2255 3209 2312 dedit
3237 2256 3285 2311 ei
3310 2255 3574 2326 judicium
3604 2256 3802 2328 facere,

2205 2353 2332 2422 quia
2364 2351 2507 2406 ﬁlius
2536 2350 2776 2406 hominis
2807 2361 2907 2405 cst.
2942 2349 3118 2405 Nolite
3139 2348 3326 2404 mirari
3355 2349 3476 2418 hoc,
3512 2349 3640 2420 quia
3657 2351 3812 2406 venit

2208 2447 2362 2512 hora,
2396 2445 2450 2500 in
2474 2460 2584 2516 qua
2605 2457 2796 2500 omnes
2823 2443 2914 2514 qui
2932 2444 2988 2498 in
3015 2442 3384 2500 monumentis
3412 2450 3564 2513 sunt,
3586 2442 3810 2498 audient

2206 2556 2398 2597 vocem
2429 2539 2551 2596 Filii
2587 2540 2712 2595 Dei:
2734 2549 2792 2595 et
2818 2537 3117 2610 precedent
3144 2537 3238 2609 qui
3271 2537 3411 2593 bona
3442 2537 3717 2604 iecerunt,
3750 2536 3811 2591 in

2209 2637 2665 2694 resurreCtionem
2695 2635 2854 2702 vitae;
2886 2634 2980 2706 qui
3011 2650 3139 2689 vero
3166 2632 3307 2688 mala
3335 2641 3586 2704 egerunt,
3635 2633 3687 2687 in
3733 2647 3815 2688 re~

2208 2730 2604 2786 surrectionem
2629 2727 2843 2800 judicii.
2877 2728 2994 2783 Non
3027 2741 3248 2796 possum
3270 2741 3372 2796 ego
3401 2742 3431 2780 a
3462 2740 3548 2781 me
3579 2725 3702 2795 ipso
3733 2724 3811 2779 la-

2209 2838 2337 2881 cere
2368 2823 2684 2895 quidquam.
2739 2824 2894 2880 Sicut
2943 2821 3110 2877 audio
3136 2862 3150 2889 ,
3190 2820 3374 2892 judico
3407 2840 3422 2877 :
3460 2829 3518 2877 et
3543 2821 3812 2891 judicium

2211 2933 2390 2974 meum
2416 2918 2622 2988 justum
2649 2923 2733 2973 est
2765 2935 2777 2970 :
2809 2917 2966 2990 [XLI],
3000 2914 3076 2984 LJ
3108 2913 3236 2986 quia
3261 2928 3368 2969 non
3397 2929 3586 2984 quaero
3611 2914 3811 2968 volu-

2214 3023 2378 3070 tatem
2415 3027 2590 3068 meam
2619 3052 2634 3078 ,
2665 3010 2762 3066 sed
2791 3010 3132 3066 voluntatem
3178 3008 3298 3079 ejus
3325 3049 3342 3076 ,
3373 3009 3464 3079 qui
3507 3006 3654 3063 misit
3698 3022 3807 3062 me.

2212 3110 2385 3184 [xun,
2421 3107 2532 3180 HL]
2562 3106 2621 3163 Si
2642 3121 2744 3178 ego
2773 3105 3142 3161 testimonium
3171 3103 3437 3174 perhibeo
3463 3101 3533 3159 de
3555 3117 3640 3158 me
3662 3101 3804 3173 ipso,

2215 3202 2585 3259 testimonium
2620 3214 2800 3255 meum
2832 3215 2939 3253 non
2965 3209 3046 3253 eSt
3076 3211 3290 3252 verum.
3323 3195 3476 3252 Alius
3499 3195 3696 3266 estqui
3730 3205 3810 3248 te-

509 3307 697 3363 aqute,
729 3303 896 3346 sanus
939 3289 1102 3344 ﬁebat
1129 3306 1158 3342 ει
1189 3305 1533 3360 quacumque
1575 3291 1918 3348 detinebatur
1954 3293 2104 3348 inﬁr—
2131 3279 2174 3338 Ο
2209 3298 2520 3353 stimonium
2554 3293 2802 3366 perhibet
2829 3292 2897 3347 de
2929 3307 3016 3347 me
3050 3308 3062 3344 :
3106 3300 3164 3347 et
3199 3289 3320 3345 scio
3344 3290 3474 3361 quia
3499 3304 3691 3344 verum
3723 3297 3811 3345 est

506 3387 714 3441 mitate.
747 3385 875 3438 Erat
904 3394 1082 3439 mrtem
1106 3383 1324 3454 quidam
1357 3385 1522 3439 homo
1545 3385 1642 3451 ibi,
1674 3387 1885 3456 triginta
1909 3394 2107 3442 etocto

508 3493 682 3533 annos
719 3476 926 3532 habens
965 3478 1016 3532 in
1047 3478 1359 3532 inlirmitate
1389 3490 1506 3532 sua.
1542 3479 1698 3534 Hunc
1724 3495 1847 3535 cum
1879 3480 2105 3536 vidisset

506 3571 665 3627 Jesus
693 3571 1004 3640 jacentem,
1052 3579 1108 3624 et
1148 3572 1493 3640 cognovisset
1540 3573 1663 3641 quia
1711 3572 1824 3642 jam
1872 3574 2102 3628 multum

501 3675 718 3733 tempus
753 3665 1003 3728 haberet,
1029 3663 1161 3717 dicit
1188 3664 1238 3718 ei
1268 3681 1278 3714 :
1311 3662 1403 3717 Vis
1424 3679 1592 3719 sanus
1618 3664 1774 3719 ﬁeri?
1802 3665 2101 3736 Respondit

504 3763 557 3818 ei
587 3759 875 3832 languidus
908 3775 921 3813 :
956 3759 1199 3824 Domine,
1225 3757 1504 3814 hominem
1530 3774 1636 3814 non
1670 3760 1863 3828 habeo,
1904 3773 1956 3814 ut
1978 3777 2102 3817 cum

502 3858 715 3914 turbata
747 3855 908 3911 fuerit
934 3869 1092 3926 aqua,
1126 3855 1304 3909 mittat
1336 3868 1424 3909 me
1445 3853 1498 3908 in
1523 3854 1783 3924 piscinam
1813 3872 1824 3907 :
1860 3854 1986 3909 dum
2011 3870 2104 3911 ve~

505 3953 597 4008 nio
627 3951 772 4005 enim
801 3961 934 4020 ego,
971 3946 1107 4002 alius
1134 3957 1262 4001 ante
1293 3959 1378 4002 me
1409 3945 1712 4002 descendit.
1751 3945 1889 4001 Dicit
1926 3947 1976 4002 ei
2007 3947 2103 4003 Je-

501 4061 599 4103 sus
627 4064 639 4100 :
671 4044 867 4114 Surge,
895 4042 1024 4098 tolle
1045 4040 1327 4112 grabatum
1356 4049 1530 4109 tuum,
1560 4048 1616 4096 et
1638 4041 1874 4096 ambula.
1899 4041 1969 4097 Et
1989 4049 2103 4097 sta-

499 4141 596 4195 tim
624 4153 787 4192 sanus
820 4139 992 4190 lactus
1017 4145 1100 4190 est
1123 4133 1287 4189 homo
1314 4133 1405 4188 ille
1437 4151 1448 4186 :
1483 4142 1537 4188 et
1568 4134 1788 4188 sustulit
1819 4135 2100 4204 grabatum

502 4247 700 4294 suum,
735 4237 790 4283 et
819 4226 1153 4282 ambulabat.
1191 4225 1324 4280 ant
1361 4233 1539 4280 autem
1582 4224 1864 4280 sabbatum
1917 4225 1970 4280 in
2012 4225 2100 4282 die

500 4327 620 4384 illo.
675 4323 931 4378 Dicebant
969 4334 1098 4390 ergo
1146 4318 1320 4375 Judaei
1370 4319 1444 4373 illi
1492 4320 1579 4389 qui
1620 4328 1840 4374 sanatus
1881 4318 2097 4375 fuerat:

503 4419 802 4478 Sabhatum
834 4425 939 4483 est,
973 4430 1079 4469 non
1107 4415 1233 4470 licet
1255 4409 1350 4469 tibi
1383 4412 1573 4468 tollere
1602 4413 1889 4484 grabatum
1924 4424 2095 4471 tuum.

503 4517 713 4590 lxxxiii,
751 4508 862 4581 10.]
896 4509 1197 4580 Respondit
1238 4509 1317 4563 eis
1359 4524 1373 4563 :
1424 4506 1526 4575 Qui
1572 4521 1660 4563 me
1694 4523 1884 4563 sanum
1933 4508 2096 4578 fecit,

497 4607 596 4664 ille
634 4604 761 4658 mihi
802 4603 936 4658 dixit
975 4619 988 4656 :
1024 4601 1180 4657 Tolle
1227 4600 1512 4672 grabatum
1548 4609 1696 4656 tuum
1719 4643 1735 4670 ,
1763 4611 1818 4657 et
1854 4602 2096 4657 ambula.

2213 3390 2583 3447 testimonium
2606 3433 2621 3459 ,
2656 3387 2799 3458 quod
2828 3385 3078 3456 perhibet
3109 3386 3178 3440 de
3204 3399 3308 3439 me.
3338 3383 3452 3440 Vos
3483 3382 3707 3438 misistis
3737 3382 3807 3438 ad

2209 3484 2472 3541 Joannem
2520 3499 2534 3537 :
2591 3491 2647 3537 et
2694 3479 3065 3536 testimonium
3116 3476 3391 3548 perhibuit
3415 3477 3648 3532 veritati.
3693 3476 3810 3546 Ego

2209 3589 2389 3633 autem
2420 3592 2526 3631 non
2557 3575 2626 3631 ab
2650 3573 2870 3630 homine
2893 3570 3264 3628 testimonium
3287 3570 3494 3640 accipio
3523 3586 3538 3626 :
3567 3572 3662 3626 sed
3691 3571 3809 3626 haec

2209 3673 2333 3729 dico
2359 3681 2416 3727 ut
2446 3685 2543 3726 vos
2579 3669 2716 3726 salvi
2746 3668 2888 3724 sitis.
2923 3666 3018 3723 llle
3057 3674 3178 3723 erat
3207 3665 3432 3722 lucerna
3465 3665 3663 3720 ardens
3687 3704 3704 3730 ,
3748 3673 3804 3719 et

2208 3766 2420 3821 lucens.
2471 3763 2575 3818 Vos
2602 3771 2783 3818 autem
2812 3759 3070 3816 voluistis
3097 3757 3164 3815 ad
3204 3758 3391 3814 horam
3431 3758 3706 3814 exsultare
3746 3757 3802 3813 in

2208 3858 2328 3913 luce
2381 3856 2522 3927 ejus.
2577 3857 2690 3927 Ego
2735 3864 2915 3910 autem
2979 3853 3154 3909 habeo
3205 3852 3573 3908 testimonium
3628 3850 3806 3921 majus

2206 3952 2435 4010 Joanne.
2461 3950 2642 4022 Opera
2666 3950 2812 4004 enim
2835 3988 2852 4015 ,
2886 3962 3007 4018 quae
3037 3945 3188 4002 dedit
3217 3944 3347 4001 mihi
3374 3946 3535 4001 Pater
3561 3952 3619 4000 ut
3648 3944 3808 4016 perﬁ-

2205 4043 2342 4100 ciam
2399 4056 2498 4110 ea,
2533 4041 2646 4112 ipsa
2671 4053 2856 4110 ,opera
2897 4054 3016 4110 quae
3056 4053 3158 4109 ego
3204 4036 3384 4104 facio,
3427 4038 3795 4094 testimonium

2207 4135 2497 4209 perhibent
2522 4134 2591 4189 de
2622 4148 2740 4200 me,
2773 4133 2899 4204 quia
2928 4133 3092 4188 Pater
3120 4133 3268 4189 misit
3295 4147 3384 4190 me
3417 4151 3429 4188 :
3457 4143 3512 4189 et
3531 4133 3626 4204 qui
3656 4133 3804 4188 misit

2205 4244 2294 4286 me
2321 4227 2502 4296 Pater,
2532 4226 2649 4296 ipse
2675 4225 3045 4281 testimonium
3069 4225 3345 4296 perhibuit
3375 4226 3443 4284 de
3474 4241 3560 4282 me
3585 4242 3599 4285 :
3628 4228 3796 4299 [κων.

2204 4319 2288 4391 4.]
2320 4333 2495 4391 neque
2521 4333 2713 4374 vocem
2742 4319 2860 4388 ejus
2892 4331 3144 4390 umquam
3180 4317 3412 4373 audistis
3431 4359 3447 4384 ,
3475 4333 3650 4388 neque
3678 4334 3803 4386 spe-

2203 4417 2344 4473 ciem
2385 4414 2504 4485 ejus
2528 4413 2758 4469 vidistis.
2810 4412 2957 4484 [xav,
2994 4410 3106 4482 10.λ1
3164 4412 3230 4466 Et
3255 4411 3480 4467 verbum
3524 4413 3644 4482 ejus
3688 4426 3796 4467 non

2205 4505 2418 4563 habetis
2447 4506 2501 4562 in
2533 4505 2686 4562 vobis
2715 4519 2942 4561 manens
2976 4522 2988 4558 :
3020 4503 3144 4576 quia
3169 4518 3332 4575 quem
3372 4504 3520 4560 misit
3542 4505 3648 4570 ille,
3674 4503 3800 4559 huic

2205 4617 2304 4658 vos
2332 4617 2440 4657 non
2480 4599 2727 4656 creditis.
2772 4597 3103 4678 Scr-utamini
3155 4597 3503 4669 Scripturas,
3554 4597 3678 4668 quia
3698 4611 3801 4653 vos

499 4699 978 4768 lnterrogaverunt
1008 4710 1138 4765 ergo
1170 4709 1296 4750 eum
1329 4709 1342 4747 :
1375 4692 1507 4762 Quis
1536 4703 1622 4749 eSt
1652 4693 1743 4750 ille
1772 4694 1936 4750 homo
1959 4737 1974 4764 ,
2001 4699 2092 4767 qui
2123 4682 2178 4743 Π
2203 4695 2402 4769 putatis
2428 4695 2485 4750 in
2513 4694 2644 4766 ipsis
2675 4695 2840 4749 vitam
2869 4703 3128 4749 aeternam
3161 4692 3365 4749 habere
3395 4710 3408 4747 :
3437 4703 3493 4749 et
3521 4692 3628 4748 illae
3648 4701 3795 4759 sunt,

499 4793 639 4848 dixit
670 4791 763 4845 tibi
791 4806 803 4843 :
837 4789 995 4844 Tolle
1021 4788 1305 4859 grabatum
1350 4797 1522 4856 tuum,
1555 4796 1608 4842 et
1629 4787 1891 4843 ambula?
1921 4789 1969 4843 Is
2000 4803 2096 4844 au-

495 4891 607 4942 tem
639 4929 652 4953 ,
695 4883 786 4956 qui
807 4897 973 4938 sanus
997 4879 1174 4938 fuerat
1201 4882 1448 4950 ell’ectus,
1472 4880 1752 4938 nesciebat
1774 4884 1896 4954 quis
1927 4895 2090 4939 esset.

498 4982 660 5038 Jesus
710 4978 854 5034 enim
906 4976 1200 5033 declinavit
1253 4991 1281 5030 a
1331 4976 1484 5032 turba
1529 4975 1824 5031 conStituta
1853 4975 1907 5031 in
1951 4977 2091 5032 loco.

497 5072 696 5129 Postea
724 5071 932 5126 invenit
963 5083 1086 5125 eum
1107 5067 1268 5124 Jesus
1298 5067 1351 5122 in
1379 5067 1671 5138 templo,et
1693 5066 1830 5122 dixit
1859 5063 1971 5123 illi:
1999 5067 2096 5122 Ec-

498 5182 564 5223 ce
598 5181 761 5221 sanns
790 5167 961 5218 lactus
991 5176 1050 5218 es
1070 5180 1082 5218 :
1093 5161 1206 5233 jam
1241 5159 1355 5217 noli
1384 5175 1633 5231 peccare,
1661 5174 1730 5215 ne
1743 5158 1984 5216 deterius
2007 5161 2102 5216 tibi

495 5258 704 5332 aliquid
733 5257 1031 5329 contingat.
1066 5255 1216 5312 Abiit
1254 5255 1347 5311 ille
1387 5254 1584 5321 homo,
1613 5263 1668 5311 et
1696 5253 1964 5310 nuntiavit
1983 5253 2098 5332 _Ju-

494 5329 630 5410 datis
661 5372 672 5406 :
701 5351 830 5422 quia
861 5350 1018 5406 Jesus
1053 5357 1242 5418 esset,
1274 5350 1364 5419 qui
1394 5350 1520 5404 fecit
1549 5363 1674 5404 eum
1715 5362 1929 5404 sanum.
1963 5329 2097 5404 Pro-

492 5455 683 5518 pterea
719 5443 1185 5515 persequebantur
1204 5441 1379 5498 Judaei
1398 5441 1606 5513 Jesum,
1638 5442 1762 5512 quia
1786 5442 1905 5499 haec
1935 5442 2090 5499 [acie-

492 5537 591 5595 bat
619 5535 677 5591 in
705 5536 950 5593 sabbato.
990 5533 1154 5592 Jesus
1181 5543 1360 5591 autem
1392 5535 1677 5607 respondit
1726 5537 1807 5592 eis
1863 5555 1876 5592 :
1927 5535 2090 5594 Pater

491 5647 652 5693 meus
702 5645 875 5702 usque
925 5629 1088 5688 modo
1141 5637 1418 5701 operatur,
1460 5638 1518 5686 et
1557 5645 1657 5701 ego
1701 5643 1922 5700 operor.
1955 5629 2087 5686 Pro-

491 5733 682 5797 pterea
709 5740 838 5796 ergo
869 5724 1039 5796 magis
1062 5725 1378 5796 qumrehant
1399 5740 1522 5781 eum
1549 5725 1722 5782 Judaei
1745 5725 2084 5782 interﬁcere:

491 5819 618 5889 quia
651 5837 754 5872 non
799 5818 974 5874 solum
1007 5818 1249 5873 solvebat
1275 5819 1564 5874 sabbatum
1591 5859 1605 5886 ,
1638 5821 1734 5875 sed
1767 5829 1822 5877 et
1868 5821 2085 5878 Patrem

487 5929 647 5975 suum
679 5912 888 5968 dicebat
928 5911 1129 5982 Deum,
1164 5913 1426 5982 aequalem
1471 5935 1529 5976 se
1571 5919 1776 5976 faciens
1817 5919 1945 5976 Deo.
1978 5917 2082 5978 Re-

2201 4805 2320 4863 qum
2366 4789 2733 4846 testimonium
2781 4787 3072 4858 perhibent
3103 4785 3172 4842 de
3225 4801 3313 4842 me
3353 4803 3366 4841 :
3417 4794 3472 4841 et
3500 4800 3611 4841 non
3635 4786 3799 4842 vultis

2201 4884 2387 4940 venire
2414 4882 2482 4938 ad
2514 4897 2601 4938 me
2621 4923 2635 4949 ,
2681 4887 2740 4936 ut
2765 4882 2931 4937 vitam
2963 4879 3234 4936 habeatis.
3264 4877 3578 4936 Claritatem
3607 4880 3676 4934 ab
3700 4880 3799 4935 ho-
3861 4929 3866 4934 .

2200 4977 2439 5034 minibus
2486 4991 2594 5031 non
2637 4975 2867 5045 accipio.
2901 4973 3010 5032 Sed
3048 4973 3278 5045 cognovi
3306 4988 3438 5044 vos,
3482 4977 3607 5044 quia
3657 4972 3795 5028 dile-

2200 5073 2439 5128 ctionem
2476 5070 2571 5126 Dei
2603 5086 2710 5125 non
2755 5068 2967 5126 habetis
2995 5069 3048 5124 in
3073 5069 3252 5126 vobis.
3283 5069 3398 5140 Ego
3429 5070 3552 5124 veni
3599 5070 3653 5123 in
3691 5083 3794 5123 no-

2203 5165 2351 5220 mine
2382 5165 2558 5220 Patris
2587 5163 2732 5231 mei,
2777 5173 2834 5220 et
2860 5178 2967 5219 non
3005 5163 3253 5234 accipitis
3292 5177 3382 5219 me
3415 5181 3428 5218 :
3461 5163 3510 5217 si
3539 5163 3678 5217 alius
3699 5177 3794 5216 νος

2202 5261 2347 5314 nerit
2375 5259 2430 5313 in
2459 5257 2677 5313 nomine
2706 5273 2841 5327 suo,
2871 5257 3019 5312 illum
3052 5256 3358 5328 accipietis.
3391 5255 3676 5324 Quomodo
3701 5270 3796 5311 vos

2201 5353 2431 5422 potestis
2461 5351 2687 5407 credere
2712 5391 2727 5416 ,
2757 5351 2847 5422 qui
2878 5351 3108 5422 gloriam
3136 5349 3207 5406 ab
3234 5350 3467 5406 invicem
3500 5349 3748 5420 accipitis
3776 5364 3792 5404 :

2197 5455 2252 5502 et
2275 5446 2527 5517 gloriam,
2558 5459 2682 5517 qua:
2702 5460 2732 5500 a
2758 5446 2876 5501 solo
2904 5445 3016 5501 Deo
3035 5453 3142 5513 est,
3173 5461 3280 5500 non
3305 5444 3796 5517 quazritis‘iNolito

2195 5547 2388 5611 putare
2417 5539 2540 5610 quia
2571 5552 2672 5610 ego
2699 5548 3052 5594 accusaturus
3084 5541 3185 5594 sim
3214 5553 3314 5594 vos
3360 5537 3502 5610 apud
3527 5538 3746 5593 Patrem
3777 5557 3790 5591 :

2192 5641 2277 5690 est
2303 5634 2392 5706 qui
2425 5644 2641 5690 accusat
2670 5634 2780 5708 [ΑΙ.
2811 5634 3054 5706 accuset]
3089 5649 3184 5691 vos
3215 5635 3450 5707 Moyses,
3483 5636 3536 5690 in
3565 5651 3674 5706 quo
3694 5649 3791 5691 vos

2191 5728 2447 5801 speratis.
2479 5730 2536 5786 Si
2566 5730 2712 5785 enim
2744 5730 3042 5788 crederetis
3073 5730 3269 5803 Moysi,
3293 5731 3596 5786 crederetis
3629 5731 3792 5785 forsi-

2193 5835 2285 5880 tan
2318 5833 2372 5878 et
2403 5824 2656 5880 mihitde
2679 5841 2766 5880 me
2789 5827 2937 5881 enim
2970 5827 3066 5882 ille
3091 5827 3403 5897 scripsit.Si
3428 5834 3610 5881 autem
3641 5826 3790 5881 illius

2190 5921 2386 5983 litteris
2413 5936 2518 5981 non
2541 5923 2788 5997 creditis,
2817 5925 3092 5996 quomodo
3109 5922 3293 5985 verbis
3315 5923 3449 5986 meis
3477 5921 3760 5982 credetis?
