4166 6336
359 364 461 424 661

1401 358 1849 417 EVANGELIUM
1887 354 2257 416 SECUNDUM
2298 356 2637 415 JOANNEM.

3555 359 3663 418 662

438 478 593 552 [Cap.
633 477 717 533 Vl.
748 490 892 543 xm,
929 472 1005 546 1.]
1034 472 1164 530 Post
1188 473 1308 530 haec
1334 474 1466 531 abiit
1498 474 1657 530 Jesus
1674 482 1822 529 trans
1844 487 1957 528 ma-
1984 472 2037 533 A
2062 486 2185 528 eum
2212 490 2224 526 :
2259 471 2399 541 Quid
2449 471 2709 527 faciemus
2749 478 2811 527 ut
2835 484 3132 541 operemur
3161 486 3327 543 Opera
3373 473 3510 531 Dei?
3559 477 3663 531 Re-

362 591 425 632 re
455 573 721 639 Galilteae,
754 569 897 644 quod
927 576 1014 627 est
1037 568 1343 626 Tiberiadis
1368 587 1380 623 :
1412 576 1467 626 et
1490 568 1816 641 sequebatur
1837 583 1961 625 eum

360 666 660 725 multitudo
690 679 908 736 magna,
937 664 1062 736 quia
1093 663 1357 720 videbant
1377 662 1552 734 signa,
1584 676 1708 733 quae
1733 662 1966 719 faciebat

358 777 528 834 super
559 761 643 816 his
682 761 774 831 qui
808 758 1250 815 inﬁrmabantur.
1282 756 1468 829 [xavu,
1495 755 1574 827 5.]
1605 754 1783 813 Subiit
1832 770 1963 827 ergo

361 859 416 913 in
443 865 688 913 montem
704 854 865 911 Jesus
894 872 907 909 :
941 862 995 910 et
1020 853 1095 909 ibi
1121 851 1349 909 sedebat
1370 866 1493 907 cum
1516 850 1799 921 discipulis
1823 850 1959 906 suis.

360 951 569 1025 [mnu
592 950 667 1022 1.]
686 951 813 1006 Erat
833 958 1015 1007 autem
1040 951 1343 1021 proximum
1372 949 1605 1018 Pascha,
1627 948 1745 1006 dies
1789 948 1964 1005 festus

354 1046 693 1101 Judmorum.
724 1044 894 1117 [thx,
932 1042 1006 1116 1.]
1045 1043 1182 1100 Cum
1234 1044 1579 1102 sublevasset
1618 1059 1749 1115 ergo
1775 1043 1962 1099 oculos

350 1140 538 1207 Jesus,
577 1146 632 1193 et
659 1137 893 1194 vidisset
936 1139 1064 1211 quia
1095 1138 1387 1195 multitudo
1435 1137 1667 1193 maxima
1704 1137 1852 1193 venit
1889 1136 1959 1192 ad

352 1249 504 1298 cum,
534 1231 675 1287 dixit
705 1232 772 1287 ad
800 1232 1110 1303 Philippum
1144 1250 1156 1286 :
1185 1232 1342 1290 Unde
1370 1246 1615 1288 ememus
1662 1246 1853 1302 panes,
1901 1241 1961 1287 ut

354 1326 694 1383 manducent
740 1326 835 1381 hi?
885 1327 995 1382 iloc
1036 1335 1218 1382 autem
1272 1326 1488 1382 dicebat
1540 1334 1758 1382 tentans
1786 1341 1956 1382 eum:

352 1422 475 1491 ipse
504 1421 652 1476 enim
685 1419 895 1476 sciebat
925 1420 1055 1490 quid
1086 1428 1234 1476 esset
1281 1419 1543 1475 facturus.
1572 1417 1875 1491 Respondit
1905 1418 1956 1475 ei

348 1512 637 1584 Philippus
672 1532 685 1567 :
730 1512 1100 1568 Ducentorum
1128 1511 1481 1569 denariorum
1512 1526 1678 1583 panes
1705 1526 1813 1568 non
1836 1510 1955 1568 suf-

346 1606 543 1661 ﬁciunt
568 1605 671 1674 eis,
706 1614 764 1660 ut
811 1608 1183 1677 unusquisque
1227 1607 1497 1663 modicum
1524 1606 1653 1677 quid
1700 1606 1953 1681 accipiat.

346 1698 491 1755 Dicit
513 1700 563 1755 ei
595 1714 738 1755 unus
784 1713 852 1754 ex
881 1699 1168 1769 discipulis
1196 1698 1335 1771 ejus,
1383 1701 1631 1757 Andreas
1662 1702 1829 1756 frater
1866 1701 1951 1757 Si-

2067 565 2289 637 spondit
2316 564 2499 632 Jesus,
2546 574 2600 621 et
2643 564 2781 621 dixit
2825 564 2907 622 eis
2937 583 2949 622 :
2985 565 3100 623 Hoc
3139 577 3225 623 est
3269 584 3404 639 opus
3448 570 3567 637 Dei,
3605 579 3667 626 ut

2066 660 2304 718 credatis
2332 661 2387 718 in
2418 676 2541 734 eum
2571 674 2733 732 quem
2768 662 2917 718 misit
2958 662 3070 720 ille.
3101 662 3241 736 μω,
3273 664 3354 737 4.]
3398 665 3667 724 Dixerunt

2066 770 2198 827 ergo
2226 756 2276 812 ei
2308 772 2320 809 :
2347 754 2505 823 Quod
2535 770 2667 827 ergo
2690 763 2747 811 tu
2774 755 2906 812 facis
2933 756 3166 829 signum,
3196 767 3254 814 ut
3280 759 3584 827 videamus,
3610 769 3668 817 et

2065 849 2352 907 credamus
2403 849 2545 905 tibi?
2599 850 2729 921 quid
2782 852 3076 921 operaris?
3132 852 3419 927 [uv,10.]
3473 856 3666 913 Patres

2064 944 2237 1000 nostri
2268 942 2732 1000 manducaverunt
2766 958 2961 1001 manna
2984 946 3037 1001 in
3066 946 3320 1013 deserto,
3350 949 3494 1005 sicut
3523 952 3663 1007 seri-

2065 1044 2213 1106 ptum
2254 1044 2383 1092 est:
2434 1037 2638 1093 Panem
2682 1036 2752 1094 de
2798 1037 2941 1095 caelo
2989 1038 3137 1095 dedit
3187 1042 3268 1097 eis
3307 1042 3660 1101 manducare.

2063 1130 2210 1187 Dixit
2240 1148 2370 1204 ergo
2399 1133 2482 1190 eis
2507 1134 2666 1191 Jesus
2700 1150 2714 1189 :
2747 1135 2942 1203 Amen,
2976 1150 3135 1191 amen
3161 1137 3285 1194 dico
3312 1140 3467 1195 vobis
3502 1160 3513 1194 :
3542 1140 3662 1197 Non

2064 1224 2280 1297 Moyses
2306 1225 2455 1282 dedit
2482 1227 2633 1283 vobis
2665 1242 2859 1298 panem
2888 1228 2956 1285 de
2986 1231 3147 1296 coelo,
3186 1231 3281 1288 sed
3318 1233 3479 1289 Pater
3508 1250 3663 1292 meus

2061 1317 2154 1373 dat
2182 1319 2340 1374 vobis
2364 1334 2556 1390 panem
2585 1320 2654 1377 de
2679 1322 2820 1378 ccelo
2843 1338 3057 1379 verum.
3088 1324 3251 1381 Panis
3272 1327 3414 1383 enim
3436 1330 3529 1385 Dei
3552 1340 3659 1399 est,

2060 1412 2151 1483 qui
2182 1412 2249 1468 de
2280 1414 2420 1470 ctelo
2453 1415 2739 1471 descendit
2767 1435 2781 1471 :
2814 1424 2872 1473 et
2900 1416 2994 1472 dat
3021 1418 3187 1474 vitam
3227 1421 3452 1477 mundo.
3500 1422 3662 1479 Dixe-

2058 1517 2187 1565 runt
2210 1522 2342 1581 ergo
2371 1510 2440 1565 ad
2478 1525 2602 1565 eum
2625 1528 2638 1565 :
2665 1510 2917 1579 Domine,
2942 1527 3159 1584 semper
3184 1513 3249 1569 da
3281 1514 3439 1571 nobis
3461 1531 3655 1588 panem

2060 1602 2225 1661 hunc.
2256 1600 2369 1673 [Lv,
2407 1603 2652 1675 1.]Dixit
2679 1612 2861 1659 autem
2884 1604 2963 1659 eis
2989 1605 3178 1662 Jesus:
3208 1606 3323 1677 Ego
3352 1621 3472 1663 sum
3502 1609 3656 1679 panis

2055 1696 2179 1751 vita:
2218 1715 2229 1749 :
2261 1696 2352 1767 qui
2384 1696 2532 1752 venit
2588 1698 2655 1752 ad
2686 1713 2792 1764 me,
2830 1713 2936 1754 non
2968 1700 3174 1755 esuriet
3208 1719 3218 1754 :
3254 1709 3308 1757 et
3346 1701 3438 1773 qui
3484 1702 3657 1761 credit

344 1794 528 1849 monis
560 1792 710 1849 Petri
743 1809 759 1848 :
802 1792 901 1849 Est
926 1808 1062 1864 puer
1091 1808 1228 1849 unus
1259 1794 1369 1859 hic,
1402 1795 1494 1865 qui
1524 1793 1685 1850 habet
1706 1795 1951 1866 quinque
2056 1788 2108 1851 in
2140 1805 2248 1857 me,
2278 1804 2387 1845 non
2420 1788 2571 1846 sitiet
2612 1805 2888 1862 umquam.
2925 1792 3032 1849 Sed
3073 1792 3187 1849 dixi
3215 1794 3392 1861 vobis,
3427 1796 3550 1865 quia
3601 1804 3657 1852 et

347 1903 517 1958 panes
564 1887 926 1955 hordeaceus,
974 1896 1028 1943 et
1075 1886 1211 1944 duos
1257 1890 1475 1961 pisces:
1523 1889 1618 1945 sed
1661 1888 1777 1945 haec
1822 1890 1944 1961 quid

2054 1883 2264 1938 vidistis
2295 1898 2405 1951 me,
2436 1894 2489 1939 et
2530 1900 2636 1940 non
2679 1886 2924 1941 creditis.
2968 1886 3103 1960 [ινι.
3135 1887 3246 1961 10.]
3282 1888 3477 1957 Omne,
3511 1891 3655 1962 quod

344 1990 476 2039 sunt
504 1984 650 2038 inter
677 1982 903 2038 tantos?
930 1980 1075 2038 Dixit
1093 1997 1224 2054 ergo
1252 1982 1411 2039 Jesus
1438 2001 1449 2037 ε
1484 1981 1669 2039 Facite
1700 1977 1952 2040 homines
2055 1976 2145 2033 dat
2176 1978 2309 2033 mihi
2346 1978 2527 2043 Pater.
2560 1979 2625 2033 ad
2658 1995 2744 2035 mc
2772 1981 2987 2037 veniet:
3014 1993 3072 2038 et
3100 1998 3246 2050 eum,
3281 1985 3371 2054 qui
3397 1985 3545 2040 venit
3584 1986 3654 2041 ad

342 2075 714 2133 discumbere.
737 2076 865 2132 Erat
894 2087 1077 2134 autem
1108 2077 1295 2135 fenum
1326 2078 1555 2134 multum
1580 2078 1635 2133 in
1663 2078 1805 2136 loco.
1828 2078 1948 2134 Dis-

347 2170 659 2227 cubuerunt
700 2186 832 2242 ergo
861 2170 962 2226 viri
1008 2185 1237 2228 numero
1266 2171 1421 2243 quasi
1460 2170 1700 2243 quinque
1749 2171 1943 2229 millia.

344 2266 572 2334 Accepit
614 2280 745 2337 ergo
776 2263 934 2321 Jesus
964 2278 1132 2336 panes
1165 2283 1176 2319 :
1226 2274 1435 2321 etcum
1474 2266 1678 2337 gratias
1723 2265 1947 2335 egisset,

342 2357 620 2412 distribuit
671 2357 1182 2414 discumbentibus:
1223 2359 1477 2415 similiter
1516 2368 1573 2413 et
1601 2374 1667 2413 ex
1707 2359 1948 2427 piscibus

343 2463 608 2523 quantum
636 2452 914 2507 volebant.
951 2450 1025 2507 Ut
1050 2460 1232 2507 autem
1257 2452 1466 2522 impleti
1494 2461 1643 2519 sunt,
1674 2451 1811 2507 dixit
1830 2452 1944 2508 dis-

343 2546 539 2617 cipulis
574 2547 690 2601 suis
720 2565 733 2601 :
764 2544 1017 2617 Colligite
1042 2562 1162 2617 qua:
1190 2555 1587 2616 superaverunt
1616 2546 1940 2617 fragmenta,

340 2654 411 2693 ne
457 2648 706 2707 pereant.
739 2636 1093 2707 Collegerunt
1128 2652 1277 2708 ergo,
1308 2647 1366 2693 et
1394 2638 1758 2708 impleverunt
1801 2638 1943 2693 duo-

340 2732 516 2787 decim
547 2730 818 2802 c0phinos
846 2731 1298 2803 fragmentorum,
1342 2747 1409 2788 ex
1438 2734 1679 2804 quinque
1710 2732 1944 2804 panibus

338 2826 687 2892 hordeaceis,
706 2841 824 2897 quae
841 2824 1227 2894 superfuerunt
1244 2827 1323 2881 his
1338 2827 1430 2896 qui
1456 2828 1937 2883 manducaverunt.

336 2922 415 2995 [L,
444 2922 561 2995 10.]
590 2922 670 2977 illi
701 2937 833 2993 ergo
864 2921 1114 2977 homines
1154 2936 1278 2978 cum
1332 2922 1599 2977 vidissent
1623 2921 1763 2993 quod
1788 2924 1941 2979 Iesus

335 3019 546 3073 fecerat
578 3019 818 3089 signum,
864 3015 1118 3072 dicebant
1149 3032 1162 3071 :
1210 3014 1349 3084 Quia
1380 3016 1469 3072 hic
1509 3026 1594 3073 est
1639 3032 1767 3073 vere
1797 3017 1937 3073 Pro-

337 3112 527 3181 pheta,
562 3111 653 3181 qui
681 3117 942 3165 venturus
969 3118 1053 3165 est
1082 3110 1132 3163 in
1166 3109 1448 3165 mundum.
1479 3110 1638 3166 Jesus
1663 3125 1793 3181 ergo
1814 3125 1938 3169 cum

339 3202 714 3273 cognovisset,
752 3202 878 3273 quia
911 3200 1125 3258 venturi
1155 3211 1361 3272 essent,
1397 3211 1456 3258 ut
1486 3212 1742 3273 raperent
1788 3219 1934 3277 eum,

2056 2086 2165 2137 me,
2190 2084 2301 2125 non
2345 2070 2558 2141 ejiciam
2597 2072 2779 2128 foras:
2810 2074 2961 2147 μνη,
2990 2072 3069 2147 1.]
3104 2076 3226 2146 quia
3278 2075 3536 2133 descendi
3585 2078 3656 2136 de

2054 2163 2217 2232 cisio,
2247 2179 2355 2221 non
2387 2173 2447 2220 ut
2473 2165 2667 2222 faciam
2695 2168 3028 2227 voluntatem
3055 2185 3253 2239 meam,
3280 2172 3375 2227 sed
3405 2174 3653 2229 volunta-

2054 2267 2160 2314 tem
2193 2258 2334 2329 ejus,
2376 2260 2467 2330 qui
2511 2261 2657 2317 misit
2690 2278 2797 2319 me.
2825 2263 2997 2336 [Lvm,
3037 2264 3149 2337 10.]
3180 2265 3309 2321 lizrc
3345 2275 3429 2321 est
3474 2278 3653 2324 autem

2052 2352 2308 2409 voluntas
2345 2353 2483 2425 ejus,
2522 2357 2612 2428 qui
2640 2358 2784 2413 misit
2813 2374 2919 2428 me,
2954 2359 3162 2417 Patris:
3194 2371 3253 2417 ut
3282 2378 3461 2433 omne,
3498 2365 3644 2436 quod

2050 2446 2200 2502 dedit
2228 2447 2386 2515 mihi,
2418 2465 2527 2504 non
2559 2451 2784 2521 perdam
2818 2468 2887 2508 ex
2917 2469 3004 2519 eo,
3030 2458 3124 2511 sed
3148 2461 3471 2515 resuscitem
3496 2460 3647 2515 illum

2051 2543 2104 2597 in
2145 2544 2449 2599 novissimo
2492 2545 2601 2602 die.
2643 2545 2771 2602 Haec
2809 2559 2892 2604 est
2936 2559 3118 2605 autem
3174 2550 3426 2608 voluntas
3468 2552 3648 2611 Patris

2050 2638 2179 2703 mei,
2208 2638 2297 2707 qui
2339 2638 2489 2693 misit
2528 2654 2638 2707 me,
2669 2649 2728 2694 ut
2753 2642 2962 2709 omnis,
3012 2644 3101 2715 qui
3146 2643 3292 2701 videt
3336 2645 3561 2713 Filium,
3592 2655 3646 2703 et

2046 2729 2223 2786 credit
2251 2730 2305 2785 in
2332 2746 2482 2799 eum,
2516 2733 2717 2789 habeat
2746 2736 2911 2791 vitam
2939 2744 3222 2804 aeternam,
3256 2748 3311 2795 et
3333 2754 3435 2809 ego
3462 2756 3647 2797 resus-

2047 2824 2233 2879 citabo
2261 2839 2386 2880 eum
2414 2826 2468 2880 in
2502 2828 2809 2885 novissimo
2838 2830 2948 2885 die.
2984 2830 3214 2903 [ux,1.]
3237 2832 3648 2891 Murmurabant

2046 2932 2175 2989 ergo
2203 2917 2378 2975 Judaei
2422 2919 2491 2976 de
2537 2920 2652 2987 illo,
2692 2926 2817 2993 quia
2866 2923 3094 2980 dixisset
3127 2942 3141 2979 :
3191 2926 3305 2998 Ego
3336 2942 3457 2983 sum
3490 2931 3646 2999 panis

2047 3020 2073 3049 ι
2096 3011 2279 3079 vivus,
2310 3015 2402 3083 qui
2437 3013 2506 3070 de
2536 3014 2679 3071 caelo
2698 3015 2959 3073 descendi
2988 3035 3001 3082 ;
3032 3028 3091 3074 et
3118 3020 3373 3078 dicebant
3403 3038 3418 3076 :
3448 3022 3647 3081 Nonne

2046 3103 2134 3159 hic
2153 3114 2235 3160 est
2256 3104 2416 3161 Jesus
2437 3105 2816 3179 filiusJoseph,
2848 3109 3003 3180 cujus
3017 3125 3117 3168 nos
3139 3112 3389 3169 novimus
3406 3125 3641 3186 patrem,

2044 3205 2099 3252 et
2130 3197 2393 3253 matrem?
2416 3197 2703 3266 Quomodo
2734 3215 2864 3271 ergo
2896 3200 3028 3257 dicit
3056 3202 3143 3259 hic
3174 3221 3187 3259 :
3232 3205 3368 3274 Quia
3408 3206 3476 3263 de
3500 3209 3644 3264 cmlo

339 3305 396 3351 et
422 3296 667 3352 lacerent
688 3311 815 3352 eum
838 3310 1048 3367 regem,
1084 3295 1221 3366 fugit
1247 3297 1443 3352 iterum
1472 3298 1524 3352 iu
1547 3306 1788 3353 montem
1821 3300 1940 3369 ipse
1968 3287 2015 3353 C
2046 3288 2072 3328 ί)
2096 3288 2390 3346 descendi?
2420 3290 2529 3363 [ιιι.
2566 3291 2678 3363 10.]
2707 3292 3011 3363 Respondit
3038 3310 3173 3367 ergo
3209 3296 3389 3363 Jesus,
3424 3308 3479 3356 et
3504 3299 3638 3357 dicit

336 3392 510 3446 solus.
535 3390 631 3462 [1a,
659 3388 736 3462 4.]
768 3389 837 3446 Ut
880 3401 1059 3445 autem
1092 3406 1219 3445 sero
1264 3390 1463 3446 factum
1493 3400 1596 3459 est,
1640 3392 1939 3451 descende-

338 3496 468 3539 runt
496 3482 752 3555 discipuli
780 3483 898 3554 ejus
917 3484 984 3539 ad
1016 3497 1186 3540 mare.
1205 3484 1271 3539 Et
1295 3498 1419 3539 cum
1443 3484 1821 3542 ascendissent
1843 3502 1940 3543 na-

338 3580 470 3647 vim,
497 3588 773 3634 veneruut
806 3590 951 3633 trans
982 3593 1131 3633 mare
1161 3579 1214 3633 in
1259 3578 1640 3648 Capharnaum
1668 3596 1680 3632 :
1709 3588 1765 3634 et
1788 3590 1940 3637 tene-

340 3672 453 3727 brae
476 3672 589 3742 jam
618 3672 775 3727 factae
803 3679 962 3726 erant
988 3683 1043 3727 et
1085 3685 1192 3726 non
1237 3677 1466 3727 venerat
1504 3672 1573 3726 ad
1616 3687 1712 3727 eos
1756 3672 1933 3730 Jesus.

340 3767 491 3821 Mare
521 3774 730 3834 autem,
768 3774 932 3823 vento
957 3780 1155 3837 magno
1188 3765 1389 3834 flante,
1418 3767 1763 3838 exsurgebat.
1797 3765 1936 3825 Cum

336 3860 702 3929 remigassent
748 3874 886 3931 ergo
914 3860 1068 3930 quasi
1110 3859 1285 3915 stadia
1328 3858 1521 3932 viginti
1567 3861 1805 3933 quinque
1843 3871 1938 3921 aut

338 3956 586 4024 triginta,
618 3953 806 4009 vident
850 3954 1036 4011 Jesum
1069 3955 1439 4011 ambulantem
1488 3969 1651 4027 supra
1679 3972 1852 4027 mare,
1880 3966 1938 4015 ct

339 4049 655 4119 proximum
686 4052 805 4106 navi
838 4050 987 4123 ﬁeri,
1018 4061 1071 4107 et
1104 4052 1423 4109 timuerunt.
1471 4052 1564 4109 Ille
1592 4063 1773 4109 autem
1804 4054 1938 4113 dicit

336 4142 419 4197 eis
454 4159 467 4197 :
500 4142 616 4213 Ego
640 4158 782 4210 sum,
810 4144 979 4200 nolite
1005 4144 1218 4201 timere.
1252 4144 1703 4218 Volueruntergo
1724 4149 1937 4220 accipe-

340 4249 403 4289 re
432 4249 560 4289 eum
588 4236 641 4291 in
674 4237 854 4291 navim
885 4254 900 4291 :
926 4247 981 4292 et
1009 4238 1192 4293 statim
1226 4241 1381 4294 navis
1409 4238 1509 4294 fuit
1532 4238 1599 4295 ad
1631 4248 1854 4308 terram,
1880 4242 1936 4299 in

338 4342 502 4397 quam
538 4328 709 4384 ibant.
737 4327 855 4401 [LI],
888 4324 1003 4402 10.]
1049 4330 1235 4385 Altera
1282 4330 1392 4398 die,
1423 4331 1580 4387 turba
1610 4348 1731 4403 qua:
1760 4335 1939 4392 stabat

341 4430 494 4479 trans
520 4437 694 4490 mare,
726 4423 859 4479 vidit
885 4424 1010 4495 quia
1040 4426 1282 4482 navicula
1312 4425 1415 4481 alia
1448 4442 1557 4483 non
1589 4438 1707 4485 erat
1728 4428 1803 4485 ibi
1833 4430 1937 4486 nisi

343 4531 469 4583 una,
501 4527 559 4572 et
584 4519 709 4589 quia
742 4534 847 4575 non
880 4517 1162 4575 introisset
1185 4533 1307 4574 cum
1337 4519 1616 4591 discipulis
1633 4522 1746 4577 suis
1776 4522 1936 4581 Jesus

340 4607 395 4662 in
426 4610 635 4678 navim,
669 4610 765 4666 sed
796 4611 899 4667 soli
919 4610 1177 4682 discipuli
1201 4611 1321 4682 ejus
1351 4612 1618 4668 abiissent
1646 4633 1657 4667 :
1692 4616 1811 4671 aliae
1842 4633 1935 4672 ve-

2041 3387 2124 3442 eis
2150 3402 2165 3441 :
2198 3386 2377 3443 Nolite
2398 3402 2740 3444 murmurare
2768 3389 2820 3444 in
2841 3388 3073 3445 invicem
3106 3408 3117 3443 :
3144 3406 3305 3449 nemo
3333 3402 3520 3463 potest
3545 3410 3639 3452 ve-

2041 3479 2160 3534 nire
2186 3478 2252 3533 ad
2279 3494 2386 3546 me,
2422 3479 2523 3534 nisi
2552 3480 2738 3547 Pater,
2787 3480 2879 3551 qui
2910 3482 3058 3537 misit
3079 3497 3186 3549 me,
3217 3486 3446 3539 traxerit
3474 3500 3637 3549 eum:

2040 3581 2097 3627 et
2122 3587 2223 3642 ego
2248 3573 2585 3629 resuscitabo
2621 3588 2744 3629 eum
2770 3574 2823 3628 in
2861 3575 3155 3631 novissimo
3186 3575 3295 3632 die.
3338 3576 3435 3633 Est
3461 3578 3641 3649 scrip-

2040 3676 2153 3723 tum
2209 3670 2261 3723 in
2302 3668 2621 3739 prophetis:
2656 3668 2725 3724 Et
2775 3678 2939 3725 erunt
2976 3685 3166 3726 omnes
3209 3670 3474 3729 docibiles
3517 3673 3639 3729 Dei.

2039 3763 2247 3833 Omnis,
2278 3764 2368 3834 qui
2398 3762 2605 3818 audivit
2630 3778 2660 3818 a
2691 3762 2877 3831 Patre,
2923 3772 2979 3820 et
3007 3763 3213 3832 didicit,
3252 3767 3401 3821 venit
3427 3766 3492 3821 ad
3526 3782 3634 3825 me.

2040 3859 2176 3932 [Lxr,
2207 3856 2287 3929 5.]
2315 3857 2433 3912 Νοιι
2474 3858 2598 3927 quia
2639 3856 2857 3913 Patrem
2904 3857 3041 3913 vidit
3070 3858 3380 3930 quisquam,
3415 3860 3521 3916 nisi
3562 3862 3634 3931 is,

2037 3951 2129 4023 qui
2157 3960 2241 4007 est
2278 3965 2308 4005 a
2354 3949 2486 4017 Deo,
2518 3949 2608 4005 hic
2640 3949 2778 4005 vidit
2808 3950 3043 4007 Patrem.
3086 3952 3237 4023 luit,
3266 3952 3358 4008 10.
3386 3951 3405 4023 ]
3436 3953 3635 4026 Amen,

2038 4061 2194 4101 amen
2235 4045 2360 4101 dico
2410 4044 2615 4100 vobis:
2646 4044 2746 4113 Qui
2783 4045 2959 4100 credit
3014 4046 3067 4101 in
3114 4062 3221 4114 me,
3268 4046 3434 4103 habet
3471 4046 3641 4105 vitam

2038 4150 2317 4198 aeternam.
2357 4138 2533 4213 [exn],
2560 4139 2639 4212 1.]
2671 4140 2784 4211 Ego
2810 4154 2929 4195 sum
2962 4142 3116 4210 panis
3146 4140 3478 4215 vitai.[t.xrv,
3523 4142 3642 4217 10.]

2037 4233 2234 4290 Patres
2264 4232 2430 4289 vestri
2475 4233 2949 4289 manducaverunt
2981 4249 3175 4288 manna
3209 4234 3263 4289 in
3298 4234 3547 4302 deserto,
3578 4244 3640 4292 et

2036 4329 2237 4385 mortui
2260 4338 2408 4384 sunt.
2438 4327 2536 4383 Hic
2583 4337 2669 4384 est
2708 4328 2866 4400 panis
2894 4329 2961 4383 de
2986 4328 3131 4385 caelo
3174 4328 3641 4388 descendenszut

2035 4422 2083 4479 si
2148 4422 2272 4495 quis
2337 4437 2405 4478 ex
2484 4422 2605 4492 ipso
2678 4420 3108 4491 manducaverit,
3176 4438 3285 4480 non
3353 4426 3637 4483 moriatur.

2039 4518 2187 4590 [va,
2224 4516 2296 4587 1.]
2326 4518 2438 4588 Ego
2468 4533 2587 4572 sum
2623 4518 2777 4587 panis
2806 4518 2981 4584 vivus,
3017 4519 3107 4589 qui
3142 4520 3211 4576 de
3238 4521 3383 4577 caelo
3408 4521 3640 4579 descen—

2036 4611 2111 4666 di.
2142 4610 2198 4667 Si
2228 4610 2351 4681 quis
2376 4608 2782 4665 manducaverit
2811 4625 2875 4666 ex
2902 4611 3007 4666 hoc
3038 4627 3198 4681 pane,
3229 4613 3375 4668 vivet
3396 4614 3450 4668 in
3474 4628 3639 4670 reter-

339 4715 403 4755 ro
431 4711 867 4771 supervenerunt
898 4718 1064 4760 naves
1086 4703 1436 4772 a'l‘iberiade,
1462 4704 1615 4774 juxta
1644 4706 1819 4762 locum
1841 4708 1933 4765 ubi
1965 4684 2015 4749 Ῑ)
2046 4718 2203 4759 num:
2237 4714 2291 4759 et
2341 4702 2516 4773 panis,
2559 4718 2720 4773 quem
2762 4718 2865 4775 ego
2901 4704 3064 4775 dabo,
3096 4719 3225 4762 caro
3253 4721 3376 4763 mea
3415 4715 3498 4764 est
3539 4722 3641 4779 pro

340 4793 808 4850 manducaverant
837 4810 1055 4865 panem,
1076 4796 1279 4867 gratias
1304 4807 1497 4866 agente
1523 4797 1773 4855 Domino.
1796 4798 1933 4857 Cum

338 4898 472 4956 ergo
498 4885 727 4942 vidisset
758 4888 913 4943 turba
944 4888 1068 4959 quia
1112 4888 1269 4944 Jesus
1298 4903 1406 4944 non
1446 4898 1591 4947 esset
1618 4891 1715 4958 ibi,
1758 4908 1936 4965 neque

336 4976 588 5049 discipuli
618 4978 759 5049 ejus,
786 4982 1151 5038 ascenderunt
1175 4981 1229 5038 in
1260 4984 1559 5052 naviculas,
1583 4994 1641 5043 et
1667 4996 1937 5045 venerunt

336 5068 723 5141 Capharnaum
756 5084 1062 5146 quaerentes
1104 5076 1311 5133 Iesum.
1345 5078 1409 5132 Et
1438 5092 1560 5134 cum
1602 5079 1935 5139 invenissent

337 5180 464 5221 eum
495 5175 648 5222 trans
688 5183 837 5224 mare
862 5210 877 5235 ,
929 5168 1186 5225 dixerunt
1230 5170 1280 5225 ei
1310 5188 1324 5226 :
1357 5171 1551 5239 Rabbi,
1585 5175 1801 5243 quando
1832 5175 1939 5232 huc

339 5260 586 5317 venisti?
632 5261 1034 5331 llesponditeis
1054 5264 1234 5333 Jesus,
1266 5275 1317 5321 et
1341 5266 1519 5325 dixit:
1552 5269 1747 5335 Amen,
1779 5285 1937 5327 amen

340 5351 464 5409 dico
514 5354 669 5411 vobis
703 5377 715 5412 :
755 5358 1000 5428 quaeritis
1049 5373 1157 5425 me,
1207 5375 1312 5414 non
1358 5363 1485 5431 quia
1518 5361 1729 5419 vidistis
1759 5366 1932 5435 signa,

342 5448 439 5504 sed
471 5450 595 5519 quia
636 5452 1003 5507 manducastis
1024 5467 1091 5508 ex
1122 5453 1377 5523 panibus,
1427 5466 1481 5511 et
1526 5459 1755 5513 saturati
1785 5461 1938 5519 eStis.

343 5540 658 5609 Operamini
694 5557 800 5598 non
832 5543 1011 5599 cibum
1044 5545 1132 5615 qui
1185 5546 1345 5616 perit,
1391 5545 1485 5602 sed
1518 5548 1607 5618 qui
1660 5560 1943 5619 permanet

346 5631 401 5685 in
431 5631 599 5687 vitam
628 5642 913 5701 arternam,
947 5652 1104 5704 quem
1131 5637 1297 5692 Filius
1328 5639 1564 5694 hominis
1594 5640 1739 5695 dabit
1771 5644 1945 5699 vobis.

344 5726 500 5784 llunc
527 5729 671 5785 enim
713 5730 876 5787 Pater
921 5734 1157 5803 signavit
1187 5733 1350 5791 Deus.
1406 5736 1672 5794 Dixerunt
1706 5755 1837 5812 ergo
1877 5740 1944 5796 ad

417 5854 444 5884 ⁸
474 5846 593 5926 Non
626 5849 831 5926 addunt
877 5851 1060 5926 nostri
1094 5866 1224 5926 mss.
1257 5852 1425 5926 piens,
1461 5852 1603 5926 quod
1635 5854 1935 5926 epithetum

345 5934 532 5990 neque
565 5922 617 5977 iu
649 5921 838 5981 Graeco
867 5932 1016 5980 textu
1046 5922 1137 5980 hic
1166 5924 1273 5981 loci
1299 5924 1598 5981 invenitur.

2042 4799 2225 4856 mundi
2250 4798 2375 4854 vita.
2411 4799 2580 4873 [va1,
2615 4799 2727 4870 10.]
2758 4800 3063 4872 Litigabant
3095 4818 3227 4874 ergo
3255 4802 3525 4860 Judaii'ad
3558 4804 3640 4860 in-

2043 4897 2243 4962 vicem,
2272 4895 2524 4951 dicentes
2550 4914 2561 4948 :
2590 4895 2876 4965 Quomodo
2906 4906 3088 4969 potest
3115 4898 3204 4954 hic
3234 4898 3393 4956 nobis
3422 4912 3643 4955 carnem

2044 5007 2196 5048 suam
2220 4991 2351 5047 dare
2378 4989 2447 5045 ad
2474 4992 2953 5048 manducandum?
3000 4994 3145 5049 Dixit
3177 5009 3307 5065 ergo
3336 4995 3416 5051 eis
3442 4994 3640 5051 Jesus:

2047 5087 2241 5152 Amen,
2273 5098 2431 5140 amen
2468 5084 2593 5140 dico
2638 5084 2792 5142 vobis
2829 5104 2841 5139 :
2886 5086 2986 5141 nisi
3016 5086 3477 5143 manducaveritis
3522 5100 3643 5142 car-

2048 5194 2169 5235 nem
2198 5178 2321 5235 Filii
2355 5177 2611 5245 hominis,
2646 5188 2700 5235 et
2724 5178 2976 5236 biberitis
3005 5180 3124 5249 ejus
3153 5180 3496 5249 sanguinem,
3531 5194 3640 5236 non

2043 5271 2314 5327 habebitis
2346 5271 2510 5326 vitam
2539 5270 2593 5325 in
2623 5270 2798 5328 vobis.
2840 5270 2942 5339 Qui
2983 5271 3276 5325 manducat
3313 5285 3489 5326 meam
3514 5284 3639 5327 car-

2045 5383 2189 5433 nem,
2220 5376 2273 5422 ct
2306 5365 2445 5421 bibit
2480 5380 2659 5422 meum
2706 5364 3048 5437 sanguinem,
3090 5364 3253 5422 habet
3286 5367 3451 5421 vitam
3484 5374 3645 5423 aiter-

2049 5474 2213 5525 uam,
2273 5466 2329 5515 et
2376 5473 2478 5529 ego
2523 5457 2862 5513 resuscitabo
2910 5472 3033 5512 cum
3082 5458 3135 5512 in
3186 5459 3486 5513 novissimo
3533 5459 3644 5515 die.

2050 5555 2238 5627 [‘vau,
2259 5551 2335 5622 1.]
2361 5551 2504 5607 Caro
2528 5553 2671 5608 enim
2692 5567 2833 5617 mea,
2862 5566 2988 5607 vere
3016 5560 3099 5607 est
3119 5553 3271 5607 cibus
3296 5569 3309 5607 :
3343 5565 3395 5609 et
3426 5554 3647 5623 sanguis

2050 5661 2225 5711 meus,
2274 5659 2404 5700 vere
2454 5654 2536 5700 est
2568 5654 2747 5714 putus.
2800 5644 3155 5717 [vattt.10.]
3202 5646 3303 5711 Qui
3361 5646 3650 5701 manducat

2052 5753 2226 5795 meam
2250 5752 2496 5806 carnem,
2528 5744 2585 5792 et
2614 5736 2950 5791 bibitmeum
2978 5738 3322 5809 sanguinem,
3349 5737 3506 5793 inme
3537 5752 3649 5792 ma-

2124 5854 2154 5895 δ
2183 5853 2241 5910 ln
2274 5870 2382 5910 uno
2411 5851 2672 5907 Vaticano
2693 5848 2980 5921 descendit,
3014 5866 3111 5922 pro
3138 5852 3397 5907 descendi.
