4166 6336
519 343 626 400 665

1527 345 1590 403 S.
1629 343 2010 404 HIERONYMI
2048 345 2278 406 DIVINA
2323 345 2800 406 BIBLIOTHECA.

3714 349 3818 407 664

520 470 632 526 net,
668 469 722 515 et
748 474 850 532 ego
877 459 932 516 in
969 459 1084 516 illo.
1112 459 1267 517 Sicut
1302 461 1450 517 misit
1499 476 1588 518 me
1613 463 1804 519 vivens
1848 463 2029 529 Pater,
2063 473 2120 518 et
2149 472 2188 527 Α
2223 465 2380 520 Jesus
2407 465 2459 518 in
2491 466 2773 536 templum,
2802 473 2858 522 et
2881 465 3132 522 docebat.
3177 466 3602 523 Etmirabantur
3625 465 3818 534 Judaei,

521 571 624 628 ego
664 554 791 611 vivo
823 567 1045 628 propter
1086 556 1342 613 Patrem:
1373 566 1430 612 et
1468 559 1560 629 qui
1600 558 1890 613 manducat
1928 572 2035 622 me,
2060 567 2119 613 et

522 650 642 720 ipse
687 650 834 704 vivet
873 657 1097 721 propter
1139 666 1247 706 me.
1289 651 1389 706 Hic
1419 659 1504 707 est
1541 653 1715 720 panis,
1763 650 1854 719 qui
1881 650 1951 707 de
1979 651 2118 706 caalo

523 745 827 802 descendit.
867 744 987 800 Non
1038 746 1178 801 sicut
1225 746 1700 801 manducaverunt
1735 755 1916 814 patres
1950 744 2119 800 vestri

522 854 746 906 manna,
772 850 826 895 et
849 840 1049 894 mortui
1077 846 1224 895 sunt.
1253 839 1355 907 Qui
1397 839 1689 894 manducat
1726 840 1869 894 hunc
1900 854 2118 910 panem,

524 933 670 988 vivet
691 931 743 986 in
775 941 1064 987 aeternum.
1091 932 1219 987 llaec
1239 931 1380 987 dixit
1409 933 1460 986 in
1501 947 1771 1003 synagoga
1814 932 2042 999 docens,
2065 933 2118 987 in

524 1022 932 1094 Capharnaum.
959 1022 1111 1078 Multi
1139 1037 1266 1094 ergo
1289 1023 1573 1079 audientes
1590 1039 1654 1080 ex
1681 1024 1962 1094 discipulis
1979 1024 2121 1094 ejus,

524 1119 780 1175 dixerunt
811 1136 823 1172 :
849 1117 1031 1173 Durus
1072 1128 1158 1174 est
1187 1118 1273 1174 hic
1304 1133 1507 1186 sermo,
1540 1129 1594 1175 et
1623 1121 1746 1190 quis
1777 1126 1960 1191 potest
1996 1134 2123 1175 eum

524 1213 752 1269 audire?
779 1211 970 1268 Sciens
991 1224 1174 1269 autem
1197 1211 1359 1268 Jesus
1398 1213 1543 1282 apud
1581 1214 1959 1284 semetipsum,
1996 1214 2123 1283 quia

527 1312 937 1361 murmurarent
974 1305 1044 1360 de
1082 1305 1186 1360 hoc
1225 1304 1476 1375 discipuli
1519 1305 1658 1376 ejus,
1690 1305 1825 1361 dixit
1861 1305 1980 1361 eis:
2012 1305 2127 1359 Hoc

522 1413 622 1454 vos
661 1398 1036 1454 scandalizat?
1071 1399 1241 1472 μω,
1289 1398 1368 1470 1.]
1401 1400 1458 1454 Si
1485 1413 1616 1469 ergo
1646 1398 1898 1453 videritis
1921 1397 2122 1453 Filium

530 1491 770 1548 hominis
791 1492 1180 1549 ascendentem
1205 1493 1294 1548 ubi
1325 1503 1443 1547 erat
1472 1493 1657 1563 prius?
1685 1492 1833 1564 [Lxx,
1857 1491 1938 1563 4.]
1957 1492 2127 1564 Spiri-

529 1593 618 1642 tus
641 1595 664 1621 ι
691 1595 798 1652 est,
830 1586 925 1657 qui
946 1585 1186 1643 viviﬁcat
1211 1604 1224 1639 :
1253 1601 1382 1642 caro
1414 1601 1521 1642 non
1561 1587 1783 1657 prodest
1805 1588 2124 1660 quidquam.

532 1679 705 1751 [Lxxt,
734 1677 848 1750 10.]
883 1679 1059 1735 Verba
1092 1695 1215 1749 quae
1245 1696 1347 1751 ego
1371 1681 1583 1736 locutus
1608 1698 1727 1737 sum
1751 1683 1928 1751 vobis,
1959 1684 2127 1754 spiri-

530 1777 618 1825 tus
646 1779 702 1826 et
731 1771 840 1826 vita
866 1781 1013 1827 sunt.
1045 1773 1151 1829 Sed
1182 1783 1311 1828 sunt
1338 1773 1561 1846 quidam
1591 1790 1658 1831 ex
1687 1775 1866 1841 vobis,
1898 1779 1991 1848 qui
2021 1793 2127 1832 non

2219 555 2490 612 dicentes:
2523 555 2808 625 Quomodo
2831 557 2917 613 hic
2943 557 3155 615 litteras
3183 557 3308 624 scit,
3335 573 3458 614 cum
3487 573 3595 614 non
3615 557 3822 616 didice-

2222 649 2334 704 rit?
2365 649 2664 720 Respondit
2685 648 2764 706 eis
2785 649 2966 719 Jesus,
2997 659 3052 707 et
3079 651 3245 706 dixit:
3278 651 3392 706 Mea
3427 651 3671 706 doctrina
3709 665 3820 707 non

2220 754 2304 801 est
2335 761 2476 813 mea,
2501 745 2596 801 sed
2626 745 2740 817 ejus
2768 746 2859 817 qui
2889 745 3036 802 misit
3065 761 3172 802 me.
3217 746 3273 803 Si
3310 747 3431 816 quis
3472 744 3705 803 voluerit
3727 761 3826 801 vo-

2223 839 2481 894 luntatem
2511 839 2632 910 ejus
2662 838 2844 896 facere
2869 882 2884 906 ,
2926 849 3223 912 cognoscet
3251 841 3319 898 de
3345 840 3615 910 doctrina,
3643 851 3827 896 utrum

2222 946 2289 987 ex
2322 931 2433 986 Deo
2462 929 2554 997 sit,
2587 947 2655 986 an
2687 946 2788 1003 ego
2810 947 2838 986 a
2867 933 3077 1002 meipso
3100 933 3306 1004 loquar.
3339 932 3442 999 Qui
3474 946 3506 988 a
3534 933 3828 1003 semetipso

2225 1024 2484 1094 loquitur,
2515 1024 2746 1096 gloriam
2774 1026 3054 1097 propriam
3081 1027 3278 1096 quaerit
3300 1042 3316 1090 ;
3341 1025 3437 1097 qui
3465 1035 3644 1082 autem
3674 1042 3827 1098 qua:-

2224 1117 2297 1172 rit
2324 1117 2552 1187 gloriam
2585 1118 2726 1188 ejus,
2758 1119 2851 1189 qui
2880 1119 3024 1175 misit
3049 1135 3196 1188 eum,
3230 1121 3317 1176 hic
3348 1135 3511 1177 verax
3533 1129 3638 1188 est,
3671 1133 3726 1178 et
3745 1121 3832 1177 in-

2220 1209 2430 1280 justitia
2463 1211 2519 1266 in
2545 1211 2638 1268 illo
2669 1228 2776 1267 non
2811 1220 2916 1269 est.
2947 1212 3136 1269 Nonne
3156 1213 3368 1287 Moyses
3389 1214 3537 1270 dedit
3564 1215 3716 1271 vobis
3744 1216 3830 1271 le-

2225 1317 2347 1374 gem
2375 1321 2386 1358 :
2431 1317 2486 1360 et
2515 1320 2676 1362 nemo
2705 1323 2772 1362 ex
2806 1307 2958 1363 vobis
2987 1307 3114 1363 facit
3147 1308 3358 1379 legem?
3391 1309 3529 1374 Quid
3560 1325 3646 1366 me
3675 1324 3830 1380 quac-

2228 1399 2348 1454 ritis
2394 1400 2745 1458 interﬁcere?
2786 1402 3089 1472 Respondit
3120 1405 3302 1471 turba,
3330 1415 3384 1460 et
3415 1405 3586 1460 dixit:
3619 1404 3834 1462 Damo-

2229 1491 2376 1546 nium
2408 1491 2612 1560 habes,
2663 1495 2786 1565 quis
2822 1505 2872 1550 te
2912 1496 3108 1567 quterit
3142 1497 3481 1554 interﬁcere?
3532 1499 3837 1572 Respondit

2229 1585 2410 1653 Jesus,
2443 1597 2499 1641 et
2527 1585 2665 1642 dixit
2687 1590 2764 1643 eis
2790 1607 2802 1641 :
2846 1587 3025 1646 Unum
3053 1604 3189 1662 opus
3216 1589 3352 1658 feci,
3383 1601 3440 1648 et
3459 1608 3651 1649 omnes
3670 1593 3836 1648 mira-

2231 1679 2384 1736 mini.
2409 1680 2698 1750 Propterea
2739 1682 2951 1755 Moyses
2973 1682 3122 1740 dedit
3164 1684 3320 1740 vobis
3357 1685 3833 1743 circumcisionem

2234 1775 2364 1847 (non
2387 1776 2511 1845 quia
2536 1792 2600 1832 ex
2623 1777 2806 1849 Moyse
2827 1787 2932 1844 est,
2947 1779 3041 1834 sed
3059 1793 3126 1834 ex
3147 1779 3436 1849 patribus),
3458 1789 3515 1836 et
3534 1781 3585 1836 in
3600 1779 3830 1836 sabbato

529 1863 782 1920 credunt.
809 1863 1005 1937 [Lxxn,
1025 1865 1109 1938 4.]
1137 1866 1362 1923 Sciebat
1392 1867 1540 1923 enim
1570 1868 1638 1924 ab
1664 1868 1819 1924 initio
1849 1870 2010 1926 Jesus
2035 1871 2126 1942 qui
2159 1861 2207 1922 B
2233 1868 2626 1926 circumciditis
2674 1871 2969 1927 hominem.
3027 1869 3084 1928 Si
3124 1872 3596 1928 circumcisionem
3633 1874 3832 1944 accipit

530 1968 720 2014 essent
752 1976 860 2015 non
883 1961 1187 2028 credentes,
1220 1971 1276 2017 et
1316 1963 1437 2032 quis
1479 1961 1778 2018 traditurus
1805 1972 1952 2020 esset
1975 1980 2124 2021 eum.

530 2051 744 2125 [Lxxnn
779 2051 893 2122 10.]
920 2052 988 2107 Et
1027 2053 1282 2110 diccbat:
1315 2054 1606 2124 Propterea
1641 2055 1754 2110 dixi
1794 2056 1971 2122 vobis,
2004 2057 2128 2127 quia

530 2157 696 2199 nemo
729 2153 908 2213 potest
928 2145 1117 2200 venire
1139 2145 1207 2200 ad
1237 2160 1345 2213 me,
1373 2147 1475 2202 nisi
1499 2146 1660 2202 fuerit
1689 2147 1738 2203 ei
1761 2148 1946 2204 datum
1969 2164 1999 2204 a
2023 2149 2128 2204 Pa-

532 2245 616 2292 tre
666 2251 812 2292 meo.
845 2236 925 2292 Ex
967 2237 1074 2293 hoc
1105 2238 1260 2293 multi
1291 2238 1683 2309 discipulorum
1720 2243 1836 2312 ejus
1876 2243 2129 2300 abierunt

530 2336 684 2384 retro
717 2347 730 2382 :
773 2337 828 2385 et
851 2329 964 2399 jam
989 2345 1100 2385 non
1129 2346 1250 2386 cum
1279 2332 1372 2386 illo
1414 2332 1782 2390 ambulabant.
1821 2335 1966 2391 Dixit
1997 2351 2130 2408 ergo

533 2422 694 2478 Jesus
741 2423 809 2479 ad
854 2423 1143 2479 duodecim
1178 2442 1192 2481 :
1226 2424 1496 2497 Numquid
1544 2436 1600 2482 et
1627 2443 1722 2485 vos
1749 2429 1910 2486 vultis
1935 2430 2128 2488 abire?

535 2516 739 2588 [Lxxtv,
775 2515 852 2587 1.]
886 2517 1191 2588 Respondit
1220 2535 1351 2590 ergo
1380 2522 1429 2576 ei
1452 2520 1640 2578 Simon
1668 2523 1868 2579 Petrus
1893 2541 1906 2578 :
1939 2525 2128 2580 Demi-

532 2625 623 2678 ne,
657 2609 724 2664 ad
752 2624 912 2680 quem
941 2611 1177 2667 ibimus?
1220 2613 1384 2670 verba
1411 2612 1537 2670 vitae
1567 2623 1792 2671 aeternae
1825 2618 2015 2674 habes.
2063 2619 2132 2674 Et

529 2718 632 2760 nos
659 2703 1018 2772 credidimus,
1049 2717 1106 2762 et
1131 2713 1507 2778 cognovimus,
1558 2708 1679 2780 quia
1709 2719 1768 2765 tu
1796 2725 1856 2766 es
1882 2710 2132 2769 Christus

529 2796 613 2855 Fil
634 2813 700 2854 us
731 2798 846 2856 Dei.
892 2799 1074 2872 [Lxxv,
1105 2799 1217 2872 l0.]
1247 2801 1549 2874 Respondit
1580 2803 1662 2860 eis
1691 2803 1848 2860 Jesus
1881 2824 1893 2858 :
1939 2804 2130 2863 Nonne

531 2909 634 2966 ego
664 2910 762 2951 vos
802 2895 1087 2953 duodecim
1118 2896 1257 2968 elegi
1283 2913 1298 2956 :
1335 2907 1390 2953 et
1419 2913 1487 2954 ex
1517 2898 1672 2954 vobis
1701 2915 1840 2955 unus
1880 2899 2128 2956 diabolus

530 2986 660 3043 est?
723 2987 950 3044 Dicebat
1012 2997 1194 3044 autem
1253 2990 1446 3046 Judam
1501 2991 1738 3048 Simonis
1813 2991 2127 3048 lscariotem

534 3080 642 3154 [ΑΙ.
676 3079 1024 3138 Scariothem
1046 3092 1092 3137 et
1122 3081 1442 3154 Scariothis]
1474 3100 1489 3138 :
1523 3082 1611 3140 hic
1640 3083 1785 3140 enim
1814 3095 1932 3139 erat
1958 3084 2124 3140 tradi-

529 3182 682 3229 turus
712 3189 862 3244 eum,
884 3189 1008 3230 cum
1036 3184 1178 3230 esset
1200 3191 1338 3232 unus
1360 3192 1427 3232 ex
1453 3176 1763 3256 duodecim.

2230 1963 2396 2020 homo
2431 1964 2486 2019 in
2513 1964 2738 2022 sabbato
2760 2012 2775 2036 ,
2822 1975 2879 2021 ut
2909 1982 3015 2022 non
3047 1968 3289 2024 solvatur
3318 1968 3404 2024 lex
3435 1969 3643 2041 Moysi,
3700 1969 3835 2025 mihi

2230 2057 2584 2128 indignamini
2615 2058 2738 2130 quia
2771 2067 2942 2114 totum
2969 2059 3243 2116 hominem
3276 2076 3466 2116 sanum
3492 2060 3596 2117 feci
3623 2061 3677 2117 in
3705 2061 3834 2118 sab-

2231 2150 2400 2207 bato?
2428 2150 2606 2207 Nolite
2629 2151 2877 2221 judicare
2902 2153 3198 2208 secundum
3231 2152 3425 2208 faciem
3448 2196 3464 2220 ,
3510 2151 3605 2208 sed
3628 2153 3834 2222 justum

2225 2243 2490 2314 judicium
2514 2243 2776 2314 judicate.
2818 2243 3082 2300 Dicebant
3112 2259 3241 2316 ergo
3270 2244 3489 2316 quidam
3512 2259 3578 2300 ex
3605 2243 3829 2301 Jeroso-

2233 2335 2432 2408 lymis:
2489 2335 2681 2392 Nonne
2711 2336 2796 2392 hic
2837 2347 2919 2394 est
2941 2383 2956 2407 ,
3011 2353 3171 2408 quem
3203 2347 3454 2409 quaerunt
3484 2337 3834 2395 interﬁcere?

2233 2427 2260 2468 δ
2282 2427 2352 2482 Εῑ
2367 2441 2494 2484 ecce
2511 2429 2686 2500 palam
2711 2429 2948 2500 loquitur
2975 2449 2988 2486 :
3012 2439 3068 2487 et
3094 2430 3229 2486 nihil
3257 2431 3307 2486 ei
3329 2431 3538 2488 dicunt.
3565 2431 3834 2502 Numquid

2233 2539 2360 2579 vere
2403 2532 2779 2595 cognoverunt
2820 2525 3088 2596 principes
3127 2527 3251 2594 quia
3298 2525 3385 2582 bie
3424 2537 3507 2582 est
3534 2523 3831 2582 Christus?

2231 2615 2339 2673 Sed
2368 2615 2512 2672 hunc
2541 2619 2746 2673 scimus
2773 2619 2916 2673 unde
2947 2618 3048 2674 sit:
3076 2619 3322 2674 Christus
3365 2629 3544 2673 autent
3573 2633 3696 2674 cum
3735 2635 3832 2674 ve-

2233 2709 2405 2778 nerit,
2452 2724 2609 2764 nemo
2642 2709 2747 2765 scit
2775 2709 2922 2765 unde
2942 2710 3030 2766 sit.
3057 2712 3265 2783 [cxxvn
3291 2708 3371 2780 5.]
3393 2708 3678 2767 Clamabat
3699 2725 3831 2781 ergo

2231 2798 2387 2856 Jesus
2416 2801 2468 2855 in
2498 2800 2704 2870 templo
2734 2801 2958 2868 docens,
2989 2812 3045 2857 et
3070 2801 3255 2859 dicens
3281 2821 3295 2858 :
3337 2805 3402 2858 Et
3426 2819 3512 2858 me
3544 2804 3693 2858 scitis
3713 2846 3729 2870 ,
3775 2812 3834 2858 et

2233 2893 2378 2951 unde
2405 2895 2507 2949 sim
2532 2893 2728 2951 scitis:
2763 2904 2815 2950 et
2844 2910 2872 2949 a
2903 2910 2990 2951 me
3019 2895 3137 2966 ipso
3169 2912 3276 2952 non
3306 2897 3467 2963 veni,
3498 2897 3593 2952 sed
3620 2907 3705 2953 est
3735 2912 3830 2954 ve-

2232 3007 2347 3060 rus,
2374 2991 2467 3064 qui
2497 2993 2644 3050 misit
2670 3008 2779 3060 me,
2809 3008 2968 3064 quem
2998 3008 3095 3050 vos
3125 2994 3366 3050 nescitis.
3399 2994 3647 3064 Egoscio
3671 3010 3828 3050 eum:

2229 3087 2355 3158 quia
2386 3087 2456 3142 ab
2481 3085 2600 3157 ipso
2625 3103 2772 3156 sum,
2794 3097 2849 3143 et
2875 3089 2989 3158 ipse
3015 3103 3102 3144 me
3127 3089 3291 3144 misit.
3328 3088 3554 3160 [Lxxv:t,
3582 3085 3836 3158 l.]Qu:e-

2233 3182 2429 3238 rebant
2455 3197 2586 3254 ergo
2613 3198 2736 3239 eum
2761 3183 3201 3253 apprehendere:
3229 3192 3284 3240 et
3312 3200 3475 3239 nemo
3505 3183 3652 3239 misit
3683 3185 3736 3238 in
3765 3184 3834 3238 il-

606 3266 755 3340 [_Cap.
789 3233 924 3338 νὴ]
957 3267 1088 3325 Post
1120 3268 1238 3324 lucc
1270 3279 1447 3325 autem
1497 3246 1814 3326 ambulabat
1857 3269 2017 3327 Jesus
2071 3271 2126 3327 in
2153 3233 2200 3298 Ε
2600 3233 2985 3346 quia-nondum
3008 3288 3233 3332 venerat
3256 3277 3390 3332 hora
3411 3276 3549 3347 ejus.
3578 3278 3826 3350 [LXXVII],

533 3360 858 3428 Galilaeam;
893 3378 996 3418 non
1026 3363 1168 3419 enim
1204 3364 1420 3418 volebat
1447 3364 1501 3419 in
1545 3364 1788 3421 Judteam
1819 3367 2125 3432 ambulare,

530 3455 658 3526 quia
685 3455 1001 3526 quaerebant
1045 3472 1174 3513 eum
1203 3456 1374 3513 Judai
1407 3459 1736 3515 interﬁcere.
1779 3460 1906 3516 Erat
1947 3471 2126 3518 autem

531 3549 587 3604 in
619 3550 866 3620 proximo
894 3551 1014 3607 dies
1041 3550 1562 3622 festusjludaeorum,
1592 3553 1945 3624 Seenopegia.
1968 3553 2126 3610 Dixe-

531 3653 657 3698 runt
702 3651 891 3698 autem
921 3643 990 3698 ad
1037 3658 1161 3700 eum
1210 3643 1406 3700 fratres
1435 3645 1599 3715 ejus:
1656 3645 1848 3702 Transi
1896 3647 2042 3711 hinc,
2075 3658 2132 3704 et

535 3734 673 3792 vade
705 3737 758 3791 in
787 3736 1053 3806 Judaeam,
1089 3746 1149 3793 ut
1195 3745 1254 3793 et
1298 3737 1548 3808 discipuli
1599 3738 1677 3794 tui
1709 3739 1927 3795 videant
1963 3756 2129 3811 opera

531 3838 648 3899 tua,
698 3846 821 3903 qua:
873 3831 1025 3888 facis.
1083 3832 1254 3889 Nemo
1312 3833 1512 3905 quippe
1579 3835 1633 3890 in
1711 3835 1924 3892 occulto
1998 3836 2126 3907 quid

529 3922 703 3995 facit,
757 3932 813 3980 et
853 3926 1046 3996 qumrit
1091 3926 1287 3996 ipsein
1319 3928 1497 3996 palam
1533 3941 1657 3984 esse
1687 3945 1700 3982 :
1734 3927 1779 3983 si
1809 3927 1925 3983 haec
1957 3927 2127 3996 facis',

529 4017 820 4075 manifesta
889 4019 1124 4089 teipsum
1196 4020 1422 4076 mundo.
1483 4019 1670 4091 Neque
1727 4022 1871 4078 enim
1933 4021 2127 4078 fratres

527 4110 646 4180 ejus
695 4111 989 4168 credebant
1017 4112 1071 4167 in
1103 4128 1250 4169 eum.
1293 4112 1438 4170 Dicit
1463 4128 1593 4186 ergo
1635 4113 1716 4171 eis
1742 4113 1936 4173 Jesus:
1971 4115 2130 4170 'l‘em-

524 4218 628 4275 pus
657 4219 837 4260 meum
877 4208 1118 4260 nondum
1149 4207 1402 4263 advenit:
1438 4215 1648 4278 tempus
1680 4215 1860 4264 autem
1889 4218 2126 4265 vestrum

527 4311 748 4368 semper
793 4306 877 4353 est
929 4307 1195 4366 paratum.
1257 4299 1372 4354 Non
1423 4308 1604 4370 potest
1653 4301 1884 4356 mundus
1949 4299 2128 4357 odisse

524 4404 655 4446 vos:
692 4405 778 4446 me
808 4399 984 4447 autem
1014 4391 1127 4447 odit
1152 4391 1338 4464 [Mam
1366 4392 1537 4464 audit]
1564 4410 1578 4450 :
1607 4395 1729 4465 quia
1757 4409 1856 4466 ego
1888 4395 2126 4450 testimo-

527 4483 680 4540 nium
711 4483 972 4554 perhibeo
1001 4484 1068 4540 de
1103 4485 1228 4553 illo,
1277 4486 1421 4557 quod
1449 4502 1610 4558 opera
1640 4490 1758 4559 ejus
1798 4490 1935 4546 mala
1976 4499 2120 4546 sunt.

529 4575 639 4632 Vos
664 4576 944 4634 ascendite
966 4577 1032 4632 ad
1055 4578 1198 4636 diem
1226 4579 1427 4636 festum
1459 4579 1633 4649 hunc,
1676 4597 1776 4653 ego
1804 4591 1984 4638 autem
2015 4598 2122 4639 non

525 4669 764 4727 ascendo
801 4670 869 4725 ad
899 4670 1041 4726 diem
1081 4669 1311 4729 festum:
1367 4675 1492 4744 quia
1535 4689 1713 4731 meum
1745 4683 1955 4746 tempus
1983 4692 2119 4732 non-

525 4761 652 4818 dum
674 4761 957 4833 impletum
978 4762 1236 4834 est.:l'l:ec
1262 4780 1383 4821 cum
1415 4766 1659 4832 dixisset,
1693 4766 1808 4837 ipse
1838 4769 2037 4824 mansit
2068 4770 2118 4824 in

522 4853 764 4912 Galilaaa.
810 4855 880 4912 Ut
900 4866 1080 4913 autem
1105 4858 1466 4915 ascenderunt
1496 4861 1691 4917 fratres
1715 4861 1833 4932 ejus
1852 4904 1867 4931 ,
1909 4873 2036 4919 tunc
2069 4872 2126 4920 et

521 4950 641 5023 ipse
659 4950 905 5007 ascendit
926 4951 995 5007 ad
1012 4952 1159 5008 diem
1178 4951 1376 5010 fesmm
1401 4969 1505 5009 non
1527 4955 1834 5024 manifeste,
1857 4959 1950 5014 sed
1973 4960 2122 5030 quasi

521 5045 577 5101 in
609 5045 844 5103 occulto.
873 5044 1044 5103 Judtei
1080 5061 1210 5118 ergo
1237 5048 1553 5118 quaerebant
1580 5065 1703 5106 eum
1743 5051 1794 5106 in
1841 5052 1928 5106 die
1958 5051 2118 5121 festo,

520 5149 578 5198 et
602 5142 889 5201 dicebant:
913 5142 1018 5200 Ubi
1047 5154 1131 5201 est
1159 5144 1286 5201 ille?
1314 5144 1384 5202 Et
1411 5161 1657 5203 murmur
1679 5149 1904 5204 multum
1929 5150 2119 5207 eratin

523 5237 681 5294 turba
709 5237 779 5296 de
804 5253 887 5295 eo.
919 5238 1149 5308 Quidam
1174 5239 1316 5296 enim
1341 5240 1622 5297 dicebant:
1655 5241 1786 5308 Quia
1813 5242 1986 5298 bonus
2013 5253 2122 5309 est.-

519 5330 624 5389 Alii
647 5341 828 5387 autem
850 5331 1137 5388 dicebant:
1165 5332 1313 5404 Non,
1345 5334 1441 5391 sed
1470 5334 1680 5391 seducit
1708 5335 1912 5391 turbas.
1949 5335 2117 5392 Nemo

520 5435 702 5480 tamen
738 5424 913 5494 palam
946 5425 1266 5494 loquebatur
1294 5427 1361 5484 de
1391 5427 1514 5495 illo,
1543 5437 1765 5499 propter
1796 5438 1998 5485 metum
2025 5433 2120 5487 Ju-

517 5515 784 5574 dteorum.
834 5517 953 5573 Jam
997 5528 1176 5574 autem
1205 5519 1294 5576 die
1336 5519 1476 5577 festo
1519 5522 1821 5591 mediante,
1872 5525 2121 5582 ascendit

593 5679 621 5709 ⁸
647 5675 754 5732 Pro
774 5685 848 5730 est
872 5678 1039 5732 verbo
1060 5677 1170 5752 duo
1199 5693 1230 5733 e
1259 5680 1459 5734 nostris
1487 5696 1619 5736 mss.
1648 5682 1864 5739 obelum
1889 5700 1930 5738 οξ
1961 5729 1974 5752 ,
2003 5686 2100 5740 mi-

518 5760 620 5803 nus
650 5757 831 5803 tamen
863 5757 1033 5813 recte,
1078 5750 1432 5806 interserunt.

588 5819 616 5857 ιι
648 5818 980 5895 Particulam
1006 5818 1093 5887 Et,
1124 5820 1231 5895 duo
1257 5838 1288 5878 e
1310 5824 1511 5895 nostris
1531 5840 1660 5880 mss.
1685 5827 1966 5895 ignorant;
1999 5837 2109 5883 ter-

519 5890 627 5948 tius
659 5891 945 5949 Vaticanus
979 5892 1231 5951 secundis
1259 5894 1407 5950 curis
1446 5890 1727 5968 expungitl
1753 5898 1924 5955 Paulo
1953 5890 2106 5968 ante,

2235 3367 2348 3440 10.]
2396 3370 2472 3425 De
2502 3369 2654 3424 turba
2684 3379 2864 3425 autem
2893 3369 3046 3426 multi
3072 3370 3422 3428 crediderunt
3468 3372 3527 3426 in
3567 3387 3688 3428 eum
3717 3413 3732 3437 ,
3773 3379 3831 3426 et

2233 3460 2517 3518 dicebant:
2541 3462 2792 3520 Christus
2810 3477 2933 3520 cum
2956 3465 3190 3533 venerit,
3215 3464 3475 3535 numquid
3501 3465 3653 3534 plura
3674 3465 3829 3534 signa

2232 3555 2394 3612 faciet
2423 3572 2583 3624 quam
2615 3573 2739 3630 quae
2769 3558 2857 3614 hic
2894 3557 3067 3614 facit?
3109 3559 3410 3614 Audierant
3443 3558 3692 3628 pbarisaei
3721 3567 3831 3613 tur-

2232 3651 2357 3707 bam
2390 3662 2823 3709 murmuranlem
2848 3651 2917 3708 de
2942 3653 3034 3709 illo
3063 3650 3210 3718 haec;
3241 3651 3448 3724 [Lxxtx,
3481 3649 3556 3721 1.]
3586 3660 3642 3706 ει
3667 3651 3831 3706 mise—

2232 3754 2361 3800 runt
2394 3745 2666 3817 principes
2696 3756 2748 3802 et
2779 3745 3034 3816 pharisari
3077 3747 3377 3812 ministros,
3425 3755 3486 3802 ut
3520 3745 3834 3817 apprehen-

2232 3836 2425 3892 derent
2449 3853 2594 3894 eum.
2631 3837 2823 3910 [Lxxx,
2854 3837 2965 3910 l0.]
2999 3837 3144 3894 Dixit
3164 3853 3295 3910 ergo
3315 3838 3392 3894 eis
3413 3839 3606 3894 Jesus:
3640 3837 3834 3892 Adhuc

2233 3932 2508 3988 modicum
2551 3941 2766 4005 tempus
2805 3933 3085 3989 vobiscum
3124 3949 3282 3988 sum:
3331 3945 3384 3988 e:
3429 3932 3568 3988 vado
3599 3933 3666 3988 ad
3703 3947 3829 3988 eum

2231 4026 2320 4096 qui
2347 4040 2434 4081 me
2460 4026 2627 4080 misit.
2654 4026 2861 4098 [LXXXL
2889 4024 3002 4097 l0.]
3039 4035 3061 4064 ο
3080 4025 3348 4094 ρυτετειίε
3379 4041 3489 4094 me,
3515 4036 3573 4082 et
3598 4041 3708 4081 non
3741 4026 3830 4081 in-

2233 4119 2500 4176 venietis:
2547 4130 2601 4174 et
2629 4120 2716 4174 ubi
2758 4135 2858 4190 ego
2888 4135 3039 4186 sum,
3091 4135 3190 4175 vos
3219 4135 3324 4175 non
3360 4120 3587 4191 potestis
3615 4118 3827 4176 venire.

2232 4213 2501 4270 Dixerunt
2535 4229 2664 4286 ergo
2689 4214 2863 4270 Judmi
2897 4215 2964 4268 ad
2995 4215 3324 4285 semetipsos
3349 4230 3362 4268 :
3387 4214 3506 4282 Quo
3539 4214 3626 4269 hic
3655 4215 3828 4268 iturus

2233 4320 2338 4378 εει,
2371 4308 2493 4379 quia
2540 4324 2648 4362 non
2680 4308 3024 4364 inveniemus
3053 4310 3210 4364 eum?
3241 4307 3502 4379 numquid
3530 4307 3584 4363 in
3615 4308 3830 4379 disper-

2231 4401 2438 4456 sionem
2465 4400 2704 4470 gentium
2739 4402 2913 4456 iturus
2937 4410 3041 4466 est,
3071 4411 3127 4457 et
3153 4401 3410 4458 docturus
3439 4403 3665 4472 gentes?
3693 4400 3828 4469 Quis

2231 4505 2315 4551 est
2345 4495 2433 4551 hic
2456 4511 2661 4561 sermo,
2690 4511 2851 4564 quem
2882 4495 3047 4552 dixit:
3091 4497 3358 4565 Quaeretis
3386 4513 3505 4562 me,
3531 4506 3586 4552 et
3610 4512 3716 4551 non
3746 4497 3829 4552 in-

2230 4589 2502 4646 venietis:
2550 4598 2605 4645 et
2631 4589 2720 4646 ubi
2753 4603 2870 4644 sum
2903 4605 3025 4660 ego,
3061 4605 3160 4644 vos
3203 4607 3308 4645 non
3351 4591 3576 4657 potestis
3615 4591 3824 4646 venire.

2232 4683 2288 4738 ln
2319 4682 2618 4739 novissimo
2659 4690 2838 4738 autem
2885 4683 2974 4738 die
3015 4698 3212 4755 magno
3254 4684 3594 4751 festivitatis,
3648 4684 3829 4739 stabat

2228 4776 2420 4845 Jesus,
2457 4784 2512 4832 et
2539 4775 2838 4844 clamabat,
2873 4776 3098 4833 dicens:
3139 4776 3195 4833 Si
3223 4778 3342 4846 quis
3371 4776 3515 4842 sitit,
3548 4777 3726 4832 veniat
3755 4776 3826 4831 ad

2229 4884 2340 4937 me,
2369 4877 2425 4925 et
2446 4868 2614 4925 bibat.
2641 4869 2742 4937 Qui
2769 4869 2946 4925 credit
2976 4870 3025 4924 in
3061 4885 3168 4936 me,
3203 4872 3344 4925 sicut
3365 4869 3497 4926 dicit
3519 4868 3823 4940 Scriptura,

2227 4960 2449 5017 ﬂumina
2479 4961 2548 5018 de
2575 4971 2760 5019 ventre
2791 4963 2908 5031 ejus
2939 4963 3111 5018 ﬂuent
3144 4977 3298 5033 aquae
3324 4966 3478 5019 vivae.
3508 4963 3624 5017 Hoc
3645 4971 3825 5018 autem

2229 5057 2366 5115 dixit
2391 5057 2459 5114 de
2489 5058 2693 5129 Spiritu
2715 5101 2729 5126 ,
2760 5073 2920 5128 quem
2955 5059 3229 5128 accepturi
3259 5068 3413 5113 erant
3441 5057 3739 5114 credentes
3771 5059 3824 5112 in

2227 5166 2355 5208 eum
2382 5169 2396 5207 :
2443 5151 2684 5207 nondum
2716 5151 2859 5206 enim
2884 5159 3003 5206 erat
3027 5151 3259 5221 Spiritus
3293 5150 3452 5206 datus
3473 5193 3486 5215 ,
3517 5151 3645 5221 quia
3667 5149 3824 5207 Jesus

2227 5244 2466 5301 nondum
2505 5254 2624 5300 erat
2658 5243 3012 5316 gloriﬁcatus.
3057 5245 3283 5316 [Lxxxu,
3316 5242 3394 5316 7.]
3448 5244 3526 5298 Ex
3566 5243 3658 5298 illa
3691 5259 3822 5314 ergo

2227 5339 2382 5395 turba
2411 5353 2532 5394 cum
2562 5338 2842 5394 audissent
2874 5337 2971 5393 hos
3010 5351 3291 5393 sermones
3332 5338 3483 5408 ejus,
3533 5338 3818 5394 dicebant:

2227 5433 2325 5488 Hic
2355 5441 2439 5488 est
2467 5445 2596 5487 vere
2627 5431 2919 5502 Propheta.
2962 5430 3066 5488 Alii
3108 5431 3390 5488 dicebant:
3426 5433 3525 5488 llic
3554 5441 3638 5488 est
3663 5428 3822 5487 Citri-

2223 5535 2363 5582 stus.
2391 5526 2645 5599 luunt,
2671 5523 2754 5596 7.]
2783 5523 3014 5592 Quidam
3043 5534 3222 5580 autem
3246 5525 3524 5581 dicebant:
3551 5523 3817 5593 Numquid

2211 5701 2308 5757 pro
2327 5702 2399 5766 _e:c
2410 5684 2770 5766 Jerosofyrnis,
2799 5688 2850 5742 in
2873 5687 3064 5744 Graeco
3087 5698 3187 5754 est,
3207 5690 3259 5745 ἐκ
3281 5698 3380 5746 τῶν
3402 5691 3818 5766 Ἱεροσολυμιτῶν

2220 5774 2284 5812 ex
2311 5757 2711 5828 Jerosolymitis.

2295 5839 2316 5868 ο
2347 5828 2522 5885 Minus
2555 5839 2701 5886 recte
2730 5830 2782 5884 in
2813 5830 3030 5903 instanti
3059 5831 3264 5889 habent
3291 5833 3507 5903 quidam
3543 5849 3677 5890 mss.
3707 5844 3816 5890 tum

2221 5901 2333 5970 hic,
2360 5914 2485 5958 cum
2515 5904 2675 5974 paulo
2704 5911 2843 5974 post,
2877 5902 3142 5974 Quwritis,
3173 5920 3273 5976 pro
3304 5901 3580 5972 Quwretis.
