4166 6336
515 337 621 396 667

1527 338 1587 396 S.
1631 333 2022 396 HIERONYMI
2061 336 2296 395 υινιΝΑ
2336 337 2820 397 BIBLIOTHECA.

3710 333 3816 394 668

517 458 583 512 tis
613 456 745 512 mihi
773 458 796 512 ?
825 457 925 526 Qui
955 472 1022 513 ex
1053 457 1165 515 Deo
1191 466 1297 525 est,
1329 458 1494 514 verba
1519 457 1615 514 Dei
1647 457 1818 514 audit.
1857 434 2114 528 Propter-
2140 459 2196 519 Α
2221 457 2331 513 Alii
2367 466 2551 514 autem
2582 457 2878 514 dicebant:
2907 454 3194 525 Quomodo
3226 463 3403 527 potest
3431 454 3596 511 homo
3624 470 3818 526 pecca-

513 568 576 608 ea
604 568 702 608 vos
728 567 834 608 non
867 553 1086 624 auditis,
1119 554 1244 625 quia
1276 568 1347 609 ex
1398 553 1511 610 Deo
1542 568 1646 608 non
1679 553 1834 609 estis.
1867 553 2113 623 Respon-

513 645 713 702 derunt
745 661 876 718 ergo
915 646 1108 714 .ludzei,
1151 658 1204 701 et
1235 646 1494 702 dixerunt
1521 647 1570 701 ei
1603 664 1618 702 :
1651 646 1841 701 Nonne
1868 645 2006 701 bene
2030 644 2114 700 di-

515 739 690 796 cimus
733 753 856 806 nos,
906 739 1031 808 quia
1081 738 1458 793 Samaritanus
1489 753 1547 793 es
1594 745 1672 805 tu,
1703 745 1757 792 et
1785 737 2112 792 daemonium

523 834 730 890 habes?
750 832 1054 900 Respondit
1074 833 1263 888 Jesus:
1285 833 1394 904 Ego
1417 831 1745 889 daemonium
1777 846 1881 886 non
1915 831 2112 887 habeo:

519 929 614 985 sed
650 929 956 984 honoriﬁco
1002 927 1218 982 Patrem
1265 940 1474 991 meum,
1506 934 1560 981 et
1605 939 1700 980 vos
1747 923 2117 980 inhonorastis

522 1039 611 1080 me
643 1041 656 1078 :
688 1038 787 1094 ego
815 1031 994 1076 autem
1023 1036 1132 1075 non
1165 1034 1352 1091 quaero
1376 1017 1608 1090 gloriam
1647 1032 1822 1073 meam
1851 1035 1865 1072 :
1893 1024 1984 1074 est.
2025 1017 2116 1088 qui

519 1125 750 1188 quaerat,
785 1125 838 1169 ει
860 1114 1086 1183 judicct.
1116 1117 1312 1180 Amen,
1348 1126 1506 1167 amen
1539 1111 1662 1166 dico
1691 1111 1887 1168 vobis:
1920 1111 1964 1165 si
1995 1110 2118 1180 quis

519 1223 831 1266 sermonem
867 1222 1044 1262 meum
1079 1205 1397 1273 servaverit,
1434 1215 1663 1260 mortem
1695 1219 1802 1259 non
1835 1201 2038 1259 videbit
2065 1203 2116 1257 in

522 1310 809 1356 aeternum.
847 1299 1102 1354 Dixerunt
1147 1313 1276 1369 ergo
1319 1297 1712 1354 Judaei:Nunc
1756 1296 2119 1368 cognovimus

520 1392 645 1463 quia
677 1391 1003 1446 dzcmonium
1049 1391 1216 1444 habes
1247 1405 1262 1444 :
1290 1389 1564 1444 Abraham
1617 1397 1860 1444 mortuus
1908 1398 2012 1455 est,
2063 1396 2120 1445 et

520 1485 930 1555 PrOpbetiezet
965 1493 1019 1538 tu
1078 1484 1215 1538 dicis
1259 1483 1359 1538 :Si
1415 1483 1536 1553 quis
1582 1496 1893 1538 sermonem
1937 1496 2118 1538 meum

527 1580 850 1646 servaverit,
885 1594 990 1635 non
1021 1579 1266 1649 gustabit
1296 1587 1528 1632 mortem
1549 1577 1602 1632 in
1637 1585 1923 1632 a-ternum.
1958 1574 2123 1631 Num-

522 1675 654 1746 quid
686 1686 738 1729 tu
770 1674 940 1744 major
965 1687 1025 1729 es
1050 1681 1201 1743 patre
1223 1682 1410 1727 nostra
1437 1670 1729 1740 Abraham,
1756 1670 1849 1742 qui
1878 1680 2123 1726 mortuus

527 1771 644 1825 est?
675 1780 730 1824 et
757 1767 1037 1839 propheta:
1069 1768 1265 1824 mortui
1298 1776 1445 1822 sunt.
1479 1767 1653 1836 Quem
1687 1777 1738 1822 te
1770 1769 1943 1837 ipsum
1966 1765 2123 1822 facis?

2222 559 2306 605 tor
2335 550 2452 608 haec
2491 551 2644 622 signa
2685 549 2909 606 facere?
2955 548 3024 604 Et
3075 547 3313 604 schisma
3356 555 3475 603 erat
3515 547 3657 603 inter
3695 560 3816 603 eos.

2219 643 2421 700 Dicunt
2445 658 2578 716 ergo
2605 659 2754 700 caeco
2787 645 2982 699 iterum
3013 642 3130 698 :Tu
3158 642 3285 713 quid
3318 641 3456 698 dicis
3487 641 3555 697 de
3588 641 3703 709 illo,
3725 641 3818 712 qui

2216 739 2430 809 aperuit
2461 740 2649 796 oculos
2680 741 2835 794 tuos?
2861 738 2956 794 Ille
2985 747 3170 793 autem
3198 736 3337 792 dixit
3365 753 3377 790 :
3403 737 3528 808 quia
3552 735 3817 808 propheta

2217 843 2321 889 est.
2343 831 2462 888 Non
2492 831 2846 888 crediderunt
2872 846 3006 903 ergo
3036 831 3206 886 Judaei
3242 829 3310 886 de
3332 829 3449 897 illo,
3479 830 3603 901 quia
3636 843 3820 886 caecus

2220 926 2430 994 fuisset,
2460 933 2516 983 et
2544 925 2793 994 vidisset,
2834 925 3010 982 donec
3049 932 3387 980 vocaverunt
3415 932 3670 994 parentes
3696 923 3820 993 ejus

2219 1019 2312 1090 qui
2341 1019 2555 1076 viderat
2585 1035 2602 1076 :
2641 1029 2697 1075 et
2726 1019 3200 1089 interrogaverunt
3231 1031 3345 1086 eos,
3391 1016 3642 1072 dicentes
3671 1034 3685 1070 :
3719 1015 3822 1072 Hic

2221 1123 2303 1170 est
2332 1114 2478 1170 ﬁlius
2507 1124 2714 1182 vester,
2744 1129 2904 1184 quem
2932 1128 3030 1169 vos
3069 1113 3253 1169 dicitis
3297 1112 3420 1184 quia
3454 1125 3631 1166 czecus
3660 1119 3822 1166 natus

2222 1207 2341 1264 est?
2383 1207 2668 1276 Quomodo
2705 1222 2836 1278 ergo
2877 1222 3020 1262 nunc
3060 1205 3248 1262 videt?
3279 1205 3703 1274 Responderunt
3736 1204 3822 1260 eis

2222 1309 2479 1373 parentes
2502 1301 2640 1372 ejus,
2672 1309 2728 1356 et
2751 1300 3010 1357 dixerunt
3035 1316 3047 1354 :
3075 1299 3286 1356 Scimus
3311 1300 3433 1370 quia
3458 1297 3546 1352 hic
3567 1309 3653 1352 est
3679 1297 3824 1352 ﬁlius

2222 1406 2433 1465 noster,
2475 1405 2530 1452 et
2567 1397 2692 1467 quia
2737 1410 2916 1451 caicus
2961 1403 3120 1450 natus
3161 1402 3282 1450 est:
3311 1393 3584 1462 quomodo
3633 1400 3820 1448 autem

2225 1503 2367 1548 nunc
2398 1490 2598 1556 videat,
2636 1489 2913 1545 nescimus
2946 1508 2958 1542 :
2991 1497 3085 1543 aut
3119 1488 3241 1559 quis
3271 1488 3390 1557 ejus
3436 1487 3653 1557 aperuit
3693 1500 3826 1542 ocu-

2227 1585 2328 1650 los,
2361 1599 2460 1640 nos
2497 1583 2774 1639 nescimus
2805 1600 2817 1636 :
2846 1583 3022 1653 ipsum
3059 1583 3396 1653 interrogate
3425 1597 3440 1636 :
3472 1588 3690 1635 :etatem
3730 1581 3828 1636 ha-

2228 1679 2337 1746 bet,
2363 1679 2478 1750 ipse
2502 1659 2571 1733 de
2592 1693 2650 1734 se
2678 1678 2952 1750 loquatur.
2976 1677 3103 1734 Haec
3125 1676 3388 1733 dixerunt
3410 1685 3663 1747 parentes
3684 1674 3823 1746 ejus,

2229 1773 2486 1843 quoniam
2529 1772 2794 1827 timebant
2831 1770 3052 1827 Iudaeos
3087 1786 3101 1824 :
3131 1771 3243 1840 jam
3287 1770 3436 1826 enim
3469 1767 3829 1840 conspirave-

526 1861 828 1935 Respondit
863 1861 1020 1918 Jesus
1055 1881 1065 1916 :
1101 1862 1154 1919 Si
1187 1877 1289 1929 ego
1317 1861 1562 1932 gloriﬁco
1592 1877 1679 1918 me
1709 1862 1907 1932 ipsum,
1945 1861 2117 1932 gloria
2149 1865 2196 1928 Β
2225 1873 2348 1921 rant
2385 1863 2580 1931 Judtei,
2609 1874 2665 1919 ut
2706 1865 2750 1919 si
2791 1865 2912 1936 quis
2941 1879 3064 1920 cum
3108 1863 3464 1919 conﬁteretur
3504 1877 3629 1918 esse
3666 1862 3826 1918 Chri-

527 1973 647 2014 mea
691 1957 824 2011 nihil
857 1965 938 2010 est
963 1973 977 2010 :
1002 1966 1085 2012 est
1125 1956 1292 2011 Pater
1335 1971 1511 2020 meus,
1551 1957 1642 2026 qui
1688 1956 1962 2027 gloriﬁcat
1993 1972 2120 2028 me,

529 2065 688 2121 quem
719 2065 814 2104 vos
847 2048 1048 2116 dicitis,
1079 2048 1201 2118 quia
1233 2048 1376 2104 Deus
1405 2057 1431 2085 ει
1462 2058 1646 2104 vester
1677 2057 1785 2118 est,
1816 2059 1870 2105 et
1898 2063 2004 2105 non
2029 2063 2124 2106 co-

533 2142 800 2214 gnovistis
833 2158 956 2198 eum
994 2160 1005 2194 :
1039 2157 1139 2212 ego
1178 2150 1360 2196 autem
1409 2143 1532 2196 novi
1564 2157 1708 2198 eum.
1757 2142 1824 2197 Et
1851 2144 1893 2198 si
1931 2142 2124 2199 dixero

533 2239 656 2308 quia
700 2251 806 2290 non
839 2237 951 2291 scio
979 2251 1126 2301 eum,
1162 2250 1258 2290 ero
1285 2235 1480 2290 similis
1512 2236 1690 2302 vobis,
1727 2235 1981 2291 mendax.
2016 2235 2125 2294 Sed

532 2333 646 2384 scio
674 2346 823 2394 cum,
857 2337 912 2384 et
943 2342 1248 2383 sermonem
1279 2327 1398 2398 ejus
1435 2343 1620 2383 servo.
1663 2328 1938 2384 Abraham
1971 2338 2128 2400 pater

534 2437 712 2478 vester
749 2423 1054 2489 exsultavit,
1093 2434 1151 2478 ut
1196 2423 1409 2478 videret
1452 2423 1593 2479 diem
1634 2439 1852 2478 meum:
1887 2423 2042 2491 vidit,
2073 2433 2128 2481 et

533 2520 748 2588 gavisus
769 2526 871 2573 est.
905 2519 1166 2573 Dixerunt
1199 2533 1329 2589 ergo
1357 2517 1526 2574 Judaei
1558 2517 1625 2573 ad
1655 2533 1778 2574 eum
1810 2521 2128 2594 :Quinqua-

535 2615 677 2683 ginta
701 2628 871 2668 annos
902 2612 1142 2668 nondum
1177 2613 1366 2681 habes,
1399 2622 1452 2667 et
1478 2613 1753 2669 Abraham
1789 2615 2009 2673 vidisti?
2041 2618 2132 2674 Di-

536 2708 616 2762 xit
640 2707 719 2762 eis
734 2707 892 2763 Jesus
911 2707 1127 2773 :Amen,
1149 2721 1308 2763 amen
1326 2707 1450 2764 dico
1469 2707 1640 2776 vobis,
1659 2718 1947 2781 antequam
1960 2710 2132 2768 Abra-

538 2802 663 2857 liam
683 2803 860 2871 ﬁeret,
881 2818 980 2874 ego
994 2819 1136 2859 sum.
1153 2803 1413 2859 Tulerunt
1429 2819 1559 2875 ergo
1577 2804 1804 2876 lapides,
1821 2817 1874 2860 ut
1888 2807 2134 2877 jacerent

540 2896 593 2952 in
615 2912 736 2952 eum
757 2897 941 2953 :Jesus
961 2907 1141 2953 autem
1165 2899 1448 2954 abscondit
1468 2913 1548 2965 se,
1565 2908 1620 2954 et
1637 2899 1803 2955 exivit
1819 2900 1886 2956 de
1911 2901 2129 2972 templo.

613 2989 773 3062 [Cap.
800 2988 917 3061 IX]
947 2989 1017 3044 Et
1043 2991 1362 3061 praeteriens
1383 2990 1543 3046 Jesus
1565 2992 1701 3047 vidit
1721 2991 1998 3048 hominem
2027 3009 2136 3050 cae-

541 3098 664 3138 cum
698 3098 724 3136 a
761 3084 1043 3138 nativitate
1068 3099 1081 3137 :
1111 3092 1164 3138 et
1203 3086 1681 3153 interrogaverunt
1707 3101 1834 3141 eum
1881 3086 2134 3158 discipuli

541 3178 658 3248 ejus
693 3196 703 3230 :
737 3177 928 3242 Rabbi,
975 3177 1096 3248 quis
1131 3179 1398 3246 peccavit,
1443 3179 1549 3244 hic,
1585 3189 1678 3235 aut
1710 3193 1960 3252 parentes
1993 3184 2131 3254 ejus,

2226 1966 2580 2026 stum,extra
2626 1972 2955 2029 synagogam
3001 1959 3179 2013 ﬁeret.
3231 1957 3524 2026 Propterea
3569 1965 3827 2026 parentes

2227 2051 2345 2122 ejus
2365 2051 2619 2107 dixerunt
2637 2067 2650 2105 :
2665 2050 2801 2118 Quia
2821 2059 3036 2106 aetatem
3058 2049 3240 2117 habet,
3266 2051 3441 2120 ipsum
3465 2049 3824 2119 interrogate.

2229 2145 2570 2203 Vocaverunt
2596 2159 2726 2215 ergo
2746 2158 2964 2200 rursum
2989 2142 3290 2212 hominem,
3320 2143 3413 2212 qui
3436 2142 3608 2198 fuerat
3625 2156 3826 2210 caecus,

2227 2248 2284 2297 et
2308 2239 2563 2296 dixerunt
2590 2237 2642 2296 ei
2668 2256 2680 2293 :
2707 2239 2783 2294 Da
2812 2239 3042 2309 gloriam
3067 2237 3200 2293 Deo.
3229 2237 3340 2292 Nos
3367 2237 3572 2293 scimus
3591 2236 3714 2307 quia
3736 2235 3831 2291 hic

2231 2334 2395 2391 homo
2435 2342 2690 2406 peccator
2715 2340 2818 2389 est.
2851 2332 3002 2388 Dixit
3031 2347 3160 2402 ergo
3189 2332 3268 2387 eis
3309 2330 3404 2387 ille
3433 2347 3447 2385 :
3479 2329 3534 2387 Si
3572 2335 3830 2400 peccator

2230 2439 2336 2500 est,
2378 2429 2610 2486 nescio:
2652 2443 2816 2484 unum
2859 2427 3014 2497 scio,
3061 2427 3187 2498 quia
3227 2439 3406 2481 caecus
3449 2439 3572 2480 cum
3612 2438 3830 2500 essem,

2232 2523 2394 2580 modo
2418 2524 2596 2579 video.
2622 2522 2889 2578 Dixerunt
2912 2537 3042 2591 ergo
3065 2520 3144 2575 illi
3170 2542 3184 2578 :
3209 2519 3349 2588 Quid
3379 2519 3510 2574 fecit
3529 2517 3674 2573 tibi?
3700 2533 3834 2587 quo-

2232 2618 2397 2674 modo
2421 2617 2638 2688 aperuit
2671 2617 2766 2672 tibi
2797 2616 3026 2672 oculos?
3054 2613 3356 2685 Respondit
3383 2613 3463 2670 eis
3487 2629 3502 2668 :
3527 2612 3647 2667 Dixi
3676 2609 3834 2666 vobis

2227 2714 2363 2786 jam,
2399 2723 2453 2769 et
2482 2713 2710 2768 audistis
2742 2712 2912 2784 :quid
2957 2711 3155 2768 iterum
3199 2711 3364 2766 vultis
3412 2709 3637 2764 audire?
3678 2723 3836 2762 num-

2233 2808 2365 2880 quid
2394 2817 2449 2863 et
2477 2821 2574 2862 vos
2605 2805 2770 2862 vultis
2791 2805 3044 2877 discipuli
3071 2803 3187 2874 ejus
3227 2801 3388 2858 ﬁeri?
3438 2801 3838 2857 Maledixerunt

2236 2916 2369 2972 ergo
2397 2900 2471 2967 ei,
2518 2908 2573 2956 et
2600 2899 2849 2955 dixerunt
2885 2915 2899 2954 :
2941 2898 3021 2953 Tu
3050 2897 3356 2967 discipulus
3398 2895 3546 2952 illius
3584 2895 3660 2950 sis
3691 2911 3704 2948 :
3734 2907 3835 2948 nos

2236 3004 2416 3052 autent
2443 2993 2614 3066 Moysi
2642 2992 2895 3064 discipuli
2918 3006 3128 3048 sumus.
3152 2989 3262 3046 Nos
3281 2990 3486 3045 scimus
3499 2989 3627 3059 quia
3660 2986 3835 3059 Moysi

2238 3091 2453 3146 locutus
2484 3097 2568 3144 est
2597 3088 2738 3142 Deus
2773 3103 2788 3143 :
2826 3088 2968 3142 hunc
3011 3097 3193 3141 autem
3235 3083 3512 3141 nescimus
3556 3082 3697 3138 unde
3742 3083 3834 3136 sit.

2243 3183 2545 3254 Respondit
2575 3183 2667 3237 ille
2697 3182 2884 3249 homo,
2909 3189 2964 3236 et
2992 3180 3134 3235 dixit
3157 3181 3235 3235 eis
3260 3195 3275 3236 :
3298 3178 3356 3234 lu
3381 3177 3482 3233 hoc
3507 3178 3649 3234 enim
3675 3176 3840 3231 mira-

468 3329 478 3343 ι
545 3281 604 3326 ιιι
631 3287 807 3328 caecus
841 3273 1195 3328 nasceretur?
1239 3274 1539 3344 Respondit
1580 3275 1738 3332 Jesus
1773 3295 1786 3332 :
1819 3276 2008 3350 Neque
2052 3280 2139 3336 hic
2169 3259 2214 3320 (ἶ
2250 3276 2358 3332 bile
2381 3284 2486 3342 est,
2519 3274 2642 3344 quia
2673 3288 2771 3330 vos
2803 3273 3026 3329 nescitis
3060 3271 3204 3328 unde
3233 3272 3321 3338 sit,
3356 3281 3410 3327 et
3439 3271 3654 3340 aperuit
3688 3284 3839 3325 meos

547 3366 812 3436 peccavit,
838 3381 1014 3435 neque
1047 3378 1299 3436 parentes
1322 3367 1442 3437 ejus
1472 3385 1482 3420 :
1514 3368 1610 3423 sed
1643 3377 1700 3423 ut
1725 3369 2141 3429 manifestentur

545 3474 706 3528 opera
739 3458 836 3513 Dei
865 3460 917 3513 in
951 3460 1061 3515 illo.
1099 3460 1180 3516 Me
1203 3470 1420 3531 oportet
1447 3463 1664 3532 operari
1691 3477 1857 3534 opera
1884 3464 2024 3535 ejus,
2050 3466 2139 3536 qui

550 3551 699 3605 misit
732 3567 842 3620 me,
868 3551 1042 3606 donec
1077 3552 1190 3608 dies
1227 3561 1312 3609 est
1346 3571 1360 3609 :
1391 3555 1538 3609 venit
1567 3570 1672 3610 nox
1696 3597 1710 3623 ,
1739 3556 1957 3625 quando
1981 3573 2142 3613 nemo

551 3653 728 3714 potest
770 3646 1002 3715 operari.
1036 3645 1302 3714 Quamdiu
1353 3663 1470 3703 sum
1519 3649 1572 3704 in
1620 3649 1845 3719 mundo,
1882 3637 1975 3706 lux
2021 3665 2141 3708 sum

551 3737 760 3793 mundi.
796 3739 922 3794 llaec
953 3755 1074 3794 cum
1099 3740 1349 3809 dixisset,
1376 3742 1663 3812 cxspuitin
1686 3752 1912 3812 terram,
1943 3753 1995 3800 et
2019 3743 2144 3802 fecit

551 3835 720 3889 lutum
747 3850 812 3891 ex
854 3846 1036 3908 sputo,
1071 3848 1125 3893 et
1156 3838 1328 3894 linivit
1364 3840 1534 3894 lutum
1575 3855 1742 3911 super
1773 3843 1962 3900 oculos
1991 3844 2142 3916 ejus,

551 3938 607 3985 et
634 3930 771 3984 dixit
802 3931 848 3984 ci
883 3948 896 3985 :
932 3931 1102 4002 Vade,
1134 3933 1252 3987 lava
1287 3935 1338 3988 in
1371 3935 1635 3991 natatoria
1681 3937 1828 3993 Siloe
1857 3937 2034 4011 (quod
2064 3939 2146 3995 in-

552 4031 878 4092 terpretatur
907 4023 1160 4095 Missusj).
1188 4024 1338 4081 Abiit
1365 4041 1516 4096 ergo,
1549 4037 1606 4084 et
1627 4027 1775 4095 lavit,
1805 4037 1861 4085 et
1890 4029 2039 4086 venit
2065 4031 2149 4088 vi-

552 4116 710 4173 dens.
747 4117 932 4185 Itaque
966 4119 1152 4188 vicini,
1185 4131 1238 4175 et
1279 4120 1370 4192 qui
1403 4121 1654 4178 viderant
1689 4138 1814 4178 eum
1847 4124 1996 4196 prius
2021 4127 2146 4196 quia

555 4210 840 4266 mendicus
872 4222 1009 4276 erat,
1045 4212 1301 4270 dicebant
1334 4232 1347 4269 :
1377 4214 1571 4272 Nonne
1601 4216 1686 4271 hic
1716 4226 1823 4284 est,
1866 4216 1958 4287 qui
1989 4218 2151 4275 sede-

552 4303 666 4368 bat,
695 4312 748 4356 ct
774 4302 1155 4358 mendicabat‘!
1189 4307 1293 4362 Alii
1325 4306 1604 4374 dicebant,
1634 4308 1759 4380 quia
1794 4308 1880 4364 hic
1905 4319 2010 4366 cst.
2039 4311 2148 4367 Alii

555 4401 735 4449 autem
765 4412 778 4449 :
810 4394 1187 4467 Nequaquam,
1218 4398 1316 4454 sed
1345 4399 1544 4457 similis
1571 4410 1654 4457 est
1679 4401 1751 4457 ei.
1781 4401 1880 4458 Ille
1910 4417 2040 4459 vero
2066 4403 2151 4460 di-

553 4490 752 4544 cebat:
791 4491 926 4556 Quia
963 4507 1062 4562 ego
1095 4508 1235 4548 sum.
1267 4492 1534 4548 Dicebant
1565 4510 1694 4565 ergo
1724 4495 1774 4551 ei
1817 4495 2149 4566 :Quomodo

553 4584 725 4651 aperti
755 4594 880 4639 sunt
906 4585 998 4641 tibi
1024 4585 1200 4641 oculi?
1231 4587 1533 4658 Respondit
1563 4606 1574 4642 :
1602 4588 1701 4645 Ille
1728 4589 1915 4658 homo,
1950 4593 2041 4662 qui
2063 4591 2148 4648 di-

554 4678 698 4732 citur
725 4679 907 4747 Jesus,
951 4679 1124 4736 lutum
1166 4679 1295 4738 fecit
1327 4699 1337 4736 :
1371 4689 1427 4738 et
1456 4683 1612 4738 unxit
1649 4683 1838 4741 oculos
1875 4700 2065 4754 meos,
2096 4695 2152 4742 et

556 4771 695 4827 dixit
737 4772 867 4828 mihi
902 4792 914 4827 :
947 4773 1097 4829 Vade
1145 4775 1212 4830 ad
1269 4777 1541 4831 natatoria
1589 4776 1760 4844 Siloe,
1808 4788 1862 4833 et
1910 4779 2049 4834 lava.
2086 4779 2156 4834 Et

555 4868 684 4935 abii,
711 4869 842 4936 lavi,
874 4877 928 4924 et
957 4868 983 4908 δ
1022 4869 1202 4925 video.
1236 4871 1301 4925 Et
1345 4871 1602 4926 dixerunt
1632 4873 1682 4928 ei
1717 4871 1859 4929 :Ubi
1891 4882 1977 4929 est
2006 4872 2152 4928 ille?

554 4964 644 5018 Ait
673 4961 921 5018 :Nescio.
953 4962 1245 5018 Adducunt
1265 4979 1388 5019 eum
1420 4965 1486 5019 ad
1513 4966 1835 5035 pharismos,
1859 4966 1949 5038 qui
1978 4981 2155 5022 caecus

554 5057 752 5111 iuerat.
805 5055 938 5111 Erat
975 5065 1155 5112 autem
1201 5057 1508 5126 sabbatum,
1560 5057 1779 5127 quando
1813 5058 1986 5113 lutum
2023 5059 2154 5114 fecit

553 5147 735 5216 Jesus,
770 5159 825 5203 et
853 5148 1064 5219 aperuit
1105 5149 1293 5204 oculos
1327 5149 1465 5219 ejus.
1513 5148 1712 5205 lterum
1753 5165 1885 5220 ergo
1916 5150 2155 5207 interro-

557 5243 757 5313 gabant
792 5257 914 5298 eum
950 5241 1202 5309 pharisazi
1234 5242 1509 5313 quomodo
1540 5243 1790 5299 vidisset.
1832 5243 1927 5299 llle
1968 5255 2154 5300 autem

558 5336 704 5391 dixit
725 5335 805 5391 eis
839 5355 850 5390 :
886 5336 1081 5391 Lutum
1121 5337 1249 5391 mihi
1282 5335 1461 5405 posuit
1491 5350 1658 5407 super
1698 5335 1910 5404 oculos,
1941 5346 1995 5393 et
2022 5338 2152 5410 lavi,

556 5440 610 5485 et
640 5429 823 5485 video.
874 5431 1132 5486 Dicebant
1159 5447 1290 5502 ergo
1318 5446 1384 5487 ex
1417 5431 1704 5502 pharismis
1733 5431 1955 5502 quidam
1984 5451 1996 5487 :
2035 5432 2154 5489 Non

556 5534 639 5581 est
687 5525 776 5582 hic
813 5525 975 5582 homo
1006 5539 1037 5580 a
1068 5526 1198 5593 Deo,
1239 5519 1363 5597 quia
1403 5527 1689 5584 sabbatum
1733 5542 1840 5584 non
1889 5529 2149 5585 custodit.

553 5688 652 5756 Si"
691 5687 746 5744 In
779 5689 992 5745 duobus
1018 5703 1049 5744 e
1089 5689 1292 5744 nostris
1321 5705 1474 5757 mss.,
1506 5689 1626 5761 quia
1658 5688 1799 5761 Deus
1837 5694 2110 5761 nosterfest
2133 5727 2150 5754 ,

551 5763 703 5834 juxta
734 5763 922 5818 Grazca
953 5761 1201 5831 quaedam
1231 5759 1578 5832 exemplaria,
1599 5759 1678 5817 ὅτι
1706 5760 1830 5822 Θεὸς
1857 5760 2142 5832 spoliem.

630 5836 653 5872 ι)
696 5835 874 5888 Nostri
927 5848 1057 5903 mss.
1111 5835 1332 5903 prOpius
1378 5834 1443 5889 ad
1490 5834 1737 5890 Griecum
1769 5835 2148 5903 archetypum,

556 5905 682 5975 lavi,
722 5916 768 5962 et
798 5903 924 5962 ridi.
953 5902 1221 5963 Dixerunt
1239 5908 1308 5978 ei,
1333 5915 1441 5966 etc.
1480 5905 1609 5976 Alii,
1639 5903 1892 5962 Dixerunt
1915 5902 2039 5977 ergo
2079 5905 2147 5974 ei,

2243 3371 2451 3424 oculos.
2483 3367 2700 3424 Scimus
2723 3376 2903 3422 autem
2931 3366 3052 3437 quia
3081 3374 3397 3436 peccatores
3426 3365 3571 3419 Deus
3603 3378 3708 3418 non
3747 3378 3842 3417 au-

2244 3461 2479 3518 ditzsed
2523 3461 2569 3516 si
2597 3461 2717 3531 quis
2746 3458 2841 3514 Dei
2875 3458 3052 3514 cultor
3097 3467 3204 3525 εει,
3245 3466 3300 3512 ει
3346 3457 3682 3513 voluntatem
3724 3455 3842 3526 ejus

2245 3555 2415 3618 facit,
2465 3553 2608 3608 hunc
2655 3553 2896 3607 exaudit.
2940 3551 2986 3606 A
3025 3551 3233 3606 saeculo
3273 3567 3382 3606 non
3423 3559 3510 3606 est
3555 3549 3842 3614 auditum,

2246 3647 2370 3718 quia
2401 3645 2523 3717 quis
2559 3645 2774 3716 aperuit
2803 3645 2991 3700 oculos
3018 3644 3148 3699 caeci
3186 3644 3320 3699 nati.
3365 3642 3475 3700 Nisi
3507 3655 3657 3699 esset
3689 3642 3774 3698 hic
3812 3656 3843 3696 a

2252 3743 2383 3811 Deo,
2407 3757 2514 3798 non
2543 3748 2758 3813 poterat
2780 3740 2960 3796 iacere
2985 3739 3297 3811 quidquam.
3322 3738 3763 3810 Responderunt,
3790 3744 3847 3792 et

2249 3838 2510 3894 dixerunt
2534 3837 2583 3893 ei
2620 3853 2633 3888 :
2663 3835 2720 3891 ln
2754 3833 2992 3906 peccatis
3030 3842 3190 3890 natus
3219 3847 3280 3889 es
3307 3841 3473 3899 totus,
3505 3841 3561 3888 et
3587 3841 3641 3887 tu
3679 3832 3846 3887 doces

2253 3934 2391 3990 nos?
2416 3933 2483 3988 Et
2503 3931 2780 4002 ejecerunt
2809 3945 2931 3986 eum
2957 3928 3122 3984 foras.
3153 3927 3371 3982 Audivit
3400 3926 3561 3984 Jesus
3581 3925 3705 3998 quia
3735 3924 3846 3995 eje-

2250 4035 2445 4084 cerunt
2472 4041 2594 4080 eum
2630 4026 2795 4091 foras,
2824 4031 2879 4079 et
2907 4037 3028 4078 cum
3061 4020 3362 4078 invenisset
3400 4035 3555 4089 eum,
3586 4019 3730 4075 dixit
3757 4019 3806 4075 ei
3833 4035 3848 4074 :

2252 4120 2334 4176 Tu
2365 4117 2546 4174 credis
2587 4118 2640 4172 in
2674 4114 2870 4172 Filium
2912 4115 3050 4171 Dei?
3095 4113 3397 4185 Respondit
3437 4113 3547 4181 ille,
3587 4120 3644 4166 et
3669 4112 3850 4168 dixit:

2251 4212 2389 4282 Quis
2408 4219 2511 4279 est,
2541 4211 2792 4276 Domine,
2818 4217 2878 4264 ιιι
2905 4208 3124 4264 credam
3152 4208 3204 4263 in
3237 4207 3396 4263 cum?
3426 4207 3491 4261 Et
3518 4203 3655 4261 dixit
3685 4205 3734 4260 ei
3761 4203 3854 4260 Je-

2253 4319 2347 4360 sus
2380 4322 2393 4360 :
2419 4304 2485 4360 Et
2506 4302 2689 4358 vidisti
2715 4317 2862 4367 eum,
2896 4310 2950 4357 et
2977 4300 3069 4372 qui
3090 4300 3330 4367 laquitur
3360 4308 3562 4366 tecum,
3594 4299 3712 4368 ipse
3743 4306 3850 4353 est.

2256 4400 2326 4455 At
2359 4396 2452 4454 ille
2489 4397 2561 4451 ait
2592 4394 2829 4464 :Credo,
2865 4394 3115 4450 Domine.
3153 4393 3224 4449 Et
3269 4391 3561 4464 procidens
3600 4390 3857 4447 adoravit

2255 4507 2404 4550 eum.
2437 4493 2506 4547 Et
2533 4490 2670 4546 dixit
2697 4491 2858 4546 Jesus
2889 4509 2902 4545 :
2933 4489 2992 4544 In
3023 4488 3284 4559 judicium
3309 4503 3410 4559 ego
3442 4487 3497 4543 in
3525 4487 3669 4542 hunc
3699 4501 3858 4542 mun-

2256 4587 2386 4642 dum
2418 4585 2540 4641 veni
2570 4601 2582 4639 :
2611 4593 2670 4640 ut
2697 4585 2786 4654 qui
2817 4599 2924 4638 non
2951 4583 3136 4638 vident
3165 4581 3414 4646 videant;
3448 4588 3502 4636 et
3521 4579 3613 4650 qui
3643 4579 3856 4644 vident,

2258 4681 2389 4737 caeci
2418 4681 2571 4735 ﬁant.
2616 4679 2681 4733 Et
2710 4677 2999 4734 audierunt
3037 4675 3254 4747 quidam
3299 4689 3368 4730 ex
3411 4672 3716 4743 pharismis,
3763 4671 3855 4741 qui

2257 4792 2378 4832 cum
2403 4777 2523 4847 ipso
2545 4781 2722 4842 erant,
2750 4782 2805 4830 et
2825 4773 3083 4828 dixerunt
3108 4770 3157 4826 ei
3183 4786 3197 4826 :
3220 4767 3494 4840 Numquid
3523 4775 3578 4823 et
3598 4783 3697 4822 nos
3724 4767 3860 4822 caeci

2257 4869 2484 4926 sumus?
2532 4868 2672 4923 Dixit
2703 4867 2783 4923 eis
2817 4865 2973 4922 Jesus
3007 4883 3020 4918 2
3051 4863 3109 4920 Si
3139 4863 3267 4918 caici
3305 4860 3521 4927 essetis,
3552 4875 3660 4915 non
3692 4858 3863 4915 habe-

2256 4964 2390 5019 retis
2409 4970 2690 5034 peceatum
2711 4973 2887 5027 ;nunc
2908 4973 3036 5015 vero
3057 4955 3236 5012 dicitis
3252 4971 3268 5011 :
3283 4954 3420 5023 Quia
3441 4953 3708 5010 videmus.
3727 4952 3865 5008 Pec-

2258 5066 2435 5112 catum
2469 5068 2710 5111 veSIrum
2739 5059 2951 5109 manet.

2333 5149 2496 5221 [Cap.
2525 5147 2627 5221 1L]
2660 5151 2849 5214 Amen,
2877 5159 3040 5200 amen
3063 5143 3186 5199 dico
3210 5141 3364 5197 vobis
3383 5184 3399 5210 ,
3437 5140 3526 5211 qui
3551 5154 3660 5194 non
3692 5138 3863 5193 intrat

2259 5259 2357 5314 per
2380 5245 2578 5299 ostium
2613 5243 2668 5298 in
2697 5240 2842 5298 ovile
2863 5241 3068 5308 ovium,
3102 5237 3198 5293 sed
3227 5235 3474 5291 ascendit
3498 5232 3744 5297 aliunde,
3767 5231 3862 5286 ille

2260 5338 2347 5395 fur
2373 5349 2478 5405 est,
2499 5347 2560 5393 et
2589 5337 2750 5392 latro.
2775 5335 2880 5404 Qui
2907 5341 3089 5390 autem
3119 5332 3285 5386 intrat
3308 5345 3404 5400 per
3424 5326 3644 5395 ostium,
3676 5335 3864 5394 pastor

2259 5441 2344 5490 est
2369 5431 2578 5489 ovium.
2615 5429 2749 5485 Huic
2778 5428 3032 5484 ostiarius
3058 5424 3259 5496 aperit,
3287 5433 3342 5479 et
3362 5436 3494 5478 oves
3515 5434 3704 5474 vocem
3721 5427 3744 5456 ο
3766 5431 3863 5469 an-

2261 5528 2439 5594 diunt,
2470 5533 2526 5580 et
2555 5523 2800 5595 proprias
2839 5535 2968 5577 oves
3000 5527 3157 5575 vocat
3193 5515 3544 5581 nominatim,
3589 5520 3645 5567 et
3681 5509 3865 5566 educit
3895 5507 3900 5510 ⁴

2261 5693 2367 5742 etc.
2406 5700 2420 5754 t
2448 5681 2744 5754 νιψάμενος,
2777 5676 3050 5749 ἀνέϐλεψα.
3081 5669 3231 5731 Εἶπον
3261 5677 3347 5728 οὖν
3376 5671 3535 5753 αὐτ-ᾧ.

2332 5737 2354 5798 ἒ
2396 5737 2620 5812 Addunt
2662 5737 2772 5821 ejus
2811 5737 3114 5822 pronomen
3147 5761 3278 5802 mss.
3313 5737 3635 5800 nostri'cum
3662 5737 3859 5796 Graeco

2259 5827 2554 5900 exemplari
2582 5835 2747 5899 φωνῆς
2776 5823 2954 5882 αὐτοῦ.
