4166 6336
343 345 452 403 663

1376 339 1826 402 EVANGELIUM
1868 336 2243 402 SECUNDUM
2283 339 2620 404 JOANNEM.

3529 343 3637 398 670

339 478 456 520 eas.
503 463 569 518 Et
606 476 729 517 cum
771 460 1016 529 probrias
1053 473 1184 514 oves
1219 458 1496 524 emiserit,
1553 467 1678 513 ante
1713 470 1806 512 eas
1851 469 1940 510 va-
1967 453 2020 515 A
2051 463 2123 521 te,
2172 456 2267 513 sed
2311 456 2379 514 de
2423 455 2764 528 blaSphemia
2795 473 2808 512 :
2841 464 2895 514 et
2935 458 3058 529 quia
3091 467 3146 514 tu
3187 459 3349 516 homo
3378 473 3503 514 eum
3535 460 3629 526 iis,

337 556 420 612 dit
453 574 464 610 :
494 564 552 611 et
605 568 737 610 oves
779 553 930 610 illum
984 561 1320 622 sequuntur,
1362 549 1486 621 quia
1525 550 1701 605 sciunt
1752 562 1940 606 vocem

335 648 480 719 ejus.
513 645 765 703 Alienum
798 655 977 700 autem
1009 658 1118 700 non
1156 655 1476 713 sequuntur.
1505 641 1612 700 Sed
1641 641 1849 714 fugiunt
1871 641 1940 703 ab

336 755 407 799 eo
437 757 450 794 :
481 740 608 808 quia
645 754 752 794 non
782 746 1055 794 noverunt
1082 751 1273 793 vocem
1309 737 1634 794 alienorum.
1667 735 1783 792 lloc
1815 749 1941 806 pro-

335 833 590 890 verbium
619 832 755 890 dixit
777 835 860 888 eis
888 829 1067 888 Jesus.
1095 829 1183 886 llli
1206 839 1388 886 autem
1419 845 1527 886 non
1560 839 1939 900 cognoverunt

333 929 462 999 quid
512 927 826 998 loqueretur
867 925 967 982 eis.
1016 923 1158 982 Dixit
1200 938 1331 993 ergo
1372 923 1450 979 eis
1488 923 1686 979 iterum
1731 923 1936 982 Jesus:

331 1024 533 1087 Amen,
555 1034 718 1077 amen
742 1017 866 1074 dico
893 1019 1066 1085 vobis,
1089 1021 1214 1088 quia
1241 1032 1341 1089 ego
1363 1031 1482 1072 sum
1505 1017 1702 1074 ostium
1729 1019 1933 1072 ovium.

329 1114 537 1172 Omnes
581 1121 847 1184 quotquot
876 1121 1159 1179 venerunt,
1200 1110 1348 1167 fures
1387 1118 1538 1179 sunt,
1573 1119 1627 1166 et
1655 1111 1932 1180 latrones,

332 1219 366 1278 ιί
384 1219 438 1264 et
479 1224 589 1266 non
628 1208 922 1264 audierunt
950 1221 1045 1264 eos
1091 1221 1247 1262 oves.
1282 1207 1391 1275 Ego
1421 1222 1540 1261 sum
1578 1205 1797 1261 ostium.
1831 1205 1935 1260 Per

327 1317 420 1358 me
445 1302 492 1358 si
523 1302 646 1371 quis
676 1301 972 1366 introierit,
1013 1299 1314 1356 salvabitur
1345 1317 1356 1352 :
1387 1307 1442 1354 et
1491 1300 1849 1368 ingredietur,
1881 1307 1935 1354 et

327 1395 672 1466 egredietur,
705 1402 758 1449 ct
788 1407 986 1464 pascua
1017 1391 1276 1448 inveniet.
1313 1391 1421 1446 Fur
1460 1406 1564 1446 non
1608 1390 1776 1458 venit,
1826 1391 1931 1448 nisi

327 1497 387 1544 ut
418 1487 650 1555 furetur,
683 1494 738 1542 et
769 1494 996 1552 mactet,
1023 1494 1076 1540 et
1105 1483 1318 1556 perdat.
1357 1485 1469 1555 Ego
1500 1485 1647 1550 veni,
1679 1491 1737 1538 ut
1763 1483 1930 1540 vitam

325 1581 592 1648 habeant,
637 1589 692 1636 et
727 1579 1093 1635 abundantius
1132 1576 1387 1633 habeant.
1433 1576 1544 1646 Ego
1584 1591 1702 1632 sum
1746 1584 1930 1646 pastor

321 1675 526 1731 bonus.
560 1674 745 1730 Bonus
788 1681 972 1743 pastor
1014 1671 1248 1726 animam
1285 1684 1438 1725 suam
1467 1669 1560 1725 dat
1606 1684 1705 1739 pro
1735 1670 1927 1726 ovibus

319 1771 461 1826 suis.
488 1768 855 1825 Mercenarius
880 1775 1084 1834 autem,
1108 1773 1165 1822 et
1186 1764 1278 1836 qui
1305 1779 1412 1820 non
1434 1772 1518 1820 est
1538 1773 1740 1835 pastor,
1772 1763 1924 1833 cujus

319 1879 434 1921 non
462 1874 590 1918 sunt
629 1876 761 1918 oves
793 1862 1049 1931 propriae,
1081 1859 1229 1915 videt
1271 1858 1454 1928 lupum
1504 1857 1833 1922 venientem,
1873 1855 2007 1920 etB

317 1957 555 2015 dimittit
584 1973 741 2025 oves,
773 1964 828 2012 et
871 1955 1007 2025 fugit
1037 1971 1050 2008 :
1076 1965 1128 2009 et
1176 1954 1332 2024 lupus
1381 1952 1544 2024 rapit,
1578 1961 1634 2007 et
1663 1951 1926 2023 dispergit

317 2067 500 2118 oves;
549 2050 922 2108 mercenarius
963 2056 1146 2104 autem
1193 2047 1350 2118 fugit,
1395 2045 1521 2117 quia
1553 2046 1924 2102 mercenarius

315 2154 428 2210 est,
458 2153 510 2201 et
540 2159 647 2200 non
672 2143 908 2216 pertinet
934 2141 1001 2198 ad
1029 2157 1154 2198 eum
1182 2141 1250 2198 de
1279 2141 1494 2196 ovibus.
1529 2140 1642 2210 Ego
1677 2155 1797 2196 sum
1829 2154 1925 2211 pa-

313 2246 437 2293 stor
477 2237 654 2293 bonus
689 2254 703 2290 :
741 2245 795 2289 et
837 2249 1107 2306 cognosco
1159 2248 1330 2297 meas.
1375 2241 1432 2290 et
1471 2239 1804 2302 cognoscunt
1833 2247 1922 2290 me

313 2347 478 2387 meae.
514 2330 642 2404 [xc,
669 2329 758 2402 5.]
779 2329 929 2386 Sicut
950 2330 1101 2384 novit
1129 2344 1216 2385 me
1238 2328 1419 2398 Pater,
1445 2336 1500 2385 et
1521 2343 1622 2398 ego
1649 2343 1924 2398 cognosco

312 2421 568 2479 Patrem:
597 2421 716 2494 [χοι
734 2421 856 2494 ,4.]
898 2433 952 2477 et
975 2421 1211 2476 animam
1235 2437 1409 2476 meam
1447 2436 1587 2491 pono
1611 2437 1710 2491 pro
1731 2421 1921 2478 ovibus

311 2517 479 2582 meis,
511 2514 676 2585 [scr],
709 2514 796 2571 10.
818 2512 838 2585 ]
862 2523 915 2569 et
944 2513 1081 2570 alias
1121 2528 1254 2568 oves
1281 2513 1482 2579 habeo,
1510 2528 1631 2582 qua}.
1662 2527 1768 2568 non
1794 2521 1922 2568 sunt

311 2621 387 2663 ex
419 2609 523 2662 hoc
554 2605 680 2662 ovili
705 2622 721 2660 :
745 2613 802 2662 et
829 2605 949 2662 illas
975 2613 1192 2676 Oportet
1215 2622 1300 2662 me
1328 2607 1619 2669 adducere,
1655 2613 1708 2662 et
1732 2621 1920 2664 vocem

309 2716 499 2758 meam
525 2701 764 2769 audient,
803 2712 858 2758 et
912 2701 1006 2756 fiet
1052 2717 1216 2757 unum
1248 2701 1412 2768 ovile,
1450 2711 1505 2758 et
1532 2717 1669 2756 unus
1709 2711 1916 2771 pastor.

311 2794 620 2865 Propterea
651 2811 739 2852 me
768 2795 942 2866 diligit
968 2795 1160 2864 Pater,
1204 2796 1330 2866 quia
1371 2811 1472 2866 ego
1503 2810 1643 2865 pono
1679 2797 1918 2852 animam

309 2904 520 2957 meam,
549 2899 608 2944 ut
631 2892 824 2946 iterum
846 2903 1053 2946 sumam
1077 2905 1216 2946 eam.
1251 2890 1419 2946 Nemo
1445 2891 1584 2946 tollit
1608 2906 1724 2947 eam
1751 2906 1780 2946 a
1805 2907 1917 2948 me:-

307 2984 411 3040 sed
430 2997 531 3055 ego
560 2999 700 3053 pono
727 2999 988 3040 eamame
1021 2986 1165 3055 ipso,
1197 2996 1250 3040 et
1277 2997 1596 3055 potestatem
1628 2985 1802 3041 habeo
1822 3003 1918 3057 po-

309 3079 482 3134 nendi
503 3095 619 3136 eam
640 3097 652 3133 :
671 3089 722 3134 ct
743 3090 1064 3149 potestatem
1089 3081 1264 3138 habeo
1285 3081 1483 3136 iterum
1503 3082 1746 3136 sumendi
1771 3097 1912 3137 eam.

306 3174 432 3230 lloc
463 3175 769 3231 mandatum
802 3176 988 3244 accepi
1017 3189 1047 3230 a
1086 3175 1247 3230 Patre
1293 3190 1435 3230 meo.
1486 3174 1762 3230 Dissensio
1809 3174 1916 3230 ite-

2042 557 2180 614 facis
2211 558 2442 628 teipsum
2493 559 2686 615 Deum.
2735 558 3040 630 Respondit
3079 559 3161 615 eis
3193 558 3356 615 Jesus
3389 578 3403 615 :
3444 559 3635 616 Nonne

2042 663 2303 732 scriptum
2326 671 2408 716 est
2434 663 2488 717 in
2524 663 2640 731 lege
2669 673 2850 718 veStra
2879 662 3044 734 :quia
3075 663 3190 734 Ego
3215 661 3348 728 dixi,
3377 660 3450 717 dii
3478 663 3636 718 estis?

2044 764 2098 820 Si
2127 764 2251 820 illos
2282 763 2416 819 dixit
2444 764 2600 831 deos,
2637 765 2701 819 ad
2737 779 2873 835 quos
2905 779 3088 821 sermo
3122 765 3218 831 Dei
3241 765 3416 821 factus
3443 776 3547 833 eSt,
3581 776 3635 822 et

2041 873 2147 912 non
2172 867 2352 928 potest
2375 857 2511 912 solvi
2538 859 2820 927 Scriptura
2845 875 2859 912 :
2883 874 3044 929 quem
3069 858 3228 914 Pater
3254 859 3632 926 sanctiﬁcavit,

2039 960 2092 1007 et
2121 951 2267 1005 misit
2295 951 2349 1006 in
2380 951 2666 1015 mundum,
2697 965 2793 1006 vos
2825 950 3007 1007 dicitis
3036 969 3049 1004 :
3077 951 3216 1020 Quia
3243 952 3585 1022 blasphemas
3617 969 3630 1006 :

2037 1046 2162 1116 quia
2208 1043 2361 1099 dixi:
2390 1043 2564 1099 Filius
2599 1043 2692 1097 llei
2723 1043 2880 1098 sum?
2911 1043 2966 1100 Si
3003 1061 3108 1099 non
3143 1044 3283 1099 facio
3329 1058 3497 1114 Opera
3527 1045 3630 1099 Pa-

2037 1137 2137 1192 tris
2161 1136 2289 1203 mei,
2335 1136 2509 1191 nolite
2539 1135 2763 1192 credere
2795 1134 2949 1192 mihi.
2985 1136 3040 1192 Si
3067 1143 3247 1192 autem
3293 1136 3454 1206 facio,
3503 1147 3556 1190 et
3584 1137 3630 1191 si

2036 1229 2171 1284 mihi
2202 1244 2310 1284 non
2341 1229 2504 1284 vultis
2524 1228 2770 1295 credere,
2801 1230 3058 1298 operibus
3084 1230 3312 1297 credite,
3345 1238 3400 1284 ut
3430 1245 3632 1300 cogno-

2034 1321 2223 1392 scatis,
2255 1329 2312 1378 et
2355 1321 2592 1377 credatis
2621 1321 2744 1392 quia
2777 1320 2942 1377 Pater
2969 1321 3023 1375 in
3071 1337 3160 1378 me
3187 1330 3298 1386 est,
3349 1333 3404 1377 et
3433 1337 3532 1390 ego
3571 1323 3624 1378 in

2033 1417 2218 1474 Patre.
2237 1416 2843 1491 [xcru,4.]Quaerebant
2871 1433 3001 1489 ergo
3025 1433 3149 1475 eum
3175 1418 3622 1490 apprehendere:

2032 1528 2088 1577 et
2122 1521 2296 1577 exivit
2326 1520 2394 1578 de
2426 1521 2678 1576 manibus
2727 1535 2935 1576 eorum.
2973 1521 3040 1576 Et
3071 1521 3201 1578 abiit
3231 1521 3426 1577 iterum
3477 1531 3624 1578 trans

2029 1613 2345 1682 Jordanem,
2381 1616 2433 1668 in
2459 1630 2581 1670 eum
2615 1614 2815 1682 locum,
2847 1615 2936 1668 ubi
2967 1623 3084 1669 erat
3126 1614 3367 1670 Joannes
3399 1625 3422 1654 ο
3450 1615 3628 1685 bapti-

2031 1724 2163 1765 zans
2209 1708 2441 1778 primum
2472 1727 2484 1764 :
2510 1718 2564 1764 et
2595 1709 2793 1764 mansit
2823 1708 2952 1765 illic.
3001 1709 3184 1781 μων,
3221 1709 3342 1782 10.]
3371 1709 3439 1764 Et
3467 1711 3620 1765 multi

2029 1810 2297 1857 venerunt
2321 1800 2389 1856 ad
2412 1815 2559 1866 eum,
2584 1809 2638 1857 et
2669 1801 2917 1857 dicebant
2943 1817 2957 1855 :
2980 1801 3113 1870 Quia
3143 1801 3378 1858 Joannes
3406 1803 3622 1872 quidem

2031 1894 2242 1966 signum
2281 1894 2411 1951 fecit
2456 1893 2689 1950 nullum.
2721 1895 2914 1950 Omnia
2947 1903 3124 1950 autem
3155 1909 3509 1966 quaecumque
3539 1895 3622 1950 di-

2029 1990 2106 2044 xit
2125 1989 2361 2044 Joannes
2385 1989 2450 2044 de
2477 1987 2600 2054 hoc,
2627 2003 2756 2043 vera
2777 1998 2950 2044 erant.
2986 1987 3056 2044 Et
3092 1989 3242 2044 multi
3271 1989 3620 2045 crediderunt

2027 2087 2081 2140 in
2109 2101 2254 2140 eum.

2100 2204 2253 2277 [,Cap.
2279 2202 2399 2274 XL]
2424 2202 2553 2259 Erat
2579 2210 2762 2259 autem
2783 2200 3004 2275 quidam
3036 2201 3299 2272 languens
3326 2199 3564 2256 Lazarus
3587 2216 3616 2256 a

2027 2295 2312 2364 Bethania,
2337 2296 2404 2352 de
2431 2297 2659 2354 castello
2680 2297 2882 2365 Mariae,
2908 2304 2965 2353 et
2994 2296 3218 2352 Martha:
3243 2295 3450 2352 sororis
3475 2297 3615 2367 ejus.

2026 2391 2217 2463 (Maria
2251 2400 2433 2448 autem
2470 2400 2609 2457 erat,
2637 2407 2759 2464 quae
2801 2390 2955 2445 unxit
2996 2390 3284 2444 Dominum
3319 2400 3613 2460 unguento,

2024 2498 2080 2545 et
2103 2489 2331 2544 extersit
2360 2488 2528 2560 pedes
2550 2488 2671 2559 ejus
2695 2487 2909 2559 capillis
2947 2489 3060 2543 suis
3095 2506 3108 2541 :
3138 2488 3294 2558 cujus
3323 2486 3488 2542 frater
3513 2485 3617 2540 La-

2025 2599 2183 2640 zarus
2213 2583 2638 2654 iufmnabatur.)
2674 2582 2940 2638 Miserunt
2965 2597 3099 2654 ergo
3144 2595 3368 2638 sorores
3399 2579 3516 2651 ejus
3544 2578 3612 2634 ad

2022 2702 2145 2743 eum
2177 2687 2426 2743 dicentes
2456 2704 2468 2741 :
2502 2686 2754 2750 Domine,
2783 2701 2911 2744 ecce
2952 2700 3112 2758 quem
3157 2699 3328 2755 amas,
3375 2683 3613 2740 infirma-

2022 2789 2129 2837 tur.
2160 2780 2405 2838 Audiens
2445 2791 2628 2837 autem
2664 2780 2824 2838 Jesus
2853 2781 2989 2837 dixit
3011 2781 3089 2836 eis
3123 2799 3136 2838 :
3177 2779 3468 2836 lnﬁrmitas
3495 2778 3610 2834 haec

2021 2889 2128 2930 non
2163 2884 2246 2930 est
2288 2876 2356 2930 ad
2405 2884 2660 2944 mortem,
2691 2876 2789 2931 sed
2820 2891 2916 2946 pro
2943 2875 3113 2947 gloria
3154 2874 3272 2944 Dei,
3303 2882 3358 2930 ut
3403 2872 3612 2945 gloriiie

2019 2981 2174 3028 cetur
2226 2972 2396 3030 Filius
2445 2973 2539 3030 Dei
2593 2988 2690 3044 per
2739 2987 2884 3030 eam.
2921 2973 3189 3043 Diligebat
3237 2983 3418 3030 autem
3449 2971 3612 3028 Jesus

2019 3067 2305 3135 Martham,
2332 3076 2387 3123 et
2417 3082 2667 3128 sororem
2699 3068 2818 3138 ejus
2857 3067 3105 3132 Mariam,
3136 3075 3191 3124 et
3226 3068 3506 3122 Lazarum.
3539 3065 3612 3128 Ut

2018 3175 2150 3232 ergo
2174 3160 2382 3217 audivit
2410 3159 2534 3230 quia
2565 3159 2968 3230 infirmabatur,
3003 3169 3132 3216 tunc
3158 3160 3376 3230 quidem
3410 3161 3612 3218 mansit

306 3285 441 3324 rum
489 3269 625 3326 facta
655 3280 738 3326 est
777 3271 918 3326 inter
951 3269 1172 3326 Iudaeos
1211 3284 1434 3341 propter
1462 3285 1742 3326 sermones
1786 3271 1908 3328 hos.

2018 3257 2070 3312 in
2097 3256 2292 3312 eodem
2322 3255 2440 3310 loco
2470 3253 2688 3309 duobus
2715 3252 2928 3310 diebus.
2948 3253 3154 3308 Deinde
3187 3252 3445 3323 posthaec
3468 3251 3611 3306 dixit

307 3361 578 3417 Dicebant
608 3372 788 3418 autem
819 3363 973 3418 multi
1009 3379 1076 3420 ex
1109 3363 1241 3433 ipsis
1272 3381 1284 3416 :
1320 3363 1658 3418 Dzeu'tonium
1708 3362 1910 3431 habet,

308 3461 375 3509 et
404 3452 603 3508 insanit
632 3471 646 3508 :
676 3454 804 3525 quid
837 3470 959 3510 eum
1008 3455 1249 3511 auditis?
1297 3453 1402 3509 Alii
1451 3454 1704 3510 dicebant
1739 3473 1750 3509 :
1785 3457 1912 3511 llzrc

304 3547 482 3603 verba
511 3562 618 3602 non
652 3557 778 3604 sunt
808 3547 1136 3603 daemonium
1176 3547 1430 3603 habentis
1463 3564 1475 3600 :
1508 3547 1767 3618 numquid
1800 3547 1910 3602 die,

303 3640 553 3695 monium
582 3648 758 3708 potest
785 3654 1056 3694 cmcorum
1087 3640 1275 3694 oculos
1304 3639 1562 3709 aperire?
1590 3639 1752 3695 Facta
1783 3651 1910 3697 sunt

305 3745 493 3790 autem
539 3734 790 3790 Enezenia
832 3736 886 3789 in
915 3734 1276 3804 Jerosolymis
1305 3752 1318 3786 :
1353 3743 1408 3789 et
1438 3733 1628 3807 hyems
1661 3741 1799 3790 erat.
1843 3735 1910 3790 Et

301 3828 626 3884 ambulabat
667 3828 825 3884 Jesus
860 3830 911 3884 in
956 3831 1180 3900 templo,
1227 3829 1280 3884 in
1323 3829 1533 3900 porticu
1574 3830 1904 3886 Salomonis.

300 3921 800 3978 Circumdederunt
843 3937 973 3993 ergo
1013 3938 1137 3978 eum
1185 3922 1384 3990 Judaei,
1425 3933 1480 3979 et
1521 3924 1776 3980 dicebant
1813 3925 1905 3981 ei:

297 4014 602 4087 Quousque
629 4015 866 4073 animam
898 4027 1140 4072 nostram
1169 4017 1360 4074 tollis?
1388 4020 1430 4073 si
1457 4027 1513 4074 tu
1538 4034 1598 4075 es
1629 4019 1904 4092 Christus,

298 4111 394 4167 dic
418 4112 572 4168 nobis
599 4113 794 4183 palam.
828 4113 1131 4184 Respondit
1161 4113 1240 4170 eis
1257 4116 1416 4169 Jesus
1443 4132 1456 4170 :
1483 4115 1700 4187 Loquor
1727 4116 1904 4185 vobis,

297 4211 361 4259 et
381 4218 488 4258 non
516 4203 776 4261 creditis:
804 4219 990 4276 opera,
1015 4221 1138 4275 quae
1169 4221 1270 4277 ego
1292 4206 1434 4263 facio
1461 4208 1515 4264 in
1547 4210 1772 4266 nomine
1803 4210 1908 4267 Pa-

293 4296 406 4351 tris
433 4298 563 4366 mei,
592 4299 706 4354 haec
732 4299 1105 4356 testimonium
1131 4301 1424 4372 perhibent
1449 4302 1518 4360 de
1540 4320 1628 4359 me
1654 4323 1664 4359 :
1691 4306 1784 4361 sed
1811 4321 1905 4364 vos

293 4403 412 4444 non
445 4389 673 4446 creditis
696 4393 746 4460 ι),
783 4393 909 4464 quia
941 4409 1046 4450 non
1082 4395 1216 4450 estis
1242 4410 1308 4451 ex
1339 4396 1532 4452 ovibus
1571 4399 1728 4454 meis.
1762 4400 1905 4457 Oves

293 4496 439 4536 mea:
468 4497 655 4539 vocem
688 4500 862 4542 meam
891 4486 1122 4543 audiunt
1152 4505 1162 4542 :
1187 4496 1244 4544 et
1270 4503 1371 4560 ego
1398 4504 1668 4561 cognosco
1697 4508 1813 4563 eas,
1849 4502 1904 4552 et

293 4585 608 4646 sequuntur
652 4594 782 4634 me:
819 4589 876 4636 et
919 4596 1021 4652 ego
1054 4582 1222 4638 vitam
1270 4593 1532 4641 :eternam
1581 4587 1650 4643 do
1693 4589 1812 4644 eis:
1847 4600 1901 4645 et

2016 3350 2297 3422 discipulis
2340 3350 2453 3406 suis
2487 3367 2499 3404 :
2538 3350 2739 3408 Eamus
2776 3349 2830 3404 in
2860 3349 3105 3406 Judream
3148 3349 3370 3405 iterum.
3410 3347 3610 3407 Dicunt

2015 3443 2067 3499 ei
2099 3444 2356 3515 discipuli
2389 3462 2402 3499 :
2433 3442 2626 3511 Rahbi,
2658 3458 2805 3499 nunc
2833 3443 3149 3514 quaerebant
3189 3453 3240 3498 te
3266 3442 3440 3498 Judmi
3473 3442 3609 3512 lapi-

2013 3546 2165 3614 dare,
2190 3557 2240 3604 et
2269 3549 2466 3604 iterum
2491 3547 2643 3604 vadis
2666 3547 2830 3602 illuc?
2855 3546 3158 3617 Respondit
3183 3546 3340 3604 Jesus
3377 3547 3606 3604 :Nonue

2013 3639 2302 3694 duodecim
2351 3648 2477 3694 sunt
2535 3638 2686 3692 hora:
2738 3639 2884 3694 diei?
2916 3637 3121 3708 Siquis
3165 3637 3528 3696 ambulaverit
3551 3640 3603 3698 in

2013 3731 2124 3796 die,
2155 3746 2264 3788 non
2288 3729 2537 3799 offendit,
2561 3731 2682 3801 quia
2711 3730 2888 3788 lucem
2921 3729 3082 3800 hujus
3113 3729 3298 3786 mundi
3331 3729 3481 3786 videt
3515 3750 3526 3785 :
3557 3732 3603 3788 si

2010 3834 2194 3878 autem
2237 3823 2600 3880 ambulaverit
2627 3823 2681 3879 in
2714 3832 2896 3892 nocte,
2927 3822 3174 3894 oil'endit,
3203 3823 3325 3895 quia
3357 3823 3450 3880 lux
3492 3840 3604 3880 non

2011 3927 2094 3974 est
2131 3918 2186 3972 in
2211 3933 2297 3974 eo.
2331 3918 2458 3974 Haec
2497 3919 2589 3986 ait,
2617 3929 2673 3975 et
2718 3925 2846 3989 post
2874 3922 2987 3974 ιιωο
3015 3919 3156 3974 dixit
3205 3919 3288 3974 eis
3322 3917 3600 3976 :Lazarus

2010 4011 2216 4067 amicus
2246 4023 2432 4068 noster
2459 4012 2663 4068 dormit
2692 4031 2706 4067 :
2735 4013 2830 4068 sed
2861 4012 3006 4070 vado
3033 4023 3092 4068 ut
3118 4028 3148 4070 a
3179 4027 3374 4069 somno
3399 4010 3426 4050 ά
3451 4012 3601 4070 exci-

2011 4114 2119 4162 tem
2142 4123 2289 4163 eum.
2315 4107 2586 4164 Dixerunt
2614 4122 2746 4178 ergo
2776 4106 3028 4176 discipuli
3067 4107 3186 4179 ejus
3219 4123 3232 4162 :
3267 4104 3518 4174 Domine,
3553 4105 3600 4162 si

2007 4201 2234 4269 dormit,
2266 4202 2452 4258 salvus
2498 4201 2624 4258 erit.
2650 4202 2875 4258 Dixerat
2919 4212 3103 4258 autem
3140 4201 3298 4258 Jesus
3329 4200 3398 4258 de
3427 4209 3602 4258 morte

2008 4294 2127 4365 ejus
2167 4312 2181 4350 :
2227 4294 2308 4352 illi
2360 4303 2541 4352 autem
2588 4305 2922 4367 putaverunt
2969 4296 3095 4367 quia
3150 4295 3217 4350 de
3271 4295 3603 4357 dormitione

2007 4390 2188 4446 somni
2214 4390 2444 4448 diceret.
2478 4390 2634 4448 Tunc
2657 4406 2791 4463 ergo
2817 4391 2977 4448 Jesus
3003 4391 3143 4446 dixit
3167 4390 3246 4448 eis
3270 4387 3560 4448 manifeste
3583 4406 3596 4448 ι

2007 4485 2246 4542 Lazarus
2273 4496 2517 4542 mortuus
2542 4496 2647 4554 est,
2679 4496 2732 4542 et
2758 4485 2970 4558 gaudeo
2997 4495 3217 4556 prOpter
3238 4500 3356 4552 vos,
3384 4493 3444 4540 ut
3475 4499 3599 4541 cre-

2007 4583 2144 4638 datis
2178 4600 2191 4638 :
2220 4583 2479 4653 quoniam
2530 4599 2639 4639 non
2670 4597 2819 4639 eram
2850 4580 2944 4636 ibi.
2969 4579 3078 4636 Sed
3115 4595 3304 4635 eamus
3333 4578 3402 4634 ad
3448 4592 3616 4662 eum._

292 4682 408 4723 non
440 4670 691 4738 peribunt
727 4671 780 4727 in
812 4683 1100 4740 aeternum,
1144 4685 1198 4732 et
1245 4691 1352 4731 non
1399 4679 1574 4748 rapiet
1619 4696 1711 4738 eas
1740 4683 1894 4752 quis-
1926 4655 2150 4736 DDixit
2180 4693 2312 4749 ergo
2335 4677 2597 4744 Thomas,
2629 4678 2720 4748 qui
2753 4675 2950 4733 dicitur
2973 4676 3254 4746 Didymus,
3282 4673 3346 4728 ad
3379 4671 3599 4729 condis-

295 4776 462 4832 quam
493 4762 561 4818 de
587 4779 748 4820 manu
783 4781 924 4824 mea.
958 4768 1137 4825 Pater'
1159 4784 1314 4825 meus
1356 4772 1501 4842 quod
1541 4772 1694 4830 dedit
1734 4775 1893 4846 mihi,

291 4855 476 4925 majus
508 4858 760 4914 omnibus
783 4870 867 4915 est
896 4879 909 4915 :
936 4871 990 4917 et
1017 4877 1177 4918 nemo
1200 4874 1378 4935 potest
1410 4882 1600 4936 rapere
1629 4868 1696 4923 de
1733 4885 1896 4927 manu

284 4947 472 5005 Patris
501 4952 630 5006 mei.
655 4951 769 5023 Ego
794 4961 850 5009 et
876 4953 1035 5010 Pater
1069 4972 1235 5011 unum
1279 4972 1488 5014 sumus.
1532 4960 1887 5020 Sustulerunt

287 5056 428 5112 ergo
481 5043 686 5113 lapides
725 5045 919 5114 Judaei,
960 5057 1018 5103 ut
1047 5049 1354 5120 lapidarent
1395 5070 1538 5109 eum.
1587 5056 1894 5128 Respondit

284 5135 374 5191 eis
400 5133 559 5192 Jesus
590 5138 794 5193 :Multa
827 5140 966 5195 bona
989 5155 1158 5212 opera
1192 5145 1405 5200 ostendi
1446 5148 1600 5204 vobis
1633 5164 1698 5205 ex
1730 5151 1891 5209 Patre

283 5243 435 5291 meo,
470 5240 697 5301 prepter
727 5234 873 5304 quod
915 5243 1107 5291 eurum
1161 5253 1296 5308 epus
1329 5257 1414 5296 me
1447 5241 1731 5313 lapidatis?
1779 5247 1890 5303 Re-

280 5323 626 5392 sponderunt
649 5327 697 5382 ei
732 5326 904 5384 Judzei
933 5346 945 5384 :
973 5330 1049 5386 De
1075 5329 1222 5387 bono
1243 5347 1412 5403 opere
1447 5351 1554 5390 non
1589 5336 1892 5408 lapidamus

356 5540 381 5569 ⁸
401 5532 821 5618 ΔΙξθΐιιῐηίῖῐἹῐὶίες)
835 5538 1199 5618 ρι’θεεὶυξάλγ
1221 5543 1312 5597 οὐκ
1333 5541 1583 5615 ἥκουσαν,
1609 5547 1805 5618 legitur
1821 5550 1874 5606 in

285 5609 500 5659 nostris
522 5622 678 5673 mss.,
711 5609 801 5662 sed
829 5626 930 5664 non
955 5612 1259 5666 audierunt.

355 5673 383 5713 b
412 5676 647 5761 Additur
669 5682 721 5735 in
751 5697 856 5735 uno
877 5693 1038 5761 atque
1065 5685 1238 5761 a_ltero
1269 5701 1299 5740 e
1328 5690 1527 5742 nostris
1561 5705 1691 5746 mss.
1718 5694 1872 5761 mihi,

273 5749 967 5836 quodpronomen'neque
994 5755 1046 5836 in
1075 5756 1266 5812 Graeco
1296 5771 1379 5813 est
1409 5771 1582 5832 textu,
1609 5779 1785 5836 neque
1818 5749 1873 5822 in

274 5824 655 5898 vetu~_ti_ssirno
676 5824 866 5881 Latino
895 5827 1118 5898 Regiam
1153 5846 1253 5884 ms.

359 5904 380 5931 ι·
412 5895 496 5953 Ad
539 5895 787 5960 codicum
818 5895 1162 5981 uestrarum,
1214 5903 1552 5980 aliorumque
1583 5907 1869 5988 editorum

2003 4773 2215 4844 cipulos
2248 4790 2259 4826 :
2297 4772 2496 4830 Eamus
2522 4782 2578 4828 et
2601 4787 2720 4834 nos,
2759 4780 2811 4825 ut
2837 4769 3138 4828 moriamur
3168 4783 3290 4825 cum
3313 4781 3402 4824 eo.
3437 4767 3599 4823 Venit

2000 4866 2188 4933 itaque
2233 4865 2412 4932 Jesus,
2465 4875 2521 4921 et
2565 4863 2778 4920 invenit
2805 4879 2927 4920 eum
2975 4871 3211 4933 quatuor
3247 4861 3366 4918 dies
3405 4861 3514 4931 jam
3539 4860 3596 4916 iu

2003 4969 2354 5017 monumento
2388 4959 2701 5016 habentem.
2747 4957 2902 5030 (Erat
2931 4965 3111 5013 autem
3143 4954 3404 5012 Bethania
3436 4954 3593 5025 juxta

1997 5057 2389 5127 Jerosolymam
2417 5052 2575 5124 quasi
2603 5051 2796 5110 stadiis
2824 5051 3182 5122 quindecim.)
3216 5049 3370 5108 Multi
3400 5058 3583 5104 autent

1998 5166 2061 5206 ex
2093 5148 2298 5205 Judaais
2325 5156 2588 5203 venerant
2617 5145 2683 5199 ad
2716 5144 2978 5199 Martinam
3005 5153 3060 5199 et
3098 5141 3344 5209 Mariam,
3380 5149 3437 5194 ut
3461 5155 3592 5196 cun-

1999 5245 2308 5301 solarentur
2329 5257 2424 5300 eas
2445 5242 2512 5299 de
2538 5240 2708 5296 fratre
2733 5255 2852 5296 suo.
2881 5237 3091 5297 Martha
3109 5246 3266 5308 Ergo,
3300 5243 3358 5294 ut
3381 5236 3591 5292 audivit

2001 5342 2120 5414 quia
2144 5341 2301 5398 Jesus
2326 5339 2495 5405 venit,
2528 5338 2770 5394 occurrit
2796 5335 2904 5392 illi:
2930 5336 3095 5392 Maria
3121 5344 3299 5392 autem
3328 5333 3474 5390 domi
3503 5349 3592 5390 se-

1987 5549 2240 5618 fidem,in
2271 5547 2467 5618 quibus
2489 5554 2808 5601 constanter
2833 5552 2917 5601 est
2943 5544 3240 5619 baptisma,
3252 5543 3408 5614 juxta
3435 5543 3588 5600 Grae-

1983 5638 2106 5679 cum
2143 5617 2343 5676 textum
2372 5620 2398 5676 ὁ
2429 5621 2712 5693 βαπτίζων,
2749 5619 2818 5673 ita
2851 5625 2906 5672 et
2937 5617 3427 5693 _nos_restituimus,
3461 5632 3586 5671 cum

1981 5705 2140 5750 antea
2169 5690 2723 5762 penesMartianmum
2755 5698 2899 5744 esset
2928 5690 3238 5759 baptizatus.

2049 5765 2077 5804 ά
2108 5767 2220 5820 Duo
2251 5780 2382 5820 mss.
2416 5764 2587 5821 nostri
2618 5764 2918 5819 exsuscitet»
2937 5764 3162 5817 :tertius
3192 5763 3441 5819 absolute
3465 5778 3578 5817 sus-

1977 5840 2145 5911 citem,
2179 5849 2443 5909 expuncta
2475 5853 2539 5892 ex
2568 5835 2952 5908 prtepasitione
2979 5835 3230 5894 secundis
3256 5835 3428 5893 curis.
