4166 6336
540 345 640 404 671

1559 346 1620 406 S.
1663 343 2046 404 HIERONYMI
2087 345 2319 404 DIVINA
2362 345 2841 406 BIBLlOTHECA.

3727 348 3844 406 672

540 439 722 521 debat.
747 461 892 519 Dixit
915 477 1045 536 ergo
1071 461 1283 520 Martha
1304 460 1371 519 ad
1399 461 1586 520 Iesum
1616 479 1629 516 :
1655 461 1908 534 Domine,
1938 463 1983 518 si
2007 462 2133 518 fnis-
2160 464 2210 524 Α
2237 463 2350 518 cit?
2373 465 2427 520 Si
2453 464 2777 520 dimittimus
2805 479 2930 522 eum
2953 464 3054 532 sic,
3074 479 3264 522 omnes
3281 467 3506 523 credent
3535 467 3585 522 in
3615 475 3846 525 eumzet

541 571 631 615 ses
676 556 784 623 hic,
823 555 991 612 frater
1034 571 1192 612 meus
1231 571 1338 611 non
1391 553 1582 610 fuisset
1623 563 1909 610 mortuus:
1939 553 2034 610 sed
2084 562 2138 609 et

542 663 688 707 nunc
713 647 844 715 scio,
880 649 1007 720 quia
1033 663 1390 722 quaecumque
1421 647 1742 720 poposceris
1770 663 1800 703 a
1833 649 1962 715 Deo,
1987 646 2140 704 dabit

545 747 641 803 tibi
676 746 835 802 Deus.
871 745 1009 801 Dicit
1035 746 1112 801 illi
1138 745 1296 801 Jesus
1337 761 1351 800 :
1386 743 1649 815 Resurget
1680 744 1847 800 frater
1873 750 2019 799 tuus.
2051 743 2138 798 Di-

544 839 619 896 cit
646 838 696 894 ei
733 837 941 894 Martha
975 855 991 895 :
1032 838 1158 895 Scio
1184 838 1310 910 quia
1343 847 1586 909 resurget
1619 837 1674 892 in
1733 838 2141 894 resurrectione

549 932 601 988 in
631 932 929 988 novissimo
960 931 1065 988 die.
1109 932 1255 987 Dixit
1286 932 1337 988 ei
1357 932 1516 988 Jesus
1550 949 1564 986 :
1601 932 1718 1004 Ego
1738 948 1857 988 sum
1889 947 2138 989 resurre-

545 1025 678 1091 ctio,
706 1031 759 1080 et
801 1025 906 1078 vita
942 1040 956 1078 :
987 1025 1080 1094 qui
1128 1023 1304 1080 credit
1341 1024 1395 1079 in
1450 1040 1561 1093 me,
1609 1025 1772 1082 etiam
1803 1027 1845 1079 si
1892 1034 2140 1082 mortuus

547 1119 734 1184 fuerit,
764 1118 908 1173 vivet
942 1135 954 1172 :
987 1125 1039 1173 et
1068 1119 1272 1185 omnis,
1304 1120 1396 1189 qui
1445 1118 1603 1187 vivit,
1634 1129 1690 1175 et
1719 1120 1893 1175 credit
1938 1119 1989 1175 in
2027 1134 2135 1187 me,

550 1228 657 1267 non
690 1211 958 1267 morietur
980 1212 1034 1268 in
1061 1222 1348 1267 aeternum.
1375 1210 1566 1268 Credis
1596 1213 1729 1270 hoc?
1755 1213 1844 1268 Ait
1870 1212 1946 1268 illi
1977 1230 1991 1268 :
2021 1213 2141 1270 Uti-

549 1320 673 1376 que,
703 1304 953 1375 Domine,
985 1320 1086 1377 ego
1116 1305 1344 1373 credidi,
1364 1307 1489 1377 quia
1529 1313 1586 1361 tu
1613 1320 1674 1363 es
1702 1307 1950 1362 Christus
1972 1305 2142 1360 Filius

549 1396 645 1452 Dei
671 1396 803 1465 vivi,
837 1399 928 1468 qui
959 1399 1012 1453 in
1062 1397 1206 1455 hunc
1238 1399 1499 1454 mundum
1529 1399 1743 1455 venisti.
1775 1398 1843 1454 Et
1876 1414 1998 1454 cum
2025 1397 2144 1455 haec

485 1499 492 1510 ‘
549 1489 802 1557 dixisset,
833 1490 990 1558 abiit,
1021 1501 1075 1546 et
1106 1490 1321 1547 vocavit
1351 1492 1574 1547 Mariam
1619 1507 1866 1548 sororem
1896 1506 2048 1546 suam
2080 1492 2146 1546 si-

552 1581 749 1647 lentio,
774 1583 962 1639 dicens
996 1583 1294 1655 :Magister
1323 1585 1499 1650 adest,
1531 1594 1586 1638 et
1627 1592 1788 1639 vocat
1841 1595 1913 1639 te.
1945 1583 2039 1637 llla
2087 1591 2147 1638 ut

552 1675 756 1730 audivit
787 1676 963 1747 surgit
1000 1678 1130 1743 cito,
1163 1686 1219 1732 et
1245 1679 1393 1732 venit
1431 1677 1497 1732 ad
1526 1692 1649 1733 enm
1679 1693 1694 1744 ;
1727 1676 1968 1732 nondum
2000 1680 2145 1732 enim

551 1777 776 1825 venerat
804 1768 965 1826 Jesus
997 1771 1049 1826 in
1088 1771 1372 1826 castellum
1403 1812 1418 1838 ,
1443 1771 1540 1827 sed
1594 1781 1717 1828 erat
1756 1772 1936 1826 adhuc
1965 1772 2020 1827 in
2052 1771 2147 1826 illo

2241 556 2457 612 venient
2474 557 2787 623 Romani,et
2810 559 3003 614 tollent
3024 569 3267 614 nostrum
3300 561 3577 628 locum,et
3591 573 3838 634 gentem.

2243 648 2394 705 Unus
2415 659 2591 707 autem
2619 666 2684 708 ex
2704 651 2834 722 ipsis
2851 651 3087 723 Caiplias
3117 654 3353 722 nomine,
3380 671 3503 710 cum
3534 665 3686 713 esset
3700 671 3840 727 pon-

2245 744 2374 799 tifex
2397 746 2521 800 anni
2545 745 2863 814 illius,dixit
2882 746 2961 802 eis
2985 746 3124 802 :Vos
3146 747 3366 804 nescitis
3395 749 3708 821 quidquam,
3734 765 3843 807 nec

2241 837 2490 907 cogitatis
2511 838 2637 909 quia
2659 837 2879 908 expedit
2902 834 2928 874 ἀ
2953 838 3124 903 vobis,
3150 849 3206 893 ut
3229 855 3364 896 unus
3392 841 3651 897 moriatur
3672 841 3843 900 homo

2244 943 2342 1000 pro
2365 930 2582 1000 pepulo,
2610 940 2784 986 etnon
2813 940 2922 985 tota
2950 947 3079 1001 gens
3110 944 3315 1007 pereat.
3349 934 3461 990 Hoc
3481 945 3660 992 autem
3690 953 3721 992 a
3744 953 3839 994 se-

2247 1024 2476 1093 metipso
2497 1039 2606 1078 non
2629 1024 2765 1079 dixit
2788 1029 2909 1082 :sed
2936 1043 3058 1084 cum
3083 1037 3226 1083 esset
3251 1026 3491 1098 pontifex
3513 1028 3641 1084 anui
3667 1030 3842 1098 illius,

2246 1118 2609 1187 pr0phetavit,
2637 1119 2778 1188 quod
2807 1119 2964 1176 Jesus
3005 1121 3300 1175 moriturus
3345 1129 3464 1176 erat
3512 1136 3609 1191 pro
3650 1131 3840 1194 gente,

2246 1217 2301 1264 et
2329 1223 2433 1263 non
2465 1218 2673 1265 tantum
2699 1227 2796 1278 pro
2821 1223 3006 1283 gente,
3030 1212 3125 1268 sed
3156 1222 3214 1267 ut
3240 1211 3382 1268 filios
3412 1212 3528 1281 Dei,
3553 1213 3645 1284 qui
3684 1222 3851 1270 erant

2246 1299 2500 1370 diSpersi,
2533 1313 2890 1373 congregaret
2921 1305 2972 1358 in
3005 1320 3195 1360 unum.
3227 1305 3375 1378 [xcv,
3409 1302 3490 1375 4.]
3519 1305 3603 1360 Ab
3628 1304 3724 1361 illo
3755 1322 3852 1362 er-

2247 1408 2314 1464 go
2334 1393 2421 1449 die
2441 1395 2842 1465 cogitaverunt,
2859 1406 2916 1450 ut
2948 1396 3319 1453 interficerent
3343 1412 3489 1453 eum.
3510 1397 3666 1454 Jesus
3689 1414 3847 1470 ergo,

2243 1487 2354 1557 jam
2402 1502 2506 1544 non
2539 1490 2713 1559 palam
2757 1490 3072 1546 ambulabat
3102 1490 3246 1562 apud
3291 1489 3514 1546 Judazos
3537 1534 3552 1558 ,
3581 1491 3679 1548 sed
3713 1493 3853 1547 abiit

2251 1577 2306 1633 in
2334 1581 2610 1650 regionem
2632 1580 2785 1650 juxta
2819 1581 3095 1638 desertum
3122 1623 3138 1648 ,
3183 1583 3238 1639 in
3267 1582 3545 1638 civitatem
3575 1599 3695 1654 quae
3713 1583 3855 1638 dici-

2259 1681 2348 1727 tur
2386 1672 2642 1744 Ephrem,
2671 1683 2726 1729 et
2760 1675 2832 1730 ibi
2875 1675 3192 1731 morabatur
3219 1691 3342 1731 cum
3387 1675 3671 1746 discipulis
3710 1677 3851 1733 suis.

2259 1767 2422 1839 μανι,
2461 1765 2534 1836 1.]
2567 1767 2882 1822 Proximum
2912 1777 3092 1824 autem
3119 1779 3238 1825 erat
3268 1769 3473 1825 Pascha
3503 1769 3852 1826 Judzeorum:

554 1863 690 1931 loco,
731 1865 822 1920 ubi
875 1874 1192 1921 occnrrerat
1241 1867 1289 1921 ei
1347 1865 1579 1920 Martha.
1625 1865 1798 1922 Judaei
1842 1881 1996 1937 ergo,
2057 1866 2148 1936 qui
2179 1865 2226 1927 B
2255 1858 2454 1932 [xcvu,
2486 1857 2610 1930 10.]
2642 1870 2697 1915 et
2744 1864 3116 1916 ascenderunt
3157 1863 3313 1917 multi
3353 1861 3750 1934 Jerosolymam
3780 1862 3856 1919 de

552 1964 705 2012 erant
734 1971 856 2012 cum
900 1973 962 2013 ea
997 1958 1049 2013 in
1091 1959 1274 2027 domo,
1311 1968 1365 2015 et
1394 1959 1815 2016 consolabantur
1845 1975 1987 2029 eam,
2021 1975 2146 2016 cum

555 2049 818 2107 vidissent
846 2051 1074 2107 Mariam
1099 2054 1221 2124 quia
1255 2055 1364 2108 cito
1404 2055 1644 2110 surrexit
1697 2066 1752 2110 et
1781 2056 1934 2122 exiit,
1972 2057 2146 2112 secuti

556 2156 680 2201 sunt
708 2160 828 2202 eam
857 2146 1102 2202 dicentes
1130 2166 1142 2203 :
1176 2147 1313 2216 Quia
1348 2149 1498 2204 vadit
1525 2150 1592 2204 ad
1625 2158 2059 2217 monumentum,
2090 2159 2149 2206 ut

558 2240 733 2308 ploret
763 2238 856 2294 ibi.
891 2240 1059 2295 Maria
1100 2257 1258 2311 ergo,
1288 2258 1410 2297 cum
1435 2244 1680 2300 venisset
1702 2245 1792 2299 ubi
1824 2253 1944 2301 erat
1967 2243 2144 2307 Jesus,

553 2329 747 2387 videns
779 2349 925 2400 eum,
956 2333 1155 2388 cecidit
1180 2335 1245 2388 ad
1280 2335 1447 2404 pedes
1491 2336 1633 2408 ejus,
1666 2346 1719 2392 et
1747 2337 1878 2393 dicit
1907 2338 1956 2393 ei
1987 2355 2002 2392 :
2037 2338 2147 2392 Do-

559 2425 724 2491 mine,
757 2425 801 2480 si
831 2423 1028 2482 fuisses
1059 2427 1168 2491 hic,
1194 2441 1298 2482 non
1324 2438 1471 2484 esset
1497 2439 1740 2485 mortuus
1771 2429 1940 2486 frater
1972 2445 2146 2486 meus.

557 2520 715 2574 Jesns
757 2535 923 2590 ergo,
970 2529 1028 2575 ut
1078 2521 1211 2577 vidit
1257 2538 1376 2577 eam
1425 2523 1769 2592 plorantem,
1829 2535 1882 2580 et
1931 2524 2152 2581 Judaeos

558 2613 647 2681 qui
679 2623 936 2668 venerant
971 2625 1094 2668 cum
1125 2627 1211 2679 ea,
1247 2613 1546 2684 plorantes,
1581 2614 1863 2670 infremuit
1888 2614 2016 2687 [Ms.
2043 2615 2153 2672 fre-

560 2703 713 2776 muit]
741 2706 955 2776 spiritu,
985 2718 1040 2762 et
1069 2708 1306 2764 turbavit
1337 2710 1604 2779 seipsum,
1640 2719 1694 2766 et
1718 2710 1851 2765 dixit
1885 2729 1896 2765 :
1931 2711 2031 2766 Ubi
2057 2727 2151 2782 po-

557 2797 948 2866 suistisjeum?
980 2798 1176 2854 Dicunt
1206 2800 1253 2855 ei
1292 2817 1306 2856 ε
1340 2800 1588 2870 Domine,
1626 2803 1782 2868 veni,
1812 2816 1865 2858 et
1907 2803 2052 2858 vide.
2086 2803 2155 2859 Et

563 2888 894 2960 lacrymatus
942 2901 1026 2947 est
1066 2891 1246 2948 Jesus.
1281 2894 1545 2949 Dixerunt
1589 2909 1719 2966 ergo
1766 2895 1938 2957 Judaei
1975 2915 1985 2949 :
2016 2896 2155 2953 Ecce

560 2981 836 3049 quomodo
861 2983 1080 3038 amabat
1102 2998 1249 3039 eum.
1276 2982 1505 3052 Quidam
1536 2998 1715 3042 autem
1741 3003 1807 3042 ex
1839 2989 1974 3058 ipsis
2003 2988 2156 3045 dixe-

568 3083 696 3128 runt
725 3091 739 3128 :
765 3073 883 3128 Non
915 3083 1129 3143 poterat
1153 3077 1259 3142 hic,
1289 3078 1618 3149 quiaperuit
1643 3080 1834 3136 oculos
1865 3081 1996 3136 caeci
2017 3091 2042 3118 ³
2070 3098 2156 3137 na-

569 3170 630 3239 ti,
665 3170 844 3227 facere
872 3180 932 3226 ut
962 3172 1050 3227 hic
1083 3189 1188 3228 non
1224 3174 1748 3231 moreretur‘flesus
1769 3192 1900 3246 ergo
1940 3193 2153 3233 rursum

2248 1953 2472 2020 regione
2497 1963 2624 2008 ante
2652 1952 2882 2022 Pascha,
2909 1965 2968 2009 ut
2991 1953 3399 2010 sanctificarent
3426 1957 3662 2026 seipsos.
3687 1955 3852 2024 Quae—

2248 2047 2444 2100 rebant
2485 2060 2618 2115 ergo
2644 2045 2832 2102 Jesum
2870 2065 2882 2100 :
2913 2057 2968 2102 et
2997 2047 3454 2117 colloquebantur
3485 2049 3556 2105 ad
3588 2049 3848 2117 invicem,

2249 2137 2303 2194 in
2340 2140 2543 2210 templo
2583 2151 2830 2198 stantes:
2865 2141 3004 2209 Quid
3048 2143 3416 2212 pntatis,quia
3463 2158 3571 2198 non
3599 2142 3746 2198 venit
3777 2141 3854 2198 ad

2249 2237 2393 2293 diem
2422 2237 2941 2293 festum?Dederant
2962 2247 3143 2292 autem
3185 2237 3468 2307 pontifices
3502 2247 3556 2293 et
3590 2237 3852 2309 pharisaai

2250 2331 2592 2400 mandatum,
2625 2342 2682 2387 ut
2705 2333 2751 2387 si
2779 2333 2898 2403 quis
2925 2333 3247 2404 cognoverit
3274 2332 3366 2388 ubi
3411 2333 3504 2401 sit,
3530 2319 3753 2401 indicet,
3789 2339 3854 2388 ut

2250 2424 2662 2496 apprehendant
2688 2441 2832 2481 eum.

2325 2518 2480 2592 fCap.
2513 2518 2655 2590 Xll.]
2678 2520 2838 2576 Jesus
2864 2535 2994 2592 ergo
3023 2529 3150 2576 ante
3181 2536 3277 2577 sex
3298 2521 3416 2577 dies
3444 2520 3677 2576 Pascha:
3701 2521 3850 2577 venit

2254 2612 2600 2679 Bethaniam,
2634 2612 2729 2670 ubi
2760 2613 2997 2670 Lazarus
3021 2616 3194 2670 fuerat
3236 2625 3504 2681 mortuus,
3536 2629 3700 2684 quem
3725 2628 3853 2671 sus-

2253 2704 2440 2760 citavit
2460 2705 2639 2761 Jesus.
2669 2707 2874 2778 [xcvm,
2903 2704 2981 2776 1.]
3011 2716 3034 2744 °
3059 2706 3329 2763 Fecerunt
3361 2716 3540 2762 autem
3563 2708 3611 2762 ei
3637 2721 3848 2762 caenam

2255 2797 2330 2853 ibi
2368 2816 2379 2850 :
2409 2808 2464 2853 et
2496 2797 2708 2853 Martha
2738 2798 3104 2867 ministrabat,
3136 2799 3376 2856 Lazarus
3405 2814 3536 2856 vero
3565 2815 3707 2855 unus
3734 2809 3854 2855 erat

2256 2906 2324 2948 ex
2367 2891 2836 2947 discumbentibus
2888 2907 3013 2947 cum
3061 2907 3149 2949 eo.
3182 2893 3352 2948 Maria
3378 2908 3508 2964 ergo
3537 2894 3746 2964 accepit
3791 2894 3856 2949 li-

2257 2983 2409 3038 bram
2444 2985 2700 3054 unguenti
2733 2984 2888 3038 nardi
2920 2984 3097 3054 pistici
3128 2983 3376 3055 pretiosi,
3405 2995 3459 3039 ct
3488 2984 3644 3040 unxit
3687 2984 3855 3055 pedes

2258 3076 2410 3144 Jesu,
2436 3088 2492 3134 et
2525 3079 2761 3134 extersit
2797 3078 2960 3148 pedes
2993 3079 3114 3149 ejus
3143 3080 3356 3149 capillis
3391 3079 3506 3133 suis
3533 3096 3547 3132 :
3573 3088 3628 3133 et
3659 3079 3858 3134 domus

2261 3170 2485 3241 impleta
2522 3181 2605 3227 est
2629 3187 2696 3227 ex
2736 3171 2904 3227 odore
2943 3173 3225 3244 unguenti.
3257 3172 3398 3227 Dixit
3429 3186 3561 3242 ergo
3611 3187 3749 3227 unus
3785 3187 3857 3228 ex

563 3263 801 3319 fremens
844 3264 897 3318 in
923 3266 1240 3334 semetipso,
1271 3268 1422 3322 venit
1449 3266 1516 3321 ad
1557 3279 1990 3326 monumentum.
2029 3270 2153 3325 Erat

2260 3264 2543 3334 discipulis
2567 3265 2709 3332 ejus,
2733 3264 2899 3320 Judas
2931 3265 3216 3322 lscariotes
3248 3264 3848 3339 [Ms.Scariothis],qui

564 3365 744 3412 autem
777 3359 1034 3428 spelunca
1069 3375 1082 3413 :
1116 3369 1170 3414 et
1208 3359 1347 3430 lapis
1394 3361 1772 3432 superpositus
1803 3371 1921 3417 erat
1965 3364 2036 3419 ei.
2069 3364 2160 3419 Ait

565 3450 723 3506 Jesus
755 3470 768 3505 :
803 3451 1002 3507 Tollite
1028 3452 1290 3522 lapidem.
1326 3453 1468 3508 Dicit
1505 3456 1552 3510 ei
1589 3455 1822 3522 Martha,
1856 3472 2014 3511 soror
2041 3457 2159 3526 ejus

569 3544 661 3613 qui
718 3551 963 3598 mortuus
996 3542 1173 3598 fuerat
1203 3559 1217 3598 :
1242 3544 1492 3611 Domine,
1520 3547 1630 3614 jam
1661 3545 1813 3610 fetet,
1844 3548 2162 3618 quatridna-

573 3653 674 3693 nus
703 3649 786 3694 est
813 3638 976 3693 enim.
1007 3638 1148 3694 Dicit
1185 3638 1233 3694 ei
1259 3639 1416 3695 Jesus
1449 3659 1461 3694 :
1494 3640 1686 3696 Nonne
1715 3641 1826 3696 dixi
1878 3642 1995 3710 tibi,
2025 3658 2162 3712 quo-

575 3733 718 3787 niam
753 3731 798 3787 si
828 3732 1147 3800 credideris,
1181 3732 1394 3789 videbis
1429 3734 1657 3805 gloriam
1715 3735 1846 3790 Dei?
1893 3736 2165 3792 Tulerunt

573 3840 702 3894 ergo
734 3823 966 3896 lapidem
999 3843 1011 3879 :
1041 3825 1200 3881 Jesus
1233 3836 1414 3882 autem
1444 3828 1672 3883 elevatis
1713 3843 1928 3884 sursum
1964 3829 2158 3897 oculis,

576 3917 716 3972 dixit
749 3935 762 3972 :
796 3917 977 3988 Pater,
1013 3920 1216 3991 gratias
1249 3934 1350 3991 ago
1385 3919 1483 3974 tibi
1531 3921 1786 3989 quoniam
1824 3921 2021 3977 audisti
2053 3937 2161 3978 me.

582 4014 690 4084 Ego
715 4020 743 4060 b
768 4013 1008 4069 sciebam
1039 4013 1167 4084 quia
1209 4028 1429 4084 semper
1459 4029 1545 4070 me
1591 4015 1768 4082 audis,
1800 4016 1892 4071 sed
1943 4025 2166 4087 propter

571 4105 833 4177 papulnm
864 4108 954 4177 qui
997 4109 1337 4173 circumstat,
1371 4107 1491 4163 dixi
1525 4128 1538 4164 :
1574 4121 1632 4164 ut
1671 4111 1897 4166 credant
1939 4112 2064 4182 quia
2106 4122 2162 4167 tu

572 4215 658 4255 tne
686 4199 904 4255 misisti.
926 4201 1051 4256 Haec
1079 4217 1199 4257 cum
1227 4203 1476 4270 dixisset,
1497 4219 1629 4259 voce
1655 4220 1847 4275 magna
1876 4207 2162 4261 clamavit:

573 4294 801 4361 Lazare,
835 4296 958 4351 veni
980 4295 1146 4353 foras.
1173 4298 1239 4353 Et
1266 4300 1445 4354 statim
1479 4300 1676 4368 prodiit
1698 4302 1788 4370 qni
1816 4301 1994 4356 fuerat
2020 4316 2166 4356 inor-

581 4395 724 4452 tnus,
761 4389 956 4459 ligatus
988 4389 1176 4461 pedes,
1205 4403 1258 4446 et
1282 4407 1477 4447 manus
1507 4393 1798 4458 institis,et
1831 4395 1994 4449 facies
2019 4394 2165 4450 illius

572 4481 922 4538 sndarioerat
954 4483 1138 4555 ligata.
1174 4485 1320 4539 Dixit
1345 4487 1425 4541 eis
1448 4485 1606 4542 Jesus
1634 4505 1645 4539 :
1675 4487 1880 4542 Solvite
1919 4502 2042 4544 eum
2065 4529 2080 4554 ,
2111 4497 2167 4544 et

573 4574 739 4631 sinite
759 4576 932 4632 abire.
965 4577 1117 4633 Multi
1157 4594 1289 4651 ergo
1318 4596 1384 4636 ex
1413 4580 1638 4646 Judazis,
1673 4584 1767 4653 qui
1800 4593 2068 4640 venerant
2098 4585 2162 4639 ad

2267 3368 2386 3416 erat
2415 3375 2537 3414 eum
2569 3359 3095 3428 traditurnsanare
3125 3359 3228 3415 hoc
3253 3369 3586 3430 unguentum
3613 3375 3720 3415 non
3753 3374 3846 3414 ve-

2261 3452 2363 3507 niit
2393 3453 2649 3507 trecentis
2699 3453 2960 3521 denariis,
2988 3459 3042 3508 et
3088 3452 3273 3507 datum
3310 3460 3394 3508 est
3439 3453 3663 3522 egenis?
3697 3451 3849 3506 Dixit

2261 3557 2442 3600 autem
2477 3546 2606 3610 hoc,
2641 3562 2747 3600 non
2780 3545 2908 3614 quia
2951 3545 3019 3600 de
3058 3545 3246 3616 egenis
3271 3545 3577 3614 pertinebat
3604 3545 3671 3599 ad
3701 3560 3851 3608 eum,

2263 3637 2357 3693 sed
2391 3639 2514 3708 quia
2551 3636 2634 3692 fur
2662 3645 2802 3702 erat,
2836 3644 2890 3691 et
2915 3637 3132 3693 loculos
3175 3637 3403 3702 habens,
3439 3652 3500 3691 ea
3531 3653 3650 3707 qua:
3683 3637 3866 3690 mitte-

2263 3730 2481 3795 bantur,
2518 3729 2534 3767 ί
2568 3730 2840 3801 portabat.
2879 3729 3025 3785 Dixit
3065 3745 3196 3802 ergo
3235 3730 3394 3786 Jesus
3424 3748 3436 3784 :
3469 3731 3644 3787 Sinite
3688 3729 3861 3797 illam,

2265 3834 2321 3879 ut
2351 3823 2402 3877 in
2431 3823 2576 3878 diem
2623 3823 2921 3892 sepultura:
2965 3837 3101 3878 mea:
3151 3833 3332 3879 servet
3387 3823 3539 3878 illud.
3585 3823 3866 3892 Pauperes

2267 3917 2412 3972 enim
2442 3932 2656 3986 semper
2689 3915 2897 3971 habetis
2925 3917 3232 3982 vobiscum,
3254 3931 3340 3972 tne
3371 3925 3547 3972 autem
3581 3931 3688 3972 non
3717 3931 3862 3972 sem-

2269 4026 2365 4083 per
2386 4011 2618 4066 habetis.
2643 4011 2811 4083 ]xcrx,
2838 4010 2949 4082 10.]
2975 4011 3246 4080 Cognovit
3269 4026 3400 4079 ergo
3423 4011 3574 4066 turba
3607 4011 3771 4065 multa
3796 4025 3864 4066 ex

2267 4107 2467 4166 Judaais
2495 4105 2619 4176 quia
2653 4106 2762 4161 illic
2793 4115 2876 4160 est
2913 4123 2926 4160 :
2956 4116 3010 4160 et
3043 4116 3335 4173 venerunt,
3371 4122 3476 4161 non
3525 4115 3746 4176 propter
3772 4105 3865 4159 Je-

2266 4219 2385 4260 sum
2418 4211 2647 4269 tantum,
2683 4201 2778 4256 sed
2811 4211 2866 4255 ut
2899 4201 3161 4255 Lazarum
3187 4199 3454 4265 viderent,
3489 4215 3650 4271 quem
3683 4199 3864 4255 susci-

2269 4297 2402 4352 tavit
2437 4311 2466 4350 a
2506 4295 2756 4350 mortuis.
2809 4293 3203 4365 Cogitaverunt
3244 4305 3424 4350 autem
3471 4293 3738 4364 principes
3785 4308 3872 4348 sa-

2269 4391 2580 4454 cerdotum,
2619 4398 2676 4444 ut
2707 4397 2760 4444 et
2787 4388 3050 4443 Lazarum
3094 4387 3469 4443 interficerent
3498 4405 3511 4441 :
3543 4386 3669 4457 quia
3713 4385 3870 4441 multi

2272 4497 2494 4557 propter
2546 4487 2702 4541 illum
2730 4485 2953 4540 abibant
2998 4499 3064 4540 ex
3115 4483 3342 4552 Judaeis,
3385 4491 3442 4539 et
3481 4482 3783 4538 credebant
3813 4481 3868 4536 in

2271 4580 2479 4636 Jesum.
2533 4578 2616 4652 [0,
2666 4575 2753 4648 1.]
2801 4577 2858 4632 In
2909 4576 3205 4633 crastinum
3237 4586 3439 4644 autem,
3472 4575 3628 4631 turba
3679 4575 3872 4644 multa,

570 4671 794 4726 Mariam
823 4684 874 4727 et
907 4672 1196 4743 Martham,
1223 4643 1283 4731 et
1321 4675 1570 4733 viderant
1612 4643 1732 4750 quae
1769 4679 1899 4735 fecit
1934 4691 1956 4719 c
1983 4680 2164 4748 Jesus,
2194 4643 2248 4704 D
2276 4689 2396 4744 qum
2425 4643 2656 4727 venerat
2681 4643 2753 4724 ad
2793 4669 2938 4724 diem
2973 4668 3167 4724 festum
3191 4709 3206 4733 ,
3257 4683 3379 4723 cum
3428 4667 3710 4723 audissent
3751 4668 3877 4736 quia

570 4766 922 4823 crediderunt
950 4768 1002 4822 in
1030 4784 1176 4824 eum.
1198 4769 1427 4838 Quidam
1453 4783 1632 4828 autem
1661 4790 1727 4829 ex
1757 4775 1891 4846 ipsis
1917 4778 2172 4833 abierunt

559 4858 643 4929 ad
677 4859 1000 4928 pharisaeos,
1030 4869 1084 4915 et
1113 4861 1367 4917 dixerunt
1397 4864 1478 4920 eis
1509 4881 1633 4936 quae
1676 4869 1802 4922 fecit
1830 4868 2010 4924 Jesus.
2045 4867 2171 4924 Col-

575 4952 824 5022 legerunt
851 4968 983 5024 ergo
1005 4956 1290 5024 pontifices
1313 4965 1369 5012 et
1387 4957 1638 5026 pharismi
1668 4963 1961 5017 concilium
1982 5005 1996 5029 ,
2020 4973 2075 5017 et
2091 4964 2173 5018 di-

573 5047 770 5104 cebant
801 5067 813 5102 :
843 5048 982 5119 Quid
997 5050 1246 5123 facimus,
1270 5054 1393 5123 quia
1427 5052 1514 5110 hic
1538 5053 1700 5110 homo
1723 5056 1890 5111 multa
1908 5057 2062 5128 signa
2090 5056 2174 5114 fa-

646 5249 670 5278 ει
695 5240 832 5317 l_llu_d
855 5242 986 5311 nati,
1021 5239 1196 5317 n'eque
1221 5241 1274 5296 in
1303 5242 1504 5296 nostris
1528 5241 1761 5317 habetur
1801 5259 1934 5317 mss.
1981 5260 2156 5317 neque

579 5312 633 5368 in
655 5314 936 5384 plerisque
964 5313 1202 5368 melioris
1233 5323 1378 5370 notas
1398 5315 1802 5384 exemplaribus
1832 5315 2059 5372 Graecis.

652 5383 680 5422 ι)
708 5383 1038 5457 A_dverbium
1083 5396 1257 5439 autem
1309 5383 1780 5457 plerique’omues
1818 5403 1941 5443 cum
1995 5389 2168 5445 Latini

582 5465 694 5511 tum
726 5454 897 5511 Graeci
931 5471 1062 5511 mss.
1094 5454 1318 5512 addunt.

623 5537 682 5653 bc
712 5527 919 5585 Nomen
945 5526 1096 5583 Iesus
1118 5544 1150 5584 a
1173 5530 1393 5595 nostris,
1419 5529 1799 5602 nonnullisque
1819 5531 2022 5590 Graecis
2039 5548 2171 5588 mss.

660 5612 766 5653 est.

585 5612 766 5656 3088f.

660 5669 686 5709 ἀ
721 5671 905 5739 Nobis,
950 5674 1098 5745 quod
1132 5684 1187 5728 et
1233 5674 1493 5746 pleraque
1523 5674 1698 5730 Graeci
1743 5685 1919 5732 textus
1973 5677 2178 5732 habent

591 5746 947 5817 exemplaria,
999 5747 1168 5801 nostri
1219 5761 1437 5818 quoque
1486 5747 1600 5816 pari
1653 5762 1920 5806 consensu
1985 5749 2179 5820 prmfe-

592 5830 716 5874 ιὐηι
739 5833 868 5876 mss.

670 5887 1021 5962 “Capitulum
1071 5879 1214 5947 istud
1243 5890 1467 5948 Joannis
1500 5906 1688 5959 xcvut,
1744 5909 1849 5950 non
1897 5895 2072 5950 solum
2111 5891 2179 5948 ad

2272 4769 2422 4823 venit
2451 4765 2611 4821 Jesus
2631 4763 3052 4834 Jerosolymam,
3098 4772 3434 4832 acceperunt
3462 4775 3646 4816 ramos
3667 4760 3876 4830 palma-

2273 4877 2428 4929 rum,
2480 4866 2535 4914 et
2583 4866 2966 4928 processerunt
3005 4857 3221 4912 obviam
3263 4856 3312 4911 ei
3348 4897 3362 4920 ,
3415 4863 3473 4910 et
3518 4855 3870 4912 clamabant:

2277 4957 2553 5022 llosauna,
2578 4955 2920 5022 benedictus,
2947 4954 3040 5025 qui
3075 4954 3228 5008 venit
3267 4954 3320 5008 in
3367 4953 3590 5009 nomine
3622 4952 3873 5018 Domini,

2277 5069 2370 5110 rex
2403 5051 2588 5107 Israel.
2625 5050 2699 5123 [οι
2723 5091 2736 5117 ,
2770 5049 2849 5120 7.]
2882 5048 2950 5104 Et
2985 5046 3193 5104 invenit
3217 5048 3380 5103 Jesus
3411 5046 3664 5113 asellum,
3708 5055 3762 5101 et
3788 5060 3882 5101 se-

2279 5257 2542 5301 canonem
2592 5243 2618 5296 1
2672 5237 3040 5295 revocandum
3093 5247 3197 5303 est,
3242 5239 3296 5294 in
3349 5252 3458 5308 quo
3507 5251 3631 5292 cum
3680 5234 3882 5308 Matth.

2279 5331 2528 5382 ccnxxvr,
2568 5312 2732 5369 Marc.
2779 5327 2960 5378 cnvtu,
3012 5310 3144 5366 Luc.
3194 5306 3382 5374 Lxxiv,
3412 5308 3700 5382 consentit
3735 5327 3751 5362 :
3786 5306 3888 5364 sed

2280 5392 2442 5443 etiam
2484 5387 2548 5440 ad
2591 5399 2855 5440 canonem
2886 5384 2941 5449 αἱ,
2986 5384 3040 5436 in
3073 5399 3180 5450 quo
3205 5397 3327 5437 cum
3381 5381 3568 5435 Matth.
3602 5395 3884 5446 CCLXXV’II,

2283 5461 2444 5515 Marc.
2476 5474 2622 5521 cux,
2665 5455 2937 5523 congruit.
2971 5453 3078 5509 Nos
3111 5453 3228 5508 haec
3275 5462 3572 5508 annotasse
3606 5451 3886 5518 contenti,

2282 5547 2404 5601 qua:
2433 5531 2484 5585 in
2517 5530 2900 5596 manuscriptis
2939 5525 3231 5593 habentur,
3275 5527 3439 5595 plena
3469 5523 3576 5580 fide
3599 5523 3885 5594 expressi-

2288 5620 2427 5658 tuus.
2460 5602 2638 5656 Man'r.

2365 5672 2383 5712 ί
2420 5673 2535 5727 Duo
2575 5687 2606 5726 e
2648 5671 2850 5726 DDSll'iS
2903 5686 3036 5726 mss.
3067 5685 3186 5725 cum
3241 5669 3625 5738 praepositione
3669 5665 3883 5738 habent.

2290 5746 2612 5815 emporiabat.
2642 5743 2775 5798 Tum
2805 5743 2955 5815 juxta
2984 5735 3629 5812 Graecum-archetypum
3683 5735 3884 5794 minori

2294 5813 2541 5882 numero,
2567 5815 2718 5882 Sine,
2749 5828 2847 5885 pro
2870 5813 3056 5870 Sinite.
