4166 6336
272 353 385 411 675

1300 348 1747 407 EVANGELIUM
1785 348 2156 409 SECUNDUM
2196 350 2533 410 JOANNEM.

3465 356 3570 418 674

270 466 353 523 dit
382 480 551 537 super
569 480 719 532 eum,
752 472 892 521 Sicut
925 464 1186 535 scriptum
1217 474 1299 520 est
1326 482 1337 518 :
1370 464 1493 520 Noli
1521 466 1735 530 timere,
1765 464 1871 518 ﬁlia
1900 466 1950 526 Α
1981 472 2183 531 tantur,
2231 475 2286 521 et
2332 480 2518 521 sanem
2564 477 2679 522 eos.
2723 466 2813 538 [ex
2838 510 2852 535 ,
2890 465 3005 539 10.]
3047 465 3175 523 Haec
3200 466 3338 524 dixit
3364 467 3566 536 Isaias.

270 560 408 615 Sion
445 576 459 612 :
489 573 618 614 ecce
639 573 735 614 rex
768 567 890 612 tuus
912 558 1060 612 venit
1090 556 1285 613 sedens
1326 572 1493 629 super
1517 557 1722 627 pullum
1768 557 1876 611 asi-

272 668 380 708 nze.
408 651 499 724 [cu
525 692 539 717 ,
576 649 690 723 10.]
741 651 866 706 [lare
896 665 1002 706 non
1053 660 1428 723 cognoverunt
1475 650 1724 720 discipuli
1755 650 1876 719 ejus

271 745 511 816 primum
539 760 553 797 :
583 742 678 799 sed
704 743 919 813 quando
950 743 1280 814 gloriﬁcatus
1312 753 1395 799 est
1424 742 1607 809 Jesus,
1638 753 1767 798 tunc
1790 758 1878 798 re-

276 836 491 894 cordati
518 846 666 907 sunt,
720 838 845 908 quia
883 836 998 892 hmo
1034 846 1190 892 erant
1230 836 1427 906 scripta
1460 835 1528 891 de
1556 851 1642 897 eo.
1674 844 1730 891 et
1762 833 1878 890 ιιωο

271 930 522 988 iecerunt
548 930 621 987 ei.
647 928 1043 986 Testimonium
1066 945 1195 1001 ergo
1218 929 1535 1001 perhibebat
1557 930 1733 993 turba,
1759 944 1877 1000 qua:

271 1033 394 1080 erat
437 1038 560 1080 cum
588 1037 656 1079 eo
696 1064 711 1091 ,
748 1021 963 1094 quando
1005 1021 1271 1077 Lazarum
1322 1023 1536 1077 vocavit
1576 1023 1642 1077 de
1688 1036 1879 1077 monu-

273 1125 465 1173 mento
488 1158 505 1185 ,
555 1126 612 1174 et
656 1115 945 1173 suscitavit
974 1132 1097 1173 eum
1128 1132 1157 1171 a
1189 1117 1439 1172 mortuis.
1484 1117 1775 1188 Propterea
1824 1126 1880 1173 et

271 1212 493 1268 obviam
534 1211 684 1267 venit
706 1210 755 1266 ei
790 1210 948 1266 turba
981 1226 994 1264 :
1027 1211 1149 1281 quia
1199 1210 1487 1266 audierunt
1521 1226 1642 1267 cum
1686 1210 1879 1265 fecisse

272 1305 385 1362 hoc
413 1306 648 1378 signum.
676 1303 939 1360 Pharisaei
967 1319 1097 1375 ergo
1134 1304 1387 1360 dixerunt
1417 1304 1483 1360 ad
1514 1305 1833 1375 semetipsos
1862 1321 1875 1356 :

275 1397 486 1454 Videtis
507 1398 631 1467 quia
651 1396 783 1453 nihil
804 1396 1117 1467 proﬁcimus
1139 1397 1162 1451 ‘I
1190 1412 1318 1452 ecce
1343 1398 1574 1454 mundus
1596 1407 1736 1453 totus
1760 1406 1881 1467 post

272 1508 403 1548 eum
433 1491 588 1547 abiit.
624 1492 796 1548 Erant
834 1502 1014 1548 autem
1040 1492 1258 1562 quidam
1306 1492 1560 1562 gentiles,
1592 1508 1654 1546 ex
1683 1492 1765 1545 his
1789 1491 1878 1559 qui

269 1586 657 1652 ascenderant,
692 1596 751 1641 ut
791 1585 1082 1642 adorarent
1122 1585 1173 1639 in
1215 1585 1302 1640 die
1334 1586 1491 1641 festo.
1521 1584 1584 1639 lli
1617 1600 1745 1655 ergo
1786 1599 1874 1638 ac-

269 1688 561 1737 cesserunt
588 1678 655 1734 ad
708 1678 1044 1748 Philippum,
1097 1678 1188 1747 qui
1220 1687 1392 1733 erata
1425 1676 1711 1732 Bethsaida
1734 1675 1883 1731 Gali-

270 1775 412 1840 Ιωω,
443 1784 500 1830 et
528 1773 791 1844 rogabant
819 1787 969 1837 eum,
1017 1770 1262 1827 dicentes
1289 1790 1298 1823 :
1332 1772 1581 1836 Domine,
1626 1770 1879 1824 volumus

269 1869 463 1924 Jesum
516 1865 725 1925 videre.
776 1864 1282 1935 VenitPhilippus,
1330 1874 1382 1920 et
1430 1863 1561 1919 dicit
1607 1864 1872 1918 Andreae:

268 1960 522 2016 Andreas
547 1973 762 2015 rursum
785 1967 841 2013 et
860 1956 1139 2027 Philippus
1163 1955 1417 2011 dixerunt
1436 1955 1589 2011 Jesn.
1616 1956 1731 2025 [cur
1749 1995 1762 2019 ,
1793 1952 1873 2025 4.]

269 2052 437 2108 Jesus
460 2060 639 2107 autem
672 2050 955 2121 respondit
1000 2050 1103 2117 eis,
1154 2050 1341 2106 dicens
1378 2066 1391 2102 :
1426 2049 1584 2105 Venit
1613 2049 1768 2115 hora,
1820 2058 1875 2104 ut

272 2155 299 2183 ο
322 2144 654 2201 clariﬁcetur
676 2143 816 2199 lilius
860 2142 1113 2198 hominis.
1153 2142 1264 2215 [etv
1295 2186 1309 2209 ,
1338 2142 1446 2213 10.]
1495 2148 1691 2209 Amen,
1718 2158 1874 2199 amen

272 2238 401 2294 dico
430 2237 609 2304 vobis,
636 2236 741 2293 nisi
784 2251 1010 2307 granum
1045 2235 1299 2291 frumenti
1330 2236 1532 2291 cadens
1565 2236 1616 2289 in
1650 2242 1874 2302 terram,

270 2341 551 2389 mortuum
575 2332 770 2399 fuerit,
803 2332 979 2401 ipsum
1003 2329 1181 2386 solum
1205 2338 1406 2384 manet.
1437 2329 1492 2385 Si
1518 2338 1698 2383 autem
1733 2344 1875 2383 mor-

270 2439 428 2487 tuum
481 2430 944 2497 fuerit,-multum
996 2428 1229 2483 fructum
1280 2427 1456 2484 aﬁ‘ert.
1502 2428 1623 2500 [cv,
1671 2425 1750 2495 5.]
1777 2426 1879 2495 Qui

270 2535 425 2581 amat
449 2524 683 2579 animam
712 2539 895 2591 suam,
948 2521 1144 2594 perdet
1185 2537 1303 2577 eam
1337 2539 1349 2575 :
1390 2530 1445 2576 et
1486 2522 1577 2591 qui
1602 2521 1714 2574 odit
1755 2521 1877 2574 ani-

272 2632 423 2673 mam
474 2631 627 2672 suam
657 2617 715 2671 in
746 2615 849 2670 hoc
875 2616 1097 2684 mundo,
1133 2616 1187 2669 in
1217 2615 1379 2669 vitam
1416 2624 1673 2669 aeternam
1696 2623 1881 2668 custo—

272 2710 356 2765 dit
384 2724 529 2766 eam.
558 2711 665 2783 [ενι
685 2752 700 2777 ,
736 2707 849 2778 10.]
876 2706 930 2762 Si
954 2709 1076 2778 quis
1098 2707 1227 2762 mihi
1253 2707 1549 2772 ministrat,
1578 2722 1661 2762 me
1684 2720 1879 2775 sequa-

273 2812 404 2858 tur:
438 2810 494 2857 et
521 2801 613 2856 ubi
640 2815 762 2856 sum
794 2815 915 2870 ego,
948 2800 1058 2854 illic
1087 2810 1140 2854 et
1191 2797 1440 2854 minister
1472 2813 1623 2853 meus
1659 2798 1784 2853 erit.
1822 2797 1880 2853 Si

273 2896 400 2968 quis
458 2895 591 2951 mihi
641 2894 1083 2960 ministraverit,
1117 2892 1502 2948 honoriﬁcabit
1546 2878 1669 2948 cum
1720 2893 1881 2948 Pater

274 3003 456 3047 meus.
499 2986 669 3061 [cvn,
720 2987 800 3060 4.]
840 2985 995 3043 Nunc
1022 2989 1199 3042 anima
1250 3002 1372 3043 mea
1426 2987 1633 3042 turbata
1678 2997 1782 3042 est.
1818 2988 1883 3041 Et

274 3080 409 3153 quid
434 3081 648 3136 dicam?
672 3080 853 3147 Pater,
877 3081 1115 3136 salviﬁca
1144 3096 1230 3136 me
1275 3097 1341 3136 ex
1383 3080 1485 3137 hac
1516 3081 1670 3137 hora.
1711 3084 1880 3154 [cvm,

275 3172 396 3244 10.]
437 3172 544 3230 Sed
574 3183 857 3246 propterea
884 3173 1007 3229 veni
1036 3173 1090 3228 iu
1116 3174 1305 3229 horam
1350 3174 1491 3230 hanc
1517 3193 1528 3229 :
1557 3175 1747 3242 Pater,
1773 3178 1881 3231 cla-

273 3266 432 3322 riﬁca
458 3281 655 3322 nomen
685 3276 857 3322 tuum.
894 3266 1053 3323 Venit
1073 3282 1203 3337 ergo
1234 3282 1338 3322 vox
1370 3268 1438 3322 de
1465 3268 1607 3324 caelo
1633 3286 1647 3323 :
1678 3268 1741 3323 Et
1772 3270 1881 3323 cla-

274 3357 489 3414 riﬁcavi
517 3399 531 3424 ,
561 3367 618 3414 et
647 3358 841 3414 iterum
875 3359 1211 3414 clariﬁcabo.
1255 3358 1435 3415 Turba
1463 3375 1594 3429 ergo
1622 3376 1742 3431 quae
1773 3370 1884 3415 sta—

274 3448 390 3516 bat,
421 3460 478 3507 et
505 3451 773 3517 audierat,
802 3452 1017 3508 dicebat
1048 3454 1343 3507 tonitruum
1378 3467 1499 3508 esse
1530 3452 1751 3513 factum.
1782 3454 1887 3509 Alii

279 3544 540 3601 dicebant
567 3562 581 3599 :
611 3545 853 3616 Angelus
904 3546 953 3601 ei
984 3546 1199 3601 locutus
1229 3553 1335 3602 est.
1374 3546 1676 3618 Respondit
1702 3547 1884 3616 Jesus,

276 3646 334 3695 et
352 3637 529 3693 dixit:
562 3637 677 3693 Non
726 3646 953 3709 propter
998 3654 1084 3693 me
1126 3639 1243 3694 haec
1272 3655 1374 3694 vox
1414 3641 1581 3705 venit,
1615 3641 1709 3697 sed
1764 3658 1889 3711 pro-

278 3738 403 3801 pter
431 3744 553 3787 vos.
584 3729 742 3786 Nunc
782 3718 1047 3800 judicium
1079 3739 1165 3787 est
1192 3732 1377 3787 mundi
1412 3751 1426 3789 :
1460 3748 1603 3788 nunc
1637 3734 1887 3805 princeps

277 3822 444 3893 hujus
479 3823 665 3879 mundi
690 3822 939 3894 ejicietur
969 3824 1136 3881 foras.
1169 3826 1235 3881 Et
1267 3840 1369 3897 ego
1400 3827 1446 3881 si
1478 3828 1747 3885 exaltatus
1776 3829 1889 3885 lue-

285 3928 352 3971 ro
372 3931 403 3970 ι
437 3924 609 3982 terra,
640 3916 821 3971 omnia
871 3918 1079 3972 trahant
1108 3917 1176 3972 ad
1207 3918 1497 3990 meipsum.
1532 3919 1669 3991 (Hoc
1704 3929 1886 3976 autem

282 4006 538 4075 dicebat,
604 4007 917 4079 signiﬁcans
965 4024 1069 4078 qua
1120 4018 1296 4066 morte
1345 4018 1490 4067 esset
1544 4013 1886 4085 moriturus.)

278 4098 587 4171 Respondit
628 4100 679 4155 ei
722 4101 873 4157 turba
907 4120 918 4155 :
975 4100 1087 4157 Nos
1128 4102 1434 4159 audivimus
1484 4119 1551 4159 ex
1592 4105 1733 4176 lege,
1766 4108 1888 4177 quia

278 4193 538 4250 Christus
562 4204 751 4251 manet
780 4196 833 4251 in
876 4204 1140 4251 aeternum
1175 4213 1189 4250 :
1234 4204 1289 4253 et
1316 4198 1592 4268 quomodo
1629 4208 1686 4255 tu
1712 4200 1887 4257 dicis:

280 4285 512 4357 Oportet
540 4287 771 4343 exaltari
800 4288 968 4343 ﬁlium
998 4288 1279 4344 hominis?
1309 4289 1438 4357 Quis
1483 4300 1570 4347 est
1607 4292 1709 4349 iste
1748 4293 1891 4348 ﬁlius

280 4380 570 4437 hominis?
596 4381 740 4437 Dixit
782 4396 915 4453 ergo
946 4383 1025 4438 eis
1053 4384 1215 4439 Jesus
1260 4401 1274 4439 :
1304 4384 1495 4442 Adhuc
1519 4386 1791 4442 modicum
1811 4388 1891 4443 lu-

278 4487 409 4529 men
433 4473 487 4528 in
514 4473 671 4529 vobis
718 4484 823 4530 est.
858 4474 1151 4532 Ambulate
1195 4475 1323 4532 dum
1352 4477 1529 4534 lucem
1565 4479 1805 4547 habetis,
1837 4490 1893 4536 ut

283 4585 396 4625 non
431 4585 533 4628 vos
574 4571 813 4629 tenebrae
858 4575 1324 4646 comprehendant

281 4663 343 4720 in
374 4664 638 4732 tenebris,
671 4668 844 4723 nescit
890 4683 998 4739 quo
1039 4668 1221 4724 vadat.
1258 4670 1392 4725 Dum
1435 4674 1608 4728 lucem
1652 4674 1885 4744 habetis,

282 4756 490 4813 credite
519 4757 573 4813 in
594 4759 792 4826 lucem,
826 4767 884 4816 ut
910 4761 1006 4815 lilii
1049 4762 1186 4818 lucis
1232 4762 1370 4818 sitis.
1404 4763 1533 4820 Haec
1564 4765 1777 4822 locutus
1807 4776 1893 4823 est

282 4847 444 4905 Jesus
476 4868 488 4903 :
515 4859 572 4906 et
623 4850 778 4921 abiit,
804 4862 862 4909 et
887 4853 1175 4910 abscondit
1207 4871 1266 4910 se
1316 4856 1386 4911 ab
1412 4855 1512 4911 eis.
1542 4854 1679 4912 Cum
1709 4870 1887 4914 autem

284 4951 435 4999 tanta
457 4943 612 5015 signa
636 4943 1053 5004 fecissetcoram
1076 4949 1177 5015 eis,
1204 4964 1312 5005 non
1336 4950 1629 5007 credebant
1648 4952 1702 5007 in
1726 4968 1849 5007 eum
1873 4970 1886 5007 :

282 5045 349 5093 ut
375 5050 562 5094 sermo
582 5038 737 5095 Isaiae
787 5041 1069 5111 propheta:
1100 5042 1426 5113 impleretur
1452 5086 1466 5110 ,
1496 5059 1657 5114 quem
1708 5045 1845 5101 dixit
1872 5060 1886 5101 :

280 5131 543 5199 Domine,
587 5133 708 5205 quis
738 5134 973 5190 credidit
1009 5136 1215 5191 auditui
1248 5139 1481 5193 nostro?
1522 5148 1575 5193 et
1605 5137 1890 5194 brachium

282 5222 508 5280 Domini
535 5224 623 5280 cui
651 5225 953 5281 revelatum
981 5235 1065 5281 est
1092 5227 1115 5282 ?
1144 5226 1253 5299 [six
1275 5268 1289 5294 ,
1332 5224 1410 5296 1.]
1441 5227 1736 5298 Propterea
1783 5244 1889 5285 non

281 5322 544 5386 poterant
586 5316 845 5385 credere,
889 5321 1015 5390 quia
1068 5320 1263 5375 iterum
1294 5318 1429 5376 dixit
1452 5318 1660 5376 Isaias:
1695 5321 1889 5379 Exem-

280 5410 645 5468 cavitoculos
673 5426 886 5481 eorum,
920 5424 975 5469 et
1005 5414 1277 5469 induravit
1321 5429 1419 5469 cor
1447 5418 1633 5471 eurum
1659 5434 1672 5470 :
1698 5426 1755 5472 ut
1781 5433 1891 5473 non

281 5501 509 5561 videant
534 5504 731 5575 oculis,
754 5518 810 5563 et
835 5523 942 5563 non
993 5508 1297 5579 intelligant
1334 5508 1501 5565 corde
1524 5550 1537 5576 ,
1574 5517 1632 5566 et
1664 5525 1891 5567 conver-

281 5678 294 5729 t
359 5669 388 5737 ξι
430 5662 628 5737 Ιιι-ιιιιο
658 5662 940 5728 Vaticano,
970 5664 1393 5737 utglori/icetur,
1418 5678 1521 5736 pro
1550 5663 1891 5736 clariﬁcetur.

358 5730 414 5808 b_
433 5734 654 5790 Addunt
690 5749 823 5791 mss.
869 5730 1633 5808 ucstri'iadv‘erbium'autem,
1664 5730 1808 5808 quod
1834 5748 1889 5793 et

284 5804 345 5863 in
374 5804 572 5863 Graaco
602 5818 822 5864 resonat
850 5816 1030 5875 textu,
1065 5807 1142 5865 δέ.

366 5890 388 5917 ε
431 5880 551 5938 Duo
573 5892 607 5939 e
632 5878 836 5939 nostris
858 5894 993 5939 mss.
1016 5895 1217 5941 nomen
1244 5880 1473 5941 Simonis
1494 5924 1511 5953 ,
1538 5897 1663 5941 cum
1683 5879 1887 5942 Graecis

1978 558 2192 629 quando
2215 560 2347 615 vidit
2376 560 2606 631 gloriam
2635 558 2752 631 ejus
2773 600 2787 625 ,
2817 568 2873 616 et
2904 559 3115 618 locutus
3145 570 3230 617 est
3252 562 3319 618 de
3346 578 3435 619 eo.
3467 564 3574 619 Ve-

1980 664 2282 709 rumtamen
2336 662 2391 709 et
2430 670 2502 709 ex
2549 652 2885 725 principibus
2914 653 3068 710 multi
3119 655 3472 712 crediderunt
3514 655 3567 712 in

1978 761 2101 802 eum
2134 765 2147 800 :
2178 745 2273 802 sed
2306 755 2527 817 propter
2571 746 2874 817 pharisaeos
2902 762 3012 803 non
3043 748 3481 817 conﬁtebantur,
3515 757 3575 804 ut

1980 854 2011 895 e
2040 854 2310 911 synagoga
2333 855 2438 895 non
2464 840 2809 910 ejicerentur.
2836 839 3151 897 Dilexerunt
3179 840 3320 897 enim
3341 841 3570 912 gloriam

1982 932 2262 987 hominum
2290 933 2459 1003 magis
2503 948 2662 1003 quam
2691 933 2921 1003 gloriam
2974 933 3094 989 Dei.
3126 933 3266 1006 jam,
3312 933 3389 1006 1.]
3418 932 3576 991 Jesus

1980 1037 2160 1084 autem
2191 1028 2471 1094 clamavit,
2522 1036 2576 1083 et
2622 1028 2802 1083 dixit:
2857 1028 2959 1094 Qui
2986 1028 3161 1083 credit
3201 1029 3253 1083 in
3288 1044 3411 1097 me,
3464 1043 3573 1084 non

1980 1122 2156 1176 credit
2183 1121 2238 1175 in
2270 1136 2379 1189 me,
2410 1120 2506 1176 sed
2540 1122 2593 1176 in
2621 1136 2743 1177 eum
2766 1162 2779 1187 ,
2808 1121 2901 1192 qui
2936 1121 3085 1177 misit
3122 1136 3231 1176 me.
3264 1122 3331 1176 Et
3377 1121 3467 1192 qui
3499 1122 3576 1176 vi-

1981 1213 2072 1268 det
2102 1227 2211 1281 me,
2244 1212 2389 1267 videt
2409 1228 2531 1267 eum
2560 1212 2651 1284 qui
2681 1211 2827 1268 misit
2872 1227 2979 1269 me.
3015 1214 3167 1287 [cxu,
3202 1212 3313 1283 10.]
3342 1214 3453 1283 Ego
3484 1213 3574 1269 lux

1984 1307 2035 1361 in
2062 1306 2319 1361 mundum
2357 1307 2481 1362 veni
2509 1324 2521 1361 :
2574 1315 2632 1362 ut
2661 1306 2837 1363 omnis
2862 1307 2952 1378 qui
2984 1308 3154 1363 credit
3187 1308 3240 1362 in
3267 1321 3383 1373 me,
3412 1308 3467 1362 in
3498 1316 3575 1362 te-

1982 1398 2170 1454 nebris
2192 1414 2299 1454 non
2335 1410 2568 1454 maneat.
2594 1400 2660 1455 Et
2687 1401 2732 1455 si
2755 1401 2877 1470 quis
2906 1400 3140 1456 audierit
3166 1402 3325 1458 verba
3356 1416 3496 1468 mea,
3524 1412 3581 1459 et

1983 1508 2089 1546 non
2119 1491 2462 1559 custodierit,
2491 1507 2591 1563 ego
2616 1508 2726 1549 non
2764 1493 2949 1563 judico
2978 1509 3123 1550 eum.
3153 1494 3271 1550 Non
3298 1496 3445 1551 enim
3476 1511 3573 1551 ve-

1984 1586 2060 1653 ni,
2091 1586 2405 1656 utjudicem
2435 1587 2695 1643 mundum
2723 1629 2737 1653 ,
2762 1588 2856 1644 sed
2885 1597 2942 1643 ut
2962 1582 3257 1644 salviﬁcem
3292 1590 3572 1646 mundum.

1983 1678 2083 1747 Qui
2105 1680 2313 1747 spernit
2341 1695 2450 1746 me,
2478 1688 2532 1735 et
2563 1695 2670 1736 non
2701 1681 2895 1752 accipit
2924 1681 3088 1738 verba
3113 1698 3263 1749 mea,
3298 1682 3462 1738 habet
3486 1684 3578 1753 qui

1981 1769 2185 1838 iudicet
2212 1786 2358 1827 eum.
2389 1772 2582 1827 Sermo
2603 1818 2617 1843 ,
2643 1788 2804 1844 quem
2831 1774 3044 1830 locutus
3075 1790 3218 1841 sum,
3254 1776 3345 1831 ille
3369 1774 3580 1847 judica-

1907 1838 1954 1898 B
1982 1862 2057 1918 bit
2084 1879 2206 1920 eum
2256 1865 2312 1920 in
2342 1867 2643 1923 novissimo
2668 1867 2777 1923 die.
2808 1868 2944 1933 Quia
2984 1882 3084 1938 ego
3112 1884 3177 1924 ex
3200 1883 3286 1924 me
3319 1870 3437 1939 ipso
3468 1884 3575 1925 non

1978 1969 2098 2009 sum
2133 1956 2346 2012 locutus
2375 1998 2389 2023 ,
2441 1960 2535 2013 sed
2581 1959 2672 2029 qui
2717 1958 2865 2013 misit
2913 1974 2999 2014 me
3042 1959 3227 2028 Pater,
3279 1959 3398 2030 ipse
3447 1961 3581 2015 mihi

1980 2047 2289 2103 mandatum
2310 2048 2463 2103 dedit
2487 2049 2616 2120 quid
2639 2050 2851 2117 dicam,
2884 2060 2938 2106 et
2966 2050 3095 2121 quid
3128 2052 3338 2122 loquar.
3369 2052 3437 2107 Et
3465 2054 3580 2107 scio

1975 2140 2101 2209 quia
2130 2138 2443 2196 mandatum
2472 2140 2590 2211 ejus
2618 2142 2726 2197 vita
2763 2151 2967 2197 aeterna
3004 2151 3105 2198 est.
3143 2143 3274 2211 Quae
3320 2159 3449 2215 ergo
3479 2159 3581 2214 ego

1979 2233 2199 2304 loquor,
2230 2234 2369 2289 sicut
2401 2236 2535 2289 dixit
2565 2235 2694 2290 mihi
2727 2236 2908 2301 Pater,
2940 2237 3019 2292 sic
3046 2237 3258 2307 loquor.

2054 2326 2209 2399 [ϐαρ.
2244 2326 2411 2400 ΧΙΙΙ.]
2462 2327 2605 2383 Ante
2631 2326 2659 2367 δ
2698 2328 2841 2384 diem
2883 2330 3077 2384 festum
3116 2330 3361 2397 Paschte,
3404 2332 3584 2387 sciens

1981 2422 2138 2476 Jesus
2167 2419 2292 2491 quia
2318 2422 2471 2477 venit
2491 2421 2623 2477 hora
2652 2422 2791 2491 ejus,
2820 2431 2880 2478 ut
2904 2431 3146 2479 transeat
3166 2440 3232 2478 ex
3253 2425 3355 2480 hoc
3380 2426 3583 2480 mundo

1981 2515 2046 2569 ad
2071 2514 2286 2571 Patrem
2321 2531 2334 2569 :
2366 2530 2491 2571 cum
2523 2516 2801 2571 dilexisset
2823 2530 2971 2583 suos,
3000 2518 3091 2587 qui
3143 2526 3303 2573 erant
3337 2520 3390 2573 in
3426 2534 3584 2575 mun-

1983 2605 2083 2674 do,
2132 2607 2185 2661 in
2216 2608 2378 2663 ﬁnem
2406 2607 2596 2664 dilexit
2625 2623 2739 2664 eos.
2801 2610 2949 2682 [cxm
2971 2650 2985 2675 ,
3019 2605 3098 2679 9.]
3148 2609 3216 2664 Et
3235 2624 3389 2666 creua
3417 2611 3580 2680 facta,

1983 2713 2107 2753 cum
2136 2698 2386 2757 diabolus
2411 2701 2523 2771 jam
2552 2701 2793 2758 misisset
2838 2703 2891 2758 in
2938 2717 3065 2769 cor,
3101 2713 3157 2759 ut
3192 2705 3433 2761 traderet
3456 2721 3582 2761 eum

1982 2790 2152 2845 Judas
2179 2792 2418 2849 Simonis
2453 2805 2475 2833 ο
2527 2793 2843 2850 Ιεεθιὶοιίεε
2894 2794 3036 2868 [cxiv
3064 2837 3079 2862 ,
3110 2795 3187 2868 5.]
3238 2797 3417 2853 sciens
3459 2798 3584 2869 quia

1985 2884 2168 2940 omnia
2197 2884 2347 2941 dedit
2374 2886 2425 2942 ei
2453 2886 2616 2942 Pater
2648 2886 2702 2941 in
2731 2903 2950 2955 manus,
2980 2887 3179 2959 etquia
3206 2889 3366 2945 aDeo
3386 2889 3577 2957 exivit,

1985 2988 2039 3033 et
2064 2977 2132 3033 ad
2166 2979 2332 3035 Deum
2366 2980 2515 3036 vadit
2542 3000 2554 3035 :
2596 2980 2717 3053 [cxv
2742 3022 2757 3048 ,
2789 2980 2903 3050 10.]
2932 2982 3103 3053 surgit
3125 2996 3155 3036 a
3179 2997 3337 3037 caena
3358 3024 3371 3049 ,
3402 2993 3455 3039 et
3484 2998 3582 3054 po-

1986 3075 2066 3130 nit
2094 3074 2411 3130 vestimenta
2436 3089 2535 3129 sua
2567 3092 2577 3127 :
2606 3085 2809 3131 etcum
2837 3076 3141 3145 accepisset
3165 3076 3411 3145 linteum,
3445 3092 3586 3148 prte-

1986 3168 2159 3223 ciuxit
2185 3182 2263 3223 se.
2295 3166 2504 3222 Deinde
2535 3164 2559 3205 ά
2591 3168 2762 3223 mittit
2787 3182 2981 3239 aquam
3013 3168 3066 3222 in
3091 3169 3312 3239 pelvim,
3342 3180 3397 3227 et
3420 3171 3585 3241 coepit

1993 3260 2175 3315 lavare
2201 3259 2367 3330 pedes
2396 3258 2813 3330 discipulorum,
2861 3269 2917 3316 et
2945 3268 3231 3330 extergere
3258 3260 3445 3327 linteo,
3477 3278 3585 3333 quo

1990 3363 2108 3410 erat
2150 3353 2496 3424 praecinctus.
2547 3353 2710 3409 Venit
2756 3369 2885 3424 ergo
2929 3354 2998 3410 ad
3028 3354 3308 3410 Simonem
3340 3355 3581 3413 Petrum.

1990 3451 2059 3504 Et
2085 3449 2216 3506 dicit
2244 3449 2293 3505 ei
2333 3449 2572 3505 Petrus:
2605 3448 2851 3517 Domine,
2887 3457 2940 3503 tu
2985 3447 3116 3504 mihi
3166 3448 3315 3505 lavas
3368 3449 3586 3520 pedes?

1990 3542 2293 3615 Respondit
2316 3543 2498 3612 Jesus,
2527 3552 2581 3599 et
2602 3544 2736 3599 dixit
2760 3545 2809 3600 ei
2838 3560 2851 3598 :
2877 3544 3032 3613 Quod
3062 3559 3161 3615 ego
3194 3546 3361 3615 facio,
3396 3556 3449 3601 tu
3495 3561 3589 3602 ne-

1990 3638 2098 3694 scis
2128 3638 2311 3706 modo,
2342 3638 2483 3694 scies
2512 3646 2694 3693 autem
2718 3644 2925 3707 postea.
2953 3636 3096 3692 Dicit
3126 3637 3174 3692 ei
3202 3636 3397 3693 Petrus
3428 3654 3440 3690 :
3469 3636 3588 3693 Non

1989 3734 2198 3789 lavabis
2224 3731 2358 3787 mihi
2389 3731 2553 3803 pedes
2586 3732 2639 3785 in
2667 3740 2957 3787 aeternum.
2988 3730 3289 3801 Respondit
3316 3730 3367 3786 ei
3387 3732 3587 3787 Jesus:

1992 3828 2048 3886 Si
2082 3844 2188 3883 non
2221 3828 2406 3884 lavero
2430 3837 2504 3893 te,
2535 3841 2641 3881 non
2674 3825 2901 3881 habebis
2928 3834 3138 3896 partem
3182 3840 3417 3880 mecum.
3445 3824 3589 3880 Dicit

1991 3922 2039 3977 ei
2071 3921 2264 3977 Simon
2293 3920 2489 3975 Petrus
2514 3938 2526 3973 :
2559 3918 2810 3985 Domine,
2838 3933 2943 3973 non
2968 3925 3174 3973 tantum
3209 3916 3376 3988 pedes
3404 3931 3587 3985 meos,

1991 4012 2087 4069 sed
2116 4022 2168 4068 et
2198 4028 2417 4078 manus,
2441 4020 2494 4069 et
2515 4020 2695 4081 caput.
2722 4011 2867 4066 Dicit
2898 4011 2947 4066 ei
2971 4010 3287 4078 Jesus:Qui
3312 4012 3455 4066 lotus
3481 4020 3587 4079 est,

1993 4122 2100 4162 non
2156 4106 2361 4177 indiget
2414 4114 2473 4161 ut
2518 4105 2685 4176 pedes
2738 4104 2909 4171 lavet,
2956 4104 3050 4160 sed
3094 4112 3179 4160 est
3234 4104 3470 4161 mundus
3510 4114 3591 4160 to-

1994 4209 2099 4255 tus.
2129 4199 2199 4254 Et
2236 4213 2333 4253 vos
2380 4197 2569 4253 mundi
2613 4197 2767 4263 estis,
2816 4197 2911 4254 sed
2958 4212 3067 4253 non
3119 4211 3328 4253 omnes.
3374 4196 3595 4253 Sciebat

1993 4297 2135 4352 enim
2165 4295 2412 4368 quisnam
2440 4303 2587 4351 esset
2614 4294 2705 4365 qui
2730 4292 2973 4349 traderet
2997 4308 3121 4348 eum
3151 4310 3164 4347 :
3192 4302 3481 4364 propterea
3509 4292 3591 4347 di-

1994 4391 2076 4446 xit
2110 4408 2123 4445 :
2154 4389 2273 4445 Non
2302 4388 2435 4444 estis
2486 4388 2677 4443 mundi
2708 4402 2919 4443 onmes.
2963 4386 3258 4457 Postquam
3305 4400 3437 4458 ergo
3465 4387 3597 4443 lavit

1995 4485 2158 4557 pedes
2187 4499 2400 4549 eorum,
2435 4490 2489 4539 et
2516 4482 2723 4551 accepit
2751 4481 3079 4538 vestimenta
3115 4494 3213 4535 sua
3240 4496 3253 4534 :
3284 4495 3406 4535 cum
3439 4494 3595 4536 recu-

1370 4594 1383 4631 :
1431 4587 1487 4634 et
1525 4580 1614 4650 qui
1654 4581 1890 4638 ambulat
1917 4617 1972 4678 Β
1998 4580 2202 4636 buisset
2231 4580 2449 4643 iterum,
2478 4575 2616 4632 dixit
2648 4576 2727 4631 eis
2754 4593 2767 4629 :
2801 4574 2967 4678 Scitis
2988 4573 3116 4645 quid
3148 4572 3596 4678 fecerintvobis?

1997 4676 2174 4747 [cxv1,
2205 4671 2284 4741 5.]
2319 4671 2423 4727 Vos
2451 4669 2657 4726 vocatis
2704 4683 2791 4723 me
2831 4667 3117 4737 Magister,
3152 4674 3209 4722 et
3237 4664 3505 4720 Domine:
3539 4673 3596 4720 et

1994 4769 2135 4825 bene
2165 4767 2379 4823 dicitis:
2422 4780 2541 4822 sum
2587 4762 2807 4820 etenim.
2843 4763 3045 4836 [cxvu,
3097 4760 3207 4832 10.]
3238 4760 3295 4818 Si
3335 4775 3465 4833 ergo
3492 4774 3595 4831 ego

1997 4860 2108 4915 lavi
2132 4858 2298 4930 pedes
2320 4867 2556 4925 vestros,
2582 4857 2867 4924 Dominus,
2892 4863 2948 4911 et
2972 4855 3231 4927 Magister
3257 4872 3270 4908 :
3299 4864 3354 4911 et
3376 4869 3471 4909 vos
3499 4854 3596 4910 de-

1994 4953 2135 5009 betis
2179 4953 2319 5008 alter
2370 4951 2591 5007 alterius
2631 4949 2814 5004 lavare
2865 4946 3053 5018 pedes.
3086 4946 3405 5017 Exemplum
3446 4946 3593 5001 enim

1997 5046 2119 5103 dedi
2146 5045 2326 5112 vobis,
2356 5054 2412 5099 ut
2440 5040 2899 5115 quemadmodum
2932 5056 3032 5112 ego
3056 5040 3157 5096 ieci
3198 5037 3373 5106 vobis,
3425 5039 3498 5092 ita
3541 5045 3598 5094 et

1996 5154 2094 5195 vos
2116 5139 2347 5195 faciatis.
2400 5136 2620 5209 [cxvut,
2664 5133 2741 5205 5.]
2774 5137 2985 5198 Amen,
3031 5147 3187 5188 amen
3230 5131 3354 5187 dico
3400 5129 3593 5186 vobis:

1997 5232 2117 5289 Non
2146 5240 2233 5288 est
2260 5245 2453 5287 servus
2480 5229 2655 5299 major
2682 5226 2908 5283 domino
2935 5240 3037 5281 suo
3068 5241 3081 5278 :
3110 5238 3284 5294 neque
3310 5223 3596 5293 apostolus

1998 5326 2173 5395 major
2216 5333 2304 5381 est
2353 5338 2443 5389 eo,
2486 5322 2577 5392 qui
2610 5320 2757 5376 misit
2802 5319 2975 5375 illum.
3005 5317 3065 5374 Si
3094 5316 3212 5372 haec
3239 5315 3411 5385 scitis,
3448 5316 3595 5373 beati

1998 5418 2150 5473 eritis
2188 5417 2230 5471 si
2264 5414 2502 5472 feceritis
2544 5428 2630 5469 ea.
2664 5411 2809 5484 [exn
2840 5452 2856 5480 ,
2906 5408 3020 5481 10.]
3065 5409 3184 5466 Non
3233 5409 3302 5466 de
3340 5409 3595 5467 omnibus

1999 5510 2153 5567 vobis
2181 5508 2305 5565 dico
2332 5526 2343 5563 :
2375 5522 2475 5579 ego
2507 5505 2621 5563 scio
2651 5517 2787 5576 quos
2834 5501 3095 5574 elegerim
3122 5518 3138 5559 :
3172 5502 3269 5559 sed
3299 5510 3360 5559 ut
3416 5502 3593 5558 adim-

2002 5661 2322 5735 quibusdam
2353 5660 2760 5735 exemplaribus
2786 5659 3075 5735 nesciunt,
3116 5658 3235 5730 pari
3260 5665 3442 5719 autem
3462 5673 3594 5718 con-

1995 5733 2162 5794 sensu
2194 5734 2262 5792 de
2302 5750 2453 5791 more
2481 5735 2664 5806 legunt
2694 5733 3005 5791 Scariothis.

2067 5807 2094 5847 ἀ
2132 5807 2298 5867 [idem
2344 5821 2477 5865 mss.
2526 5803 2708 5878 misit,
2752 5820 2853 5879 pro
2877 5806 3035 5862 miuit
3062 5803 3271 5878 legunt.
