4166 6336
619 337 727 404 675

1636 339 1693 399 s.
1736 328 2122 398 HIERONYMI
2159 316 2395 392 DlVlNA
2433 331 2913 394 BiBLIO'l’HECA.

3809 334 3941 396 676

621 459 832 528 picatur
876 454 1162 528 Scriptura
1219 473 1232 509 :
1264 452 1366 522 Qui
1414 453 1709 512 manducet
1753 466 1965 508 meeum
1995 462 2209 521 panem,
2240 445 2297 507 Α
2319 450 2658 518 cognoscetis
2684 464 2829 515 eum,
2861 455 2916 504 et
2940 445 3156 504 vidistis
3184 457 3331 503 eum.
3359 444 3499 504 Dicit
3525 445 3581 504 ei
3607 442 3935 519 Philippus:

618 551 821 607 levabit
844 558 1036 607 contra
1069 564 1157 606 me
1176 548 1491 605 calcaneum
1519 561 1700 604 suum.
1731 544 1945 602 Amodo
1975 543 2099 600 dico
2121 557 2218 597 vo-

616 644 720 714 bis,
754 644 1071 715 priusquam
1102 643 1195 699 fiat
1226 659 1241 699 ε
1269 649 1329 698 ιιι
1368 655 1491 698 cum
1521 641 1722 698 factum
1752 640 1947 708 fuerit,
1979 636 2218 695 credatis

615 736 741 808 quia
772 752 873 809 ego
902 750 1020 792 sum
1050 735 1209 809 μη,
1237 734 1316 807 1.]
1345 736 1539 805 Amen,
1569 749 1725 790 amen
1750 734 1874 789 dico
1895 730 2053 788 vobis
2075 749 2088 787 :
2114 730 2216 800 Qui

619 830 817 901 accipit
842 830 890 886 si
917 843 1081 901 quem
1121 829 1349 897 misero,
1390 842 1479 885 me
1508 828 1711 897 accipit
1756 828 1892 897 :qui
1920 835 2101 883 autem
2130 841 2218 883 me

615 924 837 995 accipit,
870 924 1069 994 accipit
1097 938 1224 978 eum
1253 922 1346 992 qui
1393 937 1481 977 me
1508 920 1679 977 misit.
1721 920 1875 993 [cxxt
1896 963 1910 989 ,
1967 920 2046 994 1.]
2076 920 2216 976 Cum

616 1017 733 1074 haec
758 1017 987 1073 dixisset
1007 1017 1191 1083 Iesus,
1239 1015 1488 1071 turbatus
1518 1024 1604 1071 est
1651 1015 1846 1085 spiritu
1875 1031 1887 1068 :
1916 1024 1973 1071 et
2002 1021 2212 1089 protes-

617 1116 761 1165 tatus
784 1117 901 1173 est,
932 1116 990 1164 et
1034 1104 1176 1161 dixit
1209 1123 1223 1160 :
1257 1106 1453 1171 Amen,
1489 1122 1649 1161 amen
1674 1106 1822 1171 ,dico
1872 1106 2055 1173 vobis,
2086 1104 2214 1177 quia

615 1217 754 1257 unus
775 1216 845 1257 ex
872 1199 1028 1256 vobis
1057 1199 1235 1255 tradet
1265 1216 1372 1257 me.
1402 1199 1574 1274 [exxn
1594 1240 1610 1269 ,
1639 1198 1719 1271 4.]
1743 1197 2102 1270 Aspieiebant
2126 1214 2216 1255 er-

612 1309 682 1365 go
709 1294 777 1349 ad
805 1292 1039 1349 invicem
1067 1292 1355 1364 discipuli,
1408 1293 1726 1349 hmsitantes
1755 1293 1825 1349 de
1852 1307 1961 1365 quo
1982 1293 2209 1350 diceret.

608 1386 795 1458 [cxxnt
815 1426 829 1453 ,
862 1383 977 1457 10.]
1010 1385 1141 1441 Erat
1159 1400 1291 1457 ergo
1316 1385 1648 1442 recumbens
1667 1399 1814 1441 unus
1831 1399 1902 1442 ex
1930 1382 2213 1457 discipulis

611 1481 728 1551 cjus
761 1481 813 1535 in
847 1480 968 1535 sinu
993 1477 1143 1548 Iesu,
1175 1494 1336 1550 quem
1363 1478 1630 1550 diligebat
1657 1479 1839 1536 Iesus.
1874 1474 2057 1533 lnnuit
2078 1491 2212 1548 ergo

610 1573 735 1628 huic
764 1572 957 1628 Simon
1005 1570 1201 1627 Petrus
1252 1586 1268 1625 ε
1301 1579 1357 1627 et
1383 1569 1532 1626 dixit
1578 1572 1629 1627 ei
1657 1586 1671 1623 :
1702 1569 1835 1639 Quis
1860 1576 1966 1637 est,
2007 1567 2078 1625 de
2103 1583 2211 1638 quo

607 1664 739 1722 dicit
761 1666 784 1720 ι
810 1664 997 1737 Itaque
1019 1678 1145 1721 cum
1169 1663 1516 1721 recubuisset
1539 1662 1632 1720 ille
1655 1675 1821 1733 supra
1842 1671 2036 1734 pectus
2056 1659 2205 1727 Iesu,

606 1761 739 1817 dicit
758 1758 850 1817 ei:
886 1760 1137 1828 Domine,
1169 1760 1292 1831 quis
1320 1769 1409 1816 est
1439 1758 1463 1813 τ
1491 1767 1518 1796 ιι
1547 1756 1850 1828 Respondit
1884 1754 2083 1813 Iesus:
2112 1754 2209 1812 llle

2321 538 2568 608 Domine,
2594 540 2820 597 ostende
2842 540 3002 597 nobis
3026 540 3263 606 Patrem.
3290 547 3347 597 et
3365 539 3568 597 sufﬁcit
3590 540 3767 597 nobis.
3786 540 3945 599 Dicit

2318 633 2369 688 ei
2382 631 2540 689 Iesus
2560 632 2753 689 :Tanto
2770 641 3015 705 tempore
3034 632 3310 688 vobiscum
3334 641 3538 703 sum,et
3552 647 3658 689 non
3672 636 3943 706 cognovi—

2317 723 2417 780 stis
2440 724 2551 780 mei
2572 723 2989 796 Philippe,quib
3005 723 3271 789 videtme,
3286 723 3433 781 videt
3461 735 3516 780 et
3538 725 3773 782 Patrem.
3789 728 3941 793 Quo-

2319 818 2486 875 modo
2515 828 2571 875 tu
2595 819 2734 876 dicis
2761 836 2777 875 :
2804 819 3044 877 Ostende
3070 819 3227 875 nobis
3247 818 3507 876 Patrem?
3531 818 3650 876 Non
3680 819 3936 886 creditis,

2317 916 2444 985 quia
2463 930 2565 987 ego
2585 914 2640 970 in
2664 914 2844 983 Patre,
2869 924 2926 971 et
2947 914 3109 971 Pater
3134 916 3184 969 in
3216 930 3300 969 me
3321 914 3438 970 esti
3467 914 3661 981 Verba,
3678 930 3801 986 quae
3824 930 3939 986 ego

2319 1008 2513 1081 loquor
2540 1010 2728 1079 vobis,
2761 1023 2791 1064 a
2834 1024 2924 1066 me
2954 1010 3073 1081 ipso
3104 1025 3209 1066 non
3241 1010 3454 1082 loquor.
3487 1009 3651 1068 Pater
3665 1018 3849 1067 autem
3874 1011 3940 1067 in

2318 1116 2406 1158 me
2434 1117 2681 1170 manens,
2708 1097 2826 1170 ipse
2854 1102 2989 1159 facit
3009 1118 3202 1173 opera.
3227 1108 3350 1159 Non
3367 1102 3622 1172 creditis,
3671 1104 3797 1175 quia
3823 1118 3936 1176 ego

2317 1196 2371 1251 in
2401 1196 2587 1266 Patre,
2609 1205 2666 1254 et
2690 1197 2852 1253 Pater
2882 1199 2934 1252 in
2968 1214 3054 1253 me
3074 1199 3191 1254 est?
3212 1197 3469 1270 Alioquin
3500 1206 3726 1270 propter
3752 1213 3933 1269 opera

2318 1289 2432 1361 ipsa
2461 1290 2689 1347 credite.
2718 1290 2925 1359 Amen,
2973 1304 3132 1347 amen
3161 1291 3287 1350 dico
3312 1292 3469 1348 vobis
3489 1332 3505 1359 ,
3537 1292 3630 1365 qui
3657 1291 3836 1349 credit
3866 1292 3932 1348 in

2316 1400 2405 1440 me
2427 1424 2444 1453 ,
2483 1399 2650 1457 opera
2688 1400 2812 1458 quas
2849 1399 2950 1457 ego
2978 1385 3137 1450 facio,
3180 1394 3237 1443 et
3263 1385 3380 1458 ipse
3410 1386 3593 1456 faciet,
3623 1396 3680 1443 et
3709 1386 3931 1458 majora

2316 1477 2511 1536 horum
2538 1478 2733 1536 faciet:
2766 1479 2891 1550 quia
2918 1493 3018 1551 ego
3047 1478 3113 1535 ad
3138 1478 3352 1535 Patrem
3376 1478 3538 1535 vado.
3573 1479 3819 1552 [cxxvnt,
3837 1474 3933 1549 4.]

2316 1572 2385 1628 Ει
2423 1573 2805 1644 quodcumque
2846 1572 3109 1643 petieritis
3144 1572 3359 1629 Patrem
3399 1572 3454 1629 in
3505 1572 3727 1629 nomine
3774 1586 3933 1640 meo,

2316 1663 2419 1720 hoc
2448 1664 2639 1721 faciam
2664 1674 2756 1721 :ut
2783 1664 3115 1735 gloriﬁcetur
3136 1664 3295 1722 Pater
3316 1664 3371 1721 in
3398 1663 3556 1721 Filio.
3584 1664 3644 1722 Si
3670 1665 3796 1737 quid
3825 1679 3935 1735 pe-

2315 1758 2508 1814 tieritis
2551 1771 2640 1815 me
2665 1758 2718 1814 in
2753 1758 2973 1813 nomine
2999 1772 3124 1814 meo
3147 1798 3163 1824 ,
3204 1756 3308 1814 hoc
3334 1755 3548 1814 faciam.
3604 1755 3666 1815 Si
3696 1756 3933 1829 diligitis

608 1862 715 1921 est,
738 1853 827 1909 cui
850 1866 954 1925 ego
981 1852 1270 1908 intinctam
1294 1865 1494 1923 panem
1525 1864 1848 1922 porrexero.
1880 1848 2064 1922 [cxxtv
2084 1887 2101 1915 ,
2130 1845 2209 1918 9.]
2241 1845 2286 1908 Β
2315 1864 2426 1918 me,
2465 1850 2719 1905 mandata
2774 1865 2892 1905 mea
2923 1858 3160 1907 servate.
3192 1849 3265 1907 Et
3315 1863 3418 1921 ego
3444 1850 3647 1922 rogabo
3676 1850 3927 1917 Patrem,

610 1948 676 2003 Et
701 1962 823 2003 cum
856 1946 1172 2003 intinxisset
1196 1960 1415 2017 panem,
1445 1944 1597 2002 dedit
1622 1945 1776 2002 Iudae
1798 1942 2042 2000 Simonis
2070 1940 2211 1997 [sca-

607 2039 783 2095 riotte.
818 2038 948 2113 [Μι.
981 2038 1330 2111 Scariotbis.]
1353 2036 1421 2095 Et
1459 2047 1583 2110 post
1605 2037 1928 2102 bueccllam,
1967 2033 2212 2092 introivit

606 2133 660 2191 in
689 2148 813 2189 eum
844 2135 1095 2188 Satanas.
1124 2132 1285 2205 [cxxv
1308 2173 1323 2199 ,
1348 2130 1465 2204 10.]
1497 2131 1563 2186 Et
1590 2130 1723 2186 dixit
1755 2130 1806 2185 ei
1836 2129 2029 2185 Iesus:
2054 2125 2210 2195 Quod

602 2224 761 2293 facis,
795 2226 881 2281 fac
913 2225 1094 2281 citius.
1124 2225 1238 2281 lloc
1263 2234 1445 2281 autem
1480 2238 1642 2279 nemo
1677 2221 1838 2278 scivit
1864 2219 2211 2276 discumben-

601 2320 733 2373 tium
767 2318 835 2374 ad
865 2318 997 2389 quid
1030 2316 1320 2375 dixeritei.
1346 2316 1578 2385 Quidam
1598 2315 1746 2371 enim
1772 2312 2059 2386 putabant,
2084 2311 2207 2383 quia

605 2411 816 2467 loculos
840 2410 1080 2469 habebat
1124 2410 1314 2480 Iudas,
1339 2410 1486 2482 quod
1511 2408 1742 2466 dixisset
1766 2409 1819 2464 ei
1840 2407 1999 2465 Iesus
2030 2423 2044 2459 :
2077 2405 2209 2460 Eme

600 2510 686 2573 ea,
711 2518 833 2575 quae
862 2519 998 2575 opus
1020 2514 1147 2560 sunt
1172 2503 1331 2559 nobis
1378 2502 1444 2559 ad
1475 2501 1620 2558 dicm
1654 2500 1852 2557 festum
1889 2516 1903 2553 :
1934 2506 2030 2554 aut
2071 2512 2207 2571 ege-

604 2596 712 2663 nis,
744 2605 803 2652 ut
841 2595 1047 2668 aliquid
1077 2596 1250 2653 daret.
1281 2592 1419 2651 Cum
1469 2609 1602 2666 ergo
1627 2593 1933 2663 accepisset
1960 2590 2055 2646 ille
2075 2589 2210 2644 buc-

598 2689 817 2758 cellam,
850 2691 1022 2746 exivit
1052 2690 1340 2746 continuo.
1385 2688 1514 2744 Erat
1538 2694 1722 2744 autem
1747 2699 1880 2742 nox.
1914 2683 2051 2740 Cum
2074 2696 2206 2753 ergo

598 2786 830 2852 exisset,
855 2783 1002 2840 dixit
1034 2782 1231 2840 Iesus:
1254 2782 1409 2839 Nunc
1435 2780 1762 2837 clarificatus
1790 2786 1876 2835 est
1902 2775 2072 2832 Filius
2101 2774 2203 2831 bo-

600 2879 763 2934 minis
798 2898 810 2934 :
839 2885 895 2935 et
923 2878 1068 2934 Deus
1095 2878 1426 2934 elarifieatus
1447 2884 1531 2932 est
1563 2876 1617 2930 in
1662 2889 1751 2929 eo.
1782 2872 1842 2929 Si
1868 2870 2017 2928 Deus
2045 2869 2207 2925 clari-

600 2970 794 3027 ficatus
814 2976 905 3027 est
932 2972 986 3027 in
1010 2986 1077 3027 eo
1097 3015 1110 3039 ,
1142 2978 1200 3027 et
1242 2969 1388 3026 Deus
1417 2966 1743 3024 clarificabit
1772 2963 1906 3040 [Με.
1937 2961 2207 3020 clarifica-

596 3064 694 3135 vit]
722 3080 845 3121 eum
878 3064 931 3119 in
964 3063 1294 3135 semetipso:
1323 3070 1381 3119 et
1414 3062 1677 3118 continuo
1712 3056 2033 3115 clarificabit
2057 3070 2200 3111 eum.

600 3156 805 3225 Filioli,
858 3156 1036 3211 adhuc
1089 3154 1359 3210 modicum
1410 3153 1694 3209 vobiscum
1738 3165 1881 3208 sum.
1935 3147 2203 3218 Quaeretis

2313 1950 2368 1998 et
2388 1942 2554 1997 alium
2579 1942 2906 1998 Paraclitum
2933 1941 3286 2009 dabitvobis,
3311 1951 3371 1997 ut
3395 1952 3613 1999 maneat
3636 1942 3929 1999 vobiscum

2312 2034 2366 2091 in
2413 2045 2703 2106 aeternum,
2736 2035 2997 2107 Spiritum
3025 2034 3292 2104 veritatis,
3320 2050 3486 2107 quem
3533 2034 3767 2092 mundus
3809 2050 3928 2092 non

2312 2138 2488 2199 potest
2518 2129 2792 2201 accipere,
2822 2130 2947 2200 quia
2988 2144 3096 2185 non
3142 2129 3289 2185 videt
3327 2144 3477 2198 eum,
3507 2144 3609 2186 nec
3635 2129 3738 2186 scit
3765 2144 3928 2186 eum.

2311 2222 2420 2279 Vos
2450 2232 2635 2280 autem
2665 2235 2689 2263 ο
2720 2225 3068 2296 cognoscetis
3086 2238 3209 2280 eum
3235 2239 3249 2291 ;
3278 2225 3403 2297 quia
3430 2224 3575 2295 apud
3604 2239 3695 2281 vos
3723 2239 3930 2282 manc-

2310 2314 2407 2382 bit,
2441 2325 2493 2369 ct
2524 2316 2576 2371 in
2605 2315 2759 2371 vobis
2800 2316 2925 2371 erit.
2978 2316 3096 2372 Non
3132 2316 3435 2387 relinquam
3463 2332 3564 2374 vos
3590 2316 3869 2387 orphanos
3909 2334 3925 2371 :

2311 2410 2522 2463 veniam
2552 2408 2619 2463 ad
2648 2423 2767 2464 vos.
2791 2408 2986 2465 Adhuc
3011 2407 3321 2464 modicum:
3352 2417 3408 2465 et
3432 2408 3666 2465 mundus
3692 2423 3779 2465 me
3802 2409 3928 2479 jam

2310 2516 2419 2558 non
2461 2500 2627 2556 videt.
2662 2500 2769 2557 Vos
2797 2509 2981 2556 autem
3008 2500 3206 2557 videtis
3243 2515 3366 2557 me:
3397 2501 3525 2572 quia
3553 2514 3656 2573 ego
3681 2501 3831 2568 vivo,
3862 2506 3928 2557 et

2309 2608 2407 2651 vos
2435 2595 2651 2651 vivetis.
2671 2594 2728 2650 In
2759 2595 2852 2652 illo
2880 2595 2971 2652 die
2998 2611 3094 2651 vos
3113 2596 3481 2667 cognoscetis,
3511 2596 3639 2666 quia
3660 2609 3765 2666 ego
3792 2609 3923 2651 sum

2308 2688 2362 2744 in
2404 2690 2563 2745 Patre
2596 2703 2755 2753 meo,
2797 2697 2853 2745 et
2893 2703 2992 2745 vos
3028 2688 3086 2744 in
3122 2704 3232 2755 me,
3272 2697 3328 2745 et
3356 2702 3456 2760 ego
3499 2688 3557 2745 in
3585 2688 3761 2745 vobis.
3810 2686 3923 2755 Qui

2310 2780 2475 2838 habet
2502 2780 2756 2861 mandata
2789 2796 2932 2851 mea,
2964 2790 3019 2837 et
3046 2792 3233 2837 serviat
3254 2797 3317 2838 ea
3345 2821 3362 2850 ,
3394 2781 3486 2837 ille
3514 2790 3599 2838 est
3625 2780 3721 2853 qui
3738 2778 3924 2851 diligit

2310 2890 2417 2931 me.
2450 2874 2655 2948 [cxxtx,
2688 2874 2766 2947 1.]
2796 2874 2897 2943 Qui
2924 2884 3107 2932 autem
3135 2876 3312 2945 diligit
3339 2891 3446 2945 me,
3471 2875 3727 2946 diligetur
3752 2888 3786 2929 a
3815 2875 3923 2931 Pa-

2309 2978 2392 3024 tre
2413 2984 2565 3025 meo:
2605 2978 2660 3025 et
2683 2983 2787 3040 ego
2814 2967 3036 3038 diligam
3080 2983 3227 3033 eum,
3251 2979 3307 3024 et
3336 2968 3692 3024 manifestabo
3719 2967 3770 3024 ei
3794 2983 3920 3024 me-

2306 3061 2505 3131 ipsum.
2541 3060 2727 3134 [cxxx,
2754 3060 2867 3131 10.]
2902 3061 3042 3115 Dicit
3070 3062 3118 3116 ei
3147 3060 3333 3128 Iudas,
3364 3076 3471 3116 non
3503 3048 3594 3117 ille
3625 3060 3921 3118 lscariotes

2309 3150 2437 3225 [Ms.
2469 3151 2808 3223 Scariothis]:
2841 3151 3093 3220 Domine,
3122 3152 3248 3222 quid
3281 3151 3483 3209 factum
3502 3162 3611 3222 est,
3640 3152 3766 3223 quia
3798 3166 3921 3209 ma-

602 3247 736 3321 [Ms.
766 3245 1048 3317 Quaeritis]
1083 3261 1168 3303 me
1204 3262 1217 3300 :
1248 3257 1302 3303 et
1328 3246 1471 3302 sicut
1519 3246 1630 3301 dixi
1660 3244 1863 3301 Iudaeis
1894 3261 1907 3297 :
1949 3243 2068 3312 Quo
2097 3233 2272 3311 ego,C
2306 3246 2659 3302 nifestaturus
2694 3261 2753 3302 es
2812 3247 2966 3302 nobis
3009 3246 3264 3317 teipsum,
3298 3256 3356 3303 et
3400 3263 3506 3303 non
3535 3246 3776 3304 mundo?
3804 3247 3921 3304 Re-

604 3342 767 3409 vado,
796 3357 895 3397 vos
928 3357 1034 3397 non
1065 3342 1294 3413 potestis
1324 3341 1512 3395 venire
1546 3357 1561 3395 :
1589 3347 1644 3396 et
1673 3338 1828 3395 vobis
1856 3336 1979 3393 dico
2017 3336 2199 3392 modo.

600 3433 911 3490 Mandatum
969 3449 1171 3489 novum
1222 3433 1292 3489 do
1323 3432 1524 3489 vobis:
1573 3431 1644 3488 Ut
1672 3430 1913 3503 diligatis
1943 3430 2200 3495 invicem,

606 3526 755 3583 sicut
778 3525 953 3584 dilexi
984 3540 1098 3595 vos,
1134 3534 1195 3582 ut
1219 3535 1274 3583 et
1318 3539 1415 3581 vos
1444 3524 1681 3597 diligatis
1707 3525 1960 3579 invicem.
2010 3522 2066 3577 lu
2100 3523 2204 3576 hoc

599 3630 934 3692 cognoscent
956 3634 1149 3677 omnes
1172 3618 1302 3691 quia
1332 3618 1588 3688 discipuli
1633 3619 1742 3672 mei
1771 3616 1931 3682 estis,
1958 3615 2004 3670 si
2034 3613 2203 3670 dilec-

598 3713 802 3769 tionem
834 3711 1141 3769 habueritis
1166 3712 1233 3768 ad
1285 3712 1547 3766 invicem.
1576 3711 1796 3783 [cxxvt,
1848 3706 1925 3778 1.]
1975 3706 2116 3762 Dicit
2151 3705 2201 3762 ei

595 3803 786 3861 Simon
820 3804 1054 3862 Petrus:
1092 3804 1341 3870 Domine,
1390 3817 1499 3874 quo
1529 3801 1734 3857 vadis?
1781 3799 2085 3870 Respondit
2112 3800 2203 3855 Ie-

593 3912 689 3952 sus
720 3914 733 3952 :
765 3897 887 3965 Quo
915 3910 1021 3967 ego
1055 3896 1220 3964 vado,
1253 3912 1362 3951 non
1393 3902 1549 3966 potes
1579 3908 1666 3949 me
1691 3892 1855 3950 modo
1880 3893 2034 3963 sequi
2065 3910 2078 3945 :
2109 3906 2200 3947 se-

594 3988 784 4059 queris
808 3999 990 4045 autem
1036 3996 1246 4059 postea.
1297 3988 1439 4043 Dicit
1466 3988 1517 4042 ei
1564 3986 1758 4043 Petrus
1801 4003 1815 4041 :
1860 3988 2042 4053 Quare
2092 4002 2199 4041 non

541 4129 553 4151 ,
596 4096 819 4151 possunt
854 4091 905 4135 te
934 4082 1091 4150 sequi
1136 4081 1299 4137 modo
1332 4082 1355 4135 l
1383 4081 1618 4136 animam
1650 4094 1830 4154 meam
1878 4094 1979 4151 pro
2024 4088 2077 4136 te
2104 4096 2199 4151 po-

592 4190 741 4231 nam.
793 4174 1099 4246 Respondit
1149 4177 1199 4233 ei
1231 4175 1391 4233 Iesus
1431 4194 1444 4231 :
1479 4176 1728 4231 Animam
1784 4185 1932 4230 tuam
1985 4190 2083 4247 pro
2112 4190 2199 4232 me

592 4269 811 4339 pones?
844 4268 1041 4337 Amen,
1072 4252 1234 4327 amen
1257 4269 1386 4326 dico
1414 4270 1514 4326 tibi
1541 4268 1693 4325 :Non
1726 4268 1970 4326 cantabit
1997 4270 2194 4340 gallus,

587 4362 767 4419 donec
794 4372 878 4420 ter
896 4378 984 4420 me
1011 4379 1195 4435 neges.

665 4453 819 4528 [ϐαρ.
846 4454 986 4512 XIV.
1017 4471 1201 4513 cxxvn
1217 4499 1233 4526 ,
1258 4455 1375 4529 10.]
1397 4456 1514 4514 Non
1540 4458 1789 4516 turbetur
1810 4474 1908 4516 cor
1925 4467 2194 4515 vestrum.

596 4549 835 4605 Creditis
867 4551 922 4606 in
952 4550 1145 4619 Deum,
1175 4557 1234 4609 et
1262 4551 1318 4607 in
1347 4567 1435 4609 me
1476 4552 1706 4609 credite.
1734 4552 1793 4609 In
1823 4552 1989 4609 domo
2019 4553 2197 4609 Patris

2307 3339 2527 3411 spondit
2547 3340 2740 3408 Iesus,
2766 3350 2817 3396 et
2843 3340 2982 3396 dixit
3009 3343 3091 3397 ei:
3122 3340 3181 3397 Si
3210 3342 3331 3411 quis
3357 3340 3531 3413 diligit
3558 3356 3665 3410 me,
3694 3357 3918 3399 sermo.

2306 3449 2431 3489 nem
2459 3448 2641 3490 meum
2672 3433 2932 3502 servabit,
2968 3444 3025 3489 et
3052 3433 3214 3489 Pater
3250 3449 3405 3491 meus
3447 3435 3637 3506 diliget
3664 3451 3821 3503 eum,
3855 3442 3919 3492 et

2305 3526 2372 3580 ad
2397 3540 2522 3581 eum
2542 3525 2849 3593 veniemus,
2864 3537 2919 3582 et
2949 3526 3289 3584 mansionem
3317 3526 3460 3599 apud
3479 3543 3602 3583 eum
3626 3527 3915 3585 faciemus:

2304 3617 2395 3686 qui
2423 3634 2530 3673 non
2555 3616 2731 3688 diligit
2748 3632 2856 3685 me,
2871 3631 3155 3674 sermones
3177 3634 3326 3675 meos
3351 3634 3458 3674 non
3473 3627 3672 3674 servat.
3693 3618 3914 3691 [cxxxt,

2306 3708 2383 3781 1.]
2415 3710 2479 3765 Et
2503 3725 2813 3766 sermonem
2843 3726 3003 3782 quem
3033 3711 3284 3779 audistis,
3313 3728 3420 3769 non
3468 3722 3552 3769 est
3577 3727 3756 3782 meus,
3810 3712 3917 3770 sed

2303 3804 2447 3875 ejus,
2480 3805 2569 3875 qui
2615 3804 2762 3860 misit
2794 3820 2903 3873 me,
2937 3805 3130 3860 Patris.
3158 3804 3291 3861 Haec
3336 3806 3548 3862 locutus
3578 3820 3697 3862 sum
3728 3804 3911 3873 vobis,

2302 3895 2443 3966 apud
2484 3912 2581 3952 vos
2636 3912 2881 3954 manens.
2936 3897 3180 3969 [cxxxn,
3217 3897 3328 3969 10.]
3377 3898 3679 3955 Paraclitus
3723 3908 3915 3957 autem

2302 3990 2537 4060 Spiritus
2561 3999 2802 4057 sanctus,
2836 4004 2995 4061 quem
3028 3994 3205 4047 mittet
3235 3992 3396 4047 Pater
3425 3992 3480 4047 in
3507 3993 3731 4049 nomine
3759 4008 3909 4059 meo,

2303 4084 2396 4141 ille
2440 4099 2537 4141 vos
2584 4084 2804 4141 docebit
2853 4086 3070 4154 omnia,
3119 4097 3173 4141 et
3202 4096 3459 4159 suggeret
3502 4087 3655 4143 vobis
3695 4088 3907 4158 omnia,

2301 4191 2660 4248 quascumque
2681 4176 2870 4234 dixero
2892 4179 3067 4234 vobis.
3094 4179 3289 4236 Pacem
3321 4180 3571 4252 relinquo
3598 4179 3777 4251 vobis,
3812 4196 3912 4252 pa-

2299 4285 2421 4327 cem
2452 4286 2628 4328 meam
2650 4272 2721 4328 do
2752 4272 2939 4328 vobis:
2970 4288 3080 4328 non
3103 4278 3377 4345 quomodo
3404 4273 3641 4331 mundus
3667 4273 3783 4341 dat,
3802 4287 3910 4347 ego

2300 4367 2373 4423 do
2400 4365 2709 4423 vobis.Non
2738 4366 2986 4422 turbetur
3004 4382 3099 4422 cor
3124 4376 3385 4434 vestrum,
3411 4381 3586 4438 neque
3616 4364 3899 4423 formidet.

2300 4461 2542 4517 Audistis
2565 4461 2689 4532 quia
2720 4475 2821 4532 ego
2849 4459 2962 4516 dixi
2992 4460 3185 4516 vobis:
3212 4458 3388 4531 Vado,
3413 4470 3469 4517 et
3498 4461 3656 4518 venio
3684 4460 3753 4517 ad
3783 4476 3904 4518 vos.

2301 4555 2360 4613 Si
2383 4555 2681 4627 diligeretis
2701 4571 2813 4623 me,
2835 4554 3145 4627 gauderetis
3171 4556 3378 4628 utique,
3402 4556 3527 4628 quia
3551 4556 3690 4613 vado
3715 4556 3783 4612 ad
3803 4555 3906 4613 Pa-

590 4645 698 4700 mci
730 4644 1044 4703 mansiones
1084 4647 1269 4703 multm
1292 4657 1444 4703 sunt.
1480 4646 1538 4704 Si
1562 4661 1673 4719 quo
1700 4639 1903 4715 minus,
1926 4647 2186 4704 dixissem
2215 4639 2269 4701 D
2295 4657 2431 4705 trem
2456 4669 2470 4705 :
2503 4650 2632 4721 quia
2660 4650 2821 4706 Pater
2849 4649 3023 4721 major
3047 4664 3135 4706 me
3178 4660 3281 4706 est.
3314 4650 3380 4706 Et
3420 4665 3565 4708 nunc
3594 4649 3715 4707 dixi
3745 4650 3903 4708 vobis

584 4740 740 4796 vobis
773 4758 786 4796 :
817 4740 953 4808 Quia
982 4741 1122 4798 vado
1162 4757 1358 4813 parare
1385 4744 1539 4800 vobis
1570 4744 1770 4800 locum.
1802 4745 1872 4800 Et
1896 4745 1942 4801 si
1973 4745 2183 4812 abiero,

585 4843 639 4890 et
668 4849 1048 4906 praeparavero
1078 4836 1235 4894 vobis
1260 4837 1441 4895 locum
1473 4855 1486 4893 :
1519 4839 1716 4895 iterum
1741 4840 1933 4908 venio,
1967 4849 2023 4896 et
2043 4840 2187 4897 acci-

585 4929 728 5000 piam
753 4945 848 4986 vos
864 4930 932 4987 ad
951 4931 1254 5002 meipsum,
1280 4934 1441 4989 utubi
1457 4947 1579 4989 sum
1598 4947 1723 5006 ego,
1751 4944 1807 4991 et
1828 4949 1926 4991 vos
1950 4936 2094 4992 sitis.
2116 4936 2187 4991 Et

580 5039 690 5091 quo
717 5040 820 5094 ego
846 5025 1008 5091 vado,
1038 5024 1213 5095 scitis,
1246 5033 1303 5082 et
1330 5025 1472 5082 viam
1498 5028 1671 5083 scitis.
1693 5026 2183 5087 Dicitei'l'bomas:

580 5114 829 5185 Domine,
853 5118 1124 5174 nescimus
1145 5131 1255 5189 quo
1281 5116 1436 5175 vadis
1469 5134 1484 5175 :
1521 5127 1579 5175 et
1596 5120 1872 5187 quomodo
1903 5135 2191 5191 possumus

581 5209 726 5266 viam
740 5214 903 5268 scire?
922 5211 1062 5268 Dicit
1073 5212 1125 5268 ei
1137 5210 1295 5268 Iesus
1313 5228 1327 5267 :
1343 5211 1460 5285 Ego
1475 5226 1596 5268 sum
1616 5214 1725 5283 via,
1741 5220 1799 5270 et
1812 5213 2038 5283 veritas,
2051 5216 2190 5272 etvi-

582 5312 656 5360 ta.
668 5305 839 5362 Nemo
853 5308 1003 5364 venit
1014 5306 1081 5364 ad
1096 5308 1339 5379 Patrem,
1354 5310 1461 5365 nisi
1482 5325 1575 5380 per
1597 5326 1705 5367 me.
1721 5311 1777 5367 Si
1795 5313 2191 5384 cognovissetis

582 5411 673 5454 me
693 5438 709 5467 ,
741 5407 793 5455 et
812 5397 1027 5457 Patrem
1051 5415 1233 5459 meum
1264 5402 1447 5473 utique
1472 5405 1892 5477 eognovissetis,
1918 5413 1974 5462 et
1993 5408 2191 5465 amodo

653 5592 680 5620 ι
707 5581 765 5662 in
791 5586 1002 5662 nostris
1030 5599 1190 5652 mss.,
1217 5583 1318 5641 Cui
1347 5588 1613 5662 respondit
1633 5589 1811 5647 Iesus.
1843 5590 2068 5651 Addunt
2094 5611 2186 5652 ve-

580 5667 643 5736 ro
669 5655 911 5736 plerique
940 5670 1133 5713 omnes
1159 5664 1282 5736 tunc
1310 5655 1653 5736 particulam,
1684 5664 1776 5719 ubi
1796 5663 1999 5723 dicitur
2020 5709 2035 5734 ,
2066 5676 2185 5723 tunc

578 5727 810 5811 introivit
838 5728 890 5783 in
916 5746 1055 5798 eum,
1082 5739 1190 5789 etc.
1208 5727 1387 5811 Paulo
1408 5741 1533 5805 post
1560 5727 1725 5811 iidem
1760 5751 1922 5806 mss.,
1953 5727 2075 5811 quia
2102 5740 2187 5795 di-

579 5798 662 5873 cit
680 5800 745 5873 ei_
756 5796 909 5854 Iesus
932 5845 945 5868 ,
981 5796 1078 5873 pro
1106 5801 1246 5871 quod
1275 5796 1496 5873 dixisset
1523 5807 1596 5873 ei,
1622 5816 1729 5864 etc.

648 5867 676 5909 ι)
717 5870 947 5942 Propius
983 5867 1217 5929 fortasse
1260 5872 1452 5933 Graeco
1473 5867 1674 5936 habent
1703 5879 1879 5939 nostri
1916 5878 2187 5955 mss.,qui

2294 4744 2607 4816 priusquam
2639 4744 2734 4798 fiat
2765 4761 2777 4798 :
2813 4752 2871 4799 ut
2896 4758 3018 4800 cum
3049 4743 3246 4799 factum
3276 4743 3457 4812 fuerit,
3491 4744 3750 4801 credatis.
3778 4744 3900 4801 Iam

2293 4852 2401 4895 non
2453 4837 2623 4892 multa
2668 4836 2861 4908 loquar
2903 4834 3208 4892 vobiscum.
3245 4835 3407 4893 Venit
3451 4837 3596 4894 enim
3649 4837 3899 4909 princeps

2293 4934 2483 4992 mundi
2520 4933 2717 5005 hujus,
2764 4942 2822 4989 et
2860 4932 2915 4988 in
2947 4947 3036 4989 me
3074 4948 3182 4989 non
3230 4932 3394 4989 habet
3430 4932 3751 5006 quidquam.
3786 4930 3899 4991 Sed

2292 5039 2354 5087 ut
2378 5039 2672 5102 cognoscat
2719 5027 2958 5084 mundus
3004 5028 3130 5097 quia
3188 5026 3358 5099 diligo
3386 5027 3601 5085 Patrem
3634 5069 3649 5097 ,
3689 5036 3746 5085 et
3789 5028 3904 5085 sic-

2293 5132 2353 5179 ut
2395 5121 2709 5177 mandatum
2737 5118 2888 5177 dedit
2934 5118 3066 5176 mihi
3110 5118 3292 5187 Pater,
3333 5120 3415 5177 sic
3459 5119 3619 5178 facio.
3652 5120 3895 5194 Surgite,

2293 5233 2483 5277 eamus
2513 5217 2661 5274 hinc.
3872 5260 3877 5263 .

2368 5311 2519 5387 [Cap.
2566 5306 2709 5381 XV.]
2740 5307 2858 5381 Ego
2900 5323 3020 5365 sum
3068 5306 3194 5364 vitis
3246 5323 3410 5365 vera:
3452 5318 3508 5366 et
3553 5308 3714 5366 Pater
3743 5324 3896 5368 meus

2294 5407 2532 5481 agricola
2559 5414 2662 5462 est.
2686 5399 2924 5461 'Dmnem
2954 5404 3235 5476 palmitem
3265 5404 3320 5461 in
3358 5419 3447 5463 me
3473 5419 3584 5461 non
3627 5404 3895 5463 ferentem

2288 5596 2415 5650 vidit
2441 5610 2544 5659 me,
2576 5593 2707 5648 vidit
2729 5603 2775 5648 et
2802 5592 3035 5662 Patrem,
3057 5604 3162 5652 etc.
3183 5594 3320 5651 Tum
3339 5593 3519 5652 eidem
3546 5594 3716 5652 textui
3745 5607 3896 5666 pres-

2288 5667 2424 5719 sius.
2459 5681 2563 5719 mm
2604 5666 2793 5719 credis.
2829 5682 2927 5719 uro
2950 5683 3052 5719 non
3078 5666 3308 5719 creditis.

2288 5682 2424 5733 etus,
2459 5681 2563 5747 non
2604 5678 2793 5736 treats,
2829 5682 2927 5738 pro
2950 5683 3052 5722 non
3078 5678 3308 5723 πεαιιιε.

2290 5809 2302 5816 _
2362 5748 2383 5776 ο
2420 5735 2480 5792 ln
2513 5737 2739 5793 instanti
2777 5753 2901 5794 cum
2930 5739 3124 5816 Graeco
3155 5745 3306 5816 textu
3337 5739 3512 5797 nostri
3553 5753 3770 5816 quoque
3795 5738 3894 5798 ha-

2289 5809 2423 5869 bent
2445 5823 2606 5879 mss.,
2634 5824 2740 5867 non
2767 5811 3103 5885 cognoscitis.
3169 5811 3183 5870 l
