4166 6336
258 315 371 373 67³1

1301 310 1757 372 EVANGELIUM
1796 309 2172 371 SECUNDUM
2208 309 2547 369 JOANNEM.

3460 318 3565 379 678

257 431 500 486 fructum
537 472 551 493 ,
606 428 759 484 tollet
820 442 943 485 cum
976 442 989 482 :
1043 434 1101 485 et
1148 442 1363 485 omnem
1436 432 1526 499 qui
1569 428 1674 484 fert
1730 429 1873 484 fruco
1899 441 1945 497 Α
1974 429 2300 485 dalizemini.
2333 429 2553 500 Absque
2581 430 3566 509 synagogisfacicntvos:[chv1.1.]

259 520 680 592 tum,purgabit
728 535 851 577 eum
880 562 895 586 ,
946 530 1004 577 ut
1051 519 1285 578 fructum
1332 519 1451 591 plus
1496 520 1706 578 afferat.
1753 520 1872 578 Jam

260 629 364 669 vos
410 614 596 670 mundi
637 614 771 670 estis
815 623 1039 684 propter
1075 628 1418 682 sermonem,
1456 629 1617 686 quem
1660 614 1873 669 loculus

259 720 386 760 sum
414 706 588 761 vobis.
640 705 858 761 Manete
894 704 948 761 in
978 720 1103 773 me,
1159 714 1217 762 et
1269 720 1372 777 ego
1420 706 1478 762 in
1520 706 1694 763 vobis.
1754 704 1872 764 Sie-

260 808 327 853 ut
377 799 587 869 palmes
643 814 751 854 non
798 806 976 869 potest
1020 800 1161 855 ferre
1211 799 1447 855 fructum
1485 818 1513 855 a
1544 801 1871 871 semetipso,

258 889 372 947 nisi
398 892 658 947 manserit
689 891 741 945 in
770 892 918 948 vite:
950 891 1031 948 sic
1060 906 1164 948 nec
1191 907 1289 948 vos
1317 936 1332 962 ,
1389 893 1489 949 nisi
1524 894 1576 948 in
1607 908 1697 950 me
1720 907 1875 949 man-

261 982 470 1039 seritis.
504 983 620 1055 Ego
648 997 770 1039 sum
820 983 981 1052 vitis,
1032 998 1129 1041 vos
1158 986 1406 1055 palmites
1435 1003 1449 1041 :
1481 985 1573 1057 qui
1605 996 1787 1041 manet
1818 986 1869 1042 in

263 1095 378 1145 me,
400 1089 457 1135 et
482 1094 583 1150 ego
608 1079 663 1135 in
685 1094 773 1148 eo,
799 1078 886 1136 hic
918 1078 1024 1135 fert
1053 1079 1287 1136 fructum
1314 1080 1575 1139 multum:
1597 1082 1721 1152 quia
1754 1079 1872 1137 sine

262 1191 355 1232 me
385 1175 520 1231 nihil
545 1176 775 1245 potestis
804 1176 1004 1233 facere.
1027 1174 1086 1231 Si
1110 1176 1228 1246 quis
1253 1176 1306 1230 in
1326 1191 1417 1232 me
1445 1192 1551 1231 non
1580 1176 1869 1242 manserit,

262 1269 514 1325 mittetur
540 1268 689 1325 foras
712 1268 855 1325 sicut
877 1268 1109 1341 palmes,
1132 1278 1190 1325 et
1209 1277 1237 1306 ἰ
1265 1278 1501 1337 arescet,
1530 1276 1588 1324 et
1616 1267 1876 1340 colligent

262 1376 415 1429 eum,
444 1369 502 1419 et
541 1364 593 1417 in
623 1363 804 1434 ignem
846 1362 1099 1432 mittent,
1126 1370 1181 1419 et
1207 1360 1383 1419 ardet.
1424 1363 1675 1435 luxurii,
1703 1360 1784 1431 4.]
1813 1359 1875 1417 Si

261 1455 577 1512 manseritis
608 1453 667 1511 in
694 1468 807 1523 me,
837 1461 894 1510 et
912 1454 1080 1512 verba
1111 1468 1233 1511 mea
1263 1455 1319 1510 in
1348 1454 1505 1510 vobis
1535 1452 1872 1510 manserint:

261 1549 651 1622 quodcumque
677 1548 960 1606 volueritis
984 1548 1200 1620 petetis,
1227 1557 1283 1604 et
1308 1548 1402 1604 fiet
1423 1546 1599 1604 vobis.
1632 1546 1874 1620 [cxxxtv,

265 1643 384 1716 10.]
440 1644 496 1700 In
526 1644 630 1700 hoc
654 1644 987 1701 clarificatus
1013 1652 1096 1701 est
1137 1643 1299 1700 Pater
1343 1655 1518 1710 meus,
1553 1649 1612 1698 ut
1639 1641 1875 1698 fructum

1971 521 2070 577 sed
2096 522 2243 577 venit
2262 521 2419 591 hora,
2454 532 2510 577 ut
2536 523 2716 579 omnis
2742 524 2835 595 qui
2867 524 3252 589 interficitvos.
3272 517 3567 586 arbitretur

1973 613 2289 686 obsequium
2337 630 2398 671 se
2435 624 2692 687 praestare
2722 617 2855 674 Deo.
2882 618 2951 673 Et
2989 618 3108 675 haec
3155 618 3353 676 facient
3390 622 3565 691 vobis,

1974 709 2097 778 quia
2128 723 2237 765 non
2275 717 2545 766 noverunt
2571 710 2807 778 Patrem,
2837 726 3011 783 neque
3059 727 3164 768 me.
3196 712 3304 770 Sed
3333 712 3449 769 haec
3490 714 3571 770 lo-

1973 810 2132 857 cutus
2160 817 2280 858 sum
2303 802 2459 860 vobis
2483 820 2496 858 :
2522 814 2581 860 ut
2610 818 2731 859 cum
2759 805 2965 861 venerit
2996 804 3128 860 hora
3155 820 3364 874 eorum,
3404 806 3570 861 remi-

1974 896 2261 953 niscamini
2282 894 2407 969 quia
2436 912 2538 969 ego
2568 898 2679 955 dixi
2701 900 2879 955 vobis.
2915 901 3135 973 [ctxvn,
3166 900 3277 972 10.]
3320 900 3444 955 Haec
3477 915 3572 955 au-

1975 997 2082 1045 tem
2109 988 2261 1046 vobis
2305 990 2375 1044 ab
2412 991 2568 1047 initio
2600 1009 2705 1047 non
2735 993 2872 1059 dixi,
2921 994 3046 1064 quia
3078 993 3360 1049 vobiscum
3384 1007 3568 1048 eram:

1973 1080 2043 1136 Et
2068 1095 2213 1136 nunc
2242 1081 2381 1137 vado
2402 1082 2467 1138 ad
2497 1099 2642 1152 eum,
2676 1086 2763 1154 qui
2792 1085 2937 1141 misit
2965 1099 3081 1150 me;
3111 1094 3164 1139 et
3194 1099 3354 1140 nemo
3382 1099 3451 1141 ex
3479 1099 3576 1141 vo-

1974 1172 2060 1229 bis
2087 1175 2384 1245 interrogat
2412 1192 2499 1231 me
2533 1176 2683 1245 :Quo
2712 1178 2897 1234 vadis?
2928 1178 3034 1235 Sed
3063 1180 3187 1249 quia
3217 1180 3332 1235 haec
3362 1179 3574 1236 locutus

1974 1278 2096 1320 sum
2125 1266 2305 1337 vobis,
2341 1268 2553 1324 tristitia
2594 1270 2841 1341 implevit
2884 1287 2981 1327 cor
3024 1281 3289 1328 vestrum.
3333 1272 3442 1330 Sed
3473 1288 3574 1344 ego

1974 1357 2258 1416 veritatem
2281 1360 2405 1417 dico
2433 1362 2619 1429 vobis;
2644 1365 2867 1434 expedit
2892 1365 3044 1422 vobis
3061 1375 3119 1422 ut
3145 1382 3245 1437 ego
3273 1365 3463 1423 vadam
3487 1383 3501 1421 :
3528 1366 3576 1422 si

1976 1450 2121 1505 enim
2156 1467 2261 1507 non
2311 1454 2531 1521 abiero,
2562 1455 2864 1513 Paraclitus
2904 1473 3012 1513 non
3045 1459 3226 1515 veniet
3249 1458 3315 1513 ad
3348 1474 3476 1513 vos:
3528 1457 3574 1514 si

1975 1548 2159 1599 autem
2193 1544 2402 1613 abiero,
2434 1547 2642 1603 mittam
2682 1564 2804 1605 eum
2836 1550 2903 1605 ad
2933 1566 3050 1606 vos.
3102 1552 3167 1605 Et
3208 1566 3329 1607 cum
3361 1550 3577 1608 venerit

1974 1635 2088 1703 ille,
2113 1647 2307 1708 arguet
2327 1640 2586 1696 mundum
2614 1642 2683 1698 de
2710 1654 2953 1713 peccato,
2976 1654 3031 1700 et
3051 1645 3119 1701 de
3144 1646 3349 1711 justitia
3370 1688 3383 1712 ,
3415 1655 3466 1702 et
3507 1645 3576 1701 de

264 1736 562 1808 plurimum
588 1736 847 1806 efferatis,
866 1748 924 1795 et
946 1737 1262 1795 efficiamini
1287 1737 1394 1793 mei
1425 1734 1696 1807 discipuli.
1723 1734 1876 1792 Sicut
1970 1726 2202 1799 iudicio.
2230 1731 2311 1788 De
2341 1744 2565 1803 peccato
2594 1733 2622 1773 δ
2652 1736 2890 1806 quidem,
2928 1739 3051 1807 quia
3086 1756 3190 1791 non
3224 1739 3577 1795 crediderunt

263 1829 461 1886 dilexit
483 1846 575 1887 me
599 1831 793 1899 Pater,
822 1839 880 1887 et
916 1844 1019 1902 ego
1057 1829 1221 1886 dilexi
1254 1844 1373 1886 vos.
1403 1828 1618 1885 Maneto
1648 1828 1702 1884 in
1736 1828 1872 1884 dile-
1903 1835 1947 1894 Β
1978 1823 2031 1877 in
2058 1840 2146 1881 me
2168 1842 2181 1878 :
2205 1826 2272 1882 de
2292 1826 2501 1897 iustitia
2531 1845 2686 1898 vero,
2710 1832 2836 1901 quia
2866 1831 2931 1887 ad
2960 1832 3171 1888 Patrem
3206 1834 3362 1904 vado,
3387 1844 3441 1889 et
3464 1833 3574 1904 jam

260 1926 450 1982 ctione
472 1940 618 1983 mea.
640 1924 699 1982 Si
737 1936 1008 1997 praecepta
1035 1940 1156 1983 mea
1191 1923 1561 1992 servaveritis,
1583 1923 1870 1979 manebitis

263 2020 321 2076 in
352 2019 646 2077 dilectione
669 2034 826 2087 mea,
854 2020 997 2076 sicut
1026 2029 1082 2075 et
1119 2032 1221 2085 ego
1259 2018 1434 2075 Patris
1464 2018 1569 2074 mei
1601 2023 1869 2087 pracepta

263 2114 516 2182 servavi,
553 2123 610 2170 et
660 2127 856 2170 maneo
908 2114 963 2170 in
1003 2113 1122 2184 ejus
1149 2112 1466 2171 dilectione.
1503 2112 1630 2168 Haec
1656 2111 1871 2168 locutus

266 2224 389 2265 sum
417 2208 603 2279 vobis,
635 2219 696 2265 ut
730 2209 986 2280 gaudium
1018 2224 1197 2266 meum
1228 2210 1282 2264 in
1306 2208 1481 2279 ,vobis
1511 2209 1602 2276 sit,
1633 2217 1689 2265 et
1732 2221 1871 2278 gau-

263 2302 416 2359 dium
438 2312 685 2360 vestrum
716 2303 1028 2373 impleatur.
1077 2303 1189 2358 Hoc
1213 2310 1544 2373 praeceptum
1577 2316 1781 2367 meum,
1814 2306 1875 2355 ut

265 2395 507 2466 diligatis
540 2396 798 2464 invicem,
829 2397 972 2453 sicut
998 2395 1169 2452 dilexi
1196 2410 1317 2453 vos.
1349 2396 1570 2469 [cxxxv,
1592 2394 1671 2466 4.]
1703 2393 1874 2463 Majo—

266 2504 385 2546 rem
414 2488 519 2546 hac
546 2489 897 2547 dilectionem
930 2504 1090 2546 nemo
1136 2488 1331 2556 habet,
1364 2496 1425 2545 ut
1452 2488 1689 2545 animam
1718 2500 1871 2542 suam

266 2595 435 2656 ponat
458 2586 585 2657 quis
612 2600 714 2657 pro
749 2585 939 2643 amicis
974 2585 1109 2642 suis.
1152 2585 1391 2658 [cxxxvi,
1423 2583 1536 2654 10.]
1576 2581 1687 2639 Vos
1712 2580 1872 2638 amici

268 2680 373 2736 mei
417 2681 579 2747 estis,
607 2682 655 2737 si
696 2681 939 2738 feceritis
984 2696 1106 2751 qua:
1137 2695 1237 2752 ego
1267 2679 1523 2751 praecipio
1551 2678 1722 2734 vobis.
1754 2675 1872 2733 Jam

267 2789 377 2832 non
404 2774 587 2831 dicam
612 2789 710 2831 vos
736 2788 955 2831 servos:
979 2774 1104 2846 quia
1130 2788 1323 2831 servus
1349 2773 1525 2829 nescit
1546 2770 1679 2843 quid
1711 2770 1877 2825 faciat

267 2870 521 2927 dominus
567 2872 707 2943 ejus.
738 2871 847 2928 Vos
876 2881 1059 2928 autem
1106 2870 1220 2929 dixi
1261 2870 1499 2936 amicos,
1534 2869 1658 2939 quia
1684 2867 1871 2924 ’omnia

267 2980 629 3037 quaecumque
654 2966 834 3022 audivi
855 2981 882 3020 a
908 2966 1069 3023 Patre
1095 2980 1239 3034 meo,
1267 2973 1395 3021 nota
1420 2963 1525 3021 feci
1553 2963 1730 3019 vobis.
1754 2961 1873 3018 Non

269 3076 365 3117 vos
395 3076 486 3118 me
527 3061 798 3133 elegistis:
825 3060 924 3117 sed
954 3075 1056 3132 ego
1094 3060 1233 3131 elegi
1270 3073 1389 3125 vos,
1416 3068 1467 3115 et
1499 3059 1651 3128 posui
1679 3071 1775 3112 vos
1814 3063 1877 3111 ut

269 3154 426 3221 eatis,
449 3163 507 3210 et
529 3154 766 3210 fructum
798 3153 1067 3221 afl‘eratis;
1100 3162 1155 3209 et
1184 3153 1391 3208 fructus
1420 3160 1599 3208 vester
1625 3158 1872 3206 maneat:

269 3245 628 3321 [cxxxv1t,4.]
660 3257 718 3302 ut
736 3247 1118 3318 quodcumque
1145 3245 1411 3317 petieritis
1441 3245 1658 3300 Patrem
1683 3244 1737 3298 in
1769 3258 1871 3298 no-
1904 3222 1951 3289 ο
1980 3227 2108 3285 bilis
2164 3246 2252 3286 me
2293 3246 2309 3285 τ

270 3341 415 3396 mine
441 3356 589 3407 meo,
616 3341 708 3396 det
731 3342 910 3397 vobis.
945 3341 1228 3413 [cxxxvnt,
1261 3339 1373 3413 10.]
1398 3340 1525 3396 Haec
1554 3338 1752 3395 mando
1776 3353 1873 3394 vo-

269 3435 373 3502 bis,
399 3446 459 3491 ut
483 3436 718 3508 diligatis
750 3438 1000 3493 invicem.
1035 3436 1095 3494 Si
1124 3436 1357 3492 mundus
1385 3449 1484 3492 vos
1515 3434 1651 3501 odit,
1677 3435 1873 3491 scitote

270 3530 393 3600 quia
438 3544 529 3586 me
570 3531 809 3601 priorem
839 3530 994 3588 vobis
1048 3531 1175 3588 odio
1224 3530 1429 3586 habuit.
1479 3529 1536 3587 Si
1575 3528 1642 3585 de
1673 3530 1875 3586 mundo

268 3621 546 3689 fuissetis,
597 3625 832 3680 mundus
875 3624 1019 3695 quod
1045 3641 1203 3680 suum
1235 3634 1381 3692 erat,
1424 3623 1704 3693 diligeret:
1750 3622 1877 3693 quia

270 3732 397 3774 vero
425 3718 497 3775 de
516 3718 719 3774 mundo
738 3734 845 3774 non
874 3721 1029 3786 estis,
1045 3719 1140 3776 sed
1158 3734 1259 3789 ego
1283 3718 1421 3789 elegi
1442 3732 1538 3775 vos
1559 3717 1628 3773 de
1650 3717 1872 3784 mundo,

270 3822 561 3883 propterea
589 3812 707 3867 odit
744 3829 836 3867 vos
873 3812 1126 3868 mundus.
1159 3812 1399 3886 [cxxxix,
1430 3809 1509 3883 5.]
1547 3809 1877 3865 Mementote

272 3906 544 3962 sermonis
572 3907 698 3973 mei,
724 3922 885 3977 quem
928 3920 1029 3975 ego
1057 3904 1172 3960 dixi
1209 3906 1399 3961 vobis:
1430 3902 1546 3960 Non
1578 3911 1663 3959 est
1688 3914 1879 3959 servus

271 3999 454 4069 major
494 3998 722 4055 domino
752 4014 870 4055 suo.
902 4000 1044 4073 [cxm
1080 3997 1193 4069 10.]
1225 3998 1283 4054 Si
1308 4012 1395 4053 me
1422 3996 1689 4067 persecuti
1728 4003 1875 4063 sunt,

271 4101 324 4148 et
342 4106 444 4148 vos
466 4101 895 4164 persequentur:
914 4092 958 4147 si
980 4106 1291 4147 sermonem
1307 4104 1485 4146 meum
1503 4096 1876 4155 servaverunt,

271 4193 325 4241 et
358 4196 607 4243 vestrum
640 4185 954 4241 servabunt.
1018 4185 1195 4256 [CXL],
1233 4182 1328 4253 1.]
1376 4181 1483 4239 Sed
1536 4181 1652 4237 haec
1698 4182 1878 4237 omnia

271 4282 474 4337 facient
505 4280 659 4337 vobis
688 4289 909 4351 propter
951 4294 1146 4335 nomen
1177 4292 1387 4333 meum:
1420 4278 1603 4349 [cxmr,
1639 4273 1720 4347 5.]
1755 4276 1883 4345 quia

272 4374 691 4439 nesciunteum,
720 4374 809 4444 qui
841 4373 991 4427 misit
1018 4387 1125 4427 nie.
1161 4372 1179 4445 [
1206 4385 1393 4437 cxmn,
1418 4367 1531 4439 10.]
1563 4369 1618 4425 Si
1649 4383 1757 4423 non
1782 4382 1882 4424 ve-

273 4467 503 4532 nissem,
538 4476 593 4521 et
622 4465 835 4522 locutus
865 4464 1090 4520 fuissem
1115 4463 1217 4530 eis,
1250 4472 1533 4533 peccatum
1575 4476 1682 4516 non
1714 4459 1883 4517 habe—

276 4569 431 4617 rent:
471 4574 616 4615 nunc
644 4568 826 4616 autem
851 4559 1258 4615 excusationem
1291 4571 1399 4612 non
1427 4554 1629 4611 habent
1658 4553 1728 4610 de
1754 4568 1883 4624 pec-

1976 1932 2084 1972 non
2115 1919 2372 1977 videbitis
2403 1939 2492 1977 me
2523 1941 2533 1976 :
2586 1923 2655 1978 de
2688 1923 2895 1993 judicio
2927 1932 3140 1991 autem,
3172 1927 3295 1996 quia
3326 1926 3579 1997 princeps

1974 2010 2136 2082 hujus
2165 2014 2355 2069 mundi
2396 2015 2507 2085 jam
2544 2017 2816 2086 judicatus
2853 2018 2957 2075 est.
2988 2019 3180 2075 Adhuc
3210 2020 3375 2075 multa
3405 2019 3581 2075 habeo

1973 2106 2132 2163 vobis
2155 2106 2339 2164 dicere
2367 2123 2387 2163 :
2428 2111 2523 2165 sed
2568 2126 2675 2165 non
2718 2113 2949 2182 potestis
2990 2122 3206 2182 portare
3240 2113 3422 2169 modo.
3446 2110 3580 2168 Cum

1975 2206 2155 2256 autem
2201 2202 2417 2257 venerit
2470 2202 2563 2258 ille
2614 2205 2851 2275 Spiritus
2900 2207 3181 2275 veritatis,
3222 2205 3445 2263 docebit
3486 2222 3583 2263 vos

1977 2307 2192 2349 omnem
2226 2296 2532 2351 veritatem.
2561 2298 2676 2351 Non
2706 2300 2849 2353 enim
2896 2300 3153 2369 loquetur
3182 2317 3212 2355 a
3239 2301 3541 2371 semetipso
3567 2319 3580 2356 :

1976 2386 2075 2442 sed
2120 2401 2478 2458 quaecumque
2519 2390 2699 2445 audiet
2728 2432 2741 2456 ,
2769 2393 3041 2462 loquetur,
3098 2400 3155 2449 et
3193 2409 3315 2463 qua:
3354 2404 3580 2449 ventura

1976 2494 2124 2551 sunt,
2149 2486 2494 2543 annuntiabit
2527 2488 2702 2544 vobis.
2740 2488 2834 2544 Ille
2863 2505 2950 2544 me
2976 2490 3295 2545 clarificabit
3318 2506 3333 2545 :
3358 2492 3483 2561 quia
3516 2490 3584 2545 de

1981 2592 2108 2633 meo
2135 2579 2384 2649 accipiet,
2418 2586 2475 2635 et
2503 2581 2851 2636 annuntiabit
2876 2582 3053 2637 vobis.
3082 2583 3321 2655 [cxnvnu
3350 2584 3427 2655 5.]
3452 2583 3581 2640 Om-

1979 2667 2068 2725 nia
2091 2685 2451 2742 quaecumque
2487 2672 2652 2728 habet
2697 2674 2877 2740 Pater,
2911 2691 3027 2731 mea
3056 2686 3198 2732 sunt.
3238 2678 3438 2749 [cxux,
3470 2677 3582 2747 10.]

1977 2762 2275 2831 Propterea
2302 2762 2450 2819 dixi:
2483 2767 2606 2835 quia
2635 2766 2702 2821 de
2727 2782 2852 2823 meo
2882 2770 3130 2839 accipiet,
3160 2779 3217 2826 et
3237 2770 3585 2827 annuntiabit

1978 2854 2152 2911 vobis.
2188 2855 2480 2923 Modicum,
2506 2867 2560 2912 et
2583 2857 2695 2927 jam
2726 2875 2833 2916 non
2865 2861 3119 2918 videbitis
3148 2878 3262 2919 me:
3297 2872 3353 2918 et
3383 2864 3579 2918 iterum

1978 2949 2280 3020 modicum,
2314 2960 2370 3008 et
2398 2951 2650 3008 videbitis
2700 2970 2837 3010 me:
2884 2957 3010 3027 quia
3056 2957 3199 3014 vado
3246 2960 3312 3013 ad
3343 2959 3582 3016 Patrem.

1979 3043 2250 3100 Dixerunt
2291 3059 2422 3115 ergo
2468 3060 2534 3101 ex
2561 3046 2845 3117 discipulis
2872 3049 2989 3119 ejus
3020 3050 3087 3105 ad
3118 3051 3347 3107 invicem
3378 3070 3391 3105 :
3441 3053 3583 3121 Quid

1981 3145 2068 3192 est
2110 3136 2236 3203 hoc,
2265 3137 2412 3209 quod
2441 3138 2573 3193 dicit
2615 3140 2802 3195 nobis:
2837 3142 3144 3212 Modicum,
3204 3154 3255 3199 et
3294 3160 3400 3199 non
3438 3146 3588 3201 vide-

2357 3242 2408 3287 et
2465 3232 2662 3289 iterum
2708 3234 3011 3301 modicum,
3056 3247 3112 3292 et
3158 3238 3413 3293 videbitis
3454 3242 3584 3313 me],

1980 3331 2057 3390 et,
2083 3322 2221 3389 Quia
2252 3323 2394 3379 vado
2435 3323 2503 3379 ad
2544 3325 2793 3381 Patrem?
2828 3327 3093 3383 Dicebant
3132 3344 3298 3401 ergo:
3332 3331 3472 3398 Quid
3501 3342 3588 3387 est

1980 3415 2105 3482 hoc,
2131 3415 2275 3486 quod
2308 3416 2462 3481 dicit,
2508 3418 2776 3473 Modicum
2801 3420 2823 3471 ?
2850 3420 3126 3477 nescimus
3154 3422 3285 3492 quid
3326 3423 3584 3493 loquitur.

1983 3511 2250 3582 Cognovit
2271 3520 2452 3567 autem
2470 3513 2790 3583 Jesus,quia
2813 3514 3067 3570 volebant
3088 3531 3210 3571 eum
3227 3516 3563 3589 interrogare
3578 3561 3593 3587 ,

1983 3616 2038 3659 et
2058 3606 2195 3660 dixit
2216 3606 2329 3662 eis:
2357 3607 2435 3661 De
2459 3608 2559 3661 hoc
2586 3609 2834 3678 quaeritis
2864 3610 3004 3664 inter
3024 3624 3144 3677 vos,
3169 3613 3293 3681 quia
3319 3612 3454 3680 dixi,
3476 3614 3591 3669 Moo

1982 3699 2269 3766 dicum,jet
2292 3715 2400 3754 non
2417 3699 2670 3757 videbitis
2702 3717 2787 3757 me
2823 3718 2835 3754 :
2868 3710 2924 3757 et
2962 3704 3155 3759 iterum
3176 3705 3448 3761 modicum
3476 3748 3490 3775 ,
3535 3713 3590 3761 et

1983 3791 2245 3848 videbitis
2267 3807 2375 3849 me.
2404 3794 2601 3860 Amen,
2633 3810 2791 3850 amen
2820 3795 2944 3851 dico
2979 3798 3167 3853 vobis:
3200 3800 3325 3869 quia
3353 3800 3589 3870 plorabi-

1989 3886 2078 3953 tis,
2102 3893 2159 3941 et
2178 3885 2377 3941 flebitis
2392 3900 2510 3952 vos;
2530 3887 2765 3942 mundus
2788 3896 2969 3945 autem
2992 3890 3268 3960 gaudebit,
3284 3908 3380 3949 vos
3407 3902 3589 3949 autem

1986 3978 2478 4044 contristabimini,
2511 3980 2606 4035 sed
2647 3980 2865 4035 tristitia
2892 3991 3069 4057 vestra
3100 3992 3346 4039 vertetur
3374 3986 3427 4039 in
3455 4002 3589 4057 gau-

1987 4071 2158 4127 dium.
2192 4073 2384 4128 Mulier
2412 4089 2534 4129 cum
2578 4075 2739 4144 parit,
2768 4075 3039 4131 tristitiam
3064 4076 3247 4143 habet,
3290 4081 3415 4149 quia
3442 4082 3591 4137 venit

1988 4168 2121 4225 hora
2164 4170 2314 4241 ejus:
2348 4186 2471 4226 cum
2501 4181 2681 4227 autem
2734 4176 3005 4244 pepererit
3046 4189 3293 4243 puerum,
3339 4175 3450 4245 jam
3481 4191 3588 4232 non

1990 4263 2238 4319 meminit
2286 4278 2553 4332 pressura:
2586 4272 2806 4334 propter
2848 4266 3099 4336 gaudium
3127 4306 3142 4325 .
3173 4266 3295 4335 quia
3326 4278 3483 4321 natus
3509 4275 3593 4321 est

1990 4357 2156 4414 homo
2185 4358 2238 4413 in
2280 4359 2563 4413 mundum.
2593 4357 2661 4412 Et
2689 4373 2786 4413 vus
2821 4357 2985 4429 igitur
3031 4375 3176 4416 nunc
3204 4360 3421 4431 quidem
3466 4361 3592 4416 tris-

1990 4451 2165 4507 titiam
2194 4450 2439 4517 habetis;
2459 4450 2656 4505 iterum
2686 4458 2865 4506 autem
2894 4452 3089 4507 videbo
3114 4468 3233 4517 vos,
3260 4461 3313 4507 et
3335 4452 3594 4523 gaudebit

1992 4564 2087 4605 cor
2108 4557 2350 4605 vestrum
2377 4564 2390 4601 :
2435 4555 2491 4602 et
2519 4546 2769 4617 gaudium
2799 4555 3037 4601 vestrum
3066 4538 3227 4603 nemo
3254 4547 3407 4603 tollet
3438 4564 3466 4601 a
3492 4563 3587 4603 vo-

278 4662 399 4710 cato
423 4666 546 4707 suo.
580 4651 774 4723 [csum
808 4650 885 4721 1.]
926 4651 1025 4719 Qui
1058 4665 1144 4705 me
1172 4649 1284 4703 odit
1316 4666 1329 4703 :
1360 4656 1416 4703 et
1441 4648 1656 4704 Patrem
1696 4623 1877 4702 meum
1908 4623 1961 4685 Ῑ)
1989 4643 2093 4699 bis.
2126 4643 2192 4697 Et
2225 4643 2277 4695 in
2326 4640 2421 4696 illo
2451 4641 2539 4695 die
2566 4656 2653 4696 me
2695 4654 2800 4695 non
2834 4640 3094 4711 rogabitis
3133 4641 3450 4712 quidquam.
3477 4642 3584 4714 ιρι,

277 4749 413 4804 odit.
456 4745 636 4818 μιαν,
666 4744 783 4813 10.]
828 4745 886 4801 Si
915 4759 1079 4814 opera
1111 4757 1220 4797 non
1252 4741 1497 4796 fecissem
1539 4740 1595 4795 in
1623 4739 1723 4807 eis,
1754 4754 1879 4810 quae

280 4856 440 4896 nemo
474 4839 613 4893 alius
645 4838 791 4903 fecit,
828 4846 1104 4907 peccatum
1139 4850 1247 4890 non
1276 4834 1575 4889 haberent:
1610 4849 1755 4890 nunc
1785 4846 1880 4887 auo

279 4944 386 4991 tem
408 4942 470 4989 et
490 4931 767 4997 viderunt,
799 4940 853 4985 et
880 4930 1110 4987 oderunt
1131 4936 1188 4985 et
1210 4943 1317 4997 me,
1342 4936 1397 4983 et
1425 4926 1642 4981 Patrem
1672 4940 1875 4982 meum.

278 5028 385 5084 Sed
411 5035 474 5080 nt
502 5025 864 5094 adimpleatur
886 5022 1191 5092 sermo,qui
1225 5022 1278 5075 in
1302 5021 1420 5091 lege
1435 5034 1624 5076 eorum
1647 5020 1882 5090 scriptus

279 5129 393 5176 est:
428 5118 567 5187 Quia
596 5116 722 5172 odio
747 5115 1055 5171 habuerunt
1084 5128 1171 5169 me
1194 5114 1384 5183 gratis.
1414 5111 1551 5168 Cum
1578 5121 1758 5168 autem
1790 5126 1883 5167 ve-

282 5215 427 5271 nerit
470 5212 772 5268 Paraclitus
798 5250 814 5277 ,
856 5225 1018 5280 quem
1065 5224 1168 5279 ego
1207 5206 1415 5263 mittam
1444 5207 1599 5263 vobis
1636 5223 1667 5262 a
1697 5207 1878 5276 Patre,

282 5307 536 5377 Spiritum
567 5304 831 5372 veritatis,
864 5303 957 5373 qui
986 5317 1017 5357 a
1039 5301 1201 5357 Patre
1230 5300 1497 5372 procedit,
1526 5301 1617 5357 ille
1640 5300 1881 5357 testimo-

283 5402 433 5457 nium
456 5398 765 5471 perhibebit
790 5396 860 5453 de
883 5410 997 5452 me:
1022 5404 1077 5451 et
1105 5409 1204 5451 vos
1230 5394 1601 5451 testimonium
1628 5395 1887 5465 perbibe-

284 5493 433 5559 bitis,
470 5493 598 5564 quia
626 5494 695 5547 ab
725 5490 878 5546 initio
913 5504 1123 5545 mecum
1154 5489 1306 5545 estis.
1403 5544 1419 5572 ί

357 5587 514 5659 ]Cap.
549 5583 718 5655 X‘Vl.]
753 5584 878 5639 Haec
908 5584 1117 5638 loeutus
1148 5597 1264 5635 sum
1303 5582 1470 5649 vobis,
1509 5590 1569 5637 ut
1596 5598 1705 5638 non
1725 5597 1885 5639 scan-

359 5723 650 5807 {PrOpius
679 5722 870 5777 Graeco
882 5719 1145 5795 ἐξηράνθη,
1163 5715 1270 5774 duo
1288 5718 1449 5774 etiam
1473 5734 1504 5776 e
1533 5723 1734 5778 nostris
1748 5736 1882 5777 mss.

285 5796 426 5851 aruit
468 5796 675 5866 legunt.

360 5865 388 5907 δ
418 5866 588 5924 [idem
616 5879 751 5924 mss.
794 5862 1166 5935 praetermissa
1194 5860 1383 5919 vocula
1424 5861 1665 5935 quidem,
1715 5862 1897 5935 in_in-

1988 4735 2071 4805 4.]
2096 4737 2290 4801 Amen,
2311 4748 2469 4788 amen
2503 4732 2623 4788 dico
2645 4731 2830 4790 vobis:
2852 4733 2899 4788 si
2924 4734 3053 4803 quid
3086 4734 3347 4804 petieritis
3375 4735 3587 4789 Patrem

1989 4828 2043 4884 in
2090 4828 2313 4883 nomine
2349 4842 2498 4893 meo,
2544 4826 2697 4882 dabit
2735 4827 2906 4882 vobis.
2957 4827 3138 4898 Usque
3165 4828 3328 4883 modo
3356 4842 3463 4881 non
3494 4841 3590 4897 pe-

1991 4924 2132 4981 tistis
2155 4923 2449 4995 quidquam
2481 4923 2536 4978 in
2562 4922 2779 4977 nomine
2807 4936 2961 4978 meo:
2986 4922 3182 4991 Petite,
3211 4930 3266 4975 et
3290 4922 3589 4990 accipietis,

1994 5028 2053 5074 ut
2096 5017 2354 5089 gaudium
2384 5024 2625 5071 vestrum
2665 5015 2735 5070 sit
2771 5015 3017 5085 plenum.
3052 5014 3186 5086 [CL],
3218 5012 3329 5085 10.]
3380 5013 3505 5069 Haec
3538 5015 3591 5068 in

1992 5112 2297 5185 proverbiis
2323 5112 2537 5167 locutus
2569 5125 2691 5165 sum
2722 5110 2901 5165 vobis.
2939 5110 3098 5164 Venit
3126 5108 3283 5177 hora,
3329 5125 3452 5164 cum
3480 5110 3590 5177 jam

1994 5222 2101 5263 non
2132 5207 2183 5261 in
2224 5203 2531 5277 proverbiis
2577 5205 2766 5275 loquar
2793 5204 2965 5271 vobis,
2986 5204 3087 5260 ‘sed
3117 5204 3293 5273 palam
3323 5202 3391 5259 de
3431 5202 3592 5257 Patre

1995 5299 2329 5354 annuntiabo
2357 5298 2529 5353 vobis.
2556 5296 2614 5351 In
2643 5296 2796 5370 [Msa
2823 5308 2925 5352 fac.
2951 5296 3030 5369 ln]
3062 5296 3155 5353 illo
3177 5296 3269 5353 die
3300 5299 3351 5351 in
3377 5296 3595 5352 nomine

1999 5412 2121 5451 meo
2154 5395 2347 5465 petetis
2380 5410 2395 5453 :
2436 5403 2490 5449 et
2519 5409 2624 5448 non
2653 5391 2776 5448 dico
2805 5392 2958 5447 vobis
2982 5390 3112 5463 quia
3138 5406 3239 5463 ego
3269 5390 3473 5461 rogabo
3496 5391 3602 5445 Pa-

1998 5498 2139 5547 trem
2167 5488 2235 5545 de
2257 5488 2411 5545 vobis
2442 5502 2457 5543 :
2507 5488 2625 5559 ipse
2667 5487 2810 5542 enim
2844 5486 3004 5543 Pater
3032 5496 3179 5541 amat
3200 5498 3317 5553 vos;
3346 5487 3469 5557 quia
3500 5500 3600 5541 vos

1994 5597 2083 5638 me
2109 5581 2332 5637 amastis
2360 5579 2488 5653 [Ms.
2536 5578 2792 5649 amatis],
2844 5588 2900 5635 et
2925 5579 3235 5635 credidiStis
3280 5581 3406 5650 quia
3437 5594 3537 5651 ego
3566 5595 3599 5633 a

1996 5721 2181 5795 stanti
2220 5719 2420 5777 habent
2469 5718 2688 5795 prepius
2718 5717 2908 5774 Graeco
2965 5720 3157 5795 textui,
3200 5737 3306 5795 non
3363 5719 3599 5795 credunt,

2000 5792 2370 5917 Etiamnum:
2400 5805 2526 5848 mox
2565 5793 2901 5848 cohaerenter
2931 5807 3033 5847 non
3062 5791 3244 5848 videtis
3268 5804 3369 5861 pro
3400 5803 3503 5844 non
3528 5791 3603 5841 vi-

2044 5879 2070 5919 e
2106 5872 2211 5920 ms.
