4166 6336
602 312 707 370 679

1625 310 1682 368 S.
1729 307 2102 369 HIERONYMI
2139 304 2367 366 DIVINA
2411 304 2886 367 BIBLIOTHECA.

3795 309 3908 366 680

602 430 714 486 Deo
735 426 900 486 exivi.
928 425 1080 484 Exivi
1109 442 1138 482 a
1161 426 1341 493 Patre,
1366 434 1421 482 ct
1446 425 1570 482 veni
1600 426 1654 482 in
1684 427 1969 482 mundum:
2002 427 2196 481 iterum
2224 429 2277 486 Α
2303 423 2502 480 Iexisti.
2535 424 2728 491 Pater,
2785 439 2922 496 quos
2954 421 3150 478 dedisti
3183 421 3343 489 mihi,
3375 421 3496 478 volo
3541 431 3603 478 ut
3631 423 3724 479 ubi
3782 440 3910 480 sum

600 525 853 595 relinquo
900 521 1202 588 mundum,
1236 531 1292 577 et
1347 521 1486 577 vado
1526 520 1592 575 ad
1636 522 1872 576 Patrem.
1924 521 2120 575 Dicunt
2148 518 2197 573 ei

601 616 850 688 discipuli
882 616 1037 686 ejus:
1063 615 1201 670 Ecce
1227 628 1372 669 nunc
1403 614 1578 685 palam
1608 613 1862 685 loqueris,
1897 620 1950 667 et
1977 627 2197 682 prover-

601 709 749 765 bium
781 708 989 764 nullum
1028 705 1184 763 dicis.
1229 706 1384 762 Nunc
1430 708 1634 762 scimus
1673 706 1796 776 quia
1841 705 1949 761 scis
1993 706 2195 772 omnia,

601 802 784 872 et:non
809 815 947 872 opus
966 807 1052 856 est
1076 799 1196 869 tibi,
1221 808 1277 854 ut
1302 799 1425 868 quis
1448 808 1500 855 te
1525 796 1921 867 interroget;in
1949 796 2054 853 hoc
2079 812 2198 852 cre-

603 897 782 954 dimus
809 895 934 967 quia
959 910 989 951 a
1016 895 1124 951 Deo
1155 893 1336 950 existi.
1369 895 1522 966 lem,
1554 890 1632 961 4.]
1672 890 1968 961 Respondit
2004 892 2084 946 eis
2110 889 2200 945 Ie-

603 1007 698 1049 sus
731 1007 746 1045 :
783 987 942 1046 Modo
971 986 1194 1044 creditis
1225 986 1248 1039 ?
1286 986 1427 1042 Ecce
1453 987 1600 1041 venit
1628 987 1755 1040 hora
1778 1030 1792 1054 ,
1821 998 1871 1041 et
1895 983 2196 1056 jamvenit,

605 1093 665 1140 ut
685 1081 1073 1154 dispergamini
1100 1079 1475 1150 unusquisque
1500 1079 1552 1134 in
1581 1079 1818 1149 pr0pria,
1842 1086 1897 1134 et
1917 1092 2005 1132 me
2024 1077 2196 1132 solum

604 1176 925 1248 relinquatis
949 1194 962 1232 :
983 1187 1038 1232 et
1061 1191 1168 1230 non
1191 1190 1310 1231 sum
1338 1173 1647 1242 solus,quia
1680 1173 2064 1228 Patermecum
2092 1182 2194 1228 est.

603 1271 771 1342 [cum
801 1266 916 1338 10.]
953 1268 1079 1323 Ilaec
1105 1268 1468 1327 Iocutusisum
1499 1264 1686 1330 vobis,
1709 1273 1768 1319 ut
1795 1263 1847 1318 in
1890 1278 1978 1319 me
2011 1278 2194 1334 paceni

600 1361 867 1418 habeatis.
891 1361 950 1418 Iu
970 1360 1172 1416 mundo
1201 1374 1508 1430 pressurum
1539 1358 1834 1413 habebitis:
1887 1357 1982 1413 sed
2023 1358 2194 1412 conti-

603 1455 737 1524 dite,
770 1471 872 1528 ego
900 1456 1005 1513 vici
1037 1455 1318 1511 nmndum.

672 1549 839 1624 [(Jap.
861 1547 1024 1604 XVII.
1049 1546 1068 1620 ]
1099 1547 1224 1603 Haec
1248 1547 1460 1604 locutus
1487 1555 1570 1602 est
1597 1545 1756 1601 Iesus
1781 1561 1792 1597 :
1823 1552 1880 1599 et
1906 1541 2198 1599 sublevatis

596 1641 770 1697 oculis
799 1641 854 1696 in
882 1641 1113 1708 emtum,
1141 1637 1313 1694 dixit:
1345 1639 1528 1704 Pater,
1561 1636 1711 1692 venit
1751 1637 1903 1702 hora,
1960 1635 2198 1690 elaritica

598 1733 795 1790 Filium
849 1745 1040 1803 tuum,
1086 1744 1142 1788 ut
1180 1732 1349 1788 Filius
1407 1743 1529 1786 tuus
1583 1730 1847 1786 clariﬁcet
1910 1738 2000 1785 te:
2048 1729 2200 1784 Sicut

2301 531 2424 589 ego,
2455 527 2510 573 et
2530 517 2605 572 illi
2638 517 2746 572 sint
2770 532 2981 574 mecum
3005 534 3019 570 :
3044 526 3101 571 ut
3122 516 3342 572 videant
3371 516 3676 573 claritatem
3701 532 3910 583 meam,

2300 623 2461 678 quam
2490 608 2689 665 dedisti
2728 609 2859 665 mihi
2887 625 2902 665 :
2953 609 3075 680 quia
3108 609 3346 665 dilexisti
3375 625 3460 664 me
3485 619 3613 666 ante
3637 611 3915 667 constitu-

2303 700 2503 757 tionem
2539 703 2748 758 mundi.
2807 703 2822 775 [
2849 718 3004 769 οων,
3033 706 3084 758 5.
3117 704 3134 775 ]
3167 703 3326 759 Pater
3369 703 3520 774 juste
3544 747 3559 771 ,
3594 704 3828 760 mundus
3857 713 3916 760 te

2303 809 2408 851 non
2440 796 2729 866 cognovit:
2791 811 2894 868 ego
2920 806 3101 852 autem
3133 805 3183 852 te
3231 797 3461 868 cognovi
3508 816 3521 851 :
3579 794 3913 871 [c1.v,10.]

2299 895 2358 944 et
2379 889 2432 943 hi
2464 899 2880 960 cognoverunt,
2942 890 3070 959 quia
3116 899 3169 944 tu
3209 904 3299 946 me
3329 890 3545 946 misisti.
3605 890 3669 945 Et
3715 900 3915 945 notum

2300 980 2403 1038 feci
2433 982 2515 1036 eis
2540 997 2738 1037 nomen
2773 993 2921 1037 tuum
2943 1023 2958 1049 ,
2990 991 3045 1037 et
3075 992 3258 1037 notum
3291 983 3484 1037 faciam
3511 999 3523 1035 :
3565 990 3624 1037 ut
3648 981 3911 1052 dilectio,

2301 1087 2405 1142 qua
2437 1072 2675 1129 dilexisti
2703 1089 2822 1140 me,
2855 1073 2909 1128 in
2936 1075 3066 1144 ipsis
3090 1073 3181 1140 sit,
3213 1084 3269 1130 et
3284 1089 3384 1145 ego
3412 1073 3465 1130 in
3490 1075 3641 1145 ipsis.

2374 1165 2545 1238 [Cap.
2569 1166 2759 1223 XVIII.
2790 1183 2909 1225 cht
2930 1211 2944 1236 ,
2971 1170 3024 1224 1.
3051 1168 3068 1239 ]
3120 1169 3250 1224 Ilzec
3276 1185 3399 1226 cum
3431 1170 3658 1228 dixisset
3698 1171 3869 1227 Iesus
3897 1212 3914 1237 ,

2305 1272 2565 1330 egressus
2628 1269 2712 1316 est
2759 1275 2882 1316 cum
2933 1261 3214 1332 discipulis
3263 1262 3378 1318 suis
3408 1272 3556 1319 trans
3604 1273 3912 1321 torrentem

2301 1353 2514 1412 Cedron
2541 1396 2556 1423 ,
2591 1357 2677 1413 tibi
2702 1367 2817 1412 erat
2849 1356 3068 1422 hortus,
3099 1359 3151 1413 in
3179 1373 3339 1426 quem
3369 1358 3614 1414 introivit
3644 1361 3763 1431 ipse
3791 1401 3806 1427 ,
3853 1368 3913 1416 et

2301 1447 2555 1518 discipuli
2584 1448 2722 1519 ejus.
2755 1451 2770 1523 [
2800 1465 2972 1517 cun,
3006 1451 3094 1506 10.
3121 1449 3139 1521 ]
3164 1449 3381 1507 Sciebat
3409 1459 3587 1507 autem
3615 1460 3671 1507 et
3697 1451 3868 1507 Iudas
3889 1495 3905 1522 ,

2299 1542 2391 1612 qui
2418 1542 2673 1598 tradebat
2692 1558 2838 1611 eum,
2864 1544 3040 1599 locum
3063 1559 3078 1598 :
3103 1545 3225 1616 quia
3257 1543 3572 1616 frequenter
3593 1545 3751 1603 Iesus
3769 1562 3910 1603 cou-

2300 1645 2525 1692 venerat
2553 1635 2684 1691 illuc
2709 1651 2834 1692 cum
2856 1636 3138 1708 discipulis
3170 1639 3302 1695 suis.
3341 1637 3568 1711 [CLVllI,
3596 1638 3686 1708 1;]
3735 1639 3908 1695 Iudas

2301 1743 2432 1800 ergo
2483 1745 2606 1784 cum
2653 1732 2953 1800 accepisset
2981 1732 3295 1800 cohortem,
3325 1742 3380 1788 et
3407 1749 3435 1786 a
3469 1732 3816 1804 pontiﬁcibus
3837 1741 3897 1788 et

595 1827 793 1884 dedisti
847 1828 899 1883 ei
975 1836 1299 1898 potestatein
1361 1824 1538 1881 omnis
1596 1825 1813 1890 carnis,
1887 1831 1946 1878 ut
2003 1838 2198 1888 omne,
2237 1821 2591 1894 Bpharismis
2637 1823 2946 1894 ministros,
2980 1826 3131 1880 venit
3173 1825 3305 1883 illuc
3331 1842 3454 1881 cum
3504 1827 3794 1892 lanternis,
3851 1835 3910 1882 et

565 1918 741 1993 ‘quod
773 1919 970 1976 dedisti
1001 1918 1086 1985 ei,
1139 1918 1232 1974 det
1276 1917 1356 1972 eis
1401 1919 1566 1971 vitam
1615 1924 1898 1971 aeternam.
1946 1915 2071 1969 llaec
2118 1923 2200 1968 est

593 2021 776 2071 autem
839 2012 947 2069 vita
1017 2021 1285 2068 aeterna:
1352 2021 1410 2065 ut
1478 2020 1812 2082 cognoscunt
1883 2019 1968 2073 te,
2022 2009 2196 2064 solum

595 2105 765 2162 Deum
788 2121 1000 2173 verum,
1031 2116 1087 2161 et
1117 2121 1276 2176 quem
1301 2104 1514 2173 misisti,
1546 2103 1726 2159 Iesum
1756 2102 2052 2157 Christum.
2083 2100 2198 2171 Ego

597 2207 649 2255 te
678 2198 970 2254 clariﬁcavi
1001 2211 1165 2267 super
1189 2206 1424 2261 terram;
1460 2210 1596 2266 opus
1625 2194 2030 2260 consummavi,
2051 2191 2194 2263 quod

593 2293 790 2350 dedisti
821 2291 953 2347 mihi
991 2300 1049 2347 ut
1094 2290 1323 2356 faciam;
1379 2299 1434 2345 et
1480 2304 1625 2344 nunc
1677 2287 1914 2344 elariﬁra
1967 2301 2053 2341 me
2105 2295 2191 2353 tu,

592 2390 790 2457 Pater,
840 2387 981 2459 apud
1043 2386 1427 2456 temetipsum,
1484 2385 1770 2448 claritate,
1827 2398 1986 2451 quam
2031 2381 2192 2436 habui

591 2485 909 2555 priusquam
949 2481 1188 2536 mundus
1218 2489 1392 2547 esset,
1427 2478 1567 2549 apud
1617 2488 1687 2534 te.
1727 2477 2062 2532 Manifestavi
2097 2492 2194 2530 no-

590 2591 714 2632 men
745 2583 899 2631 tuum
923 2573 1234 2630 hominibus
1257 2613 1270 2638 ,
1298 2587 1436 2643 quos
1461 2571 1659 2627 dedisti
1691 2570 1825 2625 mihi
1847 2569 1914 2624 de
1943 2567 2144 2624 mundo
2174 2587 2188 2620 ;

588 2671 664 2726 tui
713 2676 904 2734 erant,
961 2677 1017 2724 et
1064 2667 1196 2722 mihi
1229 2680 1325 2722 eos
1352 2664 1573 2729 dedisti,
1603 2673 1657 2718 et
1677 2676 1988 2718 sermonem
2038 2672 2189 2717 tuum

587 2770 961 2819 servaverunt.
1013 2759 1172 2816 Nunc
1219 2766 1616 2830 cognoverunt,
1665 2757 1787 2825 quia
1838 2755 2020 2809 omnia
2068 2768 2190 2823 quae

585 2853 786 2911 dedisti
808 2854 976 2920 mihi,
1002 2853 1100 2908 abs
1130 2860 1186 2909 te
1213 2860 1340 2906 sunt
1372 2869 1382 2904 :
1416 2851 1542 2921 quia
1591 2849 1788 2916 verba,
1821 2863 1942 2919 qua:
1989 2845 2186 2902 dedisti

585 2947 753 3014 mihi,
787 2946 910 3003 dedi
943 2947 1052 3002 eis:
1082 2953 1139 3002 et
1182 2944 1284 3015 ipsi
1318 2951 1678 3013 acceperunt,
1711 2948 1769 2997 et
1814 2947 2188 3011 cognoverunt

583 3054 712 3096 vere
742 3037 867 3109 quia
895 3052 925 3091 a
956 3046 1009 3092 te
1039 3036 1221 3102 exivi,
1246 3045 1301 3091 et
1323 3034 1676 3090 crediderunt
1702 3034 1822 3102 quia
1857 3042 1912 3087 tu
1939 3047 2028 3088 me
2076 3030 2183 3086 mi-

582 3133 724 3189 sisti.
760 3133 872 3204 Ego
894 3146 995 3202 pro
1034 3131 1115 3186 eis
1147 3144 1278 3200 rogo
1308 3147 1320 3183 :
1354 3145 1461 3184 non
1493 3144 1591 3199 pro
1632 3126 1833 3182 mundo
1873 3140 2034 3197 rogo,
2085 3126 2182 3181 sed

2303 1913 2541 1984 facibus,
2593 1923 2649 1970 et
2682 1916 2866 1970 armis.
2895 1916 3053 1987 [eux
3076 1959 3091 1984 ,
3136 1917 3270 1989 10.]
3313 1916 3472 1974 Iesus
3515 1919 3698 1988 itaque
3725 1918 3909 1974 sciens

2302 2009 2482 2064 omnia
2505 2051 2519 2075 ,
2557 2025 2677 2081 quae
2705 2019 2928 2065 ventura
2959 2022 3118 2066 erant
3139 2026 3307 2082 super
3327 2027 3483 2081 eum,
3516 2013 3818 2082 processit,
3852 2021 3910 2068 et

2301 2101 2439 2157 dixit
2466 2103 2546 2159 eis
2577 2120 2590 2153 :
2619 2105 2790 2170 Quem
2821 2103 3062 2173 qumritis
3084 2104 3106 2157 ?
3132 2103 3622 2174 Responderuntei
3650 2122 3664 2158 :
3711 2103 3907 2161 Iesum

2300 2193 2672 2250 Nazartcnum.
2738 2195 2878 2250 Dicit
2904 2197 2987 2250 eis
3029 2197 3228 2253 Iesus:
3263 2197 3374 2268 Ego
3417 2213 3557 2253 sum.
3589 2197 3772 2254 Stabat
3802 2213 3912 2253 au-

2300 2296 2407 2342 tem
2437 2296 2491 2342 et
2521 2287 2720 2354 Iudas,
2746 2287 2838 2358 qui
2867 2287 3118 2344 tradebat
3143 2305 3266 2346 eum
3285 2331 3302 2358 ,
3328 2306 3450 2346 cum
3490 2289 3642 2361 ipsis.
3665 2289 3742 2348 Ut
3765 2305 3907 2362 ergo

2297 2380 2431 2435 dixit
2459 2381 2537 2436 eis
2570 2398 2582 2435 :
2615 2381 2728 2452 Ego
2758 2395 2913 2435 sum:
2943 2381 3194 2438 abierunt
3219 2391 3552 2451 retrorsum,
3578 2392 3632 2437 et
3675 2381 3902 2438 cecide-

2298 2482 2428 2528 runt
2458 2474 2510 2528 in
2546 2482 2769 2529 terram.
2805 2473 3007 2530 lterum
3031 2489 3162 2545 ergo
3185 2475 3534 2547 interrogavit
3559 2490 3693 2532 eos:
3726 2475 3903 2545 Quem

2295 2567 2585 2638 quaeritis?
2633 2567 2714 2622 Illi
2753 2576 2932 2624 autem
2963 2568 3216 2625 dixerunt
3246 2590 3258 2624 ;
3306 2569 3492 2627 Iesum
3520 2570 3901 2626 Nazaraenum.

2296 2659 2597 2730 Respondit
2617 2659 2777 2716 Iesus
2805 2677 2819 2714 :
2857 2660 3158 2724 Dixivobis
3182 2706 3196 2731 ,
3227 2663 3353 2734 quia
3383 2679 3485 2735 ego
3512 2679 3632 2720 sum
3657 2681 3674 2720 :
3699 2665 3747 2721 si
3769 2679 3904 2736 ergo

2295 2774 2382 2814 me
2411 2760 2688 2830 quaeritis,
2721 2760 2884 2818 sinite
2914 2765 3012 2818 hos
3032 2763 3204 2819 abire.
3232 2763 3301 2820 Ut
3333 2764 3652 2836 impleretur
3678 2781 3900 2837 sermo,

2293 2863 2476 2923 quem'
2503 2853 2640 2911 dixit
2670 2870 2683 2906 :
2716 2853 2851 2922 Quia
2901 2870 3040 2926 quos
3068 2856 3265 2912 dedisti
3297 2856 3430 2912 mihi
3457 2899 3472 2924 ,
3517 2873 3623 2914 non
3682 2859 3902 2927 perdidi

2291 2957 2355 2999 ex
2393 2945 2472 3000 eis
2511 2960 2860 3016 quemquam.
2921 2948 3062 3020 [ch
3087 2948 3224 3020 ,1.]
3283 2949 3471 3006 Simon
3521 2965 3651 3022 ergo
3703 2952 3902 3008 Petrus

2291 3036 2495 3093 habens
2523 3039 2758 3108 gladium
2790 3040 2978 3096 eduxit
3013 3056 3138 3096 eum
3167 3059 3181 3094 :
3230 3052 3284 3098 et
3317 3034 3588 3113 percussit
3626 3045 3901 3115 pontiﬁcis

2290 3147 2504 3187 servum
2533 3149 2546 3186 :
2577 3147 2631 3189 et
2659 3134 2889 3190 abscidit
2914 3136 3213 3192 auriculam
3246 3135 3369 3206 ejus
3411 3137 3715 3194 dexteram.
3761 3139 3898 3197 Erat

582 3240 682 3297 pro
712 3225 828 3291 his,
857 3239 993 3295 quos
1023 3224 1222 3279 dedisti
1252 3222 1384 3278 mihi
1410 3241 1423 3276 :
1476 3223 1599 3292 quia
1629 3222 1702 3276 tui
1745 3229 1871 3276 sunt
1901 3238 1912 3274 :
1960 3228 2016 3276 et
2063 3234 2182 3275 mea
2211 3209 2256 3271 C
2287 3236 2465 3280 autem
2496 3241 2692 3283 nomen
2717 3242 2877 3284 servo
2909 3228 3173 3285 Malchus.
3202 3230 3219 3303 [γ
3241 3245 3362 3286 cui
3383 3271 3398 3296 ,
3431 3230 3517 3286 10.
3546 3229 3562 3302 ]
3593 3232 3732 3288 Dixit
3761 3250 3896 3306 ergo

579 3317 762 3375 omnia
788 3324 876 3372 tua
907 3327 1069 3386 sunt,
1117 3325 1172 3371 et
1221 3324 1309 3370 tua
1359 3329 1478 3370 mea
1534 3322 1713 3368 sunt:
1756 3325 1810 3370 et
1857 3312 2182 3369 clariﬁcatus

579 3425 698 3466 sum
733 3411 785 3466 in
809 3411 908 3466 eis.
942 3410 1008 3464 Et
1047 3409 1160 3480 jam
1202 3423 1313 3464 non
1359 3423 1479 3464 sum
1537 3409 1586 3462 in
1645 3407 1876 3474 mundo,
1933 3414 1988 3462 et
2025 3405 2080 3460 hi
2126 3405 2179 3461 in

575 3502 780 3558 mundo
815 3511 981 3570 sunt,
1037 3510 1094 3557 et
1137 3516 1240 3572 ego
1290 3501 1356 3556 ad
1407 3511 1460 3556 te
1515 3502 1694 3556 venio.
1752 3500 1912 3555 Pater
1950 3508 2174 3567 sancte,

574 3610 733 3653 serva
760 3609 857 3652 eos
888 3597 940 3650 in
964 3595 1184 3651 nomine
1215 3602 1344 3659 tuo,
1379 3609 1517 3664 quos
1542 3592 1742 3648 dedisti
1779 3590 1912 3646 mihi
1943 3609 1955 3644 :
1988 3599 2047 3645 ut
2069 3590 2178 3645 sint

575 3703 773 3754 unum,
823 3687 966 3743 sicut
986 3694 1043 3742 et
1069 3701 1192 3742 nos.
1221 3683 1354 3740 Cum
1396 3699 1572 3740 essem
1603 3698 1724 3738 cum
1752 3683 1832 3738 eis
1853 3723 1868 3747 ,
1921 3697 2024 3752 ego
2062 3697 2176 3737 ser‘

571 3783 762 3840 vabam
791 3797 892 3839 eos
911 3781 967 3838 in
1000 3783 1222 3838 nomine
1248 3787 1363 3836 tuo.
1389 3780 1538 3848 Quos
1568 3778 1766 3835 dedisti
1795 3777 1931 3833 mihi
1951 3819 1965 3844 ,
1994 3787 2174 3834 custoo

567 3877 679 3934 divi
710 3893 725 3932 :
764 3887 818 3934 et
841 3890 1000 3933 nemo
1025 3890 1095 3930 ex
1130 3875 1212 3930 eis
1255 3873 1461 3945 periit,
1490 3872 1594 3928 nisi
1639 3871 1787 3928 ﬁlius
1813 3871 2166 3942 perditionis,

569 3981 631 4027 ut
657 3970 939 4042 Scriptura
969 3968 1279 4039 impleatur.
1313 3966 1465 4023 Nunc
1491 3977 1672 4022 autem
1706 3965 1771 4020 ad
1804 3976 1855 4020 te
1879 3966 2038 4020 venio
2073 3981 2086 4018 :
2115 3973 2172 4020 et

566 4065 685 4120 haec
709 4063 902 4135 loquor
928 4063 981 4118 in
1027 4060 1264 4130 mundo,
1323 4067 1386 4114 ut
1420 4058 1656 4115 habeant
1706 4058 1959 4129 gaudium
1988 4072 2167 4113 meum

567 4158 854 4230 impletum
904 4157 959 4212 in
1009 4153 1341 4224 semetipsis.
1399 4152 1515 4224 Ego
1563 4151 1690 4207 dedi
1736 4151 1817 4206 eis
1858 4165 2168 4207 sermonem

568 4259 722 4308 tuum
742 4292 758 4318 ,
788 4259 844 4307 et
869 4249 1104 4306 mundus
1133 4263 1230 4305 eos
1255 4246 1381 4304 odio
1413 4245 1599 4302 habuit
1621 4287 1634 4310 ,
1657 4245 1783 4316 quia
1809 4261 1916 4301 non
1943 4255 2068 4302 sunt
2098 4245 2167 4303 de

566 4345 791 4414 mundo,
821 4345 960 4401 sicut
989 4352 1045 4400 et
1077 4358 1177 4414 ego
1209 4357 1316 4398 non
1347 4355 1465 4398 sum
1495 4341 1565 4397 de
1588 4340 1808 4396 mundo.
1840 4339 1955 4396 Non
1987 4357 2119 4412 rogo
2145 4383 2162 4409 ,

563 4447 626 4495 ut
649 4438 804 4495 tollas
831 4451 925 4494 eos
954 4436 1024 4493 de
1055 4434 1384 4504 mundo,sed
1413 4443 1470 4490 ut
1500 4449 1685 4490 serves
1709 4448 1805 4490 eos
1831 4448 1862 4488 a
1883 4433 2056 4489 .malo.
2088 4434 2164 4490 De

563 4531 764 4588 mundo
799 4546 904 4586 non
951 4537 1102 4598 sunt,
1152 4529 1292 4585 sicut
1317 4536 1371 4584 et
1399 4543 1499 4598 ego
1549 4543 1654 4582 non
1689 4543 1808 4582 sum
1837 4526 1906 4582 de
1935 4525 2156 4582 mundo.

2285 3316 2444 3374 Iesus
2488 3318 2697 3374 Petro:
2749 3319 2900 3376 Mitte
2946 3320 3183 3392 gladium
3241 3331 3267 3359 ει
3311 3331 3460 3378 tuum
3503 3325 3557 3378 in
3611 3325 3890 3396 vaginam.

2285 3411 2551 3476 Calicem,
2595 3428 2755 3483 quem
2781 3413 2930 3469 dedit
2955 3411 3091 3469 mihi
3123 3413 3316 3485 Pater,
3347 3430 3456 3472 non
3485 3415 3664 3472 bibam
3695 3416 3891 3472 illum?

2285 3505 2466 3575 [ccxn
2490 3547 2505 3572 ,
2560 3508 2610 3562 1.
2656 3507 2664 3578 ι
2698 3507 2907 3562 Cohors
2934 3523 3095 3580 ergo,
3147 3517 3205 3565 et
3235 3509 3515 3576 tribunus,
3545 3520 3601 3567 et
3648 3512 3890 3567 ministri

2280 3597 2593 3656 Iudaeorum
2620 3601 3154 3670 comprehenderunt
3208 3604 3432 3674 Iesum,
3472 3614 3528 3660 et
3575 3605 3890 3678 ligaverunt

2280 3708 2403 3748 eum
2439 3694 2711 3768 :[cum,
2747 3693 2878 3768 10.]
2907 3695 2976 3750 Et
3005 3696 3354 3754 adduxerunt
3395 3714 3518 3755 eum
3567 3700 3637 3756 ad
3668 3705 3885 3759 Annam

2280 3786 2549 3855 primum;
2580 3798 2697 3844 erat
2719 3790 2864 3844 enim
2893 3803 3051 3846 socer
3078 3791 3334 3862 Caiphae,
3367 3793 3458 3864 qui
3487 3803 3607 3850 erat
3635 3796 3886 3866 pontifex

2276 3882 2404 3936 anni
2451 3881 2619 3937 illius.
2653 3883 2788 3938 Erat
2827 3894 3006 3941 autem
3037 3885 3272 3956 Caiphas
3293 3927 3310 3951 ,
3347 3889 3438 3958 qui
3466 3889 3752 3946 consilium
3779 3891 3884 3946 de-

2274 3973 2431 4030 derat
2458 3974 2664 4032 Iudaeis
2705 3993 2718 4031 :
2759 3975 2893 4044 Quia
2920 3977 3173 4048 expedit,
3203 3995 3371 4035 unum
3409 3980 3687 4038 hominem
3741 3983 3884 4039 mori

2275 4084 2372 4139 pro
2401 4070 2626 4140 populo.
2657 4069 2677 4143 [
2705 4072 2904 4137 cuiv,‘
2926 4072 2982 4127 4.
3015 4071 3032 4143 ]
3075 4072 3416 4144 Sequebatur
3460 4084 3641 4132 autem
3689 4076 3879 4134 Iesum

2270 4161 2457 4218 Simon
2491 4161 2718 4230 Petrus,
2740 4172 2795 4219 et
2821 4163 2961 4221 alius
2977 4164 3296 4236 discipulus.
3327 4167 3525 4241 [cum
3557 4167 3670 4239 10.]
3705 4171 3882 4227 Disci-

2270 4253 2426 4323 pulus
2466 4263 2648 4310 autem
2698 4254 2791 4312 ille
2819 4266 2938 4312 erat
2987 4265 3152 4313 notus
3199 4259 3483 4329 pontiﬁci,
3533 4272 3588 4317 et
3630 4262 3880 4319 introivit

2269 4362 2391 4402 cum
2433 4346 2561 4404 Iesu
2610 4348 2663 4403 in
2709 4349 2906 4404 atrium
2941 4350 3236 4420 pontiﬁcis.
3286 4353 3517 4425 [cxxvr,
3555 4353 3647 4425 1.]
3681 4354 3876 4411 Petrus

2265 4449 2448 4497 autem
2500 4441 2679 4496 stabat
2735 4441 2802 4498 ad
2848 4444 3048 4500 ostium
3077 4444 3233 4501 foris.
3266 4447 3512 4518 [CLXVI],
3545 4447 3636 4520 1.]
3690 4449 3874 4508 Exivit

2266 4549 2398 4606 ergo
2427 4535 2729 4605 discipulus
2751 4536 2888 4593 alius
2915 4581 2929 4606 ,
2985 4541 3078 4610 qui
3120 4547 3237 4595 erat
3276 4547 3440 4597 notus
3484 4543 3766 4610 pontiﬁci,
3814 4553 3872 4599 et

561 4626 848 4683 Sanctifica
871 4640 964 4681 eos
980 4625 1035 4680 in
1056 4623 1514 4680 veritate.Sermo
1535 4633 1655 4678 tuus
1681 4621 1884 4679 veritas
1914 4632 2016 4678 εει.
2040 4621 2159 4678 Sic—
2187 4606 2237 4667 Ῐ)
2263 4626 2401 4682 dixit
2426 4628 2664 4684 ostiaria:
2684 4670 2699 4695 ,
2743 4637 2799 4685 et
2847 4606 3150 4686 introduxit
3195 4631 3438 4688 Petrum.
3472 4606 3708 4707 [-chvm
3726 4606 3867 4709 ,'1.]

559 4726 618 4774 ut
640 4727 697 4773 tu
727 4732 816 4772 me
841 4716 1038 4772 misisti
1070 4717 1124 4771 in
1146 4716 1428 4781 mundum,
1460 4723 1515 4771 et
1541 4730 1640 4787 ego
1666 4715 1789 4771 misi
1811 4729 1908 4770 eos
1924 4715 1975 4770 in
1999 4730 2155 4769 mun-

556 4811 709 4866 dum.
736 4809 805 4864 Et
827 4825 925 4879 pro
945 4809 1024 4864 eis
1043 4823 1144 4879 ego
1169 4808 1446 4864 sanctiﬁco
1472 4809 1737 4880 meipsum
1791 4824 1806 4862 :
1849 4817 1910 4863 ut
1955 4808 2065 4863 sint
2101 4818 2156 4864 et

554 4902 660 4973 ipsi
696 4900 1015 4958 sanctiﬁcati
1067 4901 1122 4956 in
1161 4902 1409 4958 veritate.
1438 4901 1556 4957 Non
1591 4916 1688 4972 pro
1718 4903 1797 4957 eis
1842 4901 2002 4976 [Μεε.
2039 4902 2152 4976 his]

553 5006 735 5054 autem
762 5011 896 5069 rogo
918 5004 1150 5065 tantum,
1173 4995 1268 5052 sed
1297 5004 1353 5052 et
1374 5011 1472 5066 pro
1501 4996 1604 5061 eis,
1629 4997 1721 5067 qui
1743 4996 2000 5052 credituri
2028 5007 2156 5052 sunt

552 5109 650 5166 per
680 5094 898 5150 verbum
922 5106 1110 5149 eorum
1137 5092 1190 5147 in
1223 5106 1341 5147 me:
1373 5100 1632 5147 utomnes
1657 5105 1821 5146 unum
1851 5091 1982 5158 sint,
2014 5093 2154 5147 sicut

553 5198 632 5254 tu,
660 5187 838 5254 Pater,
860 5187 914 5242 in
943 5194 1122 5254 me,et
1142 5200 1242 5257 ego
1270 5185 1326 5241 in
1349 5195 1421 5254 te,
1451 5193 1511 5240 ut
1531 5194 1586 5241 et
1606 5185 1707 5256 ipsi
1732 5185 1784 5239 in
1803 5185 1958 5242 nobis
1984 5201 2149 5242 unum

551 5281 660 5337 sint
685 5297 700 5336 :
726 5289 786 5336 ut
813 5281 998 5338 credat
1020 5279 1285 5349 mundus,
1317 5279 1438 5351 quia
1463 5287 1519 5334 tu
1544 5293 1632 5334 me
1679 5278 1894 5334 misisti.
1928 5279 1996 5334 Et
2049 5295 2150 5351 ego

548 5373 854 5430 claritatem
883 5388 1044 5444 quam
1058 5371 1257 5430 dediin
1277 5371 1430 5438 mihi,
1450 5370 1574 5427 dedi
1600 5371 1708 5426 eis:
1745 5379 1801 5426 ut
1822 5373 1930 5427 sint
1960 5387 2146 5438 unum,

545 5465 692 5524 sicut
712 5474 770 5524 et
799 5482 900 5523 nos
927 5481 1094 5522 unum
1120 5478 1327 5522 sumus.
1361 5463 1475 5535 Ego
1504 5464 1561 5520 in
1590 5463 1672 5519 eis
1694 5503 1708 5530 ,
1741 5472 1796 5520 et
1825 5471 1880 5519 tu
1920 5465 1974 5519 in
2011 5479 2098 5519 me
2128 5480 2143 5518 :

451 5616 454 5622 ι
546 5564 730 5620 utsint
751 5562 1113 5618 consummati
1142 5561 1194 5616 in
1227 5573 1394 5616 unum
1425 5575 1439 5613 :
1486 5567 1542 5614 et
1581 5568 1874 5630 cognoscat
1912 5559 2143 5614 mundus

544 5658 671 5731 quia
694 5666 748 5713 tu
779 5671 867 5713 me
896 5655 1126 5724 misisti,
1157 5664 1212 5712 et
1259 5651 1499 5711 dilexisti
1525 5667 1621 5710 eos
1641 5693 1656 5721 ,
1689 5653 1825 5709 sicut
1860 5661 1916 5708 et
1943 5668 2029 5709 me
2059 5653 2142 5709 di-

2261 4719 2406 4776 Dicit
2426 4735 2556 4791 ergo
2579 4721 2742 4777 Petro
2766 4723 2961 4778 ancilla
3015 4724 3273 4779 ostiaria:
3320 4725 3588 4796 Numquid
3615 4737 3670 4782 et
3712 4735 3768 4782 tu
3797 4744 3868 4785 ex

2261 4815 2545 4886 discipulis
2587 4830 2646 4871 es
2693 4816 2931 4873 hominis
2962 4819 3158 4873 istius?
3210 4818 3353 4874 Dicit
3395 4821 3522 4876 ille:
3557 4821 3671 4877 Non
3719 4837 3865 4879 sum.

2263 4909 2486 4982 [ccxix,
2523 4907 2649 4980 10.]
2676 4908 2906 4966 Stabant
2929 4917 3109 4967 autem
3132 4911 3277 4968 servi
3297 4913 3613 4970 et'ministri
3639 4916 3705 4971 ad
3737 4932 3867 4987 pru-

2262 5017 2358 5057 nas
2378 5043 2394 5071 ,
2423 5003 2552 5074 quia
2579 5003 2750 5074 frigus
2778 5012 2916 5066 erat,
2947 5013 3001 5059 et
3047 5002 3443 5061 calefaciebant
3484 5023 3544 5062 se
3571 5024 3584 5061 :
3613 5017 3734 5062 erat
3762 5024 3864 5063 au-

2261 5106 2369 5152 tem
2420 5111 2546 5152 cum
2591 5095 2671 5152 eis
2725 5106 2781 5152 et
2829 5097 3020 5152 Petrus
3066 5105 3257 5164 stans,
3308 5106 3363 5154 et
3407 5098 3729 5156 calefaciens
3778 5115 3862 5158 se.

2259 5187 2507 5246 Pontifex
2533 5204 2662 5260 ergo
2696 5190 3055 5262 interrogavit
3083 5189 3268 5246 Iesum
3292 5190 3362 5248 de
3391 5193 3672 5263 discipulis
3702 5195 3814 5250 suis
3841 5235 3859 5263 ,

2256 5293 2311 5339 et
2339 5283 2406 5340 de
2432 5283 2679 5340 doctrina
2701 5283 2845 5354 ejus.
2873 5283 3047 5356 [ccxx
3068 5324 3084 5352 ,
3119 5283 3211 5357 1.]
3238 5284 3542 5356 Respondit
3581 5290 3628 5343 ei
3653 5287 3811 5344 Iesus
3843 5308 3858 5344 :

2257 5375 2370 5446 Ego
2420 5377 2600 5447 palam
2651 5377 2866 5434 locutus
2908 5394 3028 5433 sum
3057 5377 3260 5434 mundo
3286 5397 3297 5433 :
3322 5394 3425 5450 ego
3452 5395 3670 5452 semper
3696 5382 3859 5439 docui

2251 5469 2304 5524 in
2337 5483 2642 5541 synagoga,
2668 5480 2722 5525 et
2752 5471 2804 5524 in
2836 5470 3073 5541 templo,
3105 5487 3214 5541 quo
3259 5487 3452 5528 omnes
3499 5473 3676 5530 Iudwi
3722 5491 3857 5531 con-

2251 5562 2514 5620 veniunt;
2542 5561 2669 5616 etin
2694 5562 2907 5617 occulto
2934 5563 3148 5618 locutus
3163 5575 3283 5618 sum
3310 5563 3465 5619 nihil.
3491 5565 3701 5639 [ccxxu
3737 5567 3853 5638 10.]

2247 5639 2387 5723 Quid
2415 5669 2503 5710 me
2530 5654 2880 5725 interrogas?
2935 5655 3206 5727 interroga
3258 5672 3384 5727 eos,
3427 5657 3518 5729 qui
3561 5660 3854 5717 audierunt

615 5831 644 5862 ι
663 5820 1132 5896 Pronomentuuni
1147 5859 1164 5892 ,
1197 5818 1343 5894 quod
1363 5827 1419 5878 et
1446 5817 1664 5877 codices
1688 5817 1908 5891 quidam
1928 5815 2106 5878 Graeci
2142 5824 2322 5877 tacent
2338 5861 2356 5888 ,
2379 5818 2434 5878 in
2457 5820 2659 5878 nostris
2688 5835 2819 5878 mss.
2846 5834 2954 5878 non
2984 5821 3231 5882 habetur.
