4166 6336
332 336 441 393 881
1379 336 1823 396 EVANGELIUM
1863 336 2231 396 SECUNDUM
2266 337 2605 394 JOANNEM.
3528 337 3635 395 682

318 452 459 523 quid
486 452 697 508 locutus
719 451 823 507 sim
853 451 986 523 ipsis
1018 465 1035 506 :
1084 465 1219 509 ecce
1248 452 1304 509 hi
1338 454 1519 510 sciunt
1547 470 1668 526 quae
1702 455 1933 512 dixerim
1962 458 2010 516 Α
2039 468 2196 520 eum,
2227 462 2283 509 et
2313 453 2566 510 dicebant
2598 470 2609 505 :
2642 452 2792 519 Ave,
2824 464 2925 507 rex
2953 449 3264 508 Judaeorum
3297 467 3309 503 :
3341 459 3398 506 et
3436 450 3640 509 dabant

319 559 455 617 ego.
486 546 738 618 μυξη,
771 542 868 613 1.]
926 543 1053 600 Hrec
1095 556 1276 602 autem
1326 562 1451 601 cum
1490 546 1752 614 dixisset,
1800 563 1936 604 unus
2038 552 2087 607 ei
2109 552 2315 622 alapas.
2348 552 2650 625 [CLXXXV],
2681 549 2734 606 9.
2762 547 2779 621 ]
2809 548 2987 604 Exivit
3013 564 3144 619 ergo
3198 548 3392 604 iterum
3436 547 3639 604 Pilatus

322 637 591 691 assistens
617 635 991 693 ministrorum
1042 636 1195 693 dedit
1247 639 1459 709 alapam
1502 639 1661 708 Jesu,
1704 639 1931 695 dicens:
2039 643 2208 713 foras,
2246 655 2301 700 et
2327 644 2459 699 dicit
2486 643 2595 700 eis:
2622 644 2763 698 Ecce
2787 642 2997 698 adduco
3014 657 3138 698 eum
3162 642 3329 709 foras,
3360 651 3638 712 utcOgno.

320 727 422 784 Sic
450 728 754 799 respondes
811 728 1099 800 pontiﬁci?
1138 730 1151 802 ι
1181 746 1418 797 ςωωίιιι,
1466 730 1590 803 10.]
1636 730 1939 802 Respondit
2040 736 2203 793 scatis
2221 736 2345 807 quia
2374 736 2579 792 nullam
2606 735 2827 792 invenio
2850 735 2902 789 in
2932 749 3000 791 eo
3021 749 3260 789 causam.
3296 735 3637 807 ([cnxxxvu,

318 823 380 879 ei
402 822 595 881 Jesus:
624 823 683 881 Si
712 823 855 880 male
884 823 1101 881 locutus
1131 841 1275 893 sum,
1309 826 1680 881 testimonium
1712 825 1937 896 perhibe
2038 827 2130 901 4.]
2160 829 2343 885 Exivit
2368 845 2498 902 ergo
2545 829 2707 885 Jesus
2737 837 2959 897 portans
2988 842 3247 884 coronam
3276 828 3519 899 spineam
3550 872 3563 897 ,
3587 835 3643 881 ct

319 918 399 975 de
421 918 603 976 malo:
632 919 678 975 si
708 928 893 975 autem
923 918 1096 987 bene,
1130 919 1259 989 quid
1291 935 1379 975 me
1409 919 1622 975 caedis?
1676 919 1933 991 [CLxxIv,
2041 940 2375 995 purpureum
2408 923 2841 993 vestimentum.)
2869 921 2938 978 Et
2962 921 3094 978 dicit
3124 922 3204 978 eis
3232 940 3241 975 :
3279 922 3420 977 Ecce
3452 920 3633 997 homo.

330 1012 430 1085 1.]
465 1012 534 1069 Et
553 1014 703 1069 misit
730 1028 856 1069 eum
890 1012 1076 1071 Annas
1108 1014 1328 1085 ligatum
1358 1013 1428 1069 ad
1460 1014 1721 1085 Caipham
1760 1014 1934 1086 ponti-
2042 1015 2391 1088 [cnxxxvnh
2417 1016 2509 1088 1.]
2540 1016 2672 1071 Cum
2699 1030 2829 1085 ergo
2871 1013 3135 1070 vidissent
3159 1028 3281 1070 eum
3320 1012 3600 1081 pontiﬁces
3624 1055 3638 1079 ,

324 1108 512 1163 licem.
547 1107 557 1179 Ι
592 1122 797 1175 οιχιν,
828 1105 923 1179 1.]
957 1107 1085 1161 Erat
1112 1119 1295 1161 autem
1325 1106 1510 1163 Simon
1553 1107 1744 1162 Petrus
1785 1115 1935 1161 stans
2042 1120 2098 1165 et
2120 1110 2351 1165 ministri
2380 1151 2396 1176 ,
2448 1109 2759 1164 clamabant
2785 1108 3029 1164 dicentes
3074 1125 3085 1159 :
3131 1105 3399 1177 Cruciﬁge
3422 1149 3437 1173 ,
3472 1098 3645 1161 cruci-

322 1199 733 1256 etcalefaciens
764 1215 845 1256 se.
880 1198 1151 1255 Dixerunt
1181 1214 1311 1271 ergo
1340 1200 1391 1254 ei
1436 1217 1447 1251 :
1491 1198 1763 1269 Numquid
1796 1209 1850 1254 et
1883 1211 1936 1252 tu

318 1310 395 1348 ex
426 1293 710 1365 discipulis
754 1293 875 1364 ejus
919 1294 1015 1349 es?
1071 1292 1298 1365 Negavit
1352 1292 1481 1361 ille,
1523 1302 1577 1349 et
1616 1293 1789 1349 dixit:
1834 1310 1936 1347 non

324 1402 475 1443 sum.
509 1386 649 1443 Dicit
682 1396 706 1423 α
734 1386 787 1443 ei
817 1402 958 1442 unus
997 1403 1064 1442 ex
1104 1386 1276 1443 servis
1319 1386 1592 1456 pontilicis
1616 1427 1632 1452 ,
1680 1396 1940 1456 cognatus

322 1480 481 1551 ejus,
501 1478 656 1550 cujus
676 1478 910 1535 abscidit
939 1479 1132 1535 Petrus
1161 1478 1462 1535 auriculam
1495 1494 1509 1533 :
1546 1478 1734 1534 Nonne
1756 1493 1858 1548 ego
1891 1488 1941 1533 te

324 1573 442 1630 vidi
470 1574 525 1629 in
556 1574 717 1630 horto
738 1588 860 1629 cum
884 1574 1015 1629 illo?
1036 1575 1237 1630 Iterum
1277 1589 1407 1645 ergo
1453 1575 1671 1645 negavit
1698 1574 1891 1629 Petrus
1925 1593 1935 1626 :

325 1678 388 1722 et
432 1666 614 1723 statim
664 1668 842 1739 gallus
880 1669 1141 1723 cantavit.
1198 1668 1464 1741 [cnxxu,
1497 1670 1547 1724 1.
1583 1669 1591 1738 |
1654 1668 1944 1725 Adducunt

324 1774 462 1831 ergo
490 1758 676 1816 Jesum
727 1774 759 1815 a
813 1760 1018 1831 Caiplia
1068 1761 1122 1815 in
1180 1762 1515 1831 praetorium.
1572 1760 1700 1815 Erat
1758 1769 1939 1817 autem

2044 1203 2147 1274 ﬁge
2177 1213 2199 1242 ε
2232 1217 2376 1258 eum.
2409 1202 2712 1275 [cuxxtx,
2746 1199 2872 1271 10.]
2917 1200 3056 1254 Dicit
3084 1200 3163 1254 eis
3187 1198 3391 1254 Pilatus
3419 1216 3429 1250 :
3490 1197 3648 1254 Acci-

2044 1297 2153 1366 pite
2201 1312 2322 1352 eum
2355 1310 2482 1361 vos,
2530 1304 2585 1351 et
2613 1295 2946 1365 cruciﬁgite:
2999 1295 3166 1367 [cxc,
3200 1293 3297 1366 9.]
3350 1308 3451 1365 ego
3499 1294 3645 1350 enim

2044 1403 2151 1443 non
2177 1387 2395 1443 invenio
2424 1389 2478 1442 in
2509 1404 2575 1444 eo
2618 1401 2862 1442 causam.
2905 1388 3071 1460 [εχει
3094 1426 3107 1450 ,
3143 1386 3230 1442 10.
3259 1385 3279 1459 ]
3326 1385 3645 1459 Responde:

2043 1492 2172 1537 runt
2194 1482 2246 1537 ei
2276 1481 2449 1538 Judaei
2483 1500 2496 1535 :
2531 1480 2641 1536 Nos
2688 1481 2861 1551 legem
2907 1479 3198 1546 habemus,
3255 1489 3310 1535 et
3348 1479 3644 1536 secundum

2043 1573 2217 1643 legem
2241 1574 2403 1629 debet
2431 1573 2569 1628 mori
2595 1613 2611 1640 ,
2642 1574 2765 1642 quia
2792 1572 2987 1627 Filium
3016 1572 3110 1627 Dei
3135 1587 3194 1628 se
3218 1570 3367 1629 fecit.
3415 1570 3435 1645 [
3460 1587 3601 1627 cxcn
3632 1612 3645 1637 ,

2043 1664 2151 1737 4.]
2205 1666 2341 1720 Cum
2383 1682 2513 1737 ergo
2581 1666 2825 1721 audisset
2850 1665 3054 1721 Pilatus
3100 1665 3244 1720 hunc
3288 1679 3599 1721 sermonem
3634 1707 3647 1732 ,

2044 1759 2219 1831 magis
2251 1760 2452 1816 timuit.
2487 1759 2555 1815 Et
2584 1760 2864 1831 ingressus
2891 1768 2975 1815 est
3000 1758 3312 1828 praetorium
3338 1760 3565 1814 iterum:
3600 1766 3655 1812 et

329 1868 495 1910 mane
530 1872 543 1909 :
596 1853 885 1927 [suum
918 1851 1048 1923 10.]
1098 1863 1153 1909 et
1216 1854 1315 1924 ipsi
1346 1869 1455 1909 non
1508 1853 1833 1911 introierunt
1881 1854 1933 1908 in
1964 1853 2013 1915 B
2040 1854 2173 1909 dixit
2192 1853 2258 1908 ad
2280 1855 2502 1910 Jesum:
2531 1853 2687 1909 Unde
2725 1869 2785 1909 es
2827 1852 2917 1907 tu?
2939 1852 3098 1909 Jesus
3119 1862 3299 1908 autem
3324 1867 3645 1923 responsum

328 1944 681 2018 pmtorium,
736 1958 795 2001 ut
848 1962 954 2001 non
1003 1948 1538 2013 Contaminarentur,
1572 1947 1667 2002 sed
1700 1956 1759 2002 ut
1787 1961 1943 2002 man-

330 2040 605 2096 ducareut
632 2039 862 2096 Pascha.
894 2040 1072 2096 Exivit
1101 2057 1231 2111 ergo
1264 2042 1475 2098 Pilatus
1524 2042 1588 2097 ad
1617 2058 1713 2098 eos
1754 2042 1899 2098 foras
1925 2083 1940 2107 ,

329 2141 393 2188 et
422 2132 562 2187 dixit
593 2149 607 2188 :
641 2131 812 2201 Quam
862 2134 1264 2191 accusationem
1307 2133 1514 2191 atl‘ertis
1536 2134 1797 2192 adversus
1846 2136 1944 2191 ho-

330 2226 539 2282 minem
566 2225 751 2282 hunc?
782 2226 1235 2297 Responderunt,
1266 2237 1321 2283 et
1342 2228 1598 2283 dixerunt
1619 2228 1668 2284 ei
1704 2248 1715 2283 :
1749 2228 1804 2285 Si
1836 2246 1941 2285 non

330 2326 485 2374 esset
511 2317 600 2372 hic
648 2318 989 2386 maleiactor,
1014 2333 1124 2374 non
1175 2320 1272 2377 tibi
1328 2319 1741 2377 tradidissemus
1795 2336 1941 2377 eum.

334 2409 486 2465 Dixit
514 2425 644 2483 ergo
674 2410 754 2467 eis
786 2411 993 2468 Pilatus
1024 2410 1311 2482 :Accipite
1337 2429 1463 2468 eum
1494 2428 1589 2469 vos
1610 2455 1626 2480 ,
1672 2423 1727 2469 et
1753 2430 1949 2471 secun-

333 2501 467 2557 dum
492 2502 671 2575 legem
703 2514 942 2560 vestram
975 2503 1217 2575 judicate
1242 2520 1389 2562 eum.
1426 2506 1686 2563 Dixerunt
1720 2523 1848 2579 ergo
1896 2510 1946 2565 ei

332 2594 549 2651 Judaei:
601 2594 771 2651 Nobis
816 2612 924 2651 non
975 2597 1102 2653 licet
1142 2598 1450 2654 interﬁcere
1477 2613 1826 2669 quemquam.
1878 2600 1948 2656 Ut

333 2703 524 2744 sermo
549 2687 677 2746 Jesu
703 2689 1054 2761 impleretur,
1080 2705 1241 2761 quem
1272 2689 1445 2757 dixit,
1492 2691 1800 2763 signiﬁcans
1843 2707 1950 2763 qua

335 2790 517 2838 morte
545 2791 693 2839 esset
719 2783 1038 2839 moriturus.
1070 2784 1345 2857 [cuxvm
1366 2828 1380 2853 ,
1408 2784 1460 2839 1.
1486 2782 1503 2856 ]
1534 2783 1789 2840 Introivit
1818 2800 1951 2856 ergo

335 2874 542 2931 iterum
589 2876 645 2931 in
691 2876 1007 2947 praetorium
1039 2876 1273 2943 Pilatus,
1305 2887 1361 2934 et
1388 2877 1606 2933 vocavit
1624 2878 1814 2934 Jesum
1839 2918 1855 2943 ,
1897 2886 1953 2934 et

334 2966 480 3023 dixit
505 2968 556 3024 ei
590 2986 603 3022 :
654 2967 735 3025 Tu
783 2984 845 3024 es
871 2984 968 3025 rex
995 2968 1353 3025 Judazorum?
1403 2969 1705 3041 Respondit
1752 2969 1948 3026 Jesus:

338 3074 373 3114 a
403 3062 695 3131 temetipso
734 3060 840 3117 hoc
869 3060 1041 3131 dicis,
1075 3077 1144 3117 an
1193 3062 1283 3117 alii
1314 3062 1570 3119 dixerunt
1593 3061 1688 3117 tibi
1728 3061 1796 3117 de
1823 3077 1910 3117 me
1930 3064 1955 3116 ?

338 3157 613 3229 [cr.xxrx,
648 3156 734 3212 10.
760 3155 777 3228 Ἰ
804 3156 1104 3228 ReSpondit
1132 3157 1337 3213 Pilatus
1365 3174 1378 3212 :
1425 3158 1698 3231 Numquid
1729 3174 1829 3231 ego
1854 3158 1952 3215 Ju-

2049 1961 2156 2001 non
2190 1945 2337 2001 dedit
2370 1946 2441 2001 ei.
2476 1944 2681 2019 [cxcm,
2704 1944 2819 2016 10.]
2843 1945 2985 2000 Dicit
3008 1960 3139 2016 ergo
3161 1945 3211 2001 ei
3245 1944 3488 2000 Pilatus:
3516 1943 3651 1998 Mihi

2049 2055 2156 2096 non
2195 2040 2472 2110 loqueris?
2504 2040 2682 2095 nescis
2712 2041 2837 2110 quia
2879 2049 3202 2109 potestatem
3234 2038 3409 2094 habeo
3436 2040 3653 2094 cruciﬁ-

2047 2148 2179 2204 gere
2221 2141 2297 2197 te,
2329 2145 2383 2188 et
2424 2140 2749 2203 potestatem
2784 2130 2959 2188 habeo
2988 2130 3263 2187 dimittere
3290 2131 3376 2186 te?
3407 2129 3654 2199 Respon-

2048 2222 2128 2279 dit
2156 2222 2319 2280 Jesus
2352 2241 2364 2276 :
2397 2223 2514 2279 Non
2582 2222 2815 2279 haberes
2864 2232 3189 2293 potestatem
3232 2222 3519 2279 adversum
3570 2237 3656 2277 me

2051 2320 2241 2387 ullam,
2274 2320 2381 2375 nisi
2412 2321 2508 2377 tibi
2534 2320 2719 2376 datum
2752 2331 2898 2377 esset
2923 2320 3180 2392 desuper.
3237 2320 3539 2391 Propterea
3566 2322 3657 2391 qui

2050 2427 2139 2467 me
2171 2411 2394 2468 tradidit
2425 2414 2542 2481 tibi,
2577 2412 2754 2483 majus
2788 2422 3071 2483 peccatum
3104 2412 3292 2468 habet.
3340 2413 3408 2468 Et
3460 2412 3660 2468 exinde

2050 2507 2329 2576 quaerebat
2351 2504 2554 2560 Pilatus
2577 2505 2854 2561 dimittere
2884 2520 3034 2562 eum.
3062 2503 3231 2561 Judaei
3249 2512 3432 2561 autem
3456 2504 3660 2559 clama-

2050 2600 2180 2656 bant
2208 2600 2453 2657 dicentes
2486 2618 2498 2655 :
2533 2599 2589 2656 Si
2615 2600 2756 2656 hunc
2772 2600 3023 2669 dimittis,
3051 2616 3157 2655 non
3178 2615 3237 2655 es
3251 2599 3456 2655 amicus
3475 2598 3655 2654 Cresa-

2053 2694 2147 2750 ris.
2180 2695 2373 2749 Omnis
2424 2694 2602 2761 enim,
2657 2695 2747 2765 qui
2788 2709 2848 2749 se
2894 2708 3074 2764 regem
3130 2692 3280 2758 facit,
3329 2690 3657 2747 contradicit

2053 2789 2281 2845 Caesari.
2312 2789 2520 2844 Pilatus
2550 2799 2730 2843 autem
2772 2803 2894 2844 cum
2926 2786 3168 2844 audisset
3204 2786 3305 2842 bos
3352 2802 3653 2853 sermones,

2053 2882 2281 2939 adduxit
2302 2882 2451 2938 foras
2480 2882 2667 2939 Jesum
2695 2900 2709 2939 :
2734 2893 2789 2938 et
2814 2882 2962 2938 sedit
2990 2898 3090 2953 pro
3123 2881 3402 2950 tribunali,
3447 2881 3501 2936 in
3532 2881 3655 2936 loco

2054 2977 2145 3047 qui
2173 2975 2375 3031 dicitur
2397 2974 2763 3031 Lithostrotos
2778 2973 2933 3048 [Msa
2954 2974 3366 3046 Lithostrotus],
3393 2973 3658 3030 llebraice

2055 3078 2238 3124 autem
2289 3067 2594 3123 Gabbatha.
2645 3067 2779 3121 Erat
2821 3076 3003 3121 autem
3062 3082 3357 3136 parascevc
3411 3065 3656 3133 Paschtc,

2059 3163 2192 3218 hora
2211 3162 2365 3232 quasi
2397 3170 2571 3229 sexta,
2600 3170 2654 3217 et
2681 3160 2817 3216 dicit
2843 3159 3076 3216 Judaeis:
3124 3160 3264 3216 Ecée
3309 3175 3404 3215 rex
3454 3172 3654 3216 vesrer.

336 3248 493 3305 dasus
519 3248 680 3304 sum?
724 3247 871 3304 Gens
924 3258 1014 3304 tua
1041 3289 1058 3315 ,
1105 3256 1161 3304 et
1200 3248 1485 3320 pontiﬁces
1530 3250 1873 3307 tradiderunt
1903 3260 1954 3308 te
1982 3242 2028 3308 C
2059 3254 2258 3327 [cxcrv,
2288 3252 2367 3326 1.]
2396 3254 2477 3310 llli
2502 3262 2685 3309 autem
2716 3253 3023 3309 clamabant
3057 3272 3068 3305 :
3096 3252 3438 3319 Tolle,tolle,
3485 3254 3661 3309 cruci-

335 3342 475 3398 mihi
501 3359 515 3397 :
544 3341 673 3414 quid
698 3341 908 3399 fecisti?
928 3341 1233 3414 Respondit
1260 3344 1419 3399 Jesus
1446 3359 1462 3399 :
1488 3343 1735 3416 Regnum
1766 3360 1947 3400 meum

338 3450 453 3492 non
482 3445 565 3493 est
584 3436 652 3493 de
674 3438 776 3493 hoc
798 3436 1020 3503 mundo;
1044 3438 1090 3493 si
1116 3451 1185 3495 ex
1214 3437 1318 3494 hoc
1337 3438 1537 3494 mundo
1557 3448 1704 3496 esset
1723 3454 1947 3512 regnum

335 3547 564 3599 meum,
627 3532 863 3589 ministri
908 3533 1014 3589 mei
1066 3533 1250 3604 utique
1302 3532 1687 3601 decertarent,
1740 3543 1799 3589 ut
1842 3549 1948 3590 non

336 3624 589 3681 traderer
631 3625 869 3681 Iudaeis:
922 3640 1065 3681 nunc
1116 3635 1299 3682 autem
1351 3642 1577 3697 regnum
1631 3642 1811 3683 meum
1843 3644 1952 3684 non

334 3729 424 3778 est
444 3720 593 3777 hinc.
627 3720 878 3795 [cnxxx,
906 3719 963 3774 4.
988 3718 1005 3791 ]
1035 3720 1186 3775 Dixit
1223 3720 1406 3791 itaque
1446 3721 1497 3776 ei
1524 3721 1728 3776 Pilatus
1761 3737 1773 3774 :
1806 3721 1951 3791 Ergo

334 3831 439 3873 rex
468 3830 529 3872 es
554 3814 654 3871 tu?
702 3815 1000 3886 Respondit
1027 3815 1188 3871 Jesus
1214 3833 1227 3869 :
1258 3814 1340 3871 Tu
1366 3814 1502 3870 dicis
1531 3815 1657 3887 quia
1688 3830 1784 3872 rex
1829 3829 1949 3870 sum

339 3923 467 3979 ego.
492 3910 759 3983 [cr.xxxt,
790 3905 903 3979 10.]
927 3905 954 3945 δ
982 3907 1094 3979 Ego
1116 3906 1171 3963 iu
1193 3907 1299 3963 hoc
1327 3916 1485 3963 natus
1510 3921 1653 3976 sum,
1678 3916 1735 3963 et
1759 3906 1825 3963 ad
1846 3907 1948 3962 hoc

347 4001 476 4057 veni
498 3999 553 4056 in
582 3999 880 4067 mundum,
935 4007 995 4055 ut
1025 3999 1395 4056 testimonium
1443 3998 1759 4069 perhibeam
1812 4000 1955 4054 veri-

341 4095 438 4151 tati
470 4111 483 4148 :
517 4096 693 4152 omnis
718 4095 811 4167 qui
840 4104 927 4153 est
950 4109 1017 4150 ex
1046 4094 1307 4161 veritate,
1340 4093 1491 4150 audit
1532 4109 1720 4151 vocem
1748 4109 1949 4152 meam.

340 4187 485 4244 Dicit
527 4188 579 4245 ei
623 4188 864 4245 Pilatus:
912 4187 1052 4255 Quid
1098 4198 1183 4244 est
1225 4186 1464 4243 veritas?
1516 4188 1816 4261 [cnxxxu,
1848 4186 1953 4260 9.]

342 4280 415 4336 Et
444 4296 571 4338 cum
614 4280 717 4339 hoc
742 4280 1007 4350 dixisset,
1060 4280 1256 4337 iterum
1308 4280 1475 4337 exivit
1522 4281 1592 4337 ad
1622 4280 1871 4349 Judatos,
1902 4288 1957 4337 et

337 4374 479 4431 dicit
529 4376 609 4432 eis
656 4392 672 4431 :
747 4376 860 4446 Ego
934 4374 1136 4431 nullam
1209 4375 1427 4431 invenio
1478 4376 1533 4431 in
1590 4391 1657 4432 eo
1708 4390 1953 4433 causam.

338 4470 645 4543 (cuum,
676 4468 759 4542 4.]
782 4470 881 4526 Est
916 4480 1097 4526 autem
1127 4471 1466 4527 consuetudo
1489 4472 1675 4539 vobis,
1708 4482 1767 4528 ut
1789 4489 1956 4529 unum

336 4550 609 4618 dimittam
658 4562 815 4619 vobis
865 4564 918 4619 in
968 4562 1177 4619 Pascha
1230 4583 1243 4618 :
1287 4566 1449 4620 vultis
1506 4580 1635 4636 ergo
1684 4566 1952 4622 dimittam

2056 3350 2157 3421 ﬁge
2184 3364 2330 3405 eum.
2358 3348 2535 3420 lcxcv,
2570 3347 2682 3419 10.]
2714 3347 2852 3402 Dicit
2878 3348 2957 3402 eis
2991 3346 3230 3403 Pilatus:
3282 3346 3487 3418 Regem
3535 3362 3660 3402 ves-

2056 3449 2197 3496 trum
2251 3440 2600 3511 cruciﬁgam?
2662 3438 3082 3509 Responderunt
3138 3438 3422 3509 pontiﬁces
3466 3456 3477 3491 :
3533 3437 3653 3494 Non

2055 3532 2321 3588 habemus
2364 3547 2572 3602 regem,
2618 3531 2723 3587 nisi
2771 3530 3069 3587 Caesarem.
3126 3531 3327 3604 lcxcvt,
3373 3530 3451 3602 1.]
3501 3530 3658 3588 Tunc

2054 3640 2183 3696 ergo
2213 3623 2434 3680 tradidit
2454 3625 2536 3680 eis
2572 3623 2746 3689 illiilli,
2781 3632 2843 3678 ut
2869 3623 3296 3695 cruciﬁgeretur.
3322 3624 3548 3697 [cxcvu,
3575 3624 3654 3698 1.]

2054 3718 2422 3791 Susceperunt
2467 3730 2649 3776 autem
2679 3719 2891 3787 Jesum,
2923 3730 2977 3775 et
3011 3720 3336 3776 eduxerunt.
3380 3721 3450 3776 Et
3504 3721 3660 3792 baju-

2054 3811 2171 3867 lans
2192 3813 2293 3869 sibi
2318 3827 2564 3881 crucem,
2580 3812 2746 3868 exivit
2772 3812 2826 3867 in
2849 3828 2997 3879 eum,
3024 3812 3113 3883 qui
3147 3812 3341 3868 dicitur
3362 3813 3655 3881 Calvarite,

2055 3908 2255 3973 locum,
2290 3906 2556 3963 Hebraice
2584 3913 2766 3961 autem
2813 3904 3079 3975 Golgotba
3108 3922 3122 3960 :
3153 3905 3244 3961 ubi
3269 3906 3660 3962 cruciﬁxerunt

2056 4018 2202 4071 eum,
2226 4001 2462 4074 [cxcvut,
2487 3997 2565 4070 1.]
2594 4007 2650 4055 et
2671 4014 2792 4055 cum
2818 4014 2884 4055 eo
2912 3999 3047 4053 alios
3072 3997 3229 4068 duos,
3276 3998 3403 4054 hinc
3429 4007 3485 4054 et
3504 3997 3657 4064 hinc,

2057 4095 2295 4153 medium
2323 4103 2505 4151 autem
2527 4092 2733 4150 Iesum.
2777 4091 2988 4164 [cxcnx,
3023 4090 3356 4163 1.]Scripsit
3384 4100 3565 4147 autem
3606 4101 3662 4147 et

2059 4189 2272 4244 titulum
2298 4187 2535 4243 Pilatus:
2567 4198 2623 4242 et
2652 4186 2830 4256 posuit
2860 4200 3023 4255 super
3052 4201 3294 4241 crucem.
3326 4185 3658 4241 Eratautem

2057 4286 2320 4353 scriptum
2353 4302 2365 4338 :
2394 4282 2554 4338 Jesus
2598 4279 2945 4346 Nazaraenus,
3005 4295 3102 4335 rex
3156 4278 3492 4335 Judrcorum.
3547 4280 3655 4351 [σε.

2061 4376 2173 4447 10.]
2199 4376 2349 4431 Hunc
2371 4389 2502 4445 ergo
2526 4374 2739 4429 titulum
2794 4371 2952 4427 multi
2995 4370 3309 4428 Judteorum
3368 4371 3657 4443 legerunt:

2061 4470 2185 4541 quia
2209 4485 2378 4540 prope
2406 4470 2680 4524 civitatem
2712 4476 2830 4521 erat
2885 4466 3035 4521 locus
3084 4466 3177 4521 ubi
3226 4466 3520 4521 cruciﬁxus
3574 4473 3659 4521 est

2061 4563 2239 4619 Jesus.
2273 4562 2340 4615 Et
2370 4570 2487 4615 erat
2513 4560 2779 4631 scriptum
2813 4558 3101 4623 llebraice,
3126 4557 3337 4625 Graece,
3362 4566 3418 4612 et
3445 4558 3655 4614 Latine.

339 4656 497 4713 vobis
518 4672 701 4729 regem
728 4638 2316 4731 Judazorum?[cnxxxtv,1.]ClamaveruntDDiccbant
2367 4668 2496 4724 ergo
2551 4652 2728 4707 Pilato
2787 4651 3073 4722 pontiﬁces
3127 4648 3485 4704 Judaaorum:
3538 4648 3659 4703 Noli

342 4765 476 4821 ergo
520 4767 736 4807 rursum
806 4766 1025 4819 omnes,
1081 4751 1372 4809 dicentes:
1439 4752 1556 4809 Non
1613 4754 1787 4822 hunc,
1850 4756 1945 4811 sed

338 4844 667 4901 Barabbam.
702 4844 833 4900 Erat
862 4852 1043 4900 autem
1068 4844 1341 4901 Barabbas
1371 4844 1531 4901 latro.

415 4939 593 5014 [Cap.
618 4940 765 4997 XIX.
796 4957 1003 4998 cxxxxv
1030 4982 1045 5008 ,
1074 4943 1131 4997 4.
1158 4941 1177 5013 ]
1224 4940 1376 4997 Tunc
1427 4955 1557 5009 ergo
1583 4940 1948 5012 apprehendit

344 5032 550 5089 Pilatus
594 5031 895 5101 Jesum,et
946 5033 1260 5104 ﬁagellavit.
1292 5031 1361 5087 Et
1406 5033 1607 5088 milites
1650 5034 1947 5102 plectentes

339 5141 603 5183 coronam
625 5126 693 5183 de
713 5127 883 5196 spinis
898 5170 913 5195 ,
934 5127 1311 5197 imposuerunt
1336 5127 1499 5198 capiti
1527 5127 1681 5197 ejus:
1710 5137 1763 5183 et
1795 5138 1948 5184 veste

341 5235 616 5293 purpurea
672 5220 1152 5278 circumdederunt
1196 5236 1341 5277 eum.
1408 5220 1478 5277 Et
1526 5220 1815 5277 veniebant
1873 5223 1942 5278 ad

366 5458 367 5461 η
413 5450 442 5480 α
470 5441 674 5496 Tacent
705 5439 877 5495 nostri
904 5453 1037 5495 mss.
1070 5451 1371 5509 pronomen
1398 5437 1477 5503 ei,
1525 5434 1671 5507 quod
1694 5449 1870 5506 neque
1898 5435 1952 5491 in

339 5511 536 5570 Graeco
556 5521 779 5567 resonat
810 5519 982 5567 textu.

414 5584 439 5622 δ
469 5584 546 5638 Ita
578 5584 917 5652 exemplaria
949 5582 1129 5636 omnia
1178 5580 1475 5651 capitulum
1511 5578 1705 5652 isthoc‘
1729 5578 1956 5636 Joannis

344 5671 523 5712 csxxx
557 5654 625 5709 ad
655 5650 919 5709 Cononem
969 5663 1223 5722 quartum
1248 5650 1539 5717 revocant,
1580 5650 1953 5723 conjuuguut-

340 5742 450 5799 que
479 5742 604 5799 cum
634 5726 890 5799 capitulis
927 5724 1165 5780 Μαιηιωί
1192 5739 1413 5799 cccxxt,
1457 5723 1624 5778 Marci
1655 5738 1811 5780 ccxxt
1842 5737 1955 5799 ,ηας

340 5794 591 5869 ejusdem
654 5794 889 5869 Joannis]
962 5812 1129 5869 cxcu,
1201 5795 1528 5869 qui_busc_um
1581 5807 1759 5869 tamen
1822 5794 1955 5849 nihil

343 5866 457 5929 fere
480 5884 775 5928 commune
807 5867 994 5923 habet.
1030 5867 1399 5923 Rel‘ereudum
1426 5866 1573 5924 foret
1592 5866 1660 5923 ad
1690 5880 1953 5924 canonem

636 5965 916 6028 Ρηιιοι..
969 5961 1211 6025 XXIX.

2062 4749 2324 4812 scribere,
2358 4761 2455 4801 rex
2472 4744 2781 4800 Judrcorum
2802 4742 2925 4798 :sed
2946 4741 3073 4812 quia
3092 4741 3210 4813 ipse
3222 4740 3383 4796 dixit:
3403 4740 3523 4796 Rex
3536 4755 3658 4797 sum

2057 4841 2387 4898 Judaeorum.
2411 4836 2711 4906 Respondit
2742 4835 2951 4890 Pilatus
2975 4850 2988 4887 :
3013 4832 3168 4900 Quod
3196 4834 3412 4904 scripsi,
3437 4833 3653 4903 scripsi.

2056 4940 2182 5010 ιω,
2208 4932 2287 5003 1.]
2313 4932 2510 4987 Milites
2553 4945 2683 5000 ergo
2714 4944 2839 4985 cum
2887 4927 3285 4984 cruciﬁxissent
3331 4941 3659 4994 eum,acce-

2055 5038 2255 5102 perunt
2294 5026 2618 5105 vestimenta
2651 5024 2772 5095 ejus
2811 5024 2890 5096 (et
2918 5022 3167 5079 fecerunt
3190 5032 3423 5090 quatuor
3455 5029 3657 5090 partes,

2057 5122 2346 5193 unicuique
2394 5118 2550 5173 militi
2590 5118 2927 5189 partem)et
2972 5114 3231 5170 tunicam.
3287 5114 3422 5169 Erat
3472 5125 3657 5171 autem

2058 5219 2237 5277 tunica
2282 5213 2661 5281 inconsutilis,
2711 5211 2946 5282 desuper
3002 5217 3257 5267 contexta
3310 5224 3408 5281 per
3466 5219 3658 5267 tutum.

2063 5434 2347 5504 primum,
2407 5430 2885 5504 copulandumque
2948 5443 3074 5483 cum
3126 5426 3368 5504 Matthxi
3424 5430 3664 5504 capitulo

2063 5500 2257 5568 cccxx,
2308 5500 2493 5559 Μειτοῖ
2539 5517 2628 5568 cc,
2682 5501 2843 5556 Luca:
2900 5514 3060 5563 cccu,
3129 5500 3370 5571 itemque
3417 5503 3664 5570 ejusdem

2065 5578 2293 5634 Joannis
2325 5590 2587 5641 CLXXVIII,
2620 5588 2745 5628 cum
2785 5574 2981 5643 quibus
3018 5586 3112 5640 per
3148 5576 3329 5627 omnia
3368 5577 3663 5631 consentit.

2062 5648 2169 5706 Sed
2204 5658 2396 5703 contra
2429 5646 2591 5701 ﬁdem
2621 5646 2863 5700 omnium
2894 5643 3145 5699 codicum
3175 5643 3311 5699 nihil
3337 5645 3493 5701 nobis
3534 5662 3660 5715 per-

2064 5720 2348 5776 mittimus.
2405 5716 2583 5773 Mxnr.

2139 5803 2162 5830 ε
2184 5791 2320 5847 Cum
2351 5790 2555 5847 Gracia
2582 5789 2851 5859 plerisque
2880 5787 3292 5857 exemplaribus
3313 5804 3430 5843 eum
3463 5803 3659 5859 prono-

2065 5880 2191 5922 men
2217 5862 2388 5933 nostri
2410 5876 2624 5934 quoque
2643 5876 2776 5919 mss.
2797 5862 3068 5919 nesciunt.

2983 5955 3065 6015 22
