4166 6336
532 335 642 395 685

1537 335 1596 393 s.
1638 333 2017 393 HlERONYMl
2060 294 2301 396 vivunt
2332 338 2809 398 BIBLIOTHECA.

3733 342 3841 403 68$

526 456 795 514 Dixerunt
821 464 956 524 ergo
985 450 1053 508 ad
1083 450 1312 507 invicem
1339 469 1351 505 :
1386 450 1503 507 Non
1535 451 1846 511 scindamus
1870 469 2013 522 eam,
2036 453 2133 510 sed
2159 454 2212 517 A
2237 455 2431 513 Petrus
2461 472 2694 528 sequens
2722 471 2867 523 eum,
2902 464 2957 512 et
2985 453 3232 511 introivit
3280 455 3333 511 in
3388 465 3842 523 monumentum;

529 550 828 609 sortiamur
854 547 925 603 de
945 546 1038 602 illa
1064 546 1220 618 cujus
1248 546 1339 602 sit.
1373 544 1445 603 Ut
1472 545 1742 619 scriptura
1792 547 2134 619 impleretur,

532 644 723 702 dicens
759 660 772 698 :
804 641 996 699 Partiti
1052 651 1180 698 sunt
1234 640 1558 698 vestimenta
1602 656 1723 697 mea
1773 640 1915 698 sibi:
1978 650 2035 698 et
2082 642 2136 696 in

531 748 739 795 vestem
767 724 945 793 ufeam
986 735 1259 792 miserunt
1289 743 1515 790 sortem.
1564 732 1637 789 Et
1689 734 1895 791 milites
1919 732 2136 805 quidem

529 834 650 893 haec
672 832 1090 907 lecerunt[ccu,
1123 827 1238 901 10.]
1257 829 1487 888 Stabant
1512 838 1691 886 autem
1729 830 1891 902 juxta
1918 844 2137 886 crucem

530 926 684 997 Iesu,
718 934 894 982 mater
919 924 1058 995 ejus,
1084 932 1141 979 et
1160 936 1319 979 soror
1360 924 1550 978 matris
1604 922 1725 994 ejus
1780 922 1945 978 Maria
1971 922 2135 979 Cleo-

531 1022 682 1094 phae,
714 1027 769 1076 et.
796 1018 963 1075 Maria
994 1016 1330 1088 Magdalene.
1359 1016 1496 1072 Cum
1521 1017 1749 1074 vidisset
1800 1032 1933 1091 ergo
1978 1017 2136 1085 Iesus

532 1123 807 1183 matrem,
853 1122 910 1170 et
954 1111 1283 1182 discipulum
1332 1120 1590 1178 stantem,
1643 1128 1803 1185 quem
1849 1112 2132 1185 diligebat,

530 1208 665 1266 dicit
693 1207 853 1263 matri
884 1219 1045 1262 sum:
1100 1204 1316 1271 Mulier,
1369 1219 1500 1263 ecce
1527 1205 1673 1263 ﬁlius
1726 1216 1869 1264 tuus.
1926 1206 2135 1263 Deinde

527 1299 663 1357 dicit
689 1297 1005 1367 discipulo:
1062 1294 1203 1353 Ecce
1254 1307 1431 1352 mater
1460 1303 1572 1352 tua.
1628 1296 1696 1352 Et
1734 1312 1801 1353 ex
1852 1296 1946 1353 illa
2002 1298 2135 1353 hora

526 1393 741 1464 accepit
779 1406 901 1448 eam
955 1390 1260 1463 discipulus
1308 1392 1360 1446 in
1416 1406 1534 1447 sua.
1591 1392 1762 1466 [cctn,
1807 1390 1888 1465 4.]
1932 1391 2134 1449 Postea

527 1483 881 1542 sciensIesus
901 1482 1030 1555 quia
1046 1483 1228 1538 omnia
1251 1493 1625 1540 consummata
1644 1493 1790 1552 sunt,
1804 1492 1867 1541 ut
1881 1499 2137 1542 consum-

527 1587 775 1635 maretur
803 1575 1097 1648 scriptura,
1130 1575 1266 1632 dixit
1299 1596 1310 1630 :
1344 1577 1500 1635 Sitio.
1541 1578 1647 1634 Vas
1680 1594 1810 1651 ergo
1837 1589 1957 1637 erat
1982 1581 2133 1654 posi-

528 1684 641 1730 tum
672 1680 829 1729 aceto
862 1672 1103 1743 plenum.
1124 1669 1205 1728 Illi
1237 1680 1420 1728 autem
1449 1674 1728 1744 spongiam
1753 1674 1972 1746 plenam
2004 1690 2132 1733 ace-

532 1775 589 1822 to
616 1808 631 1835 ,
676 1764 914 1839 hyssopo
964 1766 1464 1837 circumponentes,
1519 1766 1833 1823 obtulerunt
1862 1768 1945 1823 ori
1990 1767 2129 1840 ejus.

2243 559 2299 607 et
2335 550 2473 607 vidit
2496 550 2812 608 linteamina
2838 550 3042 622 posita,
3079 559 3132 606 et
3156 551 3457 618 sudarium,
3488 551 3634 622 quod
3662 550 3851 607 fuerat

2242 658 2415 714 super
2446 651 2611 716 caput
2634 642 2772 715 ejus,
2809 657 2916 698 non
2944 657 3067 698 cum
3120 641 3531 698 linteaminibus
3583 642 3847 712 positum,

2240 734 2337 791 sed
2360 736 2653 807 separatim
2687 734 2990 791 involutum
3016 736 3069 790 in
3092 750 3260 791 unum
3301 734 3507 790 locum.
3530 733 3685 790 Tunc
3714 749 3850 806 ergo

2238 827 2483 885 introivit
2522 837 2578 885 et
2635 827 2724 884 ille
2756 827 3078 899 discipulus,
3110 827 3202 898 qui
3250 836 3473 884 venerat
3519 825 3727 898 primus
3777 825 3850 882 ad

2240 931 2651 980 monumentum
2679 941 2692 981 :
2720 931 2775 980 et
2816 922 2972 993 vidit,
3003 931 3060 980 et
3087 921 3363 979 credidit:
3411 921 3654 977 nondum
3697 922 3847 979 enim

2238 1016 2484 1074 sciebant
2511 1017 2875 1089 Scripturam,
2909 1015 3033 1089 quia
3058 1014 3347 1088 oportebat
3383 1029 3509 1072 eum
3541 1029 3571 1070 a
3615 1014 3849 1071 mortuis

2237 1124 2544 1183 resurgere.
2576 1109 2845 1167 Abierunt
2872 1123 3005 1182 ergo
3036 1108 3236 1166 iterum
3265 1106 3515 1182 discipuli
3544 1107 3611 1163 ad
3638 1116 3846 1165 semet-

2237 1202 2406 1273 ipsos.
2455 1202 2631 1276 [ccxt,
2675 1198 2754 1273 1.]
2794 1202 2964 1259 Maria
2992 1213 3177 1260 autem
3216 1202 3399 1260 stabat
3427 1201 3492 1259 ad
3524 1215 3850 1258 monumen-

2239 1307 2350 1353 tum
2380 1297 2536 1366 l‘oris,
2557 1298 2800 1369 plorans.
2830 1296 2963 1353 Cum
2997 1312 3130 1370 ergo
3160 1296 3337 1366 ﬂeret,
3369 1294 3652 1352 inclinavit
3677 1310 3757 1365 se,
3791 1303 3850 1351 et

2240 1393 2525 1467 prospexit
2549 1396 2602 1450 in
2628 1402 3044 1450 monumentum
3072 1411 3084 1448 :
3109 1404 3162 1449 et
3194 1391 3327 1449 vidit
3359 1392 3496 1447 duos
3519 1391 3743 1466 angelos
3791 1392 3844 1445 in

2236 1487 2398 1556 albis,
2429 1488 2710 1557 sedentes,
2738 1502 2908 1543 unum
2938 1485 3004 1542 ad
3034 1494 3219 1556 caput,
3256 1493 3313 1542 et
3332 1500 3499 1541 unum
3551 1483 3623 1542 ad,
3650 1482 3839 1554 pedes,

2237 1580 2328 1637 ubi
2350 1582 2587 1652 positum
2612 1580 2787 1636 fuerat
2808 1594 3008 1652 corpus
3039 1578 3189 1635 Iesu.
3222 1577 3409 1650 [ccxtt,
3439 1573 3553 1649 10.]
3575 1573 3846 1631 Dicuntei

2234 1670 2352 1729 illi:
2387 1671 2600 1743 Mulier,
2635 1671 2766 1744 quid
2808 1672 2994 1743 ploras
3023 1670 3047 1724 ?
3077 1669 3219 1728 Dicit
3260 1670 3381 1727 eis:
3414 1667 3556 1739 Quia
3606 1667 3846 1725 tulerunt

2237 1763 2527 1821 Dominum
2555 1779 2766 1832 meum,
2801 1772 2858 1820 et
2887 1763 3075 1821 nescio
3094 1754 3190 1822 ubi
3216 1777 3451 1835 posueru
3478 1770 3683 1820 uteum.
3715 1760 3842 1816 Haec

530 1859 696 1933 [ccrv,
720 1858 796 1929 1.]
826 1857 961 1913 Cum
994 1873 1125 1929 ergo
1146 1858 1450 1928 accepisset
1491 1856 1652 1915 Iesus
1682 1867 1917 1927 aceturn,
1942 1857 2082 1916 dixit
2114 1876 2128 1915 :
2162 1851 2210 1916 Β
2235 1872 2358 1914 cum
2389 1858 2638 1925 dixisset,
2658 1872 2927 1914 conversa
2950 1868 3034 1914 est
3061 1867 3389 1924 retrorsum,
3417 1863 3473 1911 et
3492 1853 3630 1910 vidit
3656 1854 3843 1911 Iesum

527 1951 976 2008 Consummatum
1007 1961 1111 2007 est.
1144 1950 1210 2006 Et
1228 1951 1489 2007 inclinato
1515 1953 1700 2023 capite
1724 1952 2129 2025 tradiditspiri-

527 2053 665 2100 tum.
686 2043 824 2117 [ραν.
856 2042 1156 2115 10.].1υ‹1ωἰ
1183 2058 1316 2116 ergo
1342 2045 1619 2117 (quoniam
1647 2061 1943 2118 parasceve
1964 2044 2127 2119 erat),

530 2148 588 2194 ut
621 2153 728 2195 non
757 2147 1111 2195 remanerent
1148 2137 1206 2193 in
1238 2152 1401 2195 cruce
1446 2154 1679 2210 corpora
1710 2139 1936 2195 sabbato
1989 2142 2131 2215 (erat

526 2232 672 2287 enim
700 2244 931 2302 magnus
954 2230 1074 2286 dies
1103 2230 1195 2285 ille
1220 2230 1479 2302 sabbati),
1512 2240 1843 2303 rogaverunt
1872 2229 2127 2300 Pilatum,

530 2333 593 2381 ut
619 2326 999 2398 frangerentur
1028 2337 1218 2380 eorum
1249 2339 1435 2394 crura,
1463 2335 1516 2380 et
1561 2324 1911 2381 tollerentur.
1963 2324 2136 2380 Vene-

524 2425 656 2476 runt
686 2432 817 2489 ergo
837 2417 1040 2474 milites
1068 2435 1080 2470 :
1115 2427 1169 2473 et
1192 2417 1352 2487 primi
1384 2416 1602 2487 quidem
1623 2418 1901 2486 fregerunt
1948 2434 2127 2485 crura,

534 2518 591 2566 et
612 2509 839 2566 alterius
893 2509 988 2580 qui
1038 2509 1336 2565 cruciﬁxus
1381 2518 1466 2566 est
1519 2524 1641 2565 eum
1694 2523 1781 2565 eo.
1821 2509 1903 2564 Ad
1943 2509 2130 2565 Iesum

521 2612 704 2660 autem
728 2617 852 2658 cum
876 2601 1173 2672 venissent,
1191 2612 1248 2657 ut
1270 2602 1520 2658 viderunt
1543 2618 1664 2659 eum
1691 2602 1802 2672 jam
1828 2612 2127 2672 mortuum,

533 2711 644 2752 non
670 2695 955 2766 fregerunt
983 2696 1100 2766 ejus
1130 2711 1290 2752 crura
1322 2714 1334 2750 :
1377 2696 1471 2752 sed
1499 2712 1642 2753 unus
1682 2698 1913 2753 militum
1944 2698 2132 2754 lancea

527 2789 672 2844 latus
720 2788 840 2859 ejus
890 2788 1148 2860 aperuit,
1181 2798 1236 2846 et
1283 2790 1544 2846 continuo
1588 2790 1758 2846 exivit
1806 2774 2024 2863 sanguis
2079 2802 2133 2845 et

532 2898 692 2953 aqua.
722 2883 793 2938 Et
831 2884 923 2954 qui
972 2883 1137 2951 vidit,
1176 2884 1547 2941 testimonium
1578 2884 1895 2956 perhibuit,
1941 2895 1996 2942 et
2038 2902 2125 2942 ve-

532 2991 656 3032 rum
712 2984 798 3032 cst
846 2978 1214 3033 testimonium
1271 2978 1409 3050 ejus.
1444 2979 1513 3035 Et
1552 2979 1646 3036 ille
1687 2981 1787 3037 scit
1835 2981 1957 3053 quia
2005 2997 2132 3037 vera

534 3070 700 3127 dicit:
737 3083 792 3126 ut
823 3082 876 3128 et
905 3087 1005 3128 vos
1033 3074 1290 3129 credatis.
1317 3073 1484 3131 Facta
1534 3084 1662 3132 sunt
1714 3077 1857 3133 enim
1906 3077 2044 3143 hac,
2077 3089 2135 3133 ut

524 3166 801 3236 scriptura
832 3165 1155 3237 impleretur
1186 3185 1199 3222 :
1226 3169 1302 3223 Os
1348 3184 1457 3225 non
1498 3171 1881 3228 comminuetis
1929 3188 1995 3228 ex
2045 3188 2130 3230 eo.

2234 1959 2469 2008 stantem
2504 1967 2518 2005 :
2552 1958 2607 2006 et
2659 1965 2766 2005 non
2799 1949 3013 2006 sciebat
3063 1949 3193 2021 quia
3223 1948 3383 2006 Iesus
3439 1957 3547 2005 est.
3605 1946 3749 2003 Dicit
3794 1949 3845 2004 ei

2233 2044 2395 2101 Iesus
2418 2058 2431 2100 :
2455 2042 2671 2109 Mulier,
2695 2042 2825 2114 quid
2847 2042 3063 2113 ploras?
3085 2056 3245 2114 quem
3271 2041 3507 2113 qumris?
3532 2040 3631 2096 illa
3654 2039 3847 2096 existi-

2233 2151 2390 2194 mans
2420 2136 2545 2208 quia
2577 2135 2910 2192 hortulanus
2938 2145 3107 2204 esset,
3141 2135 3275 2191 dicit
3301 2136 3350 2191 ei
3381 2153 3393 2188 :
3427 2134 3679 2201 Domine,
3708 2134 3754 2191 si
3789 2144 3850 2197 tu

2233 2232 2504 2289 sustulisti
2528 2247 2676 2299 eum,
2708 2230 2880 2288 dicito
2902 2231 3036 2287 mihi
3061 2229 3151 2286 ubi
3197 2230 3424 2301 posuisti
3458 2244 3578 2284 eum
3613 2246 3627 2286 :
3655 2237 3707 2283 et
3739 2242 3845 2299 ego

2235 2340 2362 2384 eum
2413 2325 2618 2381 tollam.
2646 2324 2785 2380 Dicit
2815 2325 2867 2382 ei
2916 2322 3077 2380 Iesus
3109 2340 3124 2378 :
3154 2322 3341 2381 Maria.
3391 2322 3666 2379 Conversa
3718 2322 3837 2392 illa,

2232 2418 2368 2475 dicit
2392 2418 2443 2475 ei
2480 2416 2765 2473 :Rabboni
2814 2417 2980 2491 (quod
3015 2416 3214 2474 dicitur
3237 2415 3547 2489 Magister).
3599 2416 3736 2472 Dicit
3766 2416 3846 2487 fei

2233 2509 2395 2568 Iesus
2428 2526 2443 2564 :
2472 2509 2591 2565 Noli
2624 2527 2710 2565 mc
2743 2522 2993 2584 tangere,
3022 2510 3263 2568 nondum
3319 2513 3463 2566 enim
3515 2507 3736 2566 ascendi
3777 2506 3846 2564 ad

2237 2600 2456 2657 Patrem
2484 2616 2663 2657 meum
2694 2620 2708 2657 :
2736 2603 2875 2660 vade
2901 2612 3086 2660 autem
3112 2603 3181 2660 ad
3208 2604 3412 2660 fratres
3454 2618 3633 2671 meos,
3658 2612 3715 2658 et
3756 2601 3846 2657 dic

2235 2694 2316 2750 eis
2348 2712 2359 2749 :
2399 2694 2650 2751 Ascendo
2680 2695 2748 2753 ad
2777 2695 2994 2754 Patrem
3011 2714 3220 2766 meum,
3248 2708 3304 2755 et
3330 2698 3544 2755 Patrem
3575 2706 3839 2753 vestrum:

2236 2788 2413 2846 Deum
2445 2806 2647 2856 meum,
2677 2802 2731 2848 et
2756 2792 2934 2849 Deum
2957 2802 3223 2850 vestrum.
3251 2793 3594 2849 VenitMariu
3621 2792 3845 2863 Magda-

2237 2888 2360 2943 lene
2384 2887 2715 2943 annuntians
2756 2888 3037 2960 discipulis
3072 2888 3250 2958 :Quia
3301 2889 3409 2944 vidi
3438 2888 3752 2960 Dominum,
3782 2894 3842 2942 et

2235 2977 2350 3034 lucc
2382 2979 2527 3035 dixit
2556 2979 2708 3035 mihi.
2740 2980 2947 3053 [ccxtn,
2982 2980 3063 3055 9.]
3092 2979 3229 3037 Cum
3259 2996 3391 3053 ergo
3422 2996 3544 3038 sero
3573 2988 3724 3057 esset
3751 2978 3844 3035 die

2234 3070 2352 3141 illo,
2385 3088 2492 3129 una
2523 3075 2897 3144 sabbatorum,
2929 3085 2983 3133 et
3028 3074 3180 3133 fores
3219 3087 3409 3133 essent
3464 3077 3682 3144 clausaa,
3744 3074 3841 3133 ubi

2236 3177 2394 3222 erant
2446 3166 2698 3240 discipuli
2745 3172 3060 3243 congregati
3107 3180 3330 3244 propter
3370 3182 3575 3229 metum
3616 3171 3843 3227 Iudaeo-

523 3258 591 3313 Et
619 3260 813 3315 iterum
860 3259 966 3314 alia
1006 3261 1277 3331 scriptura
1317 3262 1492 3318 dicit:
1541 3263 1817 3321 videbunt
1857 3265 1911 3321 in
1970 3282 2128 3338 quem
2154 3245 2201 3310 C
2235 3274 2378 3330 rum,
2408 3260 2757 3329 venitIesus,
2784 3273 2839 3318 et
2880 3265 3031 3319 stetit
3061 3264 3112 3318 iu
3144 3263 3347 3337 medio,
3396 3274 3451 3320 et
3518 3265 3657 3320 dixit
3713 3265 3841 3322 eis:

520 3350 933 3407 transﬁxerunt.
970 3352 1129 3424 [CCV],
1166 3352 1241 3426 1.]
1260 3353 1384 3409 PoSt
1412 3355 1525 3411 haec
1551 3365 1730 3413 autem
1760 3360 1964 3430 rogavit
1990 3359 2130 3415 Pila-

525 3452 641 3498 tum
672 3441 876 3514 Ioseph
909 3443 977 3499 ab
1001 3443 1335 3500 Arimathaea
1377 3446 1464 3518 (eo
1503 3448 1649 3517 quod
1697 3459 1846 3505 esset
1889 3449 2129 3524 discipu-

522 3536 611 3591 lus
638 3535 791 3607 Iesu,
820 3537 1066 3592 occultus
1093 3549 1277 3593 autem
1311 3548 1533 3609 propter
1558 3550 1760 3597 metum
1791 3542 2125 3617 Judaaorum)

528 3638 589 3685 ut
622 3629 838 3687 tolleret
862 3645 1061 3701 corpus
1086 3630 1237 3688 Iesu.
1266 3632 1333 3688 Et
1388 3634 1641 3703 permisit
1693 3636 1920 3694 Pilatus.
1968 3639 2131 3695 Venit

527 3735 681 3793 ergo,
710 3730 766 3779 et
786 3724 912 3779 tulit
931 3737 1133 3795 corpus
1160 3724 1316 3780 Iesu.
1347 3723 1534 3799 [ccvn,
1561 3725 1671 3801 10.]
1727 3728 1890 3786 Venit
1945 3742 2126 3788 autem

525 3822 582 3869 et
610 3814 960 3881 Nicodemus,
999 3816 1093 3887 qui
1112 3826 1341 3872 venerat
1365 3818 1432 3873 ad
1460 3817 1647 3875 Iesum
1687 3831 1849 3879 nocte
1871 3824 2126 3894 primum,

525 3902 709 3961 ferens
732 3906 1026 3962 mixturam
1057 3908 1296 3979 myrrhae
1320 3917 1376 3965 et
1404 3909 1575 3977 aloes,
1603 3913 1763 3984 quasi
1800 3913 1968 3971 libras
1996 3932 2128 3974 cen—

530 4011 663 4056 tum.
701 4003 903 4070 lccvm,
940 3999 1017 4072 1.]
1073 4001 1417 4073 Acceperunt
1462 4019 1595 4077 ergo
1641 4022 1837 4078 corpus
1885 4008 2034 4080 Iesu,
2076 4022 2130 4067 ct

519 4094 832 4166 ligaverunt
862 4093 994 4149 illud
1024 4094 1207 4151 linteis
1258 4112 1379 4152 cum
1434 4101 1788 4169 aromatibus,
1822 4105 1964 4159 sicut
2012 4122 2129 4161 mos

527 4192 614 4241 est
632 4184 837 4241 Iudaeis
858 4184 1114 4254 sepelire.
1145 4184 1276 4240 Erat
1329 4196 1507 4243 autem
1566 4189 1619 4246 in
1651 4190 1793 4261 loco,
1827 4194 1919 4250 ubi
1950 4198 2127 4253 cruci-

528 4276 671 4333 ﬁxus
697 4285 805 4343 est,
834 4275 1029 4332 hortus
1064 4296 1075 4330 :
1107 4279 1239 4335 etin
1264 4278 1422 4337 horto
1462 4298 1869 4344 monumentum
1902 4306 2126 4361 novum,

526 4370 585 4424 in
618 4384 724 4438 quo
748 4369 989 4425 nondum
1007 4372 1291 4443 quisquam
1318 4374 1527 4444 positus
1555 4386 1693 4434 erat.
1727 4378 1807 4436 lbi
1837 4397 1967 4454 ergo
1997 4399 2127 4456 pro-

532 4470 652 4533 pter
675 4476 1005 4533 parasceven
1035 4463 1374 4539 Iudaeorum,
1404 4470 1530 4540 quia
1573 4471 1723 4543 juxta
1757 4486 1873 4530 erat
1930 4492 2129 4533 monu-

531 4565 796 4622 mentum,
820 4566 1125 4626 posuerunt
1149 4557 1356 4615 Iesum.

2234 3352 2344 3408 Pax
2366 3354 2538 3411 vobis.
2579 3354 2646 3409 Et
2672 3354 2921 3412 cumhoc
2950 3357 3198 3425 dixisset,
3228 3358 3472 3413 ostendit
3497 3358 3579 3413 eis
3620 3371 3839 3426 manus,

2232 3455 2287 3502 et
2314 3444 2479 3502 latus.
2511 3447 2711 3522 [ccs1v,
2748 3445 2861 3520 10.]
2886 3447 3070 3505 Gavisi
3099 3458 3227 3505 sunt
3273 3465 3407 3522 ergo
3439 3449 3688 3520 discipuli
3720 3450 3841 3505 viso

2232 3537 2486 3593 Domino.
2515 3539 2804 3612 Dixitergo
2831 3539 2912 3597 eis
2941 3540 3140 3597 iterum
3177 3559 3189 3594 :
3216 3541 3329 3597 Pax
3361 3541 3539 3597 vobis.
3561 3541 3712 3598 Sicut
3740 3541 3841 3596 mi-

2232 3632 2306 3686 sit
2330 3648 2419 3689 me
2441 3634 2620 3704 Pater,
2656 3644 2713 3691 et
2738 3651 2840 3707 ego
2887 3637 3045 3692 mitto
3070 3652 3189 3693 vos.
3232 3637 3359 3692 llazc
3402 3653 3525 3693 cum
3583 3636 3837 3705 dixisset,

2232 3725 2552 3792 insul‘ﬂavit,
2579 3736 2634 3782 et
2671 3728 2811 3785 dixit
2836 3729 2916 3786 eis
2942 3747 2956 3785 :
2991 3730 3237 3802 Accipite
3262 3730 3525 3803 Spiritum
3554 3741 3837 3787 sanctum:

2234 3817 2511 3892 [ccxv,7.]
2538 3836 2769 3892 quorum
2810 3816 3132 3880 remiseritis
3189 3834 3433 3896 peccata,
3487 3825 3842 3881 remittuntur

2232 3911 2341 3965 eis:
2366 3920 2421 3967 et
2449 3924 2680 3983 quorum
2708 3913 3070 3981 retinueritis,
3098 3925 3308 3972 retenta
3332 3924 3477 3972 sunt.
3500 3916 3699 3987 lcum,
3722 3912 3837 3987 10.]

2232 4005 2473 4063 Thomas
2504 4017 2682 4064 autem
2708 4023 2847 4065 unus
2876 4024 2941 4065 ex
2965 4009 3277 4079 duodecim,
3318 4012 3410 4083 qui
3441 4011 3641 4067 dicitur
3669 4009 3839 4080 Didy-

2232 4115 2372 4169 mus,
2409 4116 2516 4158 nou
2549 4112 2815 4159 eratcum
2864 4103 2946 4161 eis
2974 4104 3194 4176 quando
3223 4107 3375 4161 venit
3428 4106 3610 4161 Iesus.
3668 4104 3840 4158 Dixe-

2231 4202 2362 4249 runt
2389 4210 2521 4266 ergo
2546 4196 2597 4252 ei
2623 4195 2717 4252 alii
2767 4195 3016 4267 discipuli
3050 4214 3065 4251 ε
3099 4197 3352 4255 Vidimus
3403 4198 3712 4254 Dominum.
3740 4194 3838 4252 llle

2232 4295 2413 4343 autem
2443 4286 2578 4344 dixit
2605 4288 2687 4346 eis
2712 4306 2723 4343 :
2757 4288 2874 4346 Nisi
2896 4290 3085 4347 videro
3111 4290 3165 4346 in
3198 4291 3447 4346 manibus
3469 4292 3588 4361 ejus
3636 4297 3663 4326 ιι
3688 4288 3833 4343 ﬁxu-

2233 4397 2349 4439 ram
2398 4383 2710 4454 clavorum,
2756 4396 2811 4443 et
2856 4387 3068 4442 mittam
3126 4385 3357 4458 digitum
3404 4398 3583 4443 meum
3640 4385 3697 4440 in
3755 4384 3834 4440 lo-

2232 4491 2355 4532 cum
2378 4476 2691 4546 clavorum,
2725 4488 2779 4534 et
2828 4480 3035 4535 mittam
3086 4495 3305 4535 manum
3353 4493 3528 4534 meam
3588 4478 3641 4532 in
3686 4474 3835 4532 latus

2232 4568 2373 4641 ejus,
2408 4586 2513 4628 non
2539 4571 2782 4628 credam.
2809 4573 3038 4646 [ccxvu,
3058 4571 3139 4646 9.]
3166 4573 3235 4628 Et
3257 4583 3379 4645 post
3406 4573 3526 4629 dies
3555 4579 3698 4639 octo,
3727 4569 3834 4627 ite-

602 4646 756 4740 [Ccp.
783 4645 904 4702 XX.
958 4663 1100 4716 ccxx,
1131 4648 1208 4722 1.]
1266 4650 1381 4707 Una
1427 4661 1608 4711 autem
1665 4655 1904 4725 sabbati,
1960 4660 2129 4718 Maria
2156 4639 2207 4701 υ
2232 4639 2350 4722 rum
2376 4639 2955 4740 erantdiscipuli-ejus
2985 4639 3166 4735 intus;
3228 4639 3283 4723 et
3314 4667 3552 4723 Thomas
3581 4682 3702 4723 cum
3729 4665 3828 4721 eis.

532 4737 850 4810 Magdalene
878 4741 1029 4797 venit
1058 4756 1241 4812 mane,
1274 4759 1399 4799 cum
1432 4745 1608 4803 adhuc
1657 4750 1895 4807 tenebrae
1921 4764 2127 4826 essent,

530 4832 597 4887 ad
624 4842 1036 4889 monumentum
1074 4853 1088 4891 :
1118 4850 1173 4891 et
1213 4837 1349 4891 vidit
1378 4838 1609 4909 lapidem
1649 4844 1919 4901 sublatum
1952 4862 1983 4901 a
2012 4864 2129 4903 mo-

533 4936 817 4983 numento.
852 4928 997 5001 [ccx,
1026 4928 1575 5005 10.]Cucurritcrgo,
1605 4945 1661 4991 et
1689 4940 1831 4993 venit
1860 4941 1927 4996 ad
1952 4941 2130 5000 Simo-

528 5034 655 5077 nem
682 5023 926 5092 Petrum,
960 5032 1015 5080 et
1042 5024 1112 5080 ad
1137 5024 1300 5080 alium
1324 5026 1674 5099 discipulum,
1706 5047 1864 5105 quem
1909 5038 2128 5095 amabat

525 5113 707 5182 Iesus,
735 5125 791 5171 et
816 5116 1074 5173 dicitillis
1107 5135 1121 5174 :
1154 5117 1416 5175 Tulerunt
1460 5121 1751 5180 Dominum
1804 5128 1873 5184 de
1926 5146 2122 5186 monu-

527 5216 736 5274 mento,
764 5216 819 5264 et
846 5209 1122 5266 nescimus
1144 5210 1241 5266 ubi
1258 5224 1557 5282 posuerunt
1583 5230 1731 5273 eum.
1799 5218 1945 5276 Exiit
1994 5239 2126 5296 ergo

525 5299 744 5369 Petrus,
769 5301 930 5358 ctille
957 5302 1093 5357 alius
1113 5302 1433 5376 discipulus,
1462 5316 1517 5362 et
1543 5320 1813 5367 venerunt
1841 5314 1908 5369 ad
1936 5330 2128 5373 monu-

526 5403 794 5449 mentum.
823 5393 1127 5452 Currebam
1167 5407 1349 5454 autem
1383 5400 1495 5456 duo
1527 5399 1719 5471 simul,
1755 5415 1810 5462 et
1842 5406 1933 5464 ille
1985 5410 2127 5469 alius

525 5484 827 5555 discipulus
857 5488 1209 5555 praecucurrit
1235 5489 1392 5548 citius
1418 5491 1606 5559 Petro,
1635 5504 1693 5550 et
1738 5498 1887 5555 venit
1912 5501 2125 5571 primus

520 5575 589 5631 ad
619 5587 1050 5635 monumentum.
1081 5579 1298 5637 Etcum
1330 5599 1389 5639 se
1417 5585 1754 5661 inclinasset,
1787 5591 1922 5647 vidit
1949 5596 2125 5662 posita

519 5668 860 5741 linteamina,
887 5686 993 5726 non
1022 5682 1200 5729 tamen
1236 5675 1499 5733 introivit.
1530 5679 1688 5752 Venit
1740 5699 1874 5756 ergo
1921 5687 2114 5750 Simon

2239 4759 2390 4816 Venit
2420 4759 2579 4816 IeSus
2620 4761 2802 4832 januis
2830 4762 3053 4831 clausis,
3087 4769 3143 4818 et
3193 4762 3347 4819 stetit
3402 4762 3457 4817 in
3514 4762 3715 4827 medio,
3778 4768 3835 4815 et

2230 4851 2406 4909 dixit:
2433 4854 2541 4909 Pax
2567 4855 2745 4911 vobis.
2778 4855 2991 4912 Deinde
3034 4855 3165 4912 dicit
3198 4856 3420 4912 Thomas
3451 4871 3466 4911 :
3495 4856 3639 4912 lnler
3694 4855 3834 4928 digi-

2231 4955 2342 5000 tum
2377 4954 2524 5000 tuum
2552 4945 2681 5016 huc,
2724 4956 2779 5003 et
2806 4947 2931 5004 vide
2949 4965 3142 5004 manus
3173 4964 3341 5017 meas,
3377 4948 3584 5004 etall‘er
3614 4963 3831 5003 manum

2230 5045 2400 5105 tuam,
2428 5049 2481 5094 et
2512 5038 2667 5096 mitte
2695 5040 2748 5095 in
2780 5040 2923 5097 latus
2956 5055 3167 5097 meum:
3202 5050 3256 5096 et
3281 5041 3391 5097 noli
3422 5056 3546 5098 esse
3579 5041 3831 5096 incredu-

2231 5129 2339 5197 lus,
2361 5131 2457 5188 sed
2486 5132 2679 5189 fidelis.
2713 5135 2955 5207 [ccxvm,
2989 5134 3101 5208 10.]
3148 5134 3450 5207 Respondit
3486 5135 3747 5202 Thomas,
3775 5144 3832 5191 et

2231 5221 2367 5279 dixit
2394 5225 2443 5279 ei
2479 5243 2492 5280 :
2540 5225 2805 5284 Dominus
2849 5243 3038 5296 meus,
3071 5240 3123 5284 et
3168 5228 3313 5284 Deus
3366 5244 3542 5285 meus.
3592 5219 3737 5284 Dixit
3780 5227 3832 5285 ei

2228 5316 2601 5388 Icsus:Quia
2630 5323 2810 5378 vidisti
2865 5338 2972 5391 me,
3025 5323 3257 5391 Thoma,
3311 5322 3636 5380 credidisti:
3687 5321 3832 5378 beati

2227 5413 2319 5482 qui
2345 5429 2451 5468 non
2478 5413 2753 5482 viderunt,
2782 5424 2839 5472 et
2889 5415 3258 5482 crediderunt.
3314 5415 3476 5472 Multa
3524 5415 3745 5488 quidem
3776 5425 3832 5471 et

2227 5505 2331 5563 alia
2358 5508 2513 5581 signa
2536 5507 2666 5565 fecit
2689 5509 2849 5567 Iesus
2875 5511 2927 5566 iu
2960 5520 3255 5583 conspectu
3287 5512 3675 5584 discipulorum
3705 5526 3834 5568 suo-

2227 5617 2373 5674 rum,
2406 5618 2526 5676 qua}
2556 5617 2664 5659 non
2689 5615 2816 5663 sunt
2845 5605 3048 5678 scripta
3076 5606 3130 5662 in
3162 5605 3303 5662 libro
3333 5607 3457 5663 hoc.
3494 5606 3622 5663 llaec
3648 5614 3831 5663 autem

2221 5695 2423 5766 scripta
2455 5706 2610 5765 sunt,
2646 5709 2704 5754 ut
2743 5699 3002 5767 credatis,
3055 5701 3183 5772 quia
3242 5700 3403 5758 Iesus
3443 5711 3530 5758 est
3571 5700 3828 5759 Christus

591 5876 617 5905 ι
648 5865 905 5928 Fortasse
934 5869 1135 5928 rectius
1157 5872 1312 5946 juxta
1363 5876 1633 5953 Graecum,
1666 5884 1757 5943 τὸν
1778 5886 1961 5958 τύπον,
1994 5890 2347 5950 nostrietlam
2371 5908 2504 5955 mss.
2534 5894 2723 5971 legunt
2742 5897 2997 5973 ﬁguram,
3025 5914 3126 5975 pro
3146 5899 3392 5972 ﬁxuram.
