4166 6336
292 327 402 386 685

1328 329 1786 390 E‘VANGELIUM
1823 329 2194 394 SEGUNBGM
2231 335 2568 396 JOANNEM.

3489 346 3597 404 686

295 442 467 499 Filius
493 440 621 500 Dei:
653 448 710 501 et
735 449 793 502 ut
810 441 1122 512 credentes,
1149 444 1318 508 vitam
1339 445 1586 506 habeatis
1601 449 1653 506 in
1675 449 1898 508 nomine
1921 454 1976 514 Δ
2005 455 2166 511 tertio
2190 455 2569 514 manifestatus
2595 466 2679 514 est
2703 458 2863 515 Jesus
2884 459 3167 531 discipulis
3188 463 3320 525 suis.
3347 478 3468 520 cum
3499 482 3588 522 re-

293 551 436 605 eius.

373 628 528 703 (Cap.
560 629 703 686 XXI.
736 646 913 697 ccxtx,
943 630 1023 704 9.]
1064 632 1259 698 Postea
1307 634 1676 696 maniiestavit
1704 651 1763 693 se
1794 639 1895 693 ite-

298 739 425 778 rum
451 722 612 780 Jesus
635 723 655 746 ‘
681 725 969 796 discipulis
999 726 1067 782 ad
1091 743 1241 784 mare
1264 728 1588 786 Tiberiadis.
1642 730 1896 786 Manifes—

297 817 434 873 tavit
460 826 640 874 autem
664 819 762 874 sic.
799 821 1152 891 Erautsimul
1179 821 1363 878 Simon
1387 823 1604 895 Petrus,
1651 833 1708 888 et
1743 823 1892 882 Tho-

294 925 436 978 mas,
471 911 563 980 qui
595 911 796 967 dicitur
833 912 1115 982 Didymus,
1150 923 1202 969 et
1230 914 1551 983 Nathanael,
1593 918 1685 988 qui
1715 925 1830 972 erat
1863 931 1896 972 a

293 1003 446 1056 Cana
467 1002 725 1070 Galilaeae,
748 1011 806 1062 et
835 1004 926 1060 filii
957 1005 1236 1074 Zebedaai,
1260 1017 1316 1064 et
1363 1007 1452 1064 alii
1495 1025 1565 1064 ex
1616 1009 1898 1080 discipulis

293 1094 419 1165 ejus
438 1095 567 1152 duo.
600 1095 740 1156 Dicit
765 1099 847 1156 eis
869 1098 1062 1168 Simon
1103 1101 1330 1160 Petrus:
1383 1102 1530 1158 Vade
1557 1104 1774 1174 piscari.
1801 1103 1898 1164 Di-

293 1200 433 1246 cunt
478 1191 567 1246 ei:
613 1189 872 1248 Venimus
910 1199 966 1248 et
1009 1208 1112 1249 nos
1165 1204 1366 1251 tecum.
1419 1196 1488 1250 Et
1524 1196 1794 1267 exierunt,
1844 1203 1900 1253 et

293 1283 668 1341 ascenderunt
693 1285 748 1340 in
772 1289 953 1342 navim
985 1303 1000 1345 :
1033 1295 1088 1344 et
1117 1287 1207 1344 illa
1234 1295 1396 1354 nocte
1425 1289 1559 1356 nihil
1603 1289 1898 1360 prendide-

296 1388 452 1434 runt.
483 1379 640 1436 Mane
664 1389 843 1437 autem
871 1380 1012 1438 facto
1037 1383 1366 1440 stetitJesus
1410 1386 1464 1440 in
1516 1385 1698 1443 littore
1731 1405 1743 1440 :
1792 1401 1899 1442 non

297 1481 482 1527 tamen
509 1483 882 1544 cognoverunt
917 1475 1168 1549 discipuli
1212 1478 1340 1550 quia
1382 1478 1543 1538 Jesus
1597 1488 1700 1538 est.
1749 1481 1904 1542 Dixit

299 1583 434 1640 ergo
461 1570 540 1625 eis
561 1568 720 1626 Jesus
751 1588 764 1625 :
793 1570 978 1640 Pueri,
1009 1573 1270 1644 numquid
1294 1574 1710 1646 pulmentarium
1738 1576 1903 1632 liabe-

303 1662 860 1734 tis?Responderunt
912 1666 1008 1723 ei:
1063 1666 1200 1722 Non.
1253 1668 1396 1723 Dicit
1439 1671 1562 1725 eis:
1611 1671 1804 1725 Mittite
1849 1672 1902 1725 in

303 1754 588 1814 dexteram
618 1758 820 1830 navigii
851 1767 992 1829 rete,
1024 1768 1079 1815 ct
1107 1760 1420 1826 invenietis.
1455 1763 1716 1822 Miserum
1739 1777 1898 1834 ergo:

2002 551 2337 606 surrexisset
2367 567 2393 604 a
2429 551 2682 607 mortuis.
2729 552 2864 608 Cum
2897 568 3030 626 ergo
3058 557 3426 626 prandisscnt,
3459 559 3594 616 dicit

1999 641 2205 698 Simoni
2229 643 2395 701 Petro
2421 643 2583 701 Jesus
2614 662 2626 700 :
2656 645 2843 701 Simon
2867 646 3115 717 Joannis,
3143 648 3325 719 diligis
3352 666 3439 705 me
3468 652 3590 721 plus

2005 734 2136 791 his?
2167 736 2310 791 Dicit
2339 738 2388 793 ei
2425 755 2437 790 :
2469 738 2666 803 Etiam,
2696 739 2943 809 Domine,
2981 750 3034 796 tu
3074 743 3182 796 scis
3206 743 3330 812 quia
3361 758 3486 798 amo
3516 752 3592 800 te.

2004 830 2263 903 locum,
2293 831 2375 904 9.]
2404 831 2615 890 Dicitei
2646 851 2658 886 :
2693 833 2863 890 Pasce
2900 849 3068 906 agnos
3107 850 3281 890 meos.
3318 837 3592 908 [CCXXVII],

2004 925 2115 998 10.]
2149 926 2290 982 Dicit
2315 928 2366 982 ei
2399 928 2596 984 iterum
2625 945 2636 982 :
2661 927 2851 984 Simon
2872 928 3117 995 Joannis,
3146 929 3329 1000 diligis
3357 931 3479 986 me?
3504 931 3597 985 Ait

2003 1019 2082 1074 illi
2117 1037 2128 1073 :
2162 1019 2343 1076 Etiam
2391 1019 2645 1087 Domine,
2692 1032 2748 1080 tu
2788 1022 2897 1078 scis
2927 1021 3051 1093 quia
3085 1037 3210 1078 amo
3242 1032 3314 1079 te.
3349 1023 3592 1095 [ccxxrx,

2003 1111 2084 1184 9.]
2112 1114 2254 1170 Dicit
2279 1116 2328 1171 ei
2359 1115 2566 1172 :Pasce
2592 1131 2761 1186 agnos
2787 1131 2957 1173 meos.
2985 1117 3203 1190 [ccxxx,
3238 1117 3348 1188 10.]
3381 1119 3524 1174 Dicit
3546 1119 3599 1173 ei

2007 1208 2172 1262 tertio
2198 1225 2211 1262 :
2242 1206 2432 1264 Simon
2455 1208 2702 1276 Joannis,
2747 1225 2898 1265 amas
2946 1207 3078 1266 me?
3108 1211 3473 1266 Contristatus
3513 1219 3600 1266 est

2006 1298 2224 1366 Petrus,
2272 1301 2395 1372 quia
2425 1301 2567 1356 dixit
2597 1301 2646 1356 ei
2680 1302 2866 1364 tertio.
2898 1301 3064 1357 Amas
3106 1303 3226 1358 me?
3255 1311 3308 1358 et
3343 1303 3482 1358 dixit
3506 1302 3554 1359 ei
3582 1320 3602 1356 ι

2009 1389 2260 1455 Domine,
2318 1403 2374 1445 tu
2420 1393 2601 1447 omnia
2636 1403 2659 1431 ε
2692 1394 2833 1448 nosH
2882 1402 2983 1447 :tu
3037 1393 3145 1448 scis
3179 1394 3303 1464 quia
3346 1409 3471 1448 amo
3521 1402 3596 1450 te.

2009 1485 2258 1559 [causa
2286 1484 2370 1558 9.]
2399 1486 2544 1543 Dixit
2583 1487 2633 1542 ei
2677 1503 2690 1540 :
2734 1486 2906 1542 Pasce
2945 1501 3077 1542 oves
3122 1501 3293 1542 meas.
3334 1487 3601 1559 [ccxxxm

2008 1578 2122 1651 40.]
2153 1579 2350 1646 Amen,
2393 1595 2552 1635 amen
2585 1579 2707 1635 dico
2736 1579 2832 1635 tibi
2859 1598 2872 1634 :
2898 1595 3021 1635 cum
3065 1594 3216 1635 esses
3239 1579 3447 1649 junior,
3485 1579 3602 1635 cin-

2008 1672 2174 1742 gebus
2197 1679 2272 1738 te,
2296 1682 2346 1727 et
2373 1671 2696 1728 ambulabas
2722 1673 2812 1728 ubi
2841 1673 3061 1728 volebas
3097 1689 3110 1725 :
3139 1687 3262 1728 cum
3301 1681 3483 1727 autem
3507 1687 3600 1728 se-

2011 1765 2220 1830 nueris,
2251 1765 2513 1822 extendes
2544 1781 2736 1821 manus
2771 1771 2912 1829 tuas,
2957 1774 3013 1821 et
3053 1765 3193 1820 alius
3235 1775 3284 1820 te
3315 1765 3517 1835 cinget,
3548 1775 3606 1820 et

301 1861 358 1909 et
379 1853 494 1924 jam
523 1869 632 1910 non
665 1853 918 1911 valebant
950 1854 1088 1911 illud
1143 1857 1363 1913 trahere
1407 1873 1518 1927 pra:
1558 1856 1906 1914 multitudine
1933 1864 1985 1926 Β
2011 1856 2174 1913 ducet
2204 1874 2312 1928 quo
2340 1870 2392 1913 tu
2435 1873 2540 1914 non
2585 1858 2682 1914 vis.
2724 1857 2840 1914 Hoc
2869 1867 3053 1914 autem
3079 1858 3246 1924 dixit,
3291 1858 3604 1929 signiﬁcans

302 1950 554 2021 piscium.
589 1949 775 2024 [ccxx,
798 1949 910 2023 10.]
941 1952 1232 2024 Dixitergo
1275 1952 1576 2028 discipulus
1605 1954 1713 2024 ille,
1747 1971 1907 2026 quem

301 2043 567 2115 diligebat
584 2045 764 2113 Jesus,
781 2044 810 2084 δ
833 2043 998 2101 Petro
1029 2064 1042 2099 :
1073 2045 1335 2104 Dominus
1356 2055 1460 2103 est.
1487 2048 1674 2104 Simon
1716 2048 1906 2106 Petrus

301 2153 427 2194 cum
479 2139 723 2196 audisset
749 2141 876 2213 quia
930 2141 1191 2198 Dominus
1242 2151 1351 2209 est,
1405 2141 1588 2200 tunica
1639 2143 1911 2201 succinxit

301 2249 364 2290 se
432 2234 592 2306 (erat
619 2235 764 2292 enim
797 2234 1016 2307 nudus)
1077 2245 1133 2293 et
1155 2235 1304 2292 misit
1364 2251 1424 2293 se
1467 2236 1526 2294 in
1577 2253 1746 2294 mare.
1802 2238 1909 2296 Alii

301 2337 485 2382 autem
525 2327 782 2402 discipuli
833 2329 1051 2400 navigio
1103 2337 1373 2386 venerunt
1419 2330 1552 2402 (non
1609 2329 1752 2388 enim
1795 2332 1912 2387 lon-

303 2438 369 2493 ge
421 2431 576 2478 erant
630 2439 660 2478 a
711 2433 903 2493 terra,
958 2423 1056 2480 sed
1125 2424 1277 2495 quasi
1356 2423 1555 2481 cubitis
1606 2423 1909 2497 ducentis)

304 2515 585 2576 trahentes
667 2525 785 2576 rete
864 2515 1112 2588 piscium.
1181 2516 1434 2589 [ccxxr,
1492 2516 1595 2588 9.]
1656 2517 1728 2575 Ut
1781 2533 1914 2591 ergo

300 2608 709 2667 descenderunt
738 2609 792 2665 in
823 2620 1050 2679 terram,
1080 2611 1337 2668 viderunt
1365 2627 1565 2683 prunas
1592 2613 1825 2684 positas,
1859 2621 1916 2671 et

308 2702 520 2773 piscem
566 2704 1000 2775 superpositum,
1055 2713 1114 2760 et
1161 2719 1378 2776 panem.
1412 2705 1554 2762 Dicit
1600 2707 1680 2764 eis
1709 2706 1912 2764 Jesus:

309 2794 520 2851 Atl‘erte
539 2795 609 2850 de
641 2796 905 2864 piscibus,
941 2812 1078 2867 quos
1104 2798 1462 2869 prendidistis
1492 2815 1656 2856 nunc.
1688 2801 1916 2872 [ccxxu,

302 2887 395 2960 9.]
446 2889 710 2945 Ascendit
754 2889 947 2946 Simon
977 2891 1196 2962 Petrus,
1253 2899 1309 2950 et
1350 2893 1521 2948 traxit
1559 2903 1675 2950 rete
1722 2896 1778 2950 in
1810 2904 1921 2952 ter-

309 2998 448 3048 ram,
483 2983 708 3054 plenum
743 2984 957 3056 magnis
990 2985 1232 3056 piscibus
1273 2997 1494 3045 centum
1518 2989 1914 3063 quinquaginta

310 3073 511 3129 tribus.
550 3074 619 3130 Et
647 3090 770 3132 cum
813 3077 948 3132 tanti
989 3086 1200 3149 essent,
1244 3095 1353 3136 non
1390 3091 1475 3136 eSt
1512 3081 1745 3139 scissum
1775 3090 1916 3139 rete.

315 3171 579 3244 [ccxxttt,
633 3169 716 3244 9.]
763 3171 905 3227 Dicit
962 3173 1043 3229 eis
1089 3173 1248 3231 Jesus
1286 3194 1297 3228 :
1345 3175 1572 3248 Venite,
1629 3177 1918 3250 prandete.

310 3265 557 3338 μωσιν,
586 3264 700 3339 10.]
753 3266 820 3321 Et
859 3283 1017 3323 nemo
1066 3268 1298 3327 audebat
1341 3271 1806 3331 discumbentium
1838 3275 1923 3330 in-

2015 1965 2122 2022 qua
2157 1960 2337 2007 morte
2382 1950 2778 2007 clariﬁcaturus
2817 1959 2965 2008 esset
3011 1953 3200 2007 Deum.
3249 1950 3316 2006 Et
3348 1966 3468 2008 cum
3502 1949 3606 2006 hoc

2013 2043 2268 2112 dixisset,
2320 2045 2450 2099 dicit
2490 2045 2537 2099 ei
2564 2063 2577 2098 :
2607 2044 2849 2115 Sequere
2902 2059 3013 2100 me.
3060 2043 3373 2100 Conversus
3415 2043 3612 2098 Petrus

2013 2138 2151 2195 vidit
2188 2139 2340 2194 illum
2389 2139 2739 2210 discipulum,
2788 2155 2947 2210 quem
2987 2139 3256 2212 diligebat
3293 2140 3476 2205 Jesus,
3525 2156 3615 2196 se—

2011 2241 2294 2305 quentem,
2324 2231 2416 2303 qui
2439 2243 2494 2289 et
2519 2232 2769 2288 recubuit
2797 2234 2849 2288 in
2874 2249 3027 2289 coena
3057 2247 3222 2303 super
3249 2241 3442 2303 pectus
3469 2233 3610 2303 ejus,

2016 2333 2073 2381 et
2096 2325 2232 2380 dixit
2265 2325 2562 2390 :Domiue,
2593 2327 2718 2397 quis
2745 2337 2827 2382 est
2856 2326 2946 2397 qui
2980 2325 3158 2382 tradet
3185 2326 3272 2382 te?
3305 2325 3457 2380 lluuc
3483 2340 3613 2396 ergo

2017 2437 2141 2477 cum
2171 2421 2394 2478 vidisset
2414 2421 2632 2488 Petrus,
2661 2421 2800 2478 dixit
2823 2422 2954 2477 Jesu
2983 2438 2996 2476 :
3022 2421 3276 2486 Domine,
3314 2419 3401 2476 hic
3430 2429 3615 2476 autem

2018 2515 2145 2585 quid
2173 2513 2196 2568 ?
2221 2515 2361 2571 Dicit
2389 2514 2441 2571 ei
2468 2515 2632 2572 Jesus
2659 2512 2720 2568 :‘1
2752 2513 2846 2571 Sic
2872 2531 2996 2571 eum
3031 2515 3154 2570 volo
3184 2529 3408 2570 manere
3435 2511 3611 2568 donec

2019 2608 2258 2676 veniam,
2311 2607 2441 2680 quid
2491 2608 2558 2664 ad
2615 2607 2707 2666 te?
2749 2617 2804 2663 tu
2847 2623 2935 2664 me
2984 2622 3236 2678 sequere.
3285 2607 3439 2662 Exiit
3481 2622 3612 2678 ergo

2019 2714 2202 2756 sermo
2228 2703 2328 2757 iste
2355 2701 2498 2757 inter
2520 2701 2740 2771 fratres,
2772 2702 2898 2772 quia
2924 2701 3228 2771 discipulus
3251 2700 3341 2756 ille
3371 2715 3476 2756 non
3499 2715 3617 2756 mo-

2023 2794 2183 2848 ritur.
2217 2793 2284 2848 Et
2312 2809 2420 2849 non
2450 2793 2586 2850 dixit
2609 2795 2659 2850 ei
2689 2793 2851 2850 Jesus
2882 2780 3046 2849 :Non‘
3071 2795 3330 2860 moritur;
3354 2794 3452 2850 sed
3478 2812 3490 2848 :
3525 2794 3618 2850 Sic

2024 2903 2146 2944 eum
2175 2888 2300 2945 volo
2333 2904 2557 2946 manere
2580 2889 2756 2944 donec
2782 2889 3016 2958 veniam,
3048 2889 3176 2960 quid
3206 2890 3273 2946 ad
3305 2891 3388 2947 te?
3421 2891 3517 2945 llic
3536 2899 3621 2946 est

2025 2982 2323 3054 discipulus
2358 2984 2486 3051 ille,
2515 2984 2608 3056 qui
2647 2983 3020 3041 testimonium
3055 2985 3309 3056 perhibet
3337 2985 3404 3042 de
3431 2985 3538 3056 his,
3572 2995 3630 3043 et

2027 3079 2247 3151 scripsit
2267 3079 2387 3136 haec
2404 3097 2416 3134 :
2433 3089 2489 3138 et
2511 3080 2742 3151 scimus,
2772 3083 2900 3156 quia
2927 3097 3116 3137 verum
3142 3091 3225 3138 est
3252 3081 3625 3138 testimonium

2027 3170 2144 3243 ejus
2177 3181 2344 3228 :sunt
2390 3182 2575 3230 autem
2621 3182 2676 3232 et
2715 3174 2822 3229 alia
2870 3174 3062 3241 multa,
3109 3190 3229 3245 quae
3260 3173 3388 3230 fecit
3413 3172 3574 3231 Jesus
3609 3193 3618 3227 :

2027 3285 2149 3340 quae
2206 3269 2255 3325 si
2303 3269 2619 3327 scribantur
2665 3286 2764 3344 per
2809 3269 3061 3344 singula,
3112 3285 3216 3326 nec
3257 3270 3432 3341 ipsum
3485 3269 3632 3326 arbi-

313 3365 595 3430 terrogare
623 3375 747 3416 eum
779 3377 792 3413 :
817 3360 898 3416 Tu
927 3362 1047 3432 quis
1075 3362 1170 3418 es?
1194 3365 1456 3435 scientes,
1489 3366 1616 3440 quia
1649 3369 1915 3426 Dominus
1943 3347 1990 3413 C
2024 3373 2136 3422 tror
2170 3365 2433 3423 mundum
2462 3381 2664 3438 capere
2693 3380 2858 3438 posse
2896 3379 3015 3436 eos,
3043 3364 3136 3438 qui
3165 3363 3449 3424 scribendi
3473 3372 3622 3434 sunt,

310 3462 416 3508 est.
445 3452 663 3526 [ccxxv,
688 3453 770 3526 9.]
798 3454 867 3510 Et
896 3457 1044 3512 venit
1065 3456 1247 3526 Jesus,
1289 3468 1346 3516 et
1369 3461 1584 3534 accepit
1614 3477 1832 3535 panem,
1859 3471 1916 3520 et

310 3544 405 3601 dat
441 3546 545 3616 eis,
576 3554 631 3602 et
661 3547 870 3619 piscem
910 3548 1188 3608 similiter.
1231 3551 1468 3627 [ccxxv1,
1500 3553 1614 3627 10.]
1656 3555 1770 3613 Hoc
1805 3556 1918 3628 jam
1978 3596 1987 3607 -

385 3708 414 3738 ³
448 3711 566 3769 Duo
595 3729 628 3771 e
658 3717 862 3795 n_ostris
888 3733 1020 3773 mss.
1045 3734 1152 3795 non
1182 3719 1387 3795 addunt
1409 3721 1680 3795 discipulis
1713 3738 1732 3777 :
1768 3737 1919 3795 qua:—

316 3781 439 3839 dam
487 3802 620 3842 vero
665 3787 853 3846 Grteca
909 3792 1252 3863 exemplaria
1303 3795 1466 3850 etiam
1515 3781 1670 3850 Jesus
1721 3781 1919 3851 no'men

317 3866 673 3924 przetereunt.

390 3925 417 3965 δ
449 3927 656 4011 ῌοιιιᾳιι
688 3930 885 4011 Petro,
924 3933 1067 4004 quod
1094 3934 1149 4011 in
1177 3934 1593 4011 Grzecistamen
1646 3939 1924 4007 plerisque

319 4001 571 4129 :nBtniths
600 4002 748 4129 litbris
800 4001 1063 4078 habetur,
1096 4008 1163 4065 ab
1193 4025 1300 4065 uno
1357 4010 1603 4066 alterove
1646 4001 1678 4066 e
1727 4001 1926 4066 nosiris

405 4087 452 4129 ε.
484 4089 514 4128 a
555 4090 615 4129 es
645 4117 657 4129 .

323 4085 452 4129 mss.
484 4084 657 4133 ευθει.

396 4154 417 4233 ὲ
439 4144 629 4233 Primo
650 4151 811 4207 etiam
839 4151 961 4233 loco
988 4152 1096 4211 duo
1113 4170 1145 4209 e
1167 4153 1368 4210 nostris
1387 4169 1519 4211 mss.
1538 4155 1854 4226 praeferunt,
1875 4165 1932 4209 tu

327 4230 499 4292 omnia
529 4227 650 4292 scis,
685 4239 782 4292 pro
801 4227 957 4280 nosti.

353 4358 364 4370 '
398 4284 1067 4370 d_Antiqui_ssimus_error
1092 4296 1441 4367 scriptorum,
1475 4298 1564 4370 qui
1593 4315 1695 4370 pro
1724 4299 1767 4354 si
1796 4314 1926 4368 par-

331 4361 501 4439 tqula
547 4361 923 4433 conditionali,
986 4361 1289 4434 posuerunt
1342 4361 1711 4439 sic','contra
1769 4361 1929 4426 [idem

330 4431 504 4515 (ξιῳοὶ
524 4444 840 4515 contextus,
872 4431 1072 4515 ubi_tia'tv
1097 4441 1324 4511 legitur;
1346 4431 1493 4512 quod
1522 4443 1693 4515 Syrus
1719 4457 1936 4515 (ιυοιιιιεὲ

329 4511 383 4557 et
408 4504 588 4581 Arabs
616 4504 936 4581 sequuntur.
971 4513 1030 4570 lu
1073 4504 1180 4570 ms“.
1223 4504 1416 4570 nostro
1447 4504 1639 4570 codice
1681 4504 1934 4570 num.'i9

329 4578 649 4639 emendatus
670 4578 774 4639 fuit
792 4583 944 4642 locus
964 4595 1216 4659 uterque,
1245 4586 1334 4643 ubi
1359 4587 1434 4643 sic
1451 4587 1690 4658 positum
1708 4596 1821 4655 est;
1841 4585 1937 4644 sed

2022 3459 2214 3518 libros.

2027 3723 2130 3780 alia
2177 3737 2372 3798 manus
2411 3723 2658 3792 reposuit
2696 3719 2842 3798 quod
2885 3718 3233 3798 emendatum
3285 3725 3425 3798 erat.
3456 3715 3627 3798 .Alius

2027 3803 2208 3870 autem
2233 3795 2404 3870 codex
2429 3789 2537 3849 ms.
2564 3789 2726 3850 num.
2749 3794 2839 3862 15,
2871 3807 2995 3847 cum
3020 3791 3195 3861 primo
3218 3790 3337 3845 loco
3367 3789 3589 3870 legisset
3617 3803 3632 3870 ξ

2028 3867 2120 3942 Sic
2143 3884 2265 3942 eum
2292 3865 2411 3921 volo
2438 3881 2670 3942 manere,
2703 3858 2843 3942 etc...
2872 3858 3059 3933 postea
3091 3875 3271 3942 tamen
3299 3861 3506 3942 posuit,
3536 3858 3628 3942 seri

2027 3940 2072 3994 si
2108 3940 2182 3994 sic
2209 3955 2324 3994 eum
2365 3939 2478 3994 volo
2525 3954 2751 4006 manere,
2809 3931 2976 3989 donec
3003 3935 3226 4003 veniam,
3274 3931 3397 4000 quid
3438 3932 3506 3985 ad
3546 3931 3633 3983 te?

2028 4010 2230 4084 Cazteri
2253 4018 2570 4084 cun5t_anter
2602 4010 2786 4084 legunt
2815 4009 2907 4060 sic.
2951 4007 3144 4084 Many
3245 4075 3276 4084 _
3317 4073 3386 4084 ω
3559 4072 3573 4084 ς
3616 4073 3630 4084 υ

2101 4112 2170 4156 έ-
2192 4082 2376 4156 Codex
2400 4082 2620 4156 Regium
2646 4072 2924 4156 s'ub_nun_t.
2948 4080 3034 4156 i4,
3054 4078 3216 4156 quiet
3242 4072 3633 4156 S._Wenceslai

2038 4154 2206 4210 fuisse
2244 4154 2372 4208 olim
2407 4153 2624 4219 dicitur,
2657 4153 2839 4221 probae
2873 4151 2920 4205 is
2943 4151 3160 4221 quidem
3205 4149 3540 4221 antiquitatis
3578 4155 3636 4199 et

2040 4235 2205 4294 notae,
2236 4227 2282 4279 si
2314 4227 2443 4295 legit
2466 4217 2700 4295 utroque
2743 4225 2795 4278 in
2827 4217 2975 4286 loco,
3012 4237 3112 4290 pro
3147 4221 3434 4295 sic,juxta
3479 4217 3634 4274 Greco

2040 4240 2205 4294 novae,
2236 4243 2282 4279 δι
2314 4240 2443 4295 legtt
2466 4240 2594 4280 utro
2635 4240 2700 4278 tte
2743 4241 2795 4278 tn
2827 4240 2968 4286 loco,
3012 4240 3112 4290 pro
3147 4240 3253 4285 διε,
3281 4240 3434 4288 luxui
3479 4240 3634 4274 urar

2040 4314 2163 4354 cum
2208 4307 2414 4353 textum
2457 4300 2566 4356 ἐὰν.
2595 4240 2862 4364 ὃιιοιιῑιιιιι
2903 4308 3033 4350 vero
3064 4293 3376 4348 tralatitiam
3409 4290 3511 4344 hac
3540 4305 3634 4343 su-

2042 4386 2139 4441 per
2184 4387 2242 4424 re
2272 4369 2628 4440 quatstiouem
2679 4378 3090 4444 retexere,_n0u
3135 4373 3278 4421 este
3330 4372 3633 4444 reposita.

2042 4434 2529 4508 auctores-sumus,
2567 4450 2623 4495 ut
2658 4440 2819 4495 adeas
2852 4437 3081 4494 Criticos
3107 4451 3315 4500 sacros,
3361 4443 3417 4488 et
3443 4434 3639 4488 Hiero-

2044 4529 2268 4586 nymum
2313 4522 2560 4569 nostrum
2607 4510 2702 4586 lib.
2733 4528 2748 4568 ι
2775 4522 2966 4586 contra
3003 4510 3376 4572 Jovinianum,
3424 4516 3479 4560 et
3517 4519 3640 4574 qua:

2046 4583 2203 4643 nobis
2228 4594 2412 4644 notata
2433 4593 2562 4641 sunt
2581 4583 2652 4640 ad
2674 4599 2796 4640 eum
2823 4583 3025 4648 locum.
3475 4619 3478 4622 λ

1373 4720 1604 4792 Explicit
1626 4720 1966 4792 Evangelium
1999 4717 2282 4777 secuitdum
2309 4716 2584 4774 Joannem.
