4166 6336
585 343 691 403 687

1412 484 1858 496 *ᾠ--εψλ

1601 343 1662 401 S.
1705 341 2091 404 HIERONYMI
2128 342 2361 402 DIVINA
2398 341 2878 400 BIBLIOTHECA.

3778 339 3886 398 688

2777 481 3014 492 ..____-—-

2443 485 2768 493 ——___—.-

583 479 3874 539 ῳ

1170 660 1314 775 s.
1392 661 2107 778 EUSEBII
2180 662 3304 813 HIEBONYMI,

1661 856 2235 920 STRIDONENSIS
2279 859 2799 936 PRESBYTERI,

841 1026 1742 1191 DIVINAZ
1875 1026 3631 1260 BIBLIOTHECXE

1494 1315 2013 1446 PARS
2130 1318 2961 1470 TERTIA,

1611 1527 2060 1582 COMPLECTENS
2092 1529 2318 1583 NOVUM
2351 1530 2852 1584 TESTAMENTUM.

1383 1815 1817 1926 anno
1949 1811 3066 1954 APOSTOLICUS,

733 2029 816 2092 1η
835 2047 955 2110 quo
985 2033 1132 2089 sunt
1162 2047 1180 2087 :
1211 2025 1406 2088 Actus
1437 2016 1911 2102 Apostolorum,
1953 2013 2268 2094 Episton
2301 2013 2512 2089 Pauli,
2546 2017 2863 2099 Epistolas
2891 2021 3250 2104 Canonicae,
3280 2026 3719 2109 Apocalypsis.

2007 2264 2446 2352 INCIPIT

590 2449 1184 2594 LIBER
1308 2436 2156 2588 ACTUUM

2281 2441 2394 2583 A
2419 2442 3880 2606 POSTOLORUM.

1516 2665 1680 2723 Juxta
1706 2664 1989 2738 Exemplar
2026 2663 2333 2722 Vaticanum
2362 2685 2566 2727 summa
2598 2673 2703 2744 ﬁde
2735 2677 2925 2734 editus.

646 2958 797 3032 [Cap.
828 2955 895 3030 1.]
935 2955 1176 3011 Primum
1199 2950 1415 3025 quidem
1440 2964 1754 3007 sermonem
1784 2947 1889 3004 ieci
1914 2945 1982 3004 de
2004 2945 2173 3003 omni-
2199 2945 2254 3010 Α
2279 2957 2433 3005 erant
2458 2966 2879 3025 perseverantes
2910 2959 3238 3018 unanimiter
3255 2961 3310 3017 in
3340 2963 3589 3021 oratione
3609 2977 3734 3020 cum
3767 2982 3888 3022 mu-

574 3051 701 3119 bus,
749 3065 784 3106 ο
814 3047 1146 3121 Theophile,
1177 3062 1298 3117 quae
1343 3045 1513 3116 coepit
1541 3044 1701 3101 Jesus
1743 3042 1950 3108 facere,
1989 3050 2043 3096 et
2069 3039 2178 3105 Ido-

576 3162 725 3216 cere,
773 3160 946 3216 usque
989 3144 1043 3199 in
1076 3143 1239 3208 diem,
1278 3156 1384 3207 qua
1419 3141 1745 3212 praecipiens
1775 3136 2038 3208 apostolis
2079 3151 2177 3206 per

573 3241 838 3312 Spiritum
866 3248 1138 3306 sanctum,
1167 3249 1307 3306 quos
1331 3234 1516 3306 elegit,
1555 3242 1866 3304 assumptus
1894 3239 1979 3287 est
2011 3249 2023 3283 :
2057 3228 2178 3300 qui-

573 3332 680 3388 bus
709 3341 764 3387 et
794 3329 1019 3400 pra'buit
1047 3328 1290 3398 seipsum
1323 3325 1502 3382 vivum
1531 3334 1656 3397 post
1682 3326 1993 3395 passionem
2023 3337 2175 3377 suam

573 3425 629 3479 in
658 3423 842 3478 multis
868 3421 1226 3493 argumentis,
1250 3435 1350 3491 per
1371 3419 1489 3475 dies
1512 3418 1869 3490 quadraginta
1899 3430 2176 3486 apparens

584 3516 687 3584 eis,
711 3524 766 3572 et
786 3516 1010 3586 loquens
1035 3514 1103 3570 de
1123 3528 1290 3584 regno
1309 3512 1425 3569 Dei.
1451 3511 1520 3567 Et
1538 3525 1895 3575 convesccns,
1920 3507 2177 3578 praecepit

585 3609 667 3666 eis
705 3610 775 3665 ab
820 3607 1174 3679 Jerosolymis
1226 3621 1293 3662 ne
1335 3605 1703 3670 discederent,
1754 3601 1847 3657 sed
1889 3608 2176 3671 exspecta-

571 3713 699 3761 rent
744 3703 1166 3774 promissionem
1210 3700 1409 3766 Patris,
1461 3715 1627 3770 quam
1676 3695 1899 3752 audistis
1947 3692 2173 3766 (inquit)

573 3811 674 3868 per
695 3811 757 3852 os
783 3811 965 3852 meum
994 3813 1008 3850 :
1038 3796 1163 3866 quia
1188 3792 1430 3850 Joannes
1451 3791 1670 3863 quidem
1695 3790 1989 3860 baptizavit
2010 3804 2170 3860 aqua,

568 3903 667 3945 vos
707 3897 889 3944 autem
934 3885 1350 3957 baptizabimini
1398 3885 1603 3954 Spiritu
1647 3892 1840 3938 sancto
1888 3896 1994 3936 non
2047 3887 2172 3951 post

568 3985 777 4041 multos
806 3984 906 4040 hos
934 3982 1072 4039 dies.
1105 3982 1272 4054 Igitur
1293 3981 1386 4053 qui
1423 3988 1818 4046 convenerant,
1865 3975 2174 4047 interroga-

569 4077 703 4134 bant
729 4093 875 4142 eum,
907 4075 1150 4131 dicentes
1177 4093 1190 4128 :
1222 4074 1473 4140 Domine,
1505 4073 1550 4128 si
1582 4073 1636 4127 in
1668 4080 1915 4140 tempore
1943 4070 2167 4132 hocre-

567 4169 763 4225 stitues
811 4182 1042 4238 regnum
1085 4166 1294 4222 Israel?
1343 4165 1489 4221 Dixit
1541 4171 1720 4218 autem
1773 4160 2033 4218 ciszNon
2089 4168 2174 4217 est

569 4270 818 4316 vestrum
841 4273 1005 4314 nosse
1037 4266 1283 4327 tempora
1309 4256 1396 4313 vel
1418 4265 1716 4324 momenta,
1746 4269 1867 4324 quae
1891 4253 2052 4309 Pater
2073 4269 2171 4324 po-

2278 3041 2524 3113 lieribus,
2571 3057 2627 3103 et
2673 3049 2841 3106 Maria
2875 3063 3052 3111 matre
3080 3055 3231 3126 Jesu,
3271 3065 3328 3114 et
3365 3051 3620 3115 fratribus
3649 3061 3790 3132 ejus.
3828 3061 3885 3119 ln

2281 3136 2470 3193 diebus
2494 3139 2604 3195 illis
2626 3155 2929 3215 exsurgens
2945 3146 3142 3205 Petrus
3176 3151 3229 3205 in
3274 3151 3455 3207 medio
3482 3152 3710 3209 fratrum
3743 3154 3884 3210 dixit

2281 3228 2422 3301 (erat
2455 3241 2639 3290 autem
2673 3238 2831 3293 turba
2861 3239 3142 3297 hominum
3169 3243 3354 3311 simul,
3397 3245 3513 3302 fere
3547 3258 3770 3302 centum
3802 3248 3881 3302 vi-

2280 3323 2439 3396 ginti)
2474 3344 2485 3380 :
2517 3327 2633 3384 Viri
2694 3330 2928 3404 fratres,
2988 3345 3208 3407 Oportet
3272 3338 3488 3410 impleri
3544 3340 3882 3412 Scripturam

2278 3431 2440 3486 quam
2487 3419 2742 3489 praedixit
2785 3423 3023 3495 Spiritus
3069 3439 3292 3485 sanctus
3335 3446 3431 3502 per
3485 3446 3548 3503 o_s
3595 3432 3767 3489 David
3808 3433 3877 3490 de

2276 3505 2444 3580 Juda,
2477 3513 2568 3581 qui
2597 3511 2699 3569 fuit
2725 3514 2836 3571 dux
2883 3533 3076 3576 eorum
3099 3521 3191 3592 qui
3225 3523 3766 3594 comprehenderunt
3794 3525 3886 3582 Je-

2277 3615 2397 3658 sum
2431 3621 2445 3659 :
2476 3606 2569 3676 qui
2610 3621 3040 3670 connumeratus
3067 3623 3186 3671 erat
3225 3616 3280 3671 in
3325 3617 3509 3683 nobis,
3550 3626 3606 3674 et
3649 3621 3879 3676 sortitus

2279 3704 2364 3751 est
2394 3709 2599 3756 sortem
2647 3703 2937 3761 ministerii
2967 3706 3150 3779 hujus.
3182 3709 3250 3765 Et
3276 3708 3366 3766 hic
3391 3711 3612 3782 quidem
3636 3713 3882 3784 possedit

2278 3803 2468 3861 agrum
2514 3793 2582 3850 de
2613 3797 2866 3854 mercede
2894 3799 3220 3872 iniquitatis,
3252 3813 3306 3859 et
3332 3819 3638 3880 suspensus
3669 3807 3883 3877 crepuit

2280 3886 2492 3943 medius
2524 3907 2534 3941 :
2567 3899 2624 3945 et
2644 3889 2842 3948 diffusa
2867 3903 2996 3949 sunt
3035 3896 3215 3952 omnia
3245 3897 3456 3954 viscera
3495 3898 3639 3969 ejus.
3675 3899 3747 3955 Et
3786 3915 3882 3955 no-

2279 3986 2389 4034 tum
2427 3979 2626 4038 factum
2657 3994 2741 4040 est
2771 3985 3026 4043 omnibus
3053 3987 3430 4046 habitantibus
3452 3991 3782 4059 Jerusalem,
3808 3993 3881 4048 ita

2275 4078 2336 4126 ut
2363 4074 2735 4143 appellaretur
2759 4092 2886 4150 ager
2918 4079 3034 4146 ille,
3068 4082 3247 4153 lingua
3277 4098 3488 4151 eorum,
3522 4083 3874 4153 Haceldama,

2277 4165 2380 4223 hoc
2402 4176 2507 4234 cst,
2535 4185 2666 4240 ager
2704 4174 3010 4244 sanguinis.
3055 4175 3334 4246 Scriptum
3365 4189 3449 4235 est
3478 4179 3624 4235 enim
3651 4179 3706 4235 in
3735 4179 3873 4237 libro

2273 4255 2616 4317 Psalmorum
2657 4263 2820 4318 :Fiat
2864 4268 3230 4324 commoratio
3277 4285 3466 4327 eorum
3514 4271 3763 4338 deserta,
3821 4281 3874 4327 ct

569 4356 680 4411 suit
709 4354 761 4408 in
786 4369 878 4408 sua
910 4361 1182 4424 potestate
1213 4369 1228 4410 :
1262 4352 1357 4408 sed
1385 4350 1665 4423 accipietis
1689 4349 1954 4406 virtutem
1981 4364 2171 4422 super—
2200 4335 2386 4404 B‘non
2409 4349 2477 4405 sit
2498 4354 2588 4422 qui
2621 4353 2889 4414 inhabitet
2916 4357 2969 4413 in
3001 4375 3063 4416 ea
3107 4379 3118 4413 :
3153 4370 3208 4417 et
3236 4363 3606 4434 episcopatum
3637 4335 3760 4434 ejus
3788 4379 3876 4420 ac-

570 4448 846 4506 venientis
873 4447 1108 4519 Spiritus
1139 4447 1313 4503 sancti
1344 4447 1398 4502 in
1429 4461 1546 4514 vos,
1579 4456 1632 4501 et
1654 4445 1810 4502 eritis
1839 4443 1976 4500 mihi
2006 4454 2172 4500 testes

572 4543 627 4599 in
667 4542 997 4612 Jerusalem,
1037 4549 1095 4598 et
1143 4543 1196 4597 in
1241 4538 1394 4597 omni
1435 4539 1645 4609 Judaea,
1697 4548 1753 4594 et
1807 4537 2076 4604 Samaria,
2120 4545 2174 4594 et

573 4652 746 4709 usque
773 4637 842 4694 ad
882 4637 1136 4693 ultimum
1180 4645 1363 4693 terra}.
1406 4635 1628 4699 Etcum
1665 4633 1783 4690 haec
1808 4633 2060 4702 dixisset,
2093 4631 2174 4687 vi-

570 4730 832 4787 dentibus
859 4730 990 4796 illis,
1028 4729 1278 4787 elevatus
1306 4737 1391 4786 est
1424 4747 1436 4782 :
1468 4737 1522 4784 et
1552 4727 1727 4784 nubes
1761 4727 2000 4797 suscepit
2046 4741 2172 4782 eum

564 4823 636 4880 ab
665 4823 842 4880 oculis
893 4837 1102 4880 eorum.
1159 4822 1408 4894 Cumque
1459 4821 1811 4879 intuerentur
1859 4821 1913 4877 in
1967 4820 2167 4876 caelum

574 4924 797 4971 euntem
826 4914 998 4982 illum,
1031 4929 1162 4970 ecce
1193 4913 1302 4968 duo
1328 4914 1433 4969 viri
1463 4913 1752 4970 astiterunt
1775 4914 1931 4984 juxta
1960 4913 2088 4967 illos
2120 4913 2173 4968 in

575 5007 822 5063 vestibus
850 5007 1011 5074 albis,
1059 5005 1153 5078 qui
1183 5015 1238 5062 et
1284 5005 1544 5062 dixerunt
1582 5024 1595 5061 :
1628 5005 1744 5061 Viri
1776 5006 2010 5073 Galilazi,
2043 5005 2170 5077 quid

572 5102 731 5158 statis
778 5102 1104 5172 aspicientes
1136 5102 1189 5156 in
1225 5101 1465 5157 ccelum?
1501 5101 1590 5157 hic
1619 5100 1800 5170 Jesus,
1831 5101 1923 5172 qui
1957 5115 2168 5156 assum-

571 5207 698 5269 ptus
733 5206 818 5253 est
842 5211 874 5251 a
901 5195 1055 5252 vobis
1099 5195 1153 5249 in
1200 5195 1420 5262 caelum,
1473 5195 1553 5251 sic
1579 5195 1782 5260 veniet,
1815 5193 2171 5265 quemadmo-

570 5291 702 5347 dum
733 5290 940 5345 vidistis
983 5304 1108 5346 eum
1148 5301 1366 5345 euntem
1418 5288 1474 5345 in
1510 5289 1732 5345 ctelum.
1763 5287 1917 5343 Tunc
1960 5288 2167 5343 reversi

579 5393 708 5442 sunt
735 5381 1134 5455 Jerosolymam
1162 5399 1192 5438 a
1219 5391 1424 5451 monte,
1456 5383 1548 5454 qui
1579 5391 1803 5438 vocatur
1831 5381 2051 5448 Oliveti,
2076 5381 2168 5450 qui

566 5475 829 5544 estjuxta
871 5473 1199 5543 Jerusalem,
1251 5475 1467 5530 sabbati
1513 5474 1719 5529 habens
1763 5475 1886 5533 iter.
1942 5474 2006 5528 Et
2043 5456 2166 5527 cum

565 5568 889 5625 introissent
937 5569 991 5623 in
1031 5568 1393 5635 cmnaculum,
1438 5567 1804 5623 ascenderunt
1845 5565 1934 5622 ubi
1977 5581 2162 5619 manc-

564 5663 696 5719 bant
727 5661 924 5717 Petrus
945 5664 1002 5717 et
1024 5661 1290 5729 Joannes,
1325 5660 1560 5717 Jacobus
1588 5670 1642 5715 et
1665 5661 1936 5722 Andreas,
1963 5657 2167 5726 Philip-

558 5771 662 5827 pus
686 5763 745 5812 et
765 5755 1026 5821 Thomas,
1051 5753 1487 5810 Bartholomazus
1504 5763 1558 5809 et
1585 5751 1890 5815 Matthaens,
1920 5749 2157 5806 Jacobus
2189 5733 2236 5797 C

559 5847 794 5919 Alphtei,
819 5857 871 5907 et
891 5847 1080 5908 Simon
1108 5846 1348 5917 Zelotes,
1379 5855 1435 5906 et
1463 5845 1629 5905 Judas
1647 5843 1856 5903 Jacobi.
1881 5841 1947 5900 lli
1965 5857 2154 5903 omnes

2276 4445 2442 4514 cipiat
2472 4447 2632 4503 alter.
2662 4448 2887 4522 Oportet
2917 4467 3049 4526 ergo
3077 4471 3145 4512 ex
3173 4455 3259 4511 his
3291 4457 3442 4524 viris,
3469 4457 3559 4528 qui
3583 4457 3867 4514 uobiscum

2275 4546 2403 4592 sunt
2446 4544 2758 4614 congregati
2797 4544 2853 4600 in
2891 4550 3039 4602 omni
3079 4556 3343 4620 tempore,
3389 4565 3497 4621 quo
3526 4551 3771 4620 intravit,
3815 4561 3870 4608 et

2275 4629 2446 4686 exivit
2476 4632 2618 4690 inter
2667 4651 2769 4692 nos
2807 4637 3067 4695 Dominus
3095 4641 3278 4710 Jesus,
3319 4641 3590 4712 incipiens
3629 4657 3658 4696 a
3689 4642 3864 4714 bapti-

2275 4732 2450 4781 smate
2475 4723 2705 4783 Joannis
2749 4745 2922 4801 usque
2950 4731 3006 4786 in
3046 4732 3191 4789 diem
3227 4749 3331 4804 qua
3377 4743 3687 4806 assumptus
3719 4745 3805 4792 est
3834 4752 3862 4790 a

2284 4816 2469 4884 nobis,
2517 4826 2713 4876 testem
2775 4823 3194 4880 resurrecﬁonis
3249 4825 3368 4895 ejus
3420 4826 3704 4882 nobiscum
3759 4827 3872 4884 ﬁeri

2277 4925 2447 4965 unum
2469 4926 2535 4967 ex
2577 4913 2716 4969 istis.
2754 4913 2820 4970 Et
2861 4924 3181 4973 statuerunt
3211 4917 3374 4987 duos,
3403 4917 3631 4990 Joseph,
3667 4922 3757 4992 qui
3782 4937 3873 4976 vo~

2274 5003 2500 5058 cabatur
2536 5004 2827 5075 Barsabas,
2867 5009 2962 5081 qui
2992 5012 3411 5082 cognominatus
3455 5023 3540 5070 est
3572 5012 3784 5083 Justus,
3813 5026 3869 5074 et

2272 5094 2573 5156 Matthiaiu.
2625 5101 2693 5156 Et
2733 5113 2954 5160 orantes
2995 5105 3250 5162 dixerunt
3280 5106 3419 5175 :Tu,
3471 5108 3724 5179 Domine,
3775 5112 3867 5181 qui

2271 5189 2435 5246 corda
2463 5194 2606 5248 nosti
2645 5195 2907 5261 omnium,
2945 5198 3192 5268 ostende,
3225 5215 3388 5270 quem
3415 5200 3647 5272 elegeris
3675 5217 3742 5258 ex
3776 5203 3862 5259 his

2273 5281 2484 5341 duobus
2517 5303 2706 5356 unum,
2755 5290 3004 5360 accipere
3046 5292 3226 5348 locum
3273 5294 3564 5350 ministerii
3598 5295 3782 5366 hujus,
3815 5307 3871 5352 et

2272 5381 2639 5450 apostolatus,
2689 5382 2759 5440 de
2803 5401 2913 5456 quo
2960 5387 3348 5458 prmvaricatus
3398 5397 3483 5445 est
3560 5389 3747 5458 Judas,
3812 5401 3871 5446 ut

2270 5473 2442 5529 abiret
2470 5475 2524 5531 in
2553 5476 2728 5532 locum
2758 5493 2939 5536 suum.
2972 5480 3039 5535 Et
3061 5481 3330 5537 dederunt
3359 5492 3540 5538 sortes
3562 5484 3668 5548 eis,
3699 5493 3754 5539 et
3779 5499 3865 5540 cc-

2271 5564 2403 5621 cidit
2431 5582 2549 5624 sors
2577 5584 2740 5639 super
2765 5571 3070 5642 Matthiam,
3115 5583 3171 5630 et
3205 5583 3602 5631 annumeratus
3627 5583 3714 5632 est
3743 5592 3868 5633 cum

2271 5659 2520 5717 undecim
2551 5666 2848 5734 Apostolis.

2340 5755 2511 5829 [ϐαρ.
2561 5758 2668 5833 ΙΙ.]
2709 5761 2776 5817 Ει
2849 5778 2972 5820 cum
3053 5766 3465 5836 complerentur
3532 5767 3650 5824 dies
3715 5767 3858 5824 Pen-

2262 5855 2536 5925 tecostes,
2598 5863 2752 5913 erant
2804 5872 2994 5916 omnes
3045 5857 3248 5930 pariter
3303 5858 3358 5915 in
3413 5859 3609 5920 eodem
3668 5861 3796 5921 loco
3845 5879 3860 5917 :
