4166 6336
278 383 383 442 689

1396 377 1598 435 LIBER
1640 374 1927 436 ACTUUM
1968 374 2499 434 APOSTOLORUM.

3478 378 3582 437 690

275 514 333 558 et
391 502 568 559 lactus
622 509 709 557 est
750 508 980 573 repente
1027 498 1097 555 de
1161 498 1302 555 etelo
1356 511 1558 560 sonus,
1603 504 1876 566 tamquam
1904 504 1954 559 Α
1978 492 2475 564 juraudojttrasset
2503 494 2580 549 illi
2610 494 2751 550 Deus
2772 494 2839 550 de
2865 495 2901 549 l‘i
2919 505 3040 551 netu
3066 494 3229 553 lumbi
3256 495 3372 567 ejus
3395 497 3587 553 sedere

276 594 624 652 advenientis
675 594 901 664 spiritus
952 590 1332 658 vehementis,
1393 598 1453 645 et
1498 588 1731 660 replevit
1792 596 1878 641 to-

275 701 387 746 tam
431 690 683 760 domum,
732 690 827 744 ubi
875 695 1033 744 erant
1069 685 1348 743 sedentes.
1401 684 1468 740 Et
1508 690 1881 754 apparuerunt

269 785 380 841 illis
417 784 721 853 diSpertitte
759 782 955 852 lingua:
994 790 1267 851 tamquam
1302 779 1461 850 ignis.
1495 778 1749 848 seditque
1787 790 1882 829 su-

270 894 372 951 pra
417 878 669 949 singulos
707 892 894 933 eorum
937 893 952 929 :
997 886 1049 929 et
1077 874 1271 945 repleti
1297 881 1424 929 sunt
1454 886 1643 926 omnes
1672 870 1879 941 Spiritu

268 980 486 1038 sancto,
521 978 575 1025 et
614 979 897 1040 coeperunt
938 968 1081 1038 loqui
1112 966 1283 1021 variis
1314 965 1537 1036 linguis,
1569 972 1732 1034 prout
1759 962 1883 1032 Spi-

266 1064 411 1119 ritus
435 1071 655 1118 sanctus
674 1061 835 1116 dabat
855 1060 1032 1131 eloqui
1052 1059 1177 1114 illis.
1199 1058 1364 1113 Erant
1388 1066 1567 1112 autem
1592 1059 1643 1109 in
1666 1054 1884 1109 Jerusa-

266 1157 378 1213 lem
407 1155 720 1211 habitantes
746 1154 919 1210 Judaai
940 1201 953 1223 ,
984 1154 1089 1208 viri
1119 1151 1360 1222 religiosi
1389 1166 1453 1206 ex
1484 1149 1632 1204 omni
1662 1148 1882 1203 natione

264 1266 391 1323 quae
436 1251 541 1307 sub
572 1250 711 1306 ctelo
742 1259 846 1306 est.
881 1248 1046 1303 Facta
1089 1258 1272 1303 autem
1317 1246 1416 1302 hac
1447 1260 1598 1312 voce,
1630 1245 1885 1302 convenit

264 1345 591 1413 multitudo,
624 1355 677 1401 et
722 1354 903 1400 mente
945 1330 1175 1399 confusa
1204 1351 1306 1408 est,
1348 1341 1602 1413 quoniam
1634 1342 1886 1397 audiebat

268 1441 651 1511 unusquisque
702 1439 882 1511 lingua
924 1454 1019 1493 sua
1062 1438 1185 1492 illos
1229 1438 1531 1507 loquentes.
1582 1435 1885 1507 Stupebant

271 1542 459 1588 autem
492 1548 705 1601 omnes,
737 1541 791 1589 et
822 1532 1181 1594 mirabantur,
1215 1531 1458 1587 dicentes
1488 1550 1499 1583 :
1532 1530 1725 1586 Nonne
1757 1546 1884 1587 ecce

272 1640 470 1681 omnes
497 1625 607 1691 isti,
638 1627 729 1694 qui
761 1625 1078 1695 loquuntur,
1111 1624 1320 1680 Galilaei
1348 1634 1495 1688 sunt,
1526 1633 1580 1677 et
1608 1624 1884 1695 quomodo

268 1738 371 1780 nos
396 1723 709 1779 audivimus
736 1722 1107 1793 unusquisque
1136 1720 1371 1792 linguam
1404 1730 1665 1788 nostram,
1703 1723 1753 1776 in
1780 1738 1883 1792 qua

268 1814 380 1869 nati
416 1814 649 1869 sumus?
678 1813 887 1879 Parthi,
912 1824 965 1869 et
992 1813 1153 1883 Medi,
1185 1823 1237 1868 et
1268 1813 1559 1878 Atllamitte,
1588 1824 1638 1867 et
1671 1814 1758 1884 qui
1791 1815 1884 1867 ha-

1983 603 2149 658 super
2178 588 2363 643 sedem
2394 589 2549 659 ejus:
2581 590 2873 661 providens
2905 592 3114 647 locutus
3141 602 3223 647 est
3255 592 3321 647 de
3341 608 3583 650 resurre-

1982 683 2162 738 ctione
2188 682 2413 753 Christi,
2455 683 2581 755 quia
2623 700 2797 755 neque
2836 685 3133 741 derelictus
3162 695 3242 742 cst
3270 687 3322 742 in
3351 686 3584 753 inferno,

1982 792 2158 846 neque
2184 792 2311 831 caro
2341 776 2459 845 ejus
2490 777 2625 832 vidit
2646 779 3069 848 corruptionem.
3106 779 3256 836 Hunc
3287 780 3468 836 Jesum
3498 797 3589 837 re-

1982 870 2263 925 suscitavit
2290 870 2454 937 Deus,
2487 870 2641 940 cujus
2671 886 2864 927 omnes
2896 887 2997 927 nos
3020 882 3187 929 testes
3210 889 3419 930 sumus.
3448 876 3589 932 Dex-

1986 972 2098 1019 tera
2129 965 2287 1034 igitur
2311 963 2403 1021 Dei
2427 965 2716 1032 exaltatus,
2742 975 2796 1021 et
2819 969 3184 1036 promissione
3205 968 3441 1039 Spiritus
3464 986 3591 1026 san-

1984 1059 2056 1113 cti
2100 1068 2323 1129 accepta
2353 1074 2380 1113 a
2414 1059 2595 1125 Patre,
2630 1060 2820 1115 ell'udit
2852 1061 3016 1128 hunc,
3045 1077 3205 1133 quem
3237 1077 3333 1118 vos
3362 1064 3583 1130 videtis,

1984 1160 2039 1206 et
2065 1151 2287 1207 auditis.
2328 1151 2443 1206 Non
2475 1153 2616 1208 enim
2662 1154 2830 1208 David
2862 1155 3107 1210 ascendit
3138 1157 3189 1211 in
3221 1157 3421 1213 coelum
3457 1174 3470 1212 :
3502 1158 3590 1213 di-

1984 1245 2062 1298 xit
2087 1253 2266 1299 autem
2294 1245 2409 1315 ipse
2444 1263 2457 1297 :
2491 1246 2635 1302 Dixit
2661 1248 2920 1303 Dominus
2945 1248 3174 1305 Domino
3204 1266 3361 1307 meo:
3388 1250 3529 1308 Sede
3555 1268 3587 1308 a

1986 1338 2190 1393 dextris
2226 1341 2383 1405 meis,
2416 1340 2589 1397 donec
2620 1358 2815 1412 ponam
2854 1344 3101 1400 inimicos
3129 1354 3250 1400 tuos
3284 1346 3588 1403 scabellum

1986 1432 2185 1502 pedum
2227 1441 2467 1488 tuorum;
2511 1435 2829 1491 Certissime
2857 1438 2993 1491 sciat
3020 1453 3151 1508 ergo
3180 1441 3359 1493 omnis
3392 1440 3589 1497 domus

1985 1523 2173 1591 Israel,
2224 1526 2349 1596 quia
2401 1536 2455 1581 et
2505 1527 2792 1583 Dominum
2840 1544 2989 1599 eum,
3042 1539 3098 1586 et
3140 1530 3418 1588 Christum
3461 1533 3591 1589 fecit

1988 1616 2166 1685 Deus,
2198 1618 2345 1673 hunc
2382 1619 2605 1688 Jesum,
2652 1638 2811 1692 quem
2846 1638 2938 1678 vos
2965 1624 3334 1680 cruciﬁxistis.
3375 1627 3465 1681 llis
3491 1644 3592 1681 au-

1989 1720 2097 1765 tem
2134 1711 2356 1780 auditis,
2400 1717 2708 1785 compuncti
2755 1726 2879 1771 sunt
2918 1718 3105 1782 corde.
3149 1730 3202 1774 et
3230 1720 3483 1775 dixerunt
3519 1721 3589 1777 ad

1988 1806 2231 1875 Petrum,
2275 1816 2328 1861 et
2369 1808 2435 1862 ad
2473 1809 2716 1879 reliquos
2756 1812 3032 1880 apostolos
3069 1829 3083 1865 :
3128 1812 3267 1877 Quid
3302 1814 3585 1881 faciemus,

266 1909 449 1965 bitant
495 1908 982 1980 Mesopotamiam,
1027 1907 1267 1963 Judaram
1290 1949 1304 1973 ,
1345 1919 1396 1963 et
1440 1906 1839 1978 Cappadociam
1864 1949 1879 1973 ,
1913 1900 1962 1959 B
1988 1898 2087 1953 viri
2119 1898 2358 1955 fratres?
2394 1900 2586 1956 Petrus
2610 1918 2741 1957 vero
2765 1903 2829 1958 ad
2863 1904 2983 1958 illos
3016 1922 3031 1961 :
3070 1906 3450 1961 Pmnitentiam
3481 1907 3589 1978 (in—

267 2004 531 2071 Pontum,
556 2012 611 2059 et
634 2002 841 2068 Asiam,
872 2002 1186 2075 Phrygiam,
1213 2012 1268 2057 et
1290 2000 1689 2073 Pamphyliam,
1714 1998 1883 2073 Egy—

268 2107 453 2170 ptum,
498 2107 555 2152 et
596 2106 777 2167 partes
821 2095 1029 2166 Libyae,
1060 2110 1181 2166 qua:
1213 2106 1294 2148 est
1336 2095 1479 2149 circa
1519 2092 1793 2165 Cyrenen,
1828 2102 1885 2148 et

270 2190 501 2245 advenae
530 2187 783 2254 Romani,
811 2186 983 2242 Judaei
1012 2201 1249 2257 quoque,
1275 2196 1327 2240 et
1355 2185 1641 2256 Proselyti,
1670 2182 1881 2253 Cretes,

270 2294 324 2340 et
355 2281 568 2339 Arabes
602 2299 614 2335 :
648 2281 956 2336 audivimus
996 2295 1092 2336 eos
1120 2280 1407 2350 loquentes
1441 2279 1642 2333 nostris
1688 2278 1885 2347 linguis

273 2374 545 2446 magnalia
576 2373 693 2429 Dei.
725 2372 1028 2443 Stupebant
1067 2380 1243 2427 autem
1285 2386 1496 2437 omnes,
1532 2380 1587 2425 et
1613 2371 1886 2425 miraban-

275 2479 362 2522 tur
404 2468 473 2521 ad
518 2466 751 2522 invicem
794 2465 1039 2522 dicentes
1080 2483 1091 2518 :
1135 2464 1400 2533 Quidnam
1449 2464 1559 2518 vult
1591 2464 1693 2519 hoc
1728 2463 1885 2520 esse?

272 2561 379 2617 Alii
400 2569 583 2616 autem
609 2558 901 2616 irridentes
922 2558 1176 2614 dicebant
1200 2575 1213 2612 :
1239 2557 1360 2628 quia
1386 2566 1567 2612 musto
1589 2557 1734 2628 pleni
1758 2567 1888 2613 sunt

274 2655 384 2711 isti.
409 2654 573 2710 Stans
604 2660 785 2708 autem
810 2652 1005 2708 Petrus
1026 2666 1147 2706 cum
1171 2650 1447 2713 undecim,
1475 2651 1671 2705 levavit
1695 2664 1884 2705 vocem

274 2762 455 2814 suam,
488 2756 544 2803 et
571 2746 784 2803 locutus
810 2754 893 2801 est
923 2745 1000 2802 eis
1032 2763 1044 2800 :
1081 2745 1192 2799 Viri
1213 2744 1409 2815 Judaei,
1435 2755 1490 2801 et
1514 2745 1601 2815 qui
1628 2743 1887 2799 habitatis

276 2840 581 2897 Jerusalem
615 2840 890 2907 universi,
924 2839 1025 2895 hoc
1053 2840 1209 2895 vobis
1238 2850 1425 2895 notum
1455 2840 1552 2910 sit,
1584 2850 1639 2896 et
1664 2838 1887 2895 auribus

280 2935 548 3005 percipite
576 2932 740 2989 verba
774 2948 914 2987 mea.
946 2933 1061 2988 Non
1090 2934 1258 3000 enim,
1287 2935 1431 2988 sicut
1462 2948 1559 2988 vos
1578 2935 1885 3000 aestimatis,

281 3027 337 3084 hi
366 3029 507 3085 ebrii
535 3038 686 3095 sunt,
718 3042 842 3082 cum
869 3028 937 3081 sit
966 3026 1097 3081 hora
1127 3028 1285 3081 tertia
1322 3045 1335 3081 :
1364 3026 1458 3081 sed
1486 3026 1588 3081 hoc
1616 3036 1719 3093 est,
1745 3026 1886 3097 quod

282 3124 485 3178 dictum
518 3132 603 3177 est
624 3138 719 3193 per
749 3122 1069 3193 prophetam
1098 3122 1214 3177 Juel
1242 3138 1258 3177 :
1289 3123 1352 3177 Et
1375 3123 1478 3177 erit
1503 3123 1554 3176 in
1580 3121 1889 3179 novissimis

281 3216 477 3273 diebus
512 3215 663 3287 (dicit
694 3214 1283 3285 Dominus),cll‘undam
1314 3214 1381 3271 de
1408 3214 1610 3285 Spiritu
1643 3230 1764 3270 meo
1793 3230 1886 3270 su-

1986 1991 2125 2062 quit)
2154 1992 2315 2063 agite,
2344 2003 2397 2047 et
2422 1993 2725 2064 baptizetur
2750 1999 3125 2067 unusquisque
3149 2010 3388 2053 vestrum
3416 2001 3466 2054 in
3492 2016 3589 2056 no-

1986 2084 2133 2138 mine
2180 2085 2312 2139 Jesu
2350 2084 2577 2155 Christi,
2610 2087 2664 2142 in
2701 2088 3079 2145 remissionem
3112 2102 3463 2161 peccatorum
3497 2108 3590 2149 ve-

1987 2184 2222 2232 strorum
2258 2196 2272 2233 :
2305 2187 2359 2234 et
2389 2180 2669 2250 accipietis
2700 2182 2900 2237 donum
2934 2183 3169 2254 Spiritus
3200 2188 3396 2241 sancti.
3420 2186 3589 2244 Vobis

1987 2269 2133 2325 enim
2160 2279 2242 2326 est
2266 2272 2643 2342 repromissio,
2670 2285 2724 2330 et
2748 2275 2875 2330 ﬁliis
2898 2278 3115 2343 vestris,
3144 2289 3197 2333 et
3220 2280 3476 2334 omnibus
3497 2279 3591 2350 qui

1986 2363 2147 2436 longe
2177 2377 2325 2433 sunt,
2370 2383 2741 2439 quoscumque
2781 2371 3125 2428 advocaverit
3155 2373 3415 2431 Dominus
3447 2375 3591 2431 Deus

1989 2468 2196 2514 noster.
2229 2457 2364 2514 Aliis
2390 2461 2551 2515 etiam
2584 2464 2763 2518 verbis
2788 2465 3033 2533 plurimis
3058 2466 3376 2521 testiﬁcatus
3401 2476 3507 2533 est,
3532 2476 3589 2523 et

1988 2552 2380 2609 exhortabatur
2421 2571 2537 2625 eos,
2578 2556 2768 2613 dicens
2801 2576 2813 2612 :
2845 2560 3141 2615 Salvamini
3172 2576 3200 2615 a
3228 2561 3588 2631 generatione

1988 2644 2087 2699 ista
2120 2660 2304 2715 prava.
2335 2645 2436 2713 Qui
2467 2662 2598 2720 ergo
2630 2662 2957 2720 receperunt
2984 2667 3291 2708 sermonem
3324 2654 3463 2723 ejus,
3493 2654 3588 2709 ba-

1990 2739 2171 2809 ptizati
2200 2750 2322 2796 sunt
2354 2759 2368 2795 :
2401 2752 2456 2797 et
2480 2746 2747 2814 appositae
2777 2758 2901 2801 sunt
2931 2748 2984 2801 in
3016 2748 3102 2821 die
3131 2748 3220 2803 illa
3249 2751 3445 2804 animae
3475 2751 3585 2804 eir-

1988 2831 2126 2887 citcr
2167 2835 2269 2887 tria
2303 2833 2496 2891 millia.
2532 2836 2700 2893 Erant
2730 2848 2909 2893 autem
2946 2850 3361 2910 perseverantes
3404 2843 3453 2896 in
3481 2841 3587 2898 (lo-

1988 2927 2163 2982 ctrina
2215 2929 2621 2998 apostolorum,
2668 2943 2724 2987 et
2766 2935 3259 2991 communicatione
3305 2936 3588 2994 lractionis

1992 3020 2166 3090 panis,
2195 3030 2250 3075 et
2276 3023 2637 3079 orationibus.
2674 3025 2864 3081 Ficbat
2895 3038 3074 3082 autem
3117 3028 3263 3084 omni
3302 3032 3498 3086 animae
3522 3032 3591 3087 ti-

1993 3128 2112 3166 mor
2144 3129 2158 3169 :
2192 3113 2360 3168 multa
2392 3132 2608 3183 quoque
2647 3118 2895 3191 prodigia
2927 3130 2981 3175 et
3009 3122 3157 3192 signa
3191 3137 3285 3192 per
3312 3125 3590 3195 apostolos

1991 3204 2044 3258 in
2082 3203 2383 3262 JeruSaIem
2428 3207 2647 3279 ﬁebant,
2678 3221 2733 3266 et
2762 3222 2937 3268 metu;
2967 3224 3082 3269 erat
3122 3231 3346 3285 magnus
3378 3217 3430 3271 in
3464 3218 3589 3273 uni-

283 3325 381 3380 per
410 3324 628 3364 omnem
667 3321 889 3363 carnem
928 3324 941 3360 :
981 3316 1036 3361 et
1063 3308 1461 3379 prophetabunt
1494 3308 1587 3363 ﬁlii
1614 3309 1802 3375 vestri,
1832 3318 1885 3364 et
1914 3288 1960 3353 C
1992 3300 2183 3354 versis.
2217 3300 2419 3357 Omnes
2445 3302 2608 3358 etiam
2635 3306 2729 3375 qui
2756 3306 3071 3375 credebant,
3102 3320 3256 3364 crant
3285 3310 3509 3379 pariter,
3535 3322 3593 3368 et

284 3404 409 3459 lilia:
452 3414 703 3459 vestrre:
746 3414 798 3459 et
825 3404 1051 3475 juvenes
1082 3404 1248 3457 vestri
1292 3403 1530 3458 visiones
1586 3402 1883 3467 videbunt,

283 3508 338 3555 et
363 3500 611 3555 seniores
636 3498 806 3553 vestri
834 3497 1045 3553 somnia
1069 3497 1435 3552 somniabunt.
1466 3497 1532 3551 Et
1552 3496 1769 3567 quidem
1799 3513 1889 3551 su-

285 3609 377 3665 pra
422 3608 613 3649 servos
652 3606 824 3656 meos,
864 3601 919 3647 et
957 3606 1123 3661 super
1150 3590 1376 3645 ancillas
1403 3606 1572 3656 meas,
1613 3591 1664 3645 iu
1693 3589 1887 3646 diebus

285 3688 391 3742 illis
417 3685 693 3741 eil‘undam
724 3685 792 3741 de
836 3685 1040 3755 Spiritu
1080 3698 1223 3750 meo,
1266 3692 1319 3737 et
1363 3681 1760 3753 prophetabunt
1792 3702 1802 3735 :
1833 3692 1888 3737 et

284 3780 426 3835 dabo
449 3780 693 3851 prodigia
714 3779 771 3834 in
795 3779 937 3835 coelo
964 3793 1202 3843 sursum,
1230 3785 1285 3832 et
1306 3778 1453 3846 signa
1484 3778 1535 3831 in
1564 3786 1705 3831 terra
1730 3778 1888 3831 deor-

284 3890 437 3941 sum,
482 3874 826 3945 sanguinem,
871 3882 926 3928 et
966 3872 1166 3943 ignem,
1211 3880 1265 3925 et
1306 3885 1558 3940 vaporem
1602 3868 1755 3924 fumi.
1794 3870 1887 3925 Sol

283 3974 635 4022 eonvertetur
666 3966 716 4020 in
750 3966 1024 4032 tenebras,
1060 3972 1111 4019 et
1142 3964 1266 4018 luna
1294 3965 1345 4018 in
1373 3963 1711 4033 sanguinem,
1738 3974 1889 4019 ante.

283 4074 449 4131 quam
482 4059 663 4113 veniat
695 4057 814 4113 dies
851 4056 1069 4113 Domini
1113 4069 1338 4126 magnus
1368 4063 1423 4109 et
1454 4054 1793 4111 manifestus.
1826 4055 1892 4110 Et

282 4157 388 4211 erit
422 4172 436 4208 :
470 4155 647 4209 omnis
677 4153 1006 4224 quicumque
1048 4152 1384 4206 invocaverit
1425 4165 1618 4205 nomen
1652 4151 1886 4221 Domini,

283 4248 470 4302 salvus
491 4248 613 4303 erit.
647 4245 760 4300 Viri
790 4245 1069 4309 Israelitre,
1102 4243 1282 4300 audite
1313 4245 1475 4300 verba
1508 4240 1621 4299 hmc
1657 4263 1668 4297 :
1705 4244 1889 4300 Jesum

283 4340 669 4406 Nazarzenum,
697 4340 873 4393 virum
905 4338 1260 4409 approbatum
1293 4354 1321 4391 a
1353 4337 1464 4393 Deo
1496 4338 1549 4392 in
1578 4338 1756 4406 vobis,
1784 4338 1887 4393 vir-

283 4433 517 4497 tutibus,
565 4441 621 4487 et
667 4432 947 4503 prodigiis,
994 4440 1049 4487 et
1088 4431 1277 4503 signis,
1320 4449 1441 4501 qua:
1472 4434 1595 4489 fecit
1624 4434 1768 4489 Deus
1794 4450 1893 4506 per

283 4527 437 4581 illum
470 4527 526 4581 in
556 4526 736 4582 medio
766 4526 953 4593 vestri,
989 4526 1129 4581 sicut
1163 4536 1218 4581 et
1247 4540 1344 4582 vos
1372 4527 1526 4582 scitis
1559 4545 1573 4582 :
1599 4528 1738 4582 hunc
1762 4528 1893 4582 deii-

286 4622 404 4675 nito
430 4618 662 4675 consilio
690 4629 743 4675 et
774 4619 1118 4689 prtescientia
1142 4618 1239 4673 Dei
1272 4620 1548 4683 traditum,
1574 4635 1672 4690 per
1700 4636 1893 4676 manus

1994 3392 2263 3448 habebant
2290 3396 2474 3449 omnia
2502 3399 2836 3453 communia.
2861 3399 3242 3456 Possessiones
3266 3411 3320 3457 et
3339 3403 3593 3459 substan-

1991 3490 2093 3545 tias
2134 3492 2468 3563 vendebant,
2511 3506 2564 3550 et
2606 3495 2923 3551 dividebant
2964 3499 3059 3552 illa
3098 3499 3382 3563 omnibus,
3427 3512 3593 3570 prout

1990 3586 2187 3655 cuique
2214 3602 2349 3655 Opus
2381 3598 2522 3643 erat.
2547 3588 2801 3656 Quotidie
2831 3604 3047 3661 quoque
3072 3591 3429 3661 perdurantes
3457 3610 3591 3653 una-

1992 3679 2209 3734 nimiter
2238 3680 2289 3735 in
2325 3684 2622 3751 teinplo,’et
2652 3682 2962 3754 frangentes
2984 3689 3124 3740 circa
3150 3686 3339 3741 domos
3368 3702 3588 3757 panem,

1990 3774 2274 3829 sumebant
2317 3776 2494 3830 cibum
2540 3792 2661 3831 cum
2710 3777 3092 3844 exsultatione,
3143 3787 3198 3835 et
3240 3780 3594 3849 simplicitate

1992 3866 2195 3936 cordis,
2241 3868 2612 3926 collaudantes
2646 3872 2842 3936 Deum,
2876 3881 2931 3927 et
2956 3871 3223 3928 habentes
3262 3876 3491 3943 gratiam
3520 3875 3589 3930 ad

1990 3975 2205 4016 omnem
2230 3962 2460 4031 plebem.
2486 3964 2743 4020 Dominus
2764 3974 2941 4023 autem
2964 3967 3193 4038 augebat
3215 3969 3304 4037 qui
3335 3966 3466 4021 salvi
3494 3968 3595 4023 lie-

1992 4064 2115 4111 rent
2152 4056 2393 4127 quotidie
2423 4058 2473 4112 in
2504 4058 2757 4129 idipsum.

2066 4148 2220 4222 [Cap.
2248 4149 2362 4221 ιιι]
2396 4151 2592 4207 Petrus
2626 4163 2807 4207 autem
2848 4162 2903 4209 et
2944 4153 3183 4210 Joannes
3222 4154 3594 4210 ascendebant

1995 4244 2046 4298 in
2082 4245 2362 4315 templum,
2397 4246 2461 4300 ad
2506 4248 2692 4302 horam
2726 4248 2994 4303 orationis
3026 4263 3246 4304 nonam.
3276 4247 3344 4303 Et
3368 4248 3593 4318 quidam

1994 4338 2096 4405 vir,
2126 4339 2215 4408 qui
2248 4350 2362 4393 erat
2390 4339 2613 4394 claudus
2640 4355 2705 4395 ex
2749 4350 2905 4396 utero
2932 4342 3125 4397 matris
3150 4355 3283 4409 suae,
3312 4340 3593 4410 bajulaba-

1995 4442 2084 4487 tur
2110 4450 2122 4485 :
2153 4448 2312 4503 quem
2347 4435 2621 4503 ponebant
2650 4435 2890 4504 quotidie
2915 4435 2983 4491 ad
3007 4446 3213 4507 portam
3236 4435 3446 4503 templi,
3473 4451 3596 4505 qua:

1995 4525 2191 4580 dicitur
2231 4526 2510 4595 Speciosa,
2554 4536 2611 4582 ιιι
2642 4537 2851 4598 peteret
2890 4529 3290 4599 eleemosynam
3322 4528 3390 4581 ab
3422 4529 3593 4582 intro-

1998 4618 2253 4676 euntibus
2307 4622 2358 4674 iu
2415 4620 2695 4689 templum.
2742 4619 2791 4674 Is
2836 4636 2956 4675 cum
3002 4621 3222 4674 vidisset
3266 4619 3485 4674 Petrum
3541 4628 3599 4674 ct

287 4713 603 4782 iniquorum
630 4711 915 4783 afﬁgentes
942 4710 1295 4766 interetnistis
1328 4727 1341 4766 :
1375 4726 1534 4781 quem
1560 4712 1701 4766 Deus
1724 4714 1894 4765 susci-
1920 4691 1974 4751 D
1998 4714 2267 4769 Joannem
2304 4715 2629 4783 incipientes
2668 4716 2893 4768 introire
2934 4715 2984 4767 in
3030 4713 3307 4783 templum,
3342 4712 3592 4783 rogabat,

286 4804 449 4874 tavit,
488 4804 685 4860 solutis
713 4803 993 4859 doloribus
1032 4803 1254 4869 inferni,
1286 4801 1440 4872 juxta
1468 4804 1611 4872 quod
1645 4804 1895 4873 impossi-

288 4900 399 4956 bile
419 4907 543 4956 erat
562 4899 737 4955 teneri
761 4898 916 4953 illum
940 4898 1007 4953 ab
1029 4912 1115 4953 eo.
1142 4898 1308 4952 David
1332 4897 1473 4952 enim
1498 4898 1629 4953 dicit
1650 4899 1700 4953 in
1724 4914 1845 4954 cum
1878 4917 1892 4955 :

289 4992 651 5049 Providebam
694 4991 989 5048 Dominum
1031 4993 1083 5046 in
1126 5000 1421 5060 conspectu
1471 5007 1591 5047 meo
1631 5007 1891 5063 semper:

287 5087 550 5159 quoniam
589 5101 619 5140 a
658 5084 861 5142 dextris
899 5094 983 5141 est
1012 5085 1141 5139 mihi
1173 5100 1242 5141 ne
1268 5101 1631 5140 commoveor.
1667 5087 1895 5157 Propter

289 5180 399 5236 hoc
425 5180 665 5234 laetatum
698 5188 780 5233 est
808 5194 903 5234 cor
924 5192 1126 5243 meum,
1150 5187 1205 5233 et
1227 5179 1513 5232 exsultavit
1547 5180 1726 5250 lingua
1750 5196 1889 5245 mea,

292 5276 517 5342 insuper
543 5282 598 5328 et
625 5287 755 5328 caro
778 5288 893 5327 mea
917 5272 1220 5341 requiescet
1241 5270 1293 5325 in
1320 5286 1417 5341 spe
1451 5289 1463 5325 :
1492 5271 1760 5339 Quoniam
1789 5288 1894 5328 non

294 5368 645 5437 derelinques
666 5367 898 5420 animam
924 5380 1097 5420 meam
1121 5366 1172 5420 in
1198 5364 1436 5429 inferno,
1469 5381 1568 5421 nee
1592 5366 1746 5420 dabis
1768 5366 1899 5422 San-

294 5471 441 5517 ctum
485 5470 632 5515 tuum
671 5458 856 5515 videre
893 5458 1329 5529 corruptionem.
1365 5457 1530 5513 Notas
1561 5458 1692 5512 mihi
1726 5458 1899 5515 fecisti

296 5558 413 5610 vias
443 5554 566 5608 vitae
600 5572 613 5606 :
642 5562 695 5607 et
724 5552 960 5623 replebis
984 5568 1069 5607 me
1094 5552 1429 5622 jucunditate
1462 5568 1581 5607 cum
1616 5552 1749 5607 fat-ie
1785 5563 1893 5607 tua.

299 5648 414 5705 Viri
444 5648 663 5715 fratres,
688 5646 850 5704 liceat
876 5647 1141 5703 audenter
1162 5648 1342 5705 dicere
1368 5648 1435 5702 ad
1460 5663 1554 5703 vos
1577 5649 1643 5703 de
1666 5658 1773 5719 pati
1790 5649 1898 5702 iar-

298 5745 395 5799 cba
442 5742 640 5809 David,
679 5743 935 5814 quoniam
984 5742 1269 5799 defunctus
1307 5751 1410 5807 est,
1443 5752 1497 5799 et
1528 5744 1773 5815 sepultus
1804 5766 1816 5799 .
1846 5753 1901 5800 et

299 5838 611 5909 sepulcrum
650 5838 772 5908 ejus
813 5846 894 5895 est
935 5838 1076 5907 apud
1116 5853 1217 5893 nos
1262 5854 1431 5909 usque
1475 5838 1527 5893 in
1574 5839 1898 5894 hodiernum

300 5934 469 5990 diem.
500 5932 769 6005 Propheta
802 5933 964 6003 igitur
991 5948 1111 5990 cum
1141 5941 1309 6003 esset,
1341 5942 1398 5989 et
1421 5933 1901 6005 sciretQuiajure-

1998 4817 2058 4862 ut
2097 4808 2501 4881 eleemosynam
2545 4808 2836 4875 acciperet.
2883 4807 3110 4861 lntuens
3151 4815 3332 4861 autem
3374 4806 3425 4859 in
3469 4820 3594 4860 eum

1998 4901 2190 4956 Petrus
2220 4917 2341 4956 cum
2370 4901 2599 4967 Joanne,
2634 4900 2807 4956 dixit:
2832 4898 3060 4971 Respice
3088 4900 3139 4954 in
3169 4913 3288 4954 nos.
3316 4898 3382 4953 At
3404 4898 3492 4953 ille
3515 4898 3597 4952 in-

2002 4994 2257 5051 tendebat
2298 4996 2349 5050 in
2387 5009 2504 5062 eos,
2548 5008 2776 5066 sperans
2818 5008 2877 5049 se
2915 4992 3118 5062 aliquid
3146 5001 3494 5062 accepturum
3527 4990 3597 5045 ab

2000 5088 2099 5144 eis.
2131 5088 2324 5144 Petrus
2350 5098 2531 5145 autem
2562 5089 2703 5145 dixit
2728 5108 2738 5143 :
2764 5087 3058 5160 Argentum
3091 5097 3141 5143 et
3167 5102 3357 5141 aurum
3384 5101 3489 5139 non
3514 5094 3599 5140 est

2000 5182 2131 5236 mihi
2182 5199 2195 5233 :
2243 5182 2385 5253 quod
2429 5194 2609 5238 autem
2644 5182 2839 5246 habeo,
2883 5181 2983 5235 hoc
3018 5180 3112 5235 tibi
3143 5178 3213 5234 do
3247 5198 3257 5233 :
3286 5178 3345 5233 in
3380 5178 3601 5233 nomine

1999 5274 2128 5331 Jesu
2166 5273 2370 5331 Christi
2413 5276 2692 5331 Nazaraeni
2724 5290 2905 5345 surge,
2942 5284 2996 5329 et
3032 5273 3270 5328 ambula.
3302 5270 3367 5326 Et
3404 5286 3601 5341 appre-

2002 5369 2169 5426 hensa
2209 5386 2369 5425 manu
2399 5371 2517 5440 ejus
2539 5370 2786 5435 dextera,
2816 5369 3073 5425 allevavit
3097 5382 3245 5433 eum,
3269 5376 3325 5423 et
3349 5366 3603 5435 pretinus

2003 5464 2354 5519 consolidata:
2396 5471 2523 5517 sunt
2563 5465 2723 5520 bases
2752 5462 2871 5532 ejus
2898 5474 2952 5518 et
2991 5462 3214 5532 plantas.
3245 5460 3316 5515 Et
3342 5460 3603 5515 exsiliens

2003 5557 2175 5625 stetit,
2205 5566 2260 5611 et
2281 5557 2593 5612 ambulabat
2620 5573 2634 5610 :
2660 5567 2713 5611 et
2737 5556 2961 5610 intravit
2982 5569 3105 5610 cttm
3130 5553 3236 5609 illis
3260 5554 3313 5607 in
3339 5553 3599 5622 templum

2005 5651 2311 5716 ambulans,
2349 5662 2405 5706 et
2446 5652 2729 5716 exsiliens,
2766 5660 2821 5705 et
2863 5650 3093 5705 laudans
3129 5648 3324 5704 Deum.
3360 5648 3428 5701 Et
3466 5646 3625 5701 vidit.

2004 5745 2182 5798 omnis
2205 5742 2436 5813 populus
2453 5758 2575 5797 eum
2598 5743 3058 5807 ambulantem,et
3078 5740 3386 5797 laudantem
3408 5738 3596 5793 Deum.

2003 5834 2414 5906 Cognoscebant
2452 5844 2630 5889 autem
2674 5836 2846 5903 illum,
2889 5835 3033 5906 quod
3074 5836 3188 5905 ipse
3227 5841 3363 5893 erat.
3403 5830 3493 5901 qui
3530 5829 3600 5884 ad

2003 5929 2411 5999 eleemosynam
2442 5928 2665 5984 sedebat
2696 5929 2760 5983 ad
2790 5929 3101 5998 Speciosam
3130 5934 3335 5999 portant
3370 5922 3554 5995 templi
3582 5938 3597 5975 :
