4166 6336
507 356 605 413 691

1539 356 1594 413 S.
1623 350 2007 411 MEIONYMI
2045 349 2275 409 DIVJN'A
2306 351 2783 412 BBLIOTHECA.

3707 351 3816 409 69?.

504 481 564 530 et
587 472 795 543 impleti
819 479 948 527 sunt
971 480 1193 543 stupore
1214 478 1269 527 et
1289 470 1512 538 exstasi,
1542 470 1595 526 in
1615 484 1682 527 eo
1701 468 1847 542 quod
1868 466 2112 539 contige-
2134 468 2189 531 Α
2216 466 2317 523 iste
2341 468 2519 525 adstat
2553 484 2740 525 coram
2766 469 2927 526 vobis
2950 482 3137 526 sanus.
3174 468 3275 525 Hie
3298 476 3384 525 est
3412 467 3573 539 lapis,
3598 468 3701 539 Ipsi
3723 484 3813 523 rc-

505 577 598 625 rat
640 566 741 622 illi.
784 563 918 621 Cum
961 574 1173 622 teneret
1207 575 1389 621 autem
1428 565 1679 630 Petrum,
1718 573 1773 619 et
1805 563 2110 628 Joannem,

509 660 754 718 cucurrit
780 660 958 715 omnis
984 660 1217 731 populus
1241 659 1308 714 ad
1337 673 1459 725 eos,
1489 658 1556 712 ad
1584 661 1855 729 porticum
1885 672 2005 727 quae
2024 666 2118 725 ap-

509 754 746 826 pellatur
767 752 1101 820 Salomonis,
1131 759 1431 822 stupentes.
1458 750 1662 807 Videns
1684 760 1865 806 autem
1894 749 2121 817 Petrus,

513 846 800 918 respondit
828 846 895 901 ad
922 845 1177 917 populum
1203 861 1218 901 :
1240 844 1355 901 Viri
1382 843 1665 911 Israelita,
1688 842 1815 915 quid
1844 841 2117 898 miramini

516 940 572 997 in
602 939 724 1005 hoc,
756 946 852 993 aut
891 952 989 993 nos
1015 936 1139 1008 quid
1172 937 1477 1004 intuemini,
1510 938 1661 1008 quasi
1697 946 1883 991 nostra
1918 936 2120 992 virtute

518 1042 615 1090 aut
640 1042 906 1104 potestate
935 1031 1223 1085 fecerimus
1265 1030 1408 1085 hunc
1437 1030 1751 1086 ambulare?
1782 1030 1923 1087 Deus
1945 1028 2122 1085 Διπλ-

516 1125 671 1192 ham,
703 1133 760 1179 et
780 1122 925 1178 Deus
950 1121 1123 1190 Isaac,
1148 1132 1203 1177 et
1230 1121 1370 1178 Deus
1390 1120 1582 1185 Jacob.
1610 1123 1752 1177 Deus
1778 1131 1993 1191 patrum
2018 1136 2119 1175 no-

520 1230 781 1286 strorum,
811 1215 1133 1289 glorilicavit
1176 1215 1369 1271 Filium
1400 1231 1554 1272 suum
1587 1218 1771 1273 Jesum
1791 1257 1806 1281 ,
1834 1232 1996 1288 quem
2026 1229 2125 1271 vos

522 1311 740 1384 quidem
770 1309 1093 1376 tradidistis,
1118 1319 1171 1366 et
1199 1310 1441 1380 negastis
1462 1319 1588 1365 ante
1617 1309 1809 1369 faciem
1833 1309 2015 1375 Pilati,
2037 1309 2125 1380 jus

521 1404 738 1461 dicante
778 1402 873 1459 illo
910 1402 1129 1458 dimitti.
1182 1402 1291 1457 Vos
1327 1410 1510 1457 autem
1555 1413 1801 1457 sanctum
1834 1409 1892 1458 et
1916 1404 2122 1471 justum

520 1498 783 1568 negastis,
818 1505 877 1553 et
903 1495 1117 1567 petistis
1145 1496 1317 1550 virum
1354 1495 1682 1551 homicidam
1711 1496 1904 1551 donari
1926 1496 2082 1551 vobis
2107 1513 2122 1551 :

522 1598 805 1647 auctorem
833 1602 969 1644 vero
992 1590 1116 1644 vitae
1144 1587 1511 1654 interfecistis,
1544 1602 1703 1657 quem
1728 1587 1873 1644 Deus
1895 1587 2120 1643 suscita-

524 1688 601 1742 vit
628 1702 657 1742 a
693 1685 923 1739 mortuis
945 1726 958 1747 .
992 1683 1146 1755 cujus
1175 1698 1276 1738 nos
1308 1692 1474 1738 testes
1496 1697 1701 1738 sumus.
1728 1682 1794 1737 Et
1823 1683 1878 1737 in
1904 1681 2011 1737 fide
2032 1697 2128 1737 no-

527 1780 691 1839 minis
718 1782 858 1852 ejus,
892 1779 1057 1847 hunc,
1086 1794 1247 1850 quem
1284 1793 1383 1834 vos
1411 1778 1646 1843 vidistis,
1674 1788 1730 1834 et
1767 1778 1961 1842 nostis,
1992 1793 2126 1834 con-

2217 560 2478 631 probatns
2528 571 2613 618 est
2639 577 2669 617 a
2702 562 2855 618 vobis
2901 561 3333 630 adﬂuentibus,
3390 561 3482 635 qui
3527 560 3704 619 factus
3731 573 3821 618 est

2218 654 2272 710 in
2303 665 2467 726 caput
2495 656 2710 727 anguli:
2740 666 2795 712 et
2821 669 2935 713 non
2960 664 3045 713 est
3073 658 3129 711 in
3158 655 3268 712 aiio
3297 656 3483 728 aliquo
3510 656 3678 712 salus.
3707 656 3823 713 Nec

2218 747 2363 803 enim
2394 748 2543 803 aliud
2588 763 2786 805 nomen
2815 758 2898 807 est
2926 748 3035 805 sub
3060 749 3204 805 coelo
3246 748 3435 806 datum
3465 749 3781 805 hominibus
3800 790 3827 818 ν

2218 837 2272 894 in
2319 855 2431 910 quo
2477 849 2725 912 oporteat
2762 855 2862 899 nos
2916 841 3103 898 salvos
3156 840 3297 897 fieri.
3348 840 3615 898 Videntes
3632 850 3827 898 autem

2219 930 2365 989 Petri
2393 934 2749 990 constantiam
2780 943 2837 992 et
2857 933 3082 991 Joannis
3101 975 3117 1001 ,
3160 942 3447 1005 comperto
3470 935 3617 1006 quod
3644 933 3824 991 homi-

2224 1041 2320 1082 nes
2346 1036 2533 1083 essent
2559 1028 2678 1084 sine
2708 1027 2936 1095 litteris,
2982 1036 3039 1085 et
3065 1028 3269 1094 idiotas,
3301 1027 3733 1097 admirabantur,
3765 1032 3823 1086 et

2222 1120 2624 1191 cognoscebant
2646 1134 2742 1177 eos
2768 1123 3021 1192 quoniam
3050 1136 3171 1177 cum
3197 1120 3329 1178 Jesu
3357 1119 3576 1177 fuerant
3599 1141 3615 1179 :
3638 1122 3831 1179 Immic

2224 1224 2349 1269 nem
2377 1227 2595 1285 quoque
2627 1214 2883 1271 videntes
2927 1224 3165 1271 stantem
3203 1224 3325 1270 eum
3358 1214 3465 1283 eis,
3489 1216 3582 1286 qui
3608 1224 3837 1273 emam

2225 1305 2427 1374 fuerat,
2458 1306 2591 1362 nihil
2622 1316 2875 1379 poterant
2894 1307 3292 1365 contradicere.
3319 1307 3612 1366 Iusserunt
3641 1319 3831 1367 autem

2227 1414 2322 1455 eos
2343 1398 2489 1456 foras
2515 1411 2668 1457 extra
2693 1401 2978 1457 concilium
3002 1401 3293 1459 secedere:
3318 1411 3373 1459 et
3383 1400 3736 1461 conferebant
3761 1404 3830 1461 ad

2227 1494 2459 1551 invicem
2480 1535 2497 1565 ,
2540 1494 2788 1551 dicentes
2816 1512 2832 1551 :
2863 1494 3002 1563 Quid
3047 1494 3308 1552 faciemus
3333 1494 3646 1553 hominibus
3668 1497 3834 1553 istis?

2228 1590 2483 1661 quoniam
2517 1588 2735 1661 quidem
2767 1597 2955 1645 notum
2985 1589 3198 1661 signum
3230 1589 3435 1646 factum
3463 1601 3547 1647 est
3574 1605 3674 1662 per
3699 1606 3829 1663 eos,

2228 1684 2483 1740 omnibus
2530 1683 2899 1739 habitantibus
2937 1684 3280 1741 Jerusalem:
3312 1684 3659 1742 manifest
3710 1696 3833 1756 est,

2233 1787 2289 1834 ct
2317 1793 2424 1834 non
2453 1793 2744 1851 possumus
2772 1792 2993 1848 negare.
3025 1777 3134 1835 Sed
3163 1794 3233 1835 ne
3261 1779 3499 1851 amplius
3516 1778 3830 1853 divulgetur

526 1877 765 1933 ﬁrmavit
792 1890 994 1931 nomen
1026 1876 1143 1943 ejus
1171 1890 1185 1927 :
1217 1883 1268 1927 et
1300 1872 1454 1940 tides,
1479 1888 1600 1943 quae
1624 1886 1723 1942 per
1752 1885 1874 1926 eum
1901 1878 2007 1937 est,
2036 1870 2132 1926 de-
2160 1863 2210 1925 Β
2236 1874 2289 1928 in
2324 1874 2602 1944 pOpttlum,
2635 1875 3030 1929 comminemur
3053 1873 3166 1940 eis,
3197 1888 3268 1930 ne
3290 1874 3428 1930 ultra
3463 1874 3757 1946 loquantur
3777 1877 3837 1932 in

528 1971 610 2026 dit
637 1970 903 2040 integram
948 1958 1237 2022 sanitatem
1280 1966 1437 2020 istam
1471 1964 1525 2019 in
1561 1963 2131 2035 εοηςρρριιιθιπηὶιιιη

523 2076 794 2122 vestrum.
838 2063 903 2117 Et
925 2077 1087 2128 nunc,
1111 2059 1327 2125 fratres,
1362 2061 1476 2113 scio
1502 2057 1625 2130 quia
1656 2073 1753 2128 per
1773 2057 2132 2130 ignorantiam

529 2160 763 2225 fecistis,
804 2157 945 2213 sicut
986 2167 1042 2214 et
1083 2157 1354 2227 principes
1392 2156 1586 2211 vestri.
1617 2156 1757 2211 Deus
1777 2163 1983 2223 autem,
2012 2167 2134 2223 qum

526 2256 917 2331 praenuntiavit
942 2271 1039 2326 per
1060 2268 1121 2309 os
1141 2254 1388 2309 omnium
1411 2251 1823 2323 prophetarum,
1846 2252 1956 2323 pati
1978 2248 2137 2307 Chri-

528 2362 672 2407 stum
714 2364 897 2418 suum,
939 2350 1017 2403 sic
1054 2348 1325 2417 implevit.
1355 2346 1699 2402 Pmoitemini
1732 2345 1894 2417 igitur
1921 2354 1979 2401 et
2005 2360 2137 2401 con-

530 2442 832 2511 vertimini,
861 2451 922 2498 ut
942 2442 1231 2497 deleantur
1252 2452 1473 2512 peccata
1494 2449 1676 2495 vestra
1704 2458 1718 2494 :
1749 2448 1807 2495 ut
1828 2452 1951 2495 cum
1975 2454 2136 2496 vene-

526 2542 640 2597 rint
663 2548 906 2610 tempora
931 2536 1196 2607 refrigerii
1219 2550 1248 2589 a
1272 2542 1571 2603 conspectu
1592 2534 1829 2597 Domini,
1855 2543 1909 2589 et
1930 2532 2140 2589 miserit

529 2647 680 2701 cum,
695 2630 785 2702 qui
812 2629 1132 2700 praedicatus
1153 2637 1233 2683 est
1252 2626 1431 2695 vobis,
1451 2625 1635 2681 Jesum
1658 2622 1955 2690 Christum,
1973 2637 2135 2695 quem

534 2734 752 2797 oportet
789 2722 1009 2793 quidem
1047 2723 1246 2779 cmlum
1288 2720 1568 2789 suscipere
1597 2732 1767 2789 usque
1797 2720 1851 2773 in
1884 2724 2134 2788 tempora

533 2818 900 2877 restitutionis
929 2818 1195 2882 omnium,
1237 2833 1356 2886 (ιυςι-
1385 2816 1601 2869 locutus
1627 2820 1711 2869 est
1758 2811 1904 2867 Deus
1940 2826 2035 2882 per
2070 2825 2137 2865 os

532 2925 845 2969 sanctorum
889 2926 1110 2966 Sllntttm
1156 2926 1185 2965 a
1224 2910 1424 2965 smeulo
1464 2907 1877 2979 prophetarum.
1925 2904 2138 2977 Moyses

534 3006 753 3076 quidem
781 3005 924 3060 dixit
966 3024 978 3059 :
1021 3004 1284 3071 Quoniam
1315 3001 1643 3074 Prophetam
1667 3000 1957 3058 suscitabit
1982 2999 2138 3057 vobis

534 3100 796 3155 Dominus
838 3098 982 3154 Deus
1009 3107 1189 3152 vester
1216 3098 1282 3151 de
1315 3097 1572 3151 fratribus
1607 3096 1828 3162 vestris,
1858 3104 2135 3166 tamquam

531 3194 799 3263 meipsum
842 3190 1072 3245 audit-tis
1107 3190 1258 3260 juxta
1297 3189 1479 3243 omnia
1522 3193 1880 3259 quascumque
1922 3188 2135 3245 locutus

2236 1966 2456 2021 nomine
2500 1965 2606 2023 hoc
2633 1964 2730 2021 ulli
2762 1965 3059 2021 hominum.
3091 1965 3160 2021 Et
3186 1975 3449 2023 vocantes
3476 1982 3591 2032 eos.
3625 1969 3837 2026 denun-

2237 2058 2538 2128 tiavernnt,
2568 2073 2638 2115 ne
2663 2060 2886 2115 omnino
2932 2060 3315 2131 loquerentur,
3347 2075 3529 2133 neque
3573 2061 3840 2121 docerent

2238 2153 2292 2206 in
2322 2151 2546 2208 nomine
2569 2152 2719 2209 Jesu.
2752 2152 2951 2209 Petrus
2975 2167 3110 2211 vero
3151 2163 3207 2211 et
3232 2152 3471 2211 Joannes
3497 2158 3839 2226 responden-

2238 2253 2358 2313 tes,
2388 2245 2651 2302 dixerunt
2688 2246 2757 2301 ad
2802 2261 2937 2302 eos:
2978 2246 3037 2303 Si
3061 2248 3265 2319 justum
3304 2259 3389 2306 est
3430 2249 3486 2304 iu
3539 2262 3838 2321 conspectu

2238 2339 2367 2406 Dei,
2402 2354 2500 2395 vos
2531 2340 2711 2410 potius
2758 2340 2947 2397 audire
2974 2354 3134 2412 quam
3167 2342 3372 2409 Deum,
3418 2341 3694 2413 judicate:
3724 2358 3839 2400 non

2237 2433 2382 2489 enim
2420 2447 2709 2505 possumus
2734 2450 2855 2505 quae
2880 2434 3137 2505 vidimus,
3169 2445 3225 2491 et
3254 2436 3586 2505 audivimus,
3618 2446 3727 2495 non
3752 2438 3838 2492 lo-

2238 2528 2352 2599 qui.
2388 2530 2455 2582 At
2482 2527 2557 2583 illi
2588 2527 2986 2585 comminantes
3028 2528 3352 2585 dimiserunt
3378 2544 3509 2586 eos:
3542 2543 3651 2586 non
3682 2531 3840 2587 inve-

2240 2619 2455 2675 nientes
2501 2620 2775 2690 quomodo
2812 2620 3071 2692 punirent
3124 2635 3250 2688 eos,
3285 2632 3505 2693 propter
3543 2622 3839 2695 populum,

2239 2712 2363 2782 quia
2394 2725 2586 2767 omnes
2613 2710 2988 2768 clariﬁcabant
3036 2713 3086 2768 id
3133 2715 3279 2786 quod
3328 2713 3532 2770 factum
3583 2713 3758 2771 fuerat
3784 2716 3845 2771 in

2240 2822 2338 2875 eo,
2383 2807 2528 2878 quod
2576 2807 2872 2864 acciderat.
2923 2810 3206 2864 Annorum
3254 2810 3399 2864 enim
3447 2818 3569 2865 erat
3605 2809 3851 2881 amplius

2239 2900 2599 2972 quadraginta
2626 2899 2811 2968 homo,
2844 2900 2898 2956 in
2941 2912 3051 2973 quo
3091 2903 3288 2957 factum
3316 2901 3497 2959 fuerat
3524 2903 3734 2975 signum
3765 2903 3845 2959 is-

2243 2997 2334 3051 tud
2361 2996 2631 3053 sanitatis.
2678 2994 2895 3052 Dimissi
2945 3004 3125 3053 autem
3168 3007 3434 3053 venerunt
3474 2997 3541 3053 ad
3571 3011 3754 3066 suos,
3785 3006 3846 3053 et

2240 3089 2707 3145 annuntiaverunt
2736 3089 2850 3157 eis,
2897 3098 3097 3160 quanta
3128 3088 3194 3144 ad
3224 3102 3323 3146 eos
3354 3090 3626 3162 principes
3652 3104 3843 3148 sacer-

2242 3182 2427 3238 dotum
2476 3190 2532 3237 et
2575 3182 2823 3238 seniores
2863 3181 3152 3239 dixissent.
3201 3183 3304 3250 Qui
3350 3197 3472 3239 cum
3510 3184 3793 3240 audissent
3821 3226 3837 3253 ,

529 3254 695 3340 luerit
724 3284 901 3338 vobis.
947 3284 1063 3339 Erit
1086 3254 1264 3338 autem
1299 3299 1311 3336 :
1345 3284 1523 3337 omnis
1541 3254 1722 3337 anima
1748 3254 1870 3354 qua:
1896 3296 2002 3336 non
2033 3297 2133 3336 an-
2162 3254 2207 3316 Ο
2243 3278 2569 3333 unanimiter
2596 3277 2918 3332 levaverunt
2945 3290 3133 3334 vocem
3156 3278 3222 3333 ad
3244 3278 3440 3347 Deum,
3472 3288 3529 3335 et
3547 3280 3838 3335 dixerunt:

535 3376 699 3432 dierit
723 3376 1050 3445 Prophetam
1080 3376 1250 3437 illum,
1278 3375 1741 3431 exterminabitur
1768 3376 1836 3430 de
1866 3375 2042 3446 plebe.
2068 3373 2136 3429 Et

534 3483 727 3523 omnes
760 3470 1038 3537 prepheiaz
1077 3484 1107 3522 a
1149 3469 1395 3533 Samuel,
1422 3478 1477 3523 et
1516 3468 1793 3539 deinceps,
1838 3469 1927 3538 qui
1971 3469 2133 3524 locuti

531 3569 680 3629 sunt,
703 3560 1290 3615 annuntiaveruntdics
1319 3563 1471 3615 istos.
1493 3560 1599 3615 Vos
1621 3560 1753 3616 estis
1783 3560 1872 3615 filii
1903 3562 2137 3632 prophe-

529 3663 734 3722 tarum,
770 3662 827 3710 et
862 3653 1198 3721 tesmmcnti,
1230 3655 1372 3724 quod
1404 3655 1676 3725 disposuit
1700 3656 1837 3711 Deus
1861 3654 1926 3711 ad
1956 3664 2138 3726 patres

532 3757 774 3812 nostros,
800 3747 987 3801 dicens
1011 3746 1376 3803 ad'Abraltam
1401 3765 1415 3804 :
1446 3748 1511 3803 Et
1536 3752 1588 3802 in
1618 3750 1825 3804 semine
1853 3759 1944 3803 tuo
1974 3751 2134 3804 liene-

531 3840 784 3896 dicentur
821 3854 1016 3896 omnes
1059 3839 1275 3895 familiae
1317 3847 1496 3895 terra).
1540 3839 1704 3895 Voltis
1732 3842 1963 3910 primum
1997 3844 2137 3899 Deus

526 3936 802 3994 Suscitans
828 3933 1026 3989 Filium
1064 3948 1245 4003 suum,
1275 3935 1423 3990 misit
1451 3950 1575 3991 eum
1603 3934 2016 3991 benedicentem
2044 3952 2121 3993 vo.

528 4028 614 4085 bis
642 4046 655 4083 :
682 4038 739 4082 ut
762 4036 1045 4083 convertat
1070 4042 1134 4083 se
1155 4029 1528 4100 unusquisque
1549 4044 1578 4082 a
1603 4030 1842 4100 nequitla
1868 4044 1986 4085 sua.

605 4123 757 4194 [ϐαρ.
805 4120 920 4193 IV.]
949 4121 1317 4192 Loquentibus
1357 4133 1540 4179 autem
1585 4122 1690 4179 illis
1736 4124 1804 4179 ad
1847 4124 2131 4195 populum,

529 4225 970 4285 supervenerunt
1013 4214 1346 4280 sacerdotes,
1376 4224 1431 4270 et
1462 4216 1810 4287 magistratus
1842 4220 2051 4288 templi,
2080 4229 2134 4274 et

530 4307 839 4372 Sadduraei,
884 4307 1131 4364 dolentes
1170 4306 1313 4377 quod
1340 4307 1600 4363 docerent
1626 4311 1880 4380 populum
1915 4320 2012 4368 :et
2039 4326 2135 4367 an;

527 4398 853 4458 nuntiarent
886 4401 939 4454 in
959 4399 1089 4455 Jesu
1112 4400 1573 4455 resurrectionem
1595 4415 1659 4457 ex
1684 4404 1912 4459 mortuis
1937 4421 1950 4458 :
1976 4413 2032 4459 et
2053 4404 2135 4459 in-

527 4494 781 4565 iecerunt
801 4495 852 4549 in
875 4508 971 4549 eos
994 4510 1209 4563 manus,
1233 4504 1290 4551 et
1311 4504 1612 4566 posuerunt
1630 4509 1727 4552 eos
1750 4497 1804 4553 in
1827 4499 2131 4557 custodiam

526 4589 587 4646 in
616 4587 912 4645 crastinum
944 4605 959 4644 :
987 4597 1105 4645 erat
1139 4589 1284 4647 enim
1324 4591 1435 4661 jam
1473 4606 1721 4662 vespera.
1767 4593 1919 4649 Multi
1949 4605 2128 4653 autem

525 4697 738 4746 eorum,
769 4683 857 4753 qui
881 4683 1167 4739 audierant
1192 4684 1433 4752 verbum,
1465 4684 1856 4743 crediderunt:
1883 4696 1937 4742 et
1954 4687 2130 4746 factus

526 4788 616 4833 εει
657 4791 916 4832 numerus
941 4778 1178 4833 virorum
1206 4777 1444 4849 quinque
1474 4778 1664 4835 millia.
1707 4779 2049 4837 Factum-est
2073 4781 2126 4838 in

526 4869 850 4940 crastinum,
874 4878 934 4925 ut
952 4879 1410 4941 congregarentur
1432 4871 1707 4943 principes
1728 4887 1939 4941 eorum,
1962 4883 2021 4931 et
2039 4890 2129 4932 se-

524 4962 731 5030 niores,
774 4972 830 5019 et
862 4964 1053 5020 scribze
1086 4962 1142 5018 in
1182 4962 1526 5030 Jerusalem;
1564 4973 1621 5021 et
1654 4966 1841 5023 Annas
1868 4968 2127 5039 princeps

525 5057 896 5126 sacerdotum,
926 5065 980 5112 et
998 5053 1257 5126 Caiphae,
1280 5064 1335 5111 et
1354 5058 1613 5125 Joannes,
1636 5067 1694 5114 et
1716 5059 2050 5129 Alexander,
2073 5066 2129 5119 et

526 5161 798 5222 quotquot
816 5158 984 5221 ,erant
1017 5148 1086 5205 de
1118 5164 1323 5221 genere
1355 5150 1704 5208 sacerdotali.
1730 5152 1799 5207 Et
1821 5160 2128 5211 statuentes

526 5261 625 5301 eos
653 5247 706 5299 in
734 5246 935 5313 medio,
961 5245 1368 5315 interrogabant
1400 5262 1412 5297 :
1446 5243 1500 5300 In
1527 5260 1628 5316 qua
1672 5246 1895 5314 virtute,
1936 5256 2033 5301 aut
2073 5249 2124 5302 in

528 5353 639 5410 quo
682 5337 900 5394 nomine
939 5338 1143 5395 fecistis
1169 5338 1272 5395 hoc
1314 5338 1443 5393 vos?
1473 5337 1628 5395 Tunc
1654 5341 1893 5411 repletus
1919 5340 2124 5411 Spiritu

524 5440 717 5489 sancto
743 5431 959 5500 Petrus,
985 5432 1122 5488 dixit
1145 5433 1212 5488 ad
1244 5448 1341 5489 eos
1374 5448 1390 5491 :
1421 5431 1699 5504 Principes
1729 5435 1935 5506 populi,
1962 5447 2015 5491 et
2040 5451 2127 5492 se-

524 5525 732 5594 niores,
755 5525 941 5583 audite
971 5527 1055 5585 :Si
1078 5543 1179 5583 nos
1203 5526 1362 5583 hodie
1382 5525 1743 5597 dijudicamur
1762 5530 1814 5584 in
1838 5528 2125 5586 benefacta

521 5619 763 5677 hominis
788 5621 1011 5689 infirmi,
1040 5622 1097 5677 in
1127 5637 1237 5695 quo
1260 5624 1362 5680 iste
1392 5621 1579 5678 salvus
1603 5620 1775 5678 factus
1799 5631 1905 5691 est,
1930 5633 2121 5679 notum

521 5718 597 5775 sit
631 5718 883 5774 omnibus
910 5718 1087 5786 vobis,
1118 5725 1176 5775 et
1202 5717 1352 5773 omni
1385 5717 1528 5788 plebi
1558 5718 1754 5775 Israel:
1780 5718 1909 5789 quia
1937 5718 1991 5773 in
2023 5733 2125 5773 no-

519 5812 672 5869 mine
695 5812 903 5867 Domini
935 5810 1105 5867 nostri
1132 5810 1262 5869 Jesu
1288 5809 1492 5866 Christi
1517 5810 1735 5866 Nazarae
1748 5809 1996 5882 ni,qnem
2022 5823 2120 5866 vos

518 5909 867 5972 cruciﬁsistis
895 5932 908 5968 :
939 5928 1097 5985 quem
1124 5915 1264 5973 Deus
1288 5916 1568 5973 suscitavit
1590 5917 1888 5982 emortuis,
1928 5918 1982 5975 in
2017 5920 2119 5976 hoc

2243 3373 2491 3443 Domine,
2527 3381 2585 3427 tu
2613 3386 2672 3427 es
2703 3372 2797 3443 qui
2827 3371 3008 3429 fecisti
3055 3373 3277 3443 caelum,
3302 3374 3358 3429 et
3385 3382 3610 3442 terram,
3642 3388 3796 3430 mare
3819 3412 3838 3440 ,

2240 3475 2297 3521 et
2322 3465 2502 3519 omnia
2529 3479 2650 3535 qua:
2682 3465 2735 3520 in
2766 3464 2848 3520 eis
2875 3474 3003 3521 sunt
3028 3484 3043 3522 :
3073 3468 3165 3537 qui
3194 3465 3403 3539 Spiritu
3433 3476 3623 3524 sancto
3651 3482 3748 3538 per
3774 3481 3842 3523 os

2244 3563 2411 3630 patris
2438 3558 2611 3616 nostri
2653 3559 2850 3629 David,
2901 3561 3056 3631 pueri
3093 3562 3200 3627 tui,
3251 3560 3471 3616 dixisti:
3503 3561 3683 3630 Quare
3729 3561 3837 3617 fre-

2242 3661 2493 3707 muerunt
2512 3659 2728 3724 gentes,
2759 3660 2813 3707 et
2839 3650 3025 3723 populi
3073 3651 3317 3708 meditati
3361 3656 3492 3708 sunt
3519 3653 3740 3708 inania?
3762 3652 3839 3709 A-

2240 3747 2497 3802 Stilerunt
2544 3761 2704 3819 reges
2753 3755 2939 3815 terrm,
2973 3752 3030 3802 et
3076 3745 3349 3819 principes
3374 3757 3749 3805 convenerunt
3777 3747 3837 3805 in

2240 3854 2439 3908 unum,
2491 3840 2754 3897 adversus
2804 3840 3119 3911 Dominum,
3168 3850 3226 3897 et
3271 3842 3536 3899 adversus
3559 3841 3835 3901 Christum

2238 3932 2401 4002 ejus?
2444 3943 2826 3990 convenerunt
2852 3937 2995 3992 enim
3023 3950 3152 3992 vere
3181 3936 3236 3991 in
3267 3936 3483 3992 civitate
3516 3937 3616 3993 ista
3643 3938 3839 4003 adver,

2238 4040 2333 4083 sus
2377 4035 2623 4083 sanctum
2657 4043 2885 4099 puerum
2936 4039 3085 4084 tuum
3121 4027 3331 4101 Jesum,
3377 4042 3537 4099 quem
3580 4030 3787 4087 unxisti
3814 4073 3835 4101 ,

2237 4123 2509 4193 Herodes,
2535 4132 2591 4179 et
2611 4122 2836 4180 Pontius
2853 4122 3073 4190 Pilatus,
3103 4138 3228 4181 cum
3251 4123 3524 4197 gentibus,
3549 4135 3605 4181 et
3620 4125 3837 4198 populis

2235 4214 2434 4284 Israel,
2481 4215 2660 4272 facere
2707 4229 2828 4287 quae
2872 4228 3065 4273 manus
3091 4226 3214 4288 tua,
3254 4226 3312 4273 et
3347 4216 3634 4275 consilium
3682 4228 3832 4276 tuum

2236 4308 2597 4365 decreverunt
2632 4307 2770 4365 fieri.
2806 4307 2875 4364 Et
2902 4322 3066 4379 nunc,
3114 4308 3365 4379 Domine,
3407 4312 3619 4382 respice
3648 4312 3701 4368 in
3732 4314 3833 4368 mi—

2235 4415 2333 4458 nas
2355 4410 2565 4468 eorum,
2597 4409 2655 4457 et
2679 4401 2746 4457 da
2775 4401 2946 4458 servis
2977 4403 3083 4458 tuis
3119 4417 3245 4459 cum
3272 4404 3419 4459 omni
3449 4403 3641 4460 fiducia
3678 4405 3825 4478 loqui

2235 4497 2461 4554 verbum
2485 4504 2661 4567 tuum,
2705 4498 2759 4552 in
2785 4512 2853 4555 eo
2873 4496 3017 4569 quod
3047 4511 3268 4553 manum
3294 4508 3439 4554 tuam
3466 4500 3732 4555 extendas
3760 4500 3828 4557 ad

2236 4592 2525 4659 sanitates,
2551 4601 2607 4647 et
2630 4591 2782 4663 signa
2809 4600 2864 4647 et
2891 4591 3134 4663 prodigia
3159 4591 3277 4649 fieri
3300 4606 3399 4663 per
3425 4608 3625 4651 nomen
3655 4595 3829 4652 sancti

2237 4685 2358 4742 Filii
2387 4685 2462 4741 tui
2503 4685 2686 4742 Jesus.
2721 4685 2940 4741 Etcum
2988 4695 3259 4755 orassent,
3287 4695 3468 4743 motus
3512 4696 3598 4745 est
3642 4688 3825 4760 locus,

2232 4780 2286 4835 in
2316 4794 2423 4851 quo
2451 4789 2607 4835 erant
2629 4779 2977 4851 congregati:
3010 4788 3065 4836 et
3094 4781 3289 4851 repleti
3320 4790 3446 4837 sunt
3483 4792 3677 4840 omnes
3706 4783 3831 4856 Spio

2230 4873 2341 4927 ritu
2365 4880 2578 4940 sancto,
2611 4881 2670 4929 et
2698 4871 3057 4944 loquebantur
3076 4874 3300 4931 verbum
3328 4872 3425 4931 Dei
3452 4888 3576 4933 cum
3604 4876 3825 4933 fiducia.

2231 4967 2590 5027 Multitudinis
2620 4976 2801 5023 autem
2849 4966 3191 5024 credentium
3238 4977 3359 5025 erat
3387 4983 3485 5027 cor
3526 4980 3726 5038 unum,
3772 4979 3830 5027 et

2230 5065 2414 5120 anima
2445 5074 2548 5119 una
2579 5080 2592 5117 :
2641 5076 2742 5118 nec
2768 5061 3049 5134 quisquam
3074 5066 3293 5132 eorum,
3343 5076 3465 5135 quae
3490 5064 3825 5135 possidebat,

2228 5156 2433 5228 aliquid
2479 5171 2636 5212 suum
2681 5168 2803 5212 esse
2852 5155 3086 5225 dicebat,
3138 5155 3235 5213 sed
3281 5167 3440 5213 erant
3488 5157 3598 5214 illis
3641 5159 3825 5214 Omnia

2228 5252 2556 5307 communia.
2593 5249 2660 5305 Et
2680 5251 2881 5307 virtute
2909 5265 3103 5323 magna
3128 5251 3431 5309 reddebant
3455 5253 3682 5324 apostoli
3715 5260 3828 5310 tes-

2227 5348 2514 5403 timonium
2544 5346 2964 5403 resurrectionis
2986 5348 3113 5403 Jesu
3135 5346 3339 5404 Christi
3373 5348 3586 5405 Domini
3614 5351 3822 5405 nostri:

2229 5448 2284 5497 et
2310 5441 2483 5512 gratia
2525 5452 2716 5511 magna
2748 5448 2866 5495 erat
2895 5441 2946 5494 in
2979 5440 3234 5499 omnibus
3285 5441 3413 5497 illis.
3444 5441 3631 5516 Neque
3675 5443 3822 5499 enim

2229 5536 2512 5607 quisquam
2541 5549 2708 5605 egens
2728 5543 2847 5591 erat
2867 5534 3012 5592 inter
3041 5537 3189 5593 illos.
3218 5537 3496 5610 Quotquot
3524 5538 3669 5595 enim
3700 5552 3825 5611 pos-

2225 5644 2475 5687 sessores
2530 5640 2785 5702 agrorum
2833 5638 2927 5687 aut
2977 5632 3259 5689 domorum
3299 5642 3493 5704 erant,
3524 5634 3823 5693 vendentes

2223 5724 2524 5782 afferebaut
2553 5726 2724 5796 pretia
2749 5736 2937 5784 eorum
2964 5743 3084 5801 qua:
3105 5728 3434 5801 vendebant,
3463 5739 3519 5786 et
3541 5731 3819 5802 ponebant

2224 5830 2351 5876 ante
2380 5820 2549 5891 pedes
2578 5822 2965 5891 apostolorum.
2997 5823 3350 5880 Dividcbatur
3378 5832 3559 5882 autem
3592 5825 3822 5897 singulis

2224 5927 2388 5993 prout
2430 5919 2630 5990 cuique
2659 5926 2794 5991 opus
2833 5922 2969 5977 erat.
3017 5919 3221 5991 Joseph
3249 5926 3459 5990 autem,
3488 5920 3582 5994 qui
3610 5936 3815 5998 cogno-
