4166 6336
374 341 480 400 695

1459 329 1666 386 LIBER
1706 329 1994 388 ACTUUM
2034 326 2571 384 APOSTOLORUM.

3578 327 3685 386 694

374 464 616 518 minatus
640 464 726 512 est
758 452 1035 510 Barnabas
1063 451 1132 506 ab
1163 447 1426 522 apostolis
1452 447 1636 518 (quod
1685 457 1769 502 est
1797 446 1970 502 inter-
2001 445 2055 505 Î‘
2080 458 2207 500 ecce
2237 443 2337 500 viri
2369 458 2505 515 quos
2531 442 2788 514 posuistis
2819 442 2872 497 in
2904 456 3203 512 carcerem,
3252 452 3376 499 sunt
3397 443 3452 499 in
3476 446 3680 516 templo

376 563 646 628 pretatum
677 551 849 608 Filius
887 543 1295 613 consolationis)
1342 541 1582 608 Levites,
1613 539 1849 613 Cyprius
1877 554 1972 610 ge-

375 663 538 716 nere,
569 661 691 703 cum
722 643 944 699 haberet
975 653 1161 710 agrum
1181 679 1196 704 ,
1223 634 1469 692 vendidit
1499 649 1620 688 cum
1646 675 1660 701 ,
1687 643 1741 688 et
1789 631 1975 688 attulit

376 741 627 814 pretium,
659 748 714 794 et
741 735 925 809 posuit
953 742 1080 788 ante
1111 729 1276 802 pedes
1314 727 1713 799 apostolorum.

446 836 602 911 [Cap.
655 831 743 902 v.1
786 830 880 884 Vir
924 836 1106 882 autem
1163 823 1382 895 quidam
1433 820 1657 878 nomine
1709 818 1969 888 Ananias,

375 947 499 988 cum
533 927 764 998 Saphira
797 933 968 980 uXore
991 935 1110 986 sua,
1139 915 1382 974 vendidit
1404 930 1592 987 agrum
1624 921 1679 970 et
1707 912 1977 969 fraudavit

376 1029 443 1082 de
478 1024 652 1096 pretio
681 1021 830 1092 agri,
863 1015 1082 1073 conscia
1137 1028 1305 1068 uxore
1337 1027 1465 1067 sua:
1499 1018 1554 1067 et
1594 1009 1826 1065 all'erens
1848 1023 1972 1079 par-

378 1133 485 1178 tem
507 1117 798 1192 quamdam
821 1158 836 1184 ,
870 1112 940 1170 ad
969 1111 1135 1183 pedes
1177 1110 1545 1180 apostolorum
1593 1106 1792 1177 posuit.
1829 1103 1977 1160 Dixit

376 1233 559 1275 autem
590 1217 821 1272 Petrus:
876 1209 1088 1268 Anania
1117 1249 1131 1273 ,
1179 1222 1276 1260 cur
1323 1204 1551 1260 tentavit
1603 1202 1831 1259 Satanas
1877 1215 1976 1255 cor

378 1324 551 1378 tuum,
576 1306 795 1365 mentiri
827 1315 878 1361 te
902 1301 1128 1373 Spiritui
1155 1309 1372 1365 sancto,
1397 1307 1452 1354 et
1474 1297 1728 1353 fraudare
1755 1295 1822 1352 de
1853 1310 1976 1366 pre-

376 1407 450 1461 tio
481 1402 638 1474 agri?
667 1399 862 1456 Nonne
894 1409 1124 1451 manens
1155 1392 1248 1449 tibi
1281 1391 1554 1454 manebat,
1588 1398 1645 1446 et
1681 1388 1977 1446 venumda-

377 1511 488 1555 tum
520 1499 576 1554 in
607 1507 696 1552 tua
732 1502 852 1550 erat
881 1489 1194 1563 potestate?
1221 1488 1400 1556 Quare
1433 1485 1662 1557 posuisti
1706 1486 1758 1541 in
1807 1485 1978 1542 corde

378 1601 470 1646 tuo
499 1591 641 1644 hanc
668 1585 822 1642 rem?
849 1599 958 1638 non
987 1597 1046 1638 cs
1069 1579 1326 1636 mentitus
1351 1577 1683 1646 hominibus,
1709 1575 1806 1632 sed
1841 1577 1971 1632 Deo.

373 1685 617 1741 Audiens
646 1688 826 1737 autem
854 1677 1096 1732 Ananias
1132 1675 1246 1729 haec
1277 1672 1440 1729 verba
1483 1670 1678 1728 cecidit
1709 1680 1759 1726 et
1794 1671 1976 1739 exSpi-

373 1779 536 1836 ravit.
567 1777 636 1832 Et
666 1776 845 1830 factus
875 1781 959 1828 cst
1002 1770 1164 1826 timor
1192 1782 1420 1839 magnus
1446 1781 1609 1835 super
1641 1780 1830 1820 omnes
1875 1765 1970 1834 qui

2076 546 2303 605 stantes,
2331 545 2384 591 et
2408 535 2666 592 docentes
2696 535 2974 607 populum.
2995 535 3148 591 Tunc
3170 535 3299 591 abiit
3328 537 3674 607 magistratus

2076 647 2198 686 cum
2221 630 2508 697 ministris,
2535 638 2591 686 et
2613 629 2833 685 adduxit
2856 630 2975 686 illos
2997 629 3115 685 sine
3139 630 3218 685 vi:
3252 630 3511 686 timebant
3531 632 3678 687 enim

2079 723 2358 794 populum,
2392 739 2459 780 ne
2487 722 2894 795 lapidarcntur;
2924 733 2977 779 et
3000 738 3122 779 eum
3147 721 3504 778 adduxissent
3529 725 3671 792 illos,

2078 827 2384 875 statuerunt
2410 819 2462 874 in
2488 818 2758 874 concilio;
2795 827 2851 874 et
2878 818 3236 888 interrogavit
3282 831 3379 873 eos
3420 817 3676 888 princeps

2078 915 2442 982 sacerdotum,
2467 915 2689 972 dicens:
2721 911 3096 984 Praecipiendo
3121 912 3475 983 prrecepimus
3497 912 3677 978 vobis,

2080 1024 2148 1064 ne
2178 1009 2447 1064 doceretis
2474 1008 2526 1063 in
2553 1008 2773 1063 nomine
2795 1006 2928 1060 isto:
2960 1015 3013 1061 et
3037 1020 3161 1060 ecce
3180 1003 3434 1075 replestis
3460 1005 3680 1059 Jerusa-

2077 1103 2182 1158 lem
2213 1101 2460 1156 doctrina
2509 1111 2690 1158 vestra
2714 1146 2727 1171 ,
2778 1110 2832 1156 et
2875 1099 3042 1154 vultis
3087 1098 3342 1154 inducere
3381 1113 3547 1170 super
3580 1113 3680 1154 nos

2078 1196 2394 1266 sanguinem
2428 1193 2664 1248 hominis
2710 1192 2884 1247 istius.
2924 1189 3284 1260 Rcspondens
3341 1199 3522 1246 autem
3578 1190 3679 1246 Pe-

2080 1298 2233 1356 trus,
2289 1299 2341 1344 et
2387 1287 2657 1358 apostoli,
2717 1287 3002 1341 dixerunt:
3037 1283 3273 1340 Obedire
3317 1290 3535 1355 oportet
3565 1283 3680 1339 Deo

2080 1382 2252 1453 magis
2282 1395 2441 1452 quam
2468 1378 2798 1435 hominibus.
2821 1378 2963 1433 Deus
2986 1387 3200 1448 patrum
3227 1386 3534 1432 nostrorum
3555 1392 3680 1432 sus-

2078 1475 2264 1530 citavit
2290 1474 2496 1539 Jesum,
2532 1488 2690 1542 quem
2723 1485 2818 1526 vos
2849 1469 3225 1537 interemistis,
3275 1468 3676 1540 suspendentes

2077 1567 2132 1623 in
2161 1567 2326 1638 ligno.
2361 1567 2516 1622 Hunc
2551 1565 2847 1636 principem
2883 1573 2938 1619 et
2986 1564 3310 1619 salvatorem
3341 1564 3482 1620 Deus
3520 1564 3676 1618 exal-

2082 1662 2215 1718 tavit
2243 1663 2464 1720 dextera
2492 1676 2613 1728 sua,
2659 1660 2726 1715 ad
2772 1659 3005 1714 dandam
3033 1658 3409 1728 paenitentiam
3455 1657 3679 1725 lsraeli,

2079 1765 2134 1812 et
2181 1757 2560 1812 remissionem
2613 1762 2983 1826 peccatorum.
3039 1753 3106 1808 Et
3154 1766 3252 1808 nos
3292 1767 3480 1808 sumus
3508 1761 3676 1808 testes

373 1875 689 1931 audierunt.
751 1870 1054 1940 Surgentcs
1109 1871 1291 1919 autem
1357 1861 1588 1933 juvenes
1651 1867 1974 1915 amoveruut
2004 1851 2052 1914 B
2080 1849 2270 1907 horum
2302 1851 2592 1907 verborum
2617 1891 2631 1917 ,
2679 1858 2733 1905 et
2781 1847 3013 1919 Spiritus
3044 1856 3266 1902 sanctus
3291 1889 3306 1914 ,
3340 1862 3499 1917 quem
3527 1847 3677 1902 dedit

373 1985 534 2035 cum,
566 1976 620 2023 et
664 1965 961 2022 efferentes
1011 1958 1366 2030 sepelierunt.
1421 1954 1646 2011 Factum
1678 1964 1760 2010 est
1788 1965 1972 2011 autem

372 2063 531 2135 quasi
560 2063 814 2118 horarum
876 2057 1038 2111 trium
1069 2053 1305 2124 spatium
1327 2092 1341 2118 ,
1388 2060 1442 2106 et
1485 2065 1628 2106 uxor
1654 2050 1845 2120 ipsius,
1880 2064 1976 2105 ne-

376 2159 557 2214 sciens
585 2154 732 2227 quod
763 2153 963 2208 factum
992 2149 1188 2214 fuerat,
1219 2145 1484 2202 introivit.
1517 2143 1663 2198 Dixit
1711 2152 1892 2198 autem
1923 2144 1973 2198 ei

374 2250 600 2306 Petrus:
625 2247 724 2303 Dic
748 2247 903 2310 mihi,
928 2242 1148 2309 mulier,
1183 2239 1226 2294 si
1261 2238 1392 2293 tanti
1423 2251 1612 2307 agrum
1643 2235 1974 2290 vendidisti?

374 2343 447 2398 At
476 2343 568 2397 illa
615 2339 789 2395 dixit:
838 2338 1012 2392 Etiam
1047 2333 1201 2389 tanti.
1250 2331 1442 2387 Petrus
1472 2338 1649 2384 autem
1703 2328 1770 2384 ad
1811 2343 1970 2385 eam:

374 2439 514 2507 Quid
544 2437 730 2507 utique
756 2433 1016 2490 convenit
1045 2429 1199 2486 vobis
1253 2437 1462 2483 tentare
1494 2425 1758 2497 Spiritum
1793 2425 1976 2480 Domi-

375 2535 464 2590 ni?
494 2533 636 2588 Ecce
668 2530 832 2602 pedes
860 2541 1074 2595 eorum,
1102 2523 1193 2595 qui
1218 2521 1556 2594 sepelierunt
1577 2521 1750 2574 virum
1785 2527 1967 2583 tuum,

375 2627 442 2682 ad
473 2626 720 2690 ostium;
770 2631 826 2676 et
873 2619 1104 2678 ederent
1151 2626 1225 2673 te.
1275 2613 1573 2670 Confestim
1605 2613 1802 2668 cecidit
1848 2622 1976 2668 ante

377 2723 545 2795 pedes
571 2721 712 2793 ejus,
745 2729 798 2776 et
828 2716 1149 2788 exspiravit.
1194 2712 1465 2768 Intrantes
1495 2717 1674 2764 autem
1708 2709 1970 2778 juvenes,

377 2819 708 2874 invenerunt
739 2814 885 2868 illam
927 2818 1222 2873 mortuam,
1265 2815 1318 2861 et
1361 2804 1692 2869 extulerunt,
1725 2809 1782 2858 et
1813 2815 1972 2872 sepe-

375 2911 577 2966 lierunt
606 2908 672 2962 ad
709 2907 882 2962 virum
910 2919 1091 2959 suum.
1135 2899 1205 2956 Et
1233 2898 1405 2954 factus
1435 2907 1518 2952 est
1561 2896 1724 2950 timor
1749 2909 1976 2965 magnus

379 3006 432 3059 in
458 3003 712 3058 universa
735 2999 988 3064 ecclesia,
1022 3005 1077 3051 et
1103 2995 1154 3049 in
1184 3007 1373 3049 omnes
1404 2991 1493 3061 qui
1522 2989 1812 3044 audierunt
1833 2987 1971 3044 hanc.

379 3099 482 3154 Per
511 3109 704 3152 manus
735 3101 914 3148 autem
944 3088 1315 3161 apostolorum
1346 3083 1548 3141 ï¬ebant
1572 3083 1725 3153 signa
1769 3090 1822 3137 et
1853 3095 1976 3152 pro-

381 3190 530 3260 digia
557 3187 726 3243 multa
751 3186 805 3242 in
839 3183 1016 3256 plebe.
1045 3181 1115 3236 Et
1157 3187 1314 3236 erant
1351 3176 1680 3232 unanimiter
1702 3188 1892 3232 omnes
1921 3174 1974 3228 in

2078 1949 2220 2004 Deus
2266 1946 2520 2002 omnibus
2568 1942 2949 2000 obedientibus
2995 1942 3119 2014 sibi.
3171 1942 3298 1996 Haec
3328 1955 3450 1996 cum
3490 1940 3674 1996 audis-

2077 2049 2218 2108 sent,
2254 2037 2666 2095 dissecabantur
2691 2079 2710 2104 Î¹
2741 2046 2796 2091 et
2824 2034 3137 2106 cogitabant
3181 2032 3492 2088 interï¬cere
3521 2033 3668 2088 illos.

2077 2131 2317 2203 Surgens
2362 2139 2543 2186 autem
2586 2128 2805 2200 quidam
2856 2128 2909 2183 in
2957 2126 3191 2182 concilio
3221 2127 3540 2196 pharisaeus,
3576 2141 3673 2180 no-

2077 2229 2224 2282 mine
2252 2224 2554 2294 Gamaliel,
2608 2223 2742 2294 legis
2796 2222 2991 2277 doctor
3031 2221 3366 2277 honorabilis
3408 2222 3674 2278 universm

2079 2320 2257 2391 plebi,
2282 2319 2450 2388 jussit
2495 2317 2639 2372 foras
2670 2316 2738 2372 ad
2772 2315 2938 2372 breve
2979 2316 3228 2371 homines
3254 2315 3392 2370 ï¬eri.
3430 2315 3678 2388 Dixitque

2077 2413 2144 2466 ad
2176 2413 2300 2466 illos
2328 2430 2339 2464 :
2372 2410 2483 2466 Viri
2512 2410 2772 2465 Israelitae
2792 2451 2806 2475 ,
2839 2406 3105 2464 attendite
3131 2407 3289 2463 vobis
3313 2423 3476 2478 super
3500 2409 3677 2464 homi-

2078 2506 2240 2560 nibus
2273 2505 2390 2559 istis
2420 2503 2545 2574 quid
2575 2502 2747 2558 acturi
2777 2502 2914 2556 sitis.
2947 2503 3088 2557 Ante
3112 2500 3214 2556 hos
3247 2500 3389 2556 enim
3436 2501 3552 2556 dies
3581 2517 3676 2558 ex-

2077 2598 2218 2653 stitit
2238 2596 2512 2665 Theodas,
2542 2596 2752 2662 dicens,
2775 2609 2834 2650 se
2856 2609 2979 2650 esse
3000 2593 3265 2664 aliquem,
3285 2594 3372 2648 cui
3393 2596 3676 2651 consensit

2078 2705 2340 2746 numerus
2387 2690 2627 2744 virorum
2683 2687 2898 2744 circiter
2960 2688 3521 2759 quadringentorum:
3579 2691 3673 2760 qui

2077 2783 2289 2838 occisus
2339 2793 2462 2837 est:
2512 2790 2567 2836 et
2593 2795 2780 2836 omnes
2825 2781 2915 2851 qui
2963 2780 3257 2836 credebant
3296 2780 3382 2846 ei,
3425 2781 3674 2853 dissipati

2079 2885 2225 2944 sunt,
2257 2885 2312 2932 et
2341 2876 2545 2932 redacti
2578 2875 2644 2931 ad
2667 2875 2918 2931 nihilum.
2951 2873 3080 2930 Post
3113 2875 3256 2931 hunc
3277 2875 3486 2932 exstitit
3507 2877 3674 2934 Judas

2079 2972 2332 3028 Galilaeus
2363 2970 2414 3025 in
2443 2969 2634 3026 diebus
2670 2969 3061 3040 professionis,
3105 2977 3159 3024 et
3183 2969 3383 3024 avertit
3415 2969 3672 3040 populum

2078 3076 2204 3135 post
2224 3079 2302 3130 se,
2339 3073 2394 3120 et
2426 3064 2541 3134 ipse
2569 3063 2768 3134 periit:
2813 3074 2866 3118 et
2900 3076 3114 3129 omnes,
3149 3072 3416 3133 quotquot
3445 3077 3676 3120 consen-

2080 3165 2273 3214 serunt
2296 3157 2370 3228 ei,
2401 3157 2632 3227 di5persi
2666 3165 2812 3212 sunt.
2848 3157 2917 3212 Et
2955 3171 3100 3212 nunc
3137 3157 3316 3227 itaque
3345 3156 3468 3213 dico
3495 3159 3673 3228 vobis,

379 3243 594 3356 paucâ€œ
619 3243 950 3338 gamma-nis,
979 3275 1317 3332 (Î¹Ï‰Î¹Î¸Ï„Î¿Î¹-Ï…Î·Î¹
1339 3278 1518 3326 autem
1552 3283 1712 3325 nemo
1744 3266 1977 3323 audebat
2000 3243 2048 3309 C
2081 3250 2341 3307 discedite
2366 3250 2435 3306 ab
2456 3249 2764 3304 hominibus
2794 3249 2932 3318 istis,
2968 3258 3022 3305 et
3050 3249 3212 3306 sinite
3240 3250 3387 3305 illos:
3417 3252 3671 3322 quoniam

379 3395 440 3436 se
464 3378 801 3448 conjungere
848 3371 988 3428 illis:
1044 3370 1138 3424 sed
1171 3364 1554 3438 magnificabat
1582 3378 1677 3421 eos
1722 3363 1972 3434 populus.

383 3474 555 3544 Magis
581 3481 761 3526 autem
785 3466 1084 3537 augebatur
1121 3461 1462 3519 credentium
1490 3460 1541 3514 in
1565 3458 1796 3514 Domino
1835 3456 1976 3512 mul-

378 3568 554 3624 titudo
585 3565 847 3630 virorum,
887 3575 950 3616 ac
982 3559 1270 3614 mulierum
1292 3596 1307 3621 ,
1353 3555 1426 3609 ita
1473 3559 1530 3608 ut
1557 3551 1610 3606 in
1643 3551 1848 3622 plateas
1877 3548 1976 3619 eji-

375 3666 567 3717 cerent
591 3656 860 3717 infirmos.
885 3660 943 3708 et
978 3657 1251 3724 ponerent
1282 3647 1333 3702 in
1365 3643 1575 3701 lectulis
1603 3658 1666 3698 ac
1693 3641 1933 3714 grabatis
1955 3679 1973 3707 ,

377 3762 456 3822 ut,
493 3751 749 3809 veniente
779 3751 962 3814 Petro,
995 3744 1192 3800 saltem
1232 3741 1424 3797 umbra
1457 3738 1598 3794 illius
1623 3735 1977 3793 obumbraret

377 3860 705 3918 quemquam
729 3843 966 3910 illorum,
991 3847 1048 3896 et
1076 3837 1442 3894 liberarentur
1470 3833 1538 3888 ab
1569 3829 1976 3887 infirmitatibus

377 3943 512 3998 suis.
541 3937 1107 3996 Concurrebatautem
1135 3940 1188 3988 et
1207 3928 1498 3987 multitudo
1519 3927 1820 3984 vicinarum
1848 3925 1976 3981 civi-

377 4045 547 4091 tatum
571 4031 899 4096 Jerusalem,
929 4027 1225 4084 afferentes
1251 4039 1446 4097 aegros,
1471 4033 1526 4080 et
1551 4032 1778 4080 vexatos
1807 4037 1836 4076 a
1863 4021 1976 4091 spi-

374 4127 572 4182 ritibus
599 4123 891 4180 immundis
915 4138 929 4179 :
961 4121 1051 4193 qui
1074 4118 1403 4176 curabantur
1430 4131 1642 4173 omnes.
1668 4116 1975 4185 Exsurgens

375 4229 557 4276 autem
589 4219 837 4288 princeps
866 4213 1244 4279 sacerdotum,
1293 4221 1348 4267 et
1393 4225 1583 4267 omnes
1613 4209 1703 4280 qui
1729 4224 1852 4264 cum
1880 4207 1974 4263 illo

373 4323 532 4371 erant
559 4314 701 4387 (quae
739 4321 822 4369 est
864 4310 1088 4366 hmresis
1114 4306 1591 4375 Sadducmorum),
1621 4305 1817 4376 repleti
1849 4311 1976 4360 sunt

374 4411 531 4466 zelo:
584 4418 640 4466 et
682 4408 990 4480 injecerunt
1033 4417 1226 4461 manus
1263 4404 1316 4459 in
1361 4402 1663 4473 apostolos,
1687 4408 1743 4456 et
1771 4414 1972 4470 posue-

374 4512 503 4558 runt
533 4516 629 4559 eos
655 4501 708 4556 in
740 4498 986 4557 custodia
1013 4497 1252 4570 publica.
1282 4496 1526 4567 Angelus
1557 4504 1737 4550 autem
1759 4494 1974 4549 Domini

373 4609 474 4666 per
519 4602 733 4648 noctem
781 4591 1032 4661 aperiens
1079 4589 1274 4660 januas
1311 4588 1583 4655 carceris,
1632 4596 1688 4642 et
1733 4586 1973 4642 educens

374 4700 494 4751 eos,
519 4684 694 4739 dixit:
730 4684 823 4748 Ite,
857 4691 912 4738 et
937 4689 1146 4737 stantes
1191 4679 1473 4750 loquimini
1504 4678 1561 4732 in
1591 4677 1794 4749 templo
1822 4677 1969 4746 plebi

373 4779 557 4835 omnia
586 4777 754 4833 verba
785 4776 910 4831 vita:
942 4776 1124 4846 hujus.
1156 4774 1259 4841 Qui
1303 4789 1424 4829 cum
1455 4771 1767 4838 audissent,
1799 4771 1971 4826 intra-

374 4879 572 4927 verunt
593 4868 834 4924 diluculo
862 4869 918 4923 in
942 4867 1230 4938 templum,
1261 4875 1314 4921 et
1341 4864 1628 4921 docebant.
1662 4862 1972 4919 Adveniens

374 4974 556 5021 autem
600 4964 853 5034 princeps
902 4961 1272 5028 sacerdotum,
1319 4969 1374 5016 et
1399 4961 1487 5032 qui
1531 4973 1652 5014 cum
1685 4974 1752 5015 eo
1780 4967 1970 5024 erant,

375 5068 754 5118 convenerunt
791 5057 1106 5122 concilium,
1156 5066 1210 5112 et
1239 5069 1430 5111 omnes
1458 5053 1705 5110 seniores
1737 5050 1970 5107 filiorum

375 5155 542 5212 Israel
576 5173 590 5210 :
639 5133 695 5208 et
725 5154 991 5208 miserunt
1019 5152 1085 5205 ad
1115 5165 1423 5217 carcerem,
1459 5155 1516 5203 ut
1552 5146 1970 5202 adducerentur.

376 5246 512 5304 Cum
542 5258 724 5302 autem
778 5245 1057 5300 venissent
1095 5243 1354 5308 ministri,
1408 5251 1459 5295 et
1501 5248 1689 5311 aperto
1710 5254 1970 5306 carcere,

378 5357 488 5398 non
522 5340 858 5396 invenissent
905 5338 1058 5408 illos,
1093 5338 1296 5393 reversi
1329 5335 1743 5401 nuntiaverunt,
1785 5333 1972 5390 dicen-

377 5447 493 5494 tes:
530 5435 818 5491 Carcerem
845 5433 1064 5506 quidem
1095 5431 1397 5488 invenimus
1421 5432 1664 5486 clausum
1683 5445 1804 5485 cum
1826 5428 1973 5485 omni

375 5529 678 5600 diligentia,
711 5535 765 5581 et
786 5526 1041 5582 custodes
1074 5534 1280 5580 stantes
1311 5535 1437 5579 ante
1462 5523 1697 5592 jannas:
1728 5521 1974 5592 aperien-

377 5633 460 5679 tes
490 5628 673 5677 autem
706 5619 974 5675 neminem
1013 5621 1159 5674 intus
1200 5618 1530 5672 invenimus.
1579 5615 1644 5671 Ut
1676 5623 1855 5670 autem
1879 5630 1975 5668 au-

377 5718 596 5773 dierunt
627 5715 725 5772 hos
755 5729 1035 5769 sermones
1081 5713 1427 5782 magistratus
1475 5708 1662 5779 templi
1690 5751 1703 5777 ,
1734 5718 1791 5763 et
1828 5707 1978 5777 prin-

377 5816 526 5885 cipes
550 5811 926 5876 sacerdotum,
969 5808 1313 5879 ambigebant
1359 5805 1425 5860 de
1465 5805 1568 5859 illis
1603 5803 1976 5875 quidnamtie-

377 5921 481 5966 ret.
517 5907 828 5964 Adveniens
858 5912 1039 5960 autem
1096 5900 1312 5974 quidam
1362 5899 1629 5956 nuntiavit
1679 5899 1797 5954 eis:
1846 5895 1981 5964 Quia

2077 3347 2121 3402 si
2145 3354 2228 3402 est
2258 3361 2325 3401 ex
2353 3343 2666 3400 hominibus
2693 3342 2979 3399 consilium
3008 3342 3110 3398 hoc
3129 3389 3142 3412 ,
3171 3354 3265 3399 aut
3287 3358 3452 3414 opus,
3477 3345 3677 3402 dissol-

2076 3452 2268 3498 vetur:
2311 3441 2356 3495 si
2385 3454 2516 3496 vero
2548 3454 2616 3494 ex
2651 3439 2758 3494 Deo
2792 3445 2910 3504 est,
2945 3453 3050 3493 non
3083 3439 3332 3509 poteritis
3368 3439 3673 3496 dissolvere

2075 3534 2236 3599 illud,
2269 3549 2336 3589 ne
2358 3531 2498 3588 forte
2529 3545 2581 3586 ct
2628 3531 2736 3587 Deo
2765 3546 3067 3602 repugnare
3111 3531 3483 3586 inveniamiui.
3531 3533 3674 3588 Con-

2076 3634 2367 3682 senserunt
2386 3633 2569 3680 antem
2596 3623 2695 3678 illi.
2722 3623 3169 3679 Etconvocantes
3191 3625 3490 3694 apostolos,
3513 3625 3674 3681 casis

2076 3720 2532 3777 denuntiaverunt
2575 3733 2645 3775 ne
2675 3720 2897 3774 omnino
2947 3719 3303 3789 loquerentur
3347 3720 3403 3773 in
3453 3720 3673 3776 nomine

2075 3815 2226 3882 Jesu,
2249 3823 2302 3870 et
2329 3813 2650 3868 dimiserunt
2672 3827 2788 3868 eos.
2818 3813 2882 3867 Et
2913 3811 2986 3869 illi
3010 3811 3226 3883 quidem
3261 3810 3672 3880 ibantgauden-

2076 3916 2158 3964 tes
2183 3923 2212 3962 a
2239 3918 2532 3976 conSpcctu
2571 3907 2819 3973 concilii,
2868 3906 3125 3978 quoniam
3155 3905 3300 3976 digni
3332 3903 3504 3961 habiti
3543 3915 3672 3962 sunt

2076 4019 2177 4074 pro
2202 4000 2419 4058 nomine
2440 4000 2571 4058 Jesu
2600 3999 2984 4056 contumeliam
3021 4000 3153 4071 pati.
3185 3999 3344 4054 Omni
3374 4007 3558 4054 autem
3585 3998 3675 4054 die

2078 4111 2185 4152 non
2217 4095 2525 4163 cessabant,
2575 4095 2630 4148 in
2663 4093 2866 4164 templo
2895 4101 2950 4149 et
2976 4093 3122 4148 circa
3155 4095 3346 4148 domos
3367 4091 3626 4148 docentes
3657 4133 3670 4159 ,

2077 4200 2132 4248 et
2160 4189 2597 4262 evangelizantes
2617 4186 2891 4244 Christum
2919 4187 3128 4242 Jesum.

2149 4283 2304 4357 [Cap.
2331 4282 2441 4355 VL]
2468 4282 2522 4337 In
2551 4281 2746 4338 diebus
2765 4290 2944 4336 autem
2976 4280 3106 4346 illis,
3133 4286 3417 4336 crescente
3443 4291 3675 4335 numero

2077 4379 2490 4450 discipulorum,
2522 4377 2721 4433 factum
2754 4385 2838 4432 est
2868 4391 3119 4432 murmur
3147 4374 3461 4432 Graecorum
3486 4372 3678 4428 adver-

2077 4489 2172 4530 sus
2212 4473 2472 4528 Hebraeos
2498 4513 2512 4538 ,
2560 4485 2625 4526 eo
2669 4470 2814 4541 quod
2848 4468 3260 4540 deSpicerentur
3285 4465 3340 4522 in
3370 4464 3676 4522 ministerio

2078 4568 2391 4641 quotidiano
2434 4566 2612 4621 viduae
2642 4579 2852 4621 eorum.
2904 4561 3282 4618 Convocantes
3309 4570 3492 4614 autem
3531 4558 3670 4613 duo-

1997 4642 2053 4701 D
2079 4667 2256 4723 decim
2305 4661 2700 4720 multitudinem
2735 4657 3126 4729 discipulorum
3151 4697 3166 4722 ,
3213 4655 3503 4710 dixerunt:
3552 4652 3672 4708 Non

2079 4770 2161 4817 est
2191 4773 2404 4830 aequum
2433 4770 2533 4811 nos
2556 4754 2940 4823 derelinquere
2985 4748 3210 4806 verbum
3245 4747 3363 4813 Dei,
3397 4755 3452 4802 et
3479 4746 3674 4801 minis;

2082 4866 2227 4910 trare
2256 4849 2480 4907 mensis.
2523 4844 2882 4901 Considerate
2921 4857 3083 4914 ergo,
3136 4842 3362 4906 fratres,
3414 4839 3560 4893 viros
3609 4853 3676 4893 ex

2079 4946 2233 5003 vobis
2263 4942 2389 4999 boni
2420 4938 2715 4997 testimonii
2751 4944 2978 5008 septem,
3009 4935 3200 5006 plenos
3222 4931 3425 5004 Spiritu
3454 4940 3674 4997 sancto,

2081 5050 2134 5097 et
2165 5039 2452 5111 sapientia,
2478 5050 2618 5108 quos
2640 5034 3032 5090 constituamus
3063 5043 3224 5101 super
3255 5027 3360 5082 hoc
3387 5040 3543 5097 opus.
3565 5023 3676 5080 Nos

2082 5151 2212 5190 vero
2253 5131 2510 5196 orationi,
2538 5138 2594 5185 et
2624 5125 2929 5183 ministerio
2953 5123 3105 5179 verbi
3154 5123 3417 5176 instantes
3448 5118 3672 5174 erimus.

2083 5231 2150 5286 Et
2171 5228 2371 5301 placuit
2401 5241 2581 5282 sermo
2600 5238 2781 5277 coram
2810 5220 2958 5276 omni
2990 5217 3359 5274 multitudine.
3397 5214 3463 5269 Et
3493 5213 3677 5284 elege-

2082 5332 2213 5380 runt
2240 5323 2601 5393 Stephanum,
2630 5318 2805 5373 virum
2836 5317 3053 5387 plenum
3087 5313 3191 5367 fide
3235 5320 3290 5367 ct
3315 5311 3514 5382 Spiritu
3555 5323 3677 5364 san-

2083 5429 2192 5486 cto,
2226 5426 2280 5472 et
2309 5414 2644 5485 Philippum,
2675 5419 2730 5467 et
2751 5408 3118 5472 Prochorum,
3152 5416 3201 5461 et
3233 5406 3554 5460 Nicanorem
3575 5445 3590 5470 ,
3623 5409 3680 5460 et

2085 5513 2394 5576 Timonem,
2425 5516 2480 5563 et
2511 5506 2856 5569 Parmenam,
2883 5512 2938 5557 et
2966 5500 3245 5556 Nicolaum
3269 5499 3532 5554 advenam
3569 5500 3677 5551 Anâ€”

2084 5605 2418 5660 tiochcnum.
2450 5601 2559 5657 llos
2582 5607 2886 5654 statuerunt
2915 5605 3042 5650 ante
3065 5609 3288 5662 con5pet
3307 5601 3418 5645 tum
3453 5599 3670 5660 aposto-

2084 5701 2256 5755 lorum
2286 5717 2298 5752 :
2330 5707 2384 5753 et
2415 5706 2636 5751 orantes
2681 5695 3056 5762 impOsuerunt
3094 5689 3173 5743 eis
3212 5701 3427 5741 manus.
3461 5685 3527 5738 Et
3556 5698 3678 5738 vcr-

2083 5794 2212 5851 bum
2239 5789 2455 5846 Domini
2485 5787 2794 5853 crescebat,
2827 5793 2883 5841 et
2927 5781 3390 5851 multiplicabatur
3419 5775 3679 5833 numerus

2085 5885 2473 5956 discipulorum
2503 5882 2557 5938 in
2582 5880 2886 5938 Jerusalem
2913 5878 3103 5934 valde:
3134 5874 3302 5932 multa
3326 5874 3488 5929 etiam
3529 5867 3686 5924 turba
