4166 6336
469 313 572 370 695

1443 311 1493 367 S.
1542 307 1922 366 HIERONYMI
1962 303 2192 365 DIVINA
2237 303 2709 362 BIBLIOTHECA.

3667 301 3774 359 696
3839 295 3850 302 ’

469 432 811 488 sacerdotum
837 430 1131 489 obediebat
1158 429 1304 487 ﬁdei.
1335 430 1646 502 Stephanus
1663 439 1843 484 autem
1875 427 2063 498 plenus
2092 428 2146 487 Α
2174 409 2348 496 usque
2386 423 2626 480 surrexit
2649 423 2789 479 alius
2814 437 2908 478 rex
2953 422 3008 478 in
3037 419 3295 493 )Egypto,
3323 421 3414 493 qui
3444 435 3551 475 non
3575 419 3782 477 sciebat

468 525 639 597 gratia
670 535 725 583 et
751 525 1064 583 fortitudine
1086 567 1100 591 ,
1147 524 1382 582 faciebat
1407 521 1651 595 prodigia
1679 533 1733 578 et
1772 522 1924 592 signa
1954 534 2067 574 ma-

471 636 575 693 gna
601 621 654 676 in
682 622 904 693 pepulo.
949 621 1318 679 Surrexerunt
1340 627 1520 674 autem
1566 616 1785 686 quidam
1813 617 1879 670 de
1907 629 2067 687 syna-

468 730 627 786 goga,
652 731 773 786 quae
795 715 1097 785 appellatur
1118 713 1549 778 Libertinorum,
1577 721 1629 765 et
1646 707 2063 781 Cyrenensium,

472 816 527 863 et
555 808 1152 868 Alexandrinorum,-et
1181 819 1369 860 eorum
1395 803 1483 873 qui
1513 811 1671 857 erant
1698 818 1725 854 a
1757 799 1978 866 Cilicia,
2015 809 2070 855 ct

472 903 635 969 Asia,
684 901 1026 972 disputantes
1069 915 1194 956 cum
1220 897 1537 968 Stephano:
1586 907 1771 952 etnon
1821 903 2071 966 poterant

471 995 730 1051 resistere
759 995 1064 1064 sapientiae,
1089 1003 1142 1047 et
1167 991 1413 1060 Spiritui,
1436 991 1527 1061 qui
1551 989 1896 1059 loquebatur.
1919 986 2071 1062 Tunc

473 1090 872 1145 summiserunt
924 1089 1091 1156 viros,
1133 1086 1222 1157 qui
1249 1085 1496 1141 dicerent
1545 1099 1606 1138 se
1635 1082 1908 1138 audivisse
1945 1095 2068 1137 eum

479 1185 751 1240 dicentem
781 1183 950 1238 verba
975 1178 1325 1248 blasphemiae
1353 1181 1404 1234 in
1430 1180 1672 1250 Moysen,
1704 1185 1759 1232 et
1793 1174 1848 1230 in
1874 1175 2067 1229 Deum.

474 1275 904 1331 Commoverunt
931 1276 1110 1344 itaque
1152 1271 1366 1342 plebem
1390 1312 1404 1336 ,
1437 1280 1491 1325 et
1513 1269 1755 1324 seniores
1782 1309 1798 1334 ,
1842 1276 1898 1323 et
1937 1266 2072 1322 scri-

475 1367 574 1423 bas
601 1384 616 1422 :
649 1375 704 1421 et
731 1376 1123 1423 concurrentes
1146 1373 1442 1434 rapuerunt
1467 1378 1615 1426 eum,
1654 1371 1709 1416 et
1733 1360 2072 1416 adduxerunt

480 1460 535 1516 in
568 1459 862 1516 concilium
886 1505 899 1529 ,
943 1467 999 1514 et
1030 1467 1338 1513 statuerunt
1370 1456 1534 1510 falsos
1586 1463 1772 1520 testes,
1805 1452 1898 1522 qni
1925 1452 2073 1506 dice-

474 1563 638 1609 rent:
672 1552 847 1608 Homo
899 1552 1002 1606 iste
1047 1566 1156 1606 non
1194 1557 1374 1605 cessat
1407 1547 1552 1618 loqui
1599 1545 1759 1601 verba
1809 1543 2072 1600 adversus

474 1647 654 1704 locum
704 1653 984 1714 sanctum,
1033 1652 1090 1700 et
1133 1645 1330 1714 legem.
1379 1640 1699 1698 Audivimus
1744 1637 1890 1693 enim
1946 1652 2071 1694 eum

472 1737 786 1793 dicentem:
833 1734 1102 1806 Quoniam
1134 1734 1293 1792 Jesus
1333 1732 1659 1789 Nazaracnus
1700 1729 1788 1784 hic
1826 1729 2074 1784 destruet

2171 520 2398 589 Joseplt.
2443 517 2543 574 Hic
2581 515 3018 573 circumveniens
3053 530 3227 584 genus
3269 524 3542 580 nostrum,
3586 513 3782 572 afﬂixit

2171 623 2356 684 patres
2387 620 2629 679 nostros,
2653 619 2714 667 ut
2741 620 3080 682 exponerent
3102 609 3339 666 infantes
3363 623 3493 664 suos
3515 625 3583 665 ne
3604 607 3781 665 viviﬁ-

2171 714 2450 762 carentur.
2486 704 2692 760 Eodem
2735 713 2983 773 tempore
3017 712 3176 758 natus
3205 713 3289 758 est
3318 701 3562 774 Moyses,
3594 711 3649 757 et
3677 700 3782 757 fuit

2171 805 2362 870 gratus
2404 799 2538 864 Deo,
2588 795 2683 868 qni
2730 796 2978 851 nutritus
3025 807 3110 850 est
3160 794 3331 850 tribus
3377 793 3678 857 mensibus,
3728 793 3781 848 in

2173 891 2336 948 domo
2372 891 2543 963 patris
2573 889 2679 947 sui.
2726 889 2996 960 Exposito
3035 899 3217 945 autem
3247 880 3364 956 illo,
3408 887 3629 944 sustulit
3654 901 3782 944 eum

2177 984 2284 1039 lilia
2331 980 2658 1050 Pharaonis,
2690 995 2746 1040 et
2795 983 3023 1038 nutrivit
3062 999 3185 1038 eum
3227 981 3328 1038 sibi
3379 982 3432 1036 in
3480 982 3676 1037 filium.
3715 979 3787 1037 Et

2173 1079 2421 1134 eruditds
2449 1088 2531 1134 est
2556 1069 2781 1150 Moyses
2802 1078 2951 1132 omni
2994 1076 3263 1146 sapientia
3295 1074 3694 1148 Egyptiorum,
3727 1083 3785 1130 et

2173 1183 2293 1229 erat
2322 1162 2600 1244 poteris'in
2636 1173 2839 1241 verbis,
2872 1182 2928 1228 et
2966 1173 3021 1228 in
3051 1170 3313 1242 operibus
3354 1170 3488 1224 suis.
3521 1169 3654 1224 Cum
3685 1182 3785 1222 au-

2176 1278 2284 1322 tem
2344 1267 2665 1336 impleretur
2705 1267 2754 1322 ei
2803 1263 3163 1336 quadraginta
3212 1277 3480 1317 annorum
3531 1271 3784 1331 tempus,

2174 1360 2422 1417 ascendit
2449 1361 2498 1414 in
2532 1376 2627 1416 cor
2661 1359 2779 1430 ejus
2802 1400 2817 1426 ,
2851 1366 2911 1414 ut
2945 1358 3197 1414 visitaret
3237 1355 3442 1411 fratres
3488 1368 3618 1409 suos
3647 1352 3790 1408 lilios

2174 1453 2364 1510 lsrael.
2401 1454 2466 1508 Et
2513 1468 2638 1510 cum
2666 1451 2898 1508 vidisset
2941 1451 3230 1522 quemdam
3275 1448 3529 1519 injuriam
3573 1444 3790 1516 patien-

2177 1556 2311 1613 tem,
2338 1547 2637 1602 vindicavit
2678 1545 2833 1602 illum
2869 1563 2883 1599 :
2925 1554 2982 1601 et
3020 1545 3153 1601 fecit
3193 1544 3458 1600 ultionem
3493 1543 3543 1597 ei
3579 1541 3672 1612 qui
3701 1540 3790 1595 in-

2171 1641 2373 1711 juriam
2418 1639 2748 1705 sustinebat,
2798 1654 3062 1710 percusso
3102 1637 3383 1710 Egyptio.
3429 1635 3793 1692 Existimabat

2179 1745 2360 1790 autem
2388 1734 2692 1805 intelligere
2721 1735 2943 1802 fratres,
2974 1733 3234 1805 quoniam
3271 1733 3410 1788 Deus
3442 1746 3540 1802 per
3565 1747 3791 1786 manum

473 1833 654 1890 locum
684 1833 846 1887 istum
868 1875 883 1901 ,
933 1839 988 1885 et
1034 1829 1265 1885 mutabit
1296 1827 1648 1893 traditioneS,
1681 1839 1814 1896 quas
1847 1821 2072 1878 tradidit
2102 1813 2152 1874 Β
2181 1830 2352 1901 ipsius
2377 1829 2530 1886 daret
2561 1829 2794 1886 salutem
2827 1828 2937 1884 illis
2964 1846 2977 1883 :
3010 1838 3066 1883 at
3095 1828 3173 1884 illi
3216 1841 3321 1882 non
3365 1825 3785 1881 intellexerunt.

473 1925 635 1980 nobis
674 1925 912 1996 Moyses.
941 1923 1011 1977 Et
1045 1922 1322 1978 intuentes
1348 1936 1472 1976 eum
1499 1934 1691 1975 omnes
1715 1959 1731 1984 ,
1783 1917 1872 1989 qui
1917 1914 2076 1972 sede-

473 2017 609 2072 bant
648 2016 700 2071 in
727 2014 983 2082 concilio,
1012 2014 1266 2070 viderunt
1311 2012 1503 2068 faciem
1532 2012 1650 2083 ejus
1685 2021 1958 2081 tamquam
1999 2007 2078 2062 fa-

481 2111 624 2167 ciem
657 2109 860 2180 angeli.
903 2105 916 2122 ·’

496 2221 503 2242 ε
543 2201 694 2275 [Cap.
721 2199 862 2272 Ἧι]
899 2199 1042 2255 Dixit
1086 2208 1266 2254 autem
1301 2199 1558 2269 princeps
1595 2196 1942 2254 sacerdotum
1973 2213 1986 2250 :
2021 2195 2077 2250 Si

455 2294 595 2374 lhaec
625 2292 696 2348 ita
727 2291 790 2349 Se
818 2292 1060 2348 habent?
1104 2291 1206 2360 Qui
1236 2292 1313 2346 ait
1340 2308 1353 2346 :
1386 2290 1500 2346 Viri
1533 2291 1753 2356 fratres,
1785 2297 1846 2344 et
1875 2297 2076 2359 patres,

475 2375 703 2446 :Ndite':
737 2389 881 2444 Deus
909 2389 1099 2459 gloriae
1137 2387 1390 2458 apparuit
1430 2387 1565 2455 patri
1607 2395 1798 2439 nostro
1844 2383 2080 2439 Abrahae

475 2497 599 2539 cum
629 2493 774 2536 esset
805 2481 859 2536 in
890 2481 1306 2550 MesopOIamia,
1335 2478 1484 2549 prius
1509 2491 1668 2547 quam
1698 2484 2002 2530 moraretur
2026 2475 2079 2529 in

476 2573 718 2639 Charan,
747 2584 805 2630 et
831 2573 969 2629 dixit
1005 2573 1073 2628 ad
1121 2573 1274 2628 illum
1307 2590 1317 2625 :
1352 2571 1456 2626 Exi
1483 2570 1550 2625 de
1592 2581 1737 2625 terra
1777 2578 1889 2633 tua,
1921 2577 1977 2624 et
2014 2567 2083 2622 de

478 2667 806 2737 cognatione
837 2674 950 2732 tua,
988 2676 1041 2720 et
1081 2665 1206 2720 veni
1257 2664 1309 2719 in
1346 2675 1568 2729 terram,
1602 2678 1763 2733 quam
1807 2669 2080 2716 monstra-

477 2774 611 2816 vere
643 2759 762 2815 tibi.
795 2758 950 2814 Tunc
970 2757 1103 2814 exiit
1131 2756 1199 2812 de
1229 2769 1371 2812 terra
1403 2754 1808 2820 Chaldaeorum,
1841 2762 1898 2809 et
1922 2753 2080 2807 habi-

479 2852 616 2906 tavit
645 2853 698 2906 in
722 2851 960 2907 Charan.
994 2851 1064 2906 Et
1092 2849 1246 2919 inde,
1282 2858 1571 2921 postquam
1597 2859 1845 2904 mortuus
1870 2855 1956 2904 est
1985 2861 2081 2916 pa-

482 2953 567 3000 ter
608 2945 747 3014 ejus,
799 2944 1076 2999 transtulit
1126 2943 1279 2998 illum
1313 2943 1366 2997 in
1416 2935 1631 2998 terram
1661 2941 1842 3004 istam.
1888 2941 1940 2994 in
1977 2953 2082 3010 qua

478 3054 621 3094 nunc
651 3052 750 3093 vos
775 3035 1056 3094 habitatis.
1089 3037 1156 3092 Et
1185 3052 1292 3090 non
1327 3035 1476 3092 dedit
1504 3032 1990 3094 illihaareditatem
2027 3033 2078 3086 in

479 3148 569 3199 ea,
600 3145 704 3188 nec
735 3145 956 3202 passum
987 3129 1164 3201 pedis,
1189 3130 1285 3185 sed
1312 3130 1560 3201 promisit
1593 3128 1725 3184 dare
1754 3127 1827 3182 illi
1867 3141 1987 3182 eam
2027 3125 2080 3179 in

479 3230 907 3297 possessionem,
943 3232 1000 3279 et
1026 3222 1227 3279 'semini
1265 3223 1382 3293 ejus
1424 3231 1548 3294 post
1575 3216 1775 3292 ipsum,
1804 3234 1930 3275 cum
1972 3233 2082 3272 non

481 3323 712 3378 haberet
753 3323 942 3376 ﬁlium.
977 3322 1216 3377 Locutus
1266 3328 1352 3375 est
1399 3329 1578 3372 autem
1623 3308 1686 3372 ei'
1720 3309 1866 3372 Deus
1901 3334 1916 3372 :
1947 3315 2082 3382 Quia

481 3415 587 3470 erit
616 3430 803 3470 semen
842 3414 962 3484 eius
993 3413 1176 3470 accola
1219 3411 1272 3466 in
1320 3420 1463 3466 terra
1508 3410 1684 3465 aliena
1705 3451 1719 3476 ,
1753 3420 1808 3464 et
1837 3409 2082 3464 servituti

483 3522 579 3565 eos
602 3507 922 3578 subjicient,
944 3518 999 3564 et
1028 3507 1171 3562 male
1199 3504 1508 3560 tractabunt
1532 3518 1627 3558 eos
1649 3499 1808 3558 annis
1828 3502 2084 3581 quadrin-
2119 3545 2123 3550 .

482 3602 659 3674 gentis
691 3620 704 3655 :
739 3611 794 3657 et
823 3610 1044 3674 gentem
1067 3601 1154 3655 cui
1179 3599 1487 3664 servierint,
1510 3596 1766 3667 judicabo
1797 3613 1918 3668 ego,
1949 3595 2085 3650 dixit

484 3694 748 3750 Dominus
779 3712 792 3750 :
820 3705 876 3751 et
916 3703 1040 3765 post
1080 3695 1198 3748 haec
1223 3690 1474 3757 exibunt,
1504 3700 1558 3745 et
1593 3691 1840 3744 servient
1868 3686 1996 3742 mihi
2029 3685 2082 3741 in’

485 3785 762 3847 loco'isto.
806 3789 874 3845 Et
897 3788 1048 3846 dedit
1086 3788 1160 3842 illi
1200 3783 1578 3842 testamentum
1614 3781 2040 3839 circumcisionis
2069 3799 2083 3835 :

483 3895 539 3943 et
561 3885 642 3941 sic
672 3879 860 3956 genuit
887 3883 1058 3952 Isaac,
1091 3878 1517 3937 et’circumeidit
1544 3893 1666 3934 eum
1708 3879 1798 3933 die
1839 3887 2030 3932 octavo
2069 3894 2082 3930 :

481 3972 964 4046 et'lsaacJacob:
999 3986 1055 4033 et
1079 3976 1270 4041 Jacob,
1293 3970 1589 4030 duodecim
1620 3973 1987 4028 Patriarchas.
2021 3971 2098 4028 Et.

483 4066 814 4131 Patriarcha:
865 4072 1207 4138 aemulantes,
1257 4068 1458 4139 .Ioseph
1501 4066 1863 4123 vendiderunt
1900 4066 1952 4120 in
1986 4065 2082 4120 AS-

481 4179 729 4242 gyptnm,
773 4175 828 4222 et
864 4175 984 4221 erat
1028 4165 1167 4218 Dens
1205 4157 1328 4219 cum
1370 4178 1436 4218 eo
1467 4180 1479 4215 :
1509 4171 1565 4217 et
1601 4160 1803 4230 eripuit
1849 4174 1972 4214 eum
2019 4176 2102 4213 εκ·

480 4262 737 4319 omnibus
763 4257 1207 4316 tribulationibus
1236 4257 1354 4328 ejus
1383 4274 1400 4315 ;
1429 4265 1484 4312 et
1508 4255 1659 4313 dedit
1689 4259 1736 4311 ei
1775 4245 2087 4325 gratianiget

476 4353 804 4427 sapientiam
837 4353 888 4407 in
920 4360 1216 4422 censpectu
1247 4350 1551 4406 Pharaonis
1586 4351 1726 4421 regis
1759 4343 1996 4422 Egypti,
2031 4361 2105 4407 et

483 4446 769 4503 constituit
797 4441 920 4501 eum
955 4445 1304 4515 praepositum
1355 4459 1519 4513 super
1554 4437 1969 4515 (Egyptummt'
1996 4459 2086 4498 su-

480 4555 579 4611 per
601 4554 816 4594 omnem
846 4538 1068 4593 domum
1094 4551 1270 4592 suam.
1308 4535 1466 4591 Venit
1485 4546 1664 4591 autem
1691 4532 1858 4591 fa'tnes
1890 4533 1940 4590 in
1969 4517 2083 4590 u'ni-

2183 1922 2446 1993 Sequenti
2477 1938 2610 1978 vero
2637 1913 2736 1978 die
2763 1922 3019 1993 apparuit
3046 1922 3154 1977 illis
3197 1919 3542 1990 litigantibus
3574 1934 3588 1972 :
3616 1926 3673 1973 et
3707 1933 3797 1974 re—

2180 2014 2517 2071 cunciliabat
2539 2029 2635 2071 eos
2663 2016 2716 2070 in
2743 2029 2872 2085 pace
2897 2014 3084 2070 dicens
3115 2033 3127 2068 :
3155 2012 3296 2081 Viri,
3326 2011 3522 2067 fratres
3549 2011 3704 2078 estis,
3732 2018 3798 2066 ut

2183 2106 2312 2178 quid
2344 2107 2555 2163 nucetis
2583 2107 2952 2163 alterutrum?
2980 2106 3082 2175 Qui
3119 2116 3303 2162 autem
3337 2104 3592 2176 injuriam
3620 2102 3793 2159 facie-

2183 2201 2276 2256 bat
2306 2201 2581 2270 proximo,
2627 2201 2832 2270 repulit
2878 2216 3025 2265 eum,
3058 2200 3247 2256 dicens
3280 2199 3298 2254 ε’
3328 2200 3461 2267 Quis
3485 2199 3544 2256 te
3585 2199 3796 2255 consti-'

2187 2296 2290 2350 tnit
2320 2295 2624 2366 principem
2655 2307 2711 2352 et
2754 2296 2994 2365 judicem
3038 2310 3203 2366 super
3248 2295 3388 2350 nos?
3421 2293 3676 2364 numquid
3708 2294 3794 2348 in-

2184 2389 2439 2443 terlicere
2471 2403 2558 2442 me
2589 2399 2644 2442 tu
2681 2389 2784 2457 vis,
2820 2387 3282 2458 quemadmodum
3319 2386 3641 2442 interfecisti
3675 2385 3794 2440 heri

2181 2480 2542 2553 Algyptium?
2570 2480 2732 2553 Fugit
2773 2492 2959 2536 autem
3002 2481 3222 2553 Moyses
3254 2480 3307 2535 in
3337 2481 3503 2535 verbo
3545 2478 3654 2533 isto
3691 2494 3704 2531 :
3737 2486 3796 2532 et

2183 2572 2363 2629 factus
2391 2581 2477 2628 est
2504 2573 2714 2628 advena
2747 2573 2800 2628 in
2844 2583 2990 2629 terra
3010 2582 3012 2586 '
3033 2573 3270 2639 Madian,
3301 2572 3392 2627 ubi
3423 2570 3702 2642 generavit
3733 2569 3796 2623 ﬁ-

2185 2666 2289 2722 lios
2331 2667 2490 2722 duos.
2539 2667 2611 2722 Et
2641 2667 2873 2737 expletis
2903 2668 3063 2722 annis
3106 2667 3487 2737 quadraginta,
3541 2664 3793 2736 apparuit

2185 2760 2269 2816 illi
2303 2760 2356 2816 in
2383 2761 2603 2816 deserto
2634 2762 2836 2817 montis
2867 2761 3001 2817 Sina
3031 2761 3257 2832 angelus
3300 2761 3353 2815 in
3400 2761 3525 2831 igne
3557 2760 3792 2814 ﬂammae

2186 2856 2327 2911 rubi.
2359 2855 2574 2928 Moyses
2597 2863 2777 2912 autem
2812 2856 3022 2920 videns,
3055 2855 3359 2910 admiratus
3383 2864 3467 2909 est
3500 2854 3700 2908 visum.
3726 2851 3796 2908 Et

2184 2948 2479 3004 accedente
2503 2949 2621 3017 illo,
2656 2959 2716 3004 ut
2741 2948 3134 3017 consideraret,
3165 2950 3302 3004 facta
3328 2958 3413 3004 est
3441 2947 3507 3001 ad
3535 2963 3660 3013 eum
3686 2960 3792 3001 vox

2187 3040 2422 3105 Domini,
2472 3041 2662 3097 dicens
2705 3060 2717 3096 :
2765 3041 2877 3111 Ego
2927 3056 3048 3096 sum
3088 3040 3232 3096 Deus
3278 3049 3490 3111 patrum
3545 3049 3787 3106 tuorum,

2187 3136 2332 3193 Dens
2362 3135 2661 3205 Abraham,
2686 3138 2832 3194 Dens
2864 3139 3036 3202 Isaac,
3070 3147 3128 3195 et
3162 3139 3304 3194 Deus
3338 3137 3531 3193 Jacob.
3566 3137 3796 3192 Treme-

2111 3199 2157 3264 Ο
2187 3227 2360 3286 factus
2382 3239 2565 3286 autem
2592 3231 2824 3302 Moyses,
2849 3246 2958 3286 non
2980 3231 3219 3286 audebat
3243 3231 3614 3286 considerare.
3643 3231 3792 3285 Dixit

2188 3335 2368 3380 autem
2417 3325 2492 3379 illi
2544 3324 2807 3380 Dominus
2852 3343 2863 3378 :
2910 3324 3075 3381 Solve
3119 3324 3550 3380 calceamentutn
3594 3324 3790 3394 pedum

2191 3427 2409 3473 tuorum
2441 3435 2453 3472 :
2489 3418 2642 3473 locus
2665 3418 2811 3473 enim
2856 3419 2909 3472 in
2950 3433 3060 3488 quo
3091 3427 3224 3485 stas,
3269 3427 3419 3474 terra
3461 3428 3648 3472 sancta
3677 3425 3788 3472 est.

2189 3509 2395 3566 Videns
2447 3509 2554 3564 vidi
2611 3509 2963 3566 afﬂictionem
3021 3511 3205 3582 populi
3257 3512 3399 3578 mei,
3451 3511 3542 3582 qui
3599 3519 3682 3564 est
3734 3511 3789 3565 in

2187 3601 2539 3677 JEgypto,‘et
2567 3608 2832 3678 gemitum
2866 3621 3058 3663 eorum
3097 3607 3313 3676 audivi,
3346 3618 3402 3663 et
3438 3605 3696 3662 descendi
3727 3605 3792 3659 li-

2188 3697 2385 3754 berare
2413 3715 2530 3755 eos.
2563 3700 2632 3755 Et
2657 3716 2802 3756 nunc
2827 3701 2978 3766 veni,
3005 3709 3059 3754 et
3083 3701 3293 3756 mittam
3314 3707 3368 3756 te
3390 3701 3442 3756 in
3469 3700 3786 3772 Egyptum.

2188 3791 2345 3848 Hunc
2376 3793 2623 3865 Moysen,
2655 3808 2816 3864 quem
2848 3803 3217 3863 negaverunt,
3247 3795 3492 3850 dicentes
3527 3813 3538 3846 :
3571 3794 3702 3862 Quis
3735 3802 3790 3848 te

2189 3886 2472 3946 constituit
2507 3891 2809 3962 principem
2839 3901 2894 3947 et
2928 3891 3204 3961 judicem?
3236 3891 3378 3946 hunc
3406 3891 3550 3946 Deus
3586 3890 3789 3960 princio

2191 3999 2314 4055 pem
2343 3995 2399 4040 et
2431 3984 2837 4052 redemptorem
2886 3984 3067 4050 misit,
3101 3981 3224 4040 eum
3259 3999 3422 4038 manu
3454 3983 3655 4054 angeli,
3692 3983 3784 4053 qui

2190 4078 2449 4147 apparuit
2496 4077 2572 4131 illi
2610 4079 2664 4130 in
2697 4077 2853 4130 rubo.
2902 4077 3000 4132 llic
3028 4077 3214 4132 eduxit
3248 4077 3391 4138 illos.
3430 4075 3635 4131 faciens
3661 4088 3789 4144 pro-

2190 4168 2336 4240 digia
2358 4179 2414 4224 et
2443 4169 2594 4240 signa
2627 4169 2680 4224 in
2716 4178 2858 4224 terra
2883 4169 3103 4241 Egypti
3123 4213 3137 4237 ,
3168 4180 3220 4226 et
3252 4169 3305 4224 in
3336 4169 3518 4223 Rubro
3549 4166 3702 4232 tnari,
3731 4176 3788 4221 et

2193 4262 2247 4317 in
2298 4263 2523 4317 deserto
2581 4261 2736 4315 annis
2790 4262 3175 4331 quadraginta.
3241 4259 3337 4316 Htc
3393 4270 3477 4315 est
3529 4259 3782 4331 Moyses,

2191 4357 2284 4429 qui
2327 4356 2474 4412 dixit
2509 4356 2639 4410 ﬁliis
2682 4355 2850 4410 Israel
2883 4373 2896 4409 :
2935 4355 3264 4425 Propltetam
3304 4353 3592 4408 suscitabit
3631 4351 3786 4406 Voltis

2193 4450 2336 4505 Deus
2365 4448 2432 4504 de
2456 4447 2717 4502 fratribus
2757 4448 2952 4503 vestris
2981 4465 2996 4502 :
3023 4453 3298 4517 tamquam
3329 4461 3446 4512 nte,
3479 4447 3652 4516 ipsum
3684 4459 3782 4498 au-

2193 4541 2375 4595 dietis.
2411 4539 2512 4594 llic
2537 4550 2638 4605 est,
2669 4539 2760 4609 qui
2785 4537 2887 4592 fuit
2915 4540 2966 4592 in
2998 4538 3239 4593 Ecclesia
3261 4538 3316 4592 in
3346 4538 3638 4592 solitudine
3659 4552 3783 4590 cutn

483 4647 706 4688 versam
738 4631 1032 4703 Egyptum
1055 4639 1112 4687 et
1139 4627 1429 4698 Chanaan,
1452 4638 1508 4709 et
1538 4629 1813 4684 tribulatio
1846 4644 2038 4699 magna
2067 4647 2081 4684 :
2107 4603 2164 4661 Ῑ)
2189 4635 2408 4706 angelo,
2440 4635 2530 4706 qui
2567 4634 2891 4705 loquebatur
2916 4634 2966 4689 ei
2991 4633 3045 4688 in
3076 4641 3264 4688 monte
3291 4633 3444 4697 Sina,
3469 4641 3664 4687 etcum
3694 4645 3785 4700 pa-

483 4736 539 4782 ct
565 4740 673 4781 non
701 4725 1052 4781 inveniebant
1077 4725 1227 4779 cibos
1261 4734 1441 4793 patres
1471 4723 1663 4777 nostri.
1686 4723 1820 4778 Cum
1844 4723 2086 4779 audisset

483 4829 667 4874 autem
695 4817 864 4873 Jacob
903 4832 1028 4873 esse
1060 4817 1392 4872 frumentum
1433 4815 1485 4869 in
1517 4814 1751 4888 .‘Egypto
1775 4856 1790 4882 ,
1821 4815 1969 4870 misit
1993 4830 2087 4885 pa-

482 4919 599 4968 tres
647 4919 868 4966 nostros
909 4909 1143 4980 primum
1180 4928 1192 4965 :
1225 4919 1279 4964 et
1316 4910 1370 4964 in
1417 4909 1659 4966 secundo
1705 4909 1955 4979 cognitus
2003 4919 2086 4966 est

478 5004 685 5076 Joseph
705 5019 735 5058 a
761 5003 1024 5060 fratribus
1045 5004 1180 5069 suis,
1200 5013 1257 5059 et
1276 5003 1682 5058 manifestatum
1707 5015 1790 5059 est
1813 5004 2082 5061 Pharaoni

480 5113 652 5170 genus
689 5099 827 5169 ejus.
862 5097 1081 5154 Mittens
1112 5107 1290 5152 autem
1331 5094 1536 5166 .loseph
1581 5097 1867 5152 accersivit
1908 5095 2078 5154 Jacob

481 5205 694 5265 patrem
721 5208 879 5248 suum
903 5232 919 5259 ,
945 5201 1002 5247 et
1032 5207 1249 5247 omnem
1278 5192 1656 5264 cognationem
1686 5206 1836 5246 suam
1870 5191 1923 5246 in
1952 5193 2076 5247 ani-

480 5286 674 5341 mabus
715 5285 1059 5356 septuaginta
1107 5285 1368 5356 quinque.
1408 5285 1473 5340 Et
1509 5285 1789 5342 descendit
1816 5284 1982 5342 Jacob
2022 5287 2074 5342 in

473 5378 805 5454 ,JEgyptum,
837 5386 893 5433 et
930 5377 1218 5434 defunctus
1250 5387 1337 5435 est
1382 5380 1520 5448 ipse,
1554 5387 1609 5434 et
1655 5389 1836 5448 patres
1877 5381 2072 5437 nostri.

479 5473 550 5529 Et
580 5472 831 5528 translati
859 5481 986 5528 sunt
1011 5473 1064 5528 in
1091 5472 1335 5541 Sichem,
1364 5483 1419 5530 ct
1450 5475 1607 5545 positi
1649 5486 1775 5531 sunt
1805 5477 1857 5531 in
1891 5478 2077 5547 sepul-

479 5583 596 5634 cro,
619 5567 764 5639 quod
785 5569 920 5624 emit
941 5568 1214 5625 Abraham
1246 5570 1422 5640 pretio
1445 5569 1656 5640 argenti
1679 5586 1707 5625 a
1732 5571 1856 5627 filiis
1880 5572 2082 5626 Humor

476 5663 571 5719 ﬁlii
591 5662 834 5720 Sichem.
863 5663 998 5719 Cum
1023 5676 1203 5720 autem
1228 5664 1693 5736 appropinquaret
1715 5675 1927 5735 tempus
1955 5681 2081 5735 pro-

479 5748 778 5826 missibnis,
810 5771 970 5829 quam
1002 5756 1284 5813 confessus
1306 5767 1426 5813 erat
1449 5757 1595 5812 Deus
1619 5756 1875 5820 Abrahae,
1908 5759 2081 5814 crevit

481 5851 734 5921 populus,
764 5861 821 5908 et
859 5850 1249 5922 multiplicatus
1289 5862 1374 5908 est
1419 5856 1470 5906 in
1501 5852 1757 5923 Egypto,
1786 5861 1843 5908 et
1865 5852 2078 5922 quoad-

2188 4730 2360 4785 tribus
2399 4728 2644 4784 nostris:
2694 4729 2784 4798 qui
2825 4728 3034 4798 accepit
3062 4726 3224 4781 verba
3273 4727 3397 4781 vita:
3429 4725 3560 4780 dare
3604 4723 3782 4778 nobis.

2185 4821 2284 4878 Cui
2311 4821 2607 4877 noluerunt
2635 4821 2858 4876 obedire
2882 4829 3062 4890 patres
3084 4821 3259 4874 nostri
3288 4837 3298 4870 :
3327 4819 3423 4873 scd
3446 4817 3783 4889 repulerunt,

2187 4925 2244 4971 et
2271 4916 2447 4970 aversi
2474 4925 2600 4970 sunt
2626 4915 2676 4968 in
2704 4913 2958 4970 cordibus
2985 4915 3098 4967 suis
3120 4914 3170 4967 in
3198 4911 3518 4984 IEgyptum,
3542 4910 3788 4966 dicentes

2187 5008 2255 5062 ad
2306 5009 2533 5064 Aaron:
2579 5009 2686 5065 Fac
2736 5008 2892 5062 nobis
2936 5007 3094 5074 deos,
3140 5009 3230 5077 qui
3281 5005 3588 5078 przccedant
3641 5019 3782 5061 nos:

2187 5100 2400 5173 Moyses
2428 5099 2572 5156 enim
2615 5100 2722 5167 hic,
2754 5099 2848 5170 qui
2877 5097 3065 5155 eduxit
3097 5114 3194 5153 nos
3239 5101 3309 5154 de
3344 5110 3489 5156 terra
3539 5097 3783 5170 Egypti,

2188 5193 2459 5249 nescimus
2489 5192 2614 5262 quid
2652 5193 2850 5247 factum
2882 5191 2952 5247 sit
2978 5191 3050 5246 ei.
3079 5191 3145 5245 Et
3183 5191 3409 5247 vitulum
3454 5191 3701 5248 fecerunt
3732 5192 3784 5245 in

2187 5287 2381 5343 diebus
2412 5288 2542 5353 illis,
2571 5295 2626 5343 et
2650 5287 2963 5341 obtulerunt
2989 5282 3220 5341 hostiam
3247 5285 3566 5352 simulacro,
3601 5293 3657 5338 et
3687 5285 3782 5337 lae-

2191 5383 2441 5439 tabantur
2468 5383 2520 5436 in
2550 5379 2805 5451 operibus
2835 5394 3088 5434 manuum
3118 5395 3360 5434 suarum.
3385 5377 3665 5433 Convertit
3689 5391 3785 5431 au-

2187 5488 2294 5534 tem
2333 5479 2492 5544 Deus,
2527 5487 2580 5531 et
2609 5474 2830 5530 tradidit
2853 5489 2949 5530 eos
2979 5475 3185 5530 servire
3217 5474 3421 5528 militia:
3451 5475 3574 5530 cmli
3599 5517 3613 5539 ,
3639 5473 3782 5528 sicut

2183 5572 2442 5640 scriptum
2476 5581 2555 5624 est
2601 5570 2652 5624 in
2689 5568 2829 5624 libro
2887 5567 3274 5638 prophetarum
3307 5585 3320 5621 :
3355 5566 3623 5637 Numquid
3668 5567 3784 5622 vic-

2184 5669 2344 5722 timas
2371 5677 2422 5720 et
2453 5664 2660 5719 hostias
2685 5662 2958 5718 obtulistis
2993 5661 3125 5717 mihi
3158 5662 3312 5717 annis
3345 5660 3691 5731 quadraginta
3726 5661 3779 5714 in

2183 5762 2422 5826 deserto,
2449 5759 2645 5815 domus
2690 5758 2890 5814 Israel?
2922 5758 2988 5812 Et
3021 5755 3341 5827 suscepistis
3373 5755 3778 5809 tabernaculum

2183 5853 2419 5919 Moloclt,
2446 5862 2503 5911 et
2528 5850 2679 5909 sidus
2707 5850 2804 5907 Dei
2832 5849 2999 5907 vestri
3029 5849 3354 5922 Rempham,
3385 5845 3610 5918 ﬁguras,
3644 5861 3781 5918 quas
3807 5895 3814 5904 .
