4166 6336
319 361 429 417 697

1421 351 1625 409 LIBER
1663 350 1947 409 ACTUUM
1989 349 2524 409 APOSTOLORUM.

3523 348 3633 407 698

246 510 255 517 η
317 480 556 545 fecistis,
590 478 824 534 adorare
850 492 961 533 eas.
996 476 1063 532 Et
1091 474 1414 531 transferam
1452 490 1545 530 vos
1579 483 1729 527 trans
1758 471 1929 543 Baby-
1960 471 2009 529 Α
2039 472 2208 525 multo
2241 480 2486 541 tempore
2529 470 2721 539 magiis
2764 472 2880 526 suis
2922 470 3289 525 demcutasset
3336 483 3451 524 eos.
3502 470 3637 524 (tum

314 572 527 629 Ionem.
569 570 1001 627 Tabernaculum
1052 568 1349 623 testimonii
1393 569 1491 623 l'uit
1524 584 1646 623 cum
1686 566 1929 638 patribus

321 666 534 722 nostris
563 664 615 719 in
640 664 882 730 deserto,
915 664 1055 718 sicut
1075 660 1347 732 disposuit
1370 661 1481 715 illis
1510 660 1669 725 Deus,
1706 661 1929 729 loquens

324 760 400 815 ad
429 758 673 831 Moysen,
708 766 766 811 ttt
793 755 994 812 faceret
1025 754 1157 810 illud
1185 754 1478 810 secundum
1507 754 1734 807 formam
1766 767 1927 823 quam

323 852 561 907 viderat.
601 850 756 918 Quod
805 856 861 905 et
908 847 1273 915 induxerunt,
1338 847 1699 916 suscipientes
1750 857 1930 916 patres

327 945 505 1001 nostri
562 960 684 999 cum
734 942 863 998 Jesn
916 942 967 996 iu
1026 942 1431 1012 possessionem
1481 943 1746 1011 gentium,
1796 955 1930 1011 quas

322 1036 536 1107 expulit
574 1034 770 1090 Deusa
821 1033 961 1090 facie
1009 1045 1224 1104 patrum
1273 1044 1608 1097 nosnorum,
1662 1050 1831 1103 usque
1875 1032 1927 1088 in

320 1128 520 1183 diebus
566 1126 757 1192 David,
808 1129 899 1197 qui
946 1127 1151 1182 invenit
1194 1127 1421 1199 gratiam
1464 1138 1591 1182 ante
1639 1128 1828 1192 Deum,
1876 1136 1932 1182 et

322 1222 505 1292 petiit,
537 1231 597 1275 ut
634 1221 908 1276 inveniret
957 1220 1364 1276 tabernaculum
1396 1220 1508 1275 Deo
1555 1218 1744 1274 Jacob.
1776 1218 1931 1273 Salo-

321 1333 455 1371 mon
486 1325 665 1371 autem
696 1314 987 1371 tedilicavit
1022 1314 1100 1370 illi
1126 1315 1365 1369 domum.
1397 1313 1504 1368 Sed
1542 1328 1648 1368 non
1681 1313 1929 1369 excelsus

321 1409 381 1463 in
416 1409 741 1464 manufactis
771 1408 999 1476 habitat,
1037 1408 1177 1463 sicut
1204 1407 1477 1478 Propheta
1510 1407 1641 1463 dicit
1674 1426 1687 1462 :
1720 1405 1927 1462 Ctelum

319 1502 459 1557 mihi
488 1502 648 1557 sedes
671 1510 752 1557 est
787 1521 800 1556 :
834 1512 977 1557 terra
1006 1512 1186 1557 autem
1219 1502 1515 1557 scabellum
1550 1501 1745 1571 pedum
1776 1518 1927 1555 meo-

320 1611 469 1650 rum.
502 1594 677 1663 Quam
705 1596 925 1649 domum
974 1594 1319 1650 mdilicabitis
1364 1596 1520 1661 mihi,
1572 1595 1700 1649 dicit
1746 1594 1931 1650 Domi-

321 1704 464 1753 nus,
499 1697 591 1742 aut
642 1688 762 1758 quis
812 1688 964 1743 locus
1012 1689 1365 1756 requietionis
1396 1704 1531 1743 meae
1580 1688 1699 1742 est?
1741 1687 1932 1744 Nonne

322 1797 521 1837 manus
547 1797 667 1837 mea
696 1782 826 1836 fecit
856 1783 969 1837 haec
996 1781 1222 1837 omnia?
1256 1783 1392 1836 Dura
1417 1782 1656 1849 cervice,
1687 1791 1741 1837 et
1767 1782 1930 1837 incir-

2033 582 2167 620 vcro
2212 566 2574 623 credidissent
2626 564 2877 635 Philippo
2924 564 3315 634 evangelizanti
3352 564 3421 619 de
3471 578 3639 631 regno

2036 662 2150 724 Dei,
2196 662 2246 715 iu
2297 663 2515 716 nomine
2545 660 2671 716 Jesu
2714 661 2916 716 Christi
2966 660 3381 730 baptizabantur
3429 658 3528 714 viri
3577 672 3642 713 ac

2030 755 2313 811 mulieres.
2346 754 2495 811 Tunc
2526 754 2717 811 Simon
2750 766 2804 809 et
2838 756 2955 823 ipse
2996 755 3267 809 credidit:
3303 764 3355 805 et
3389 768 3509 807 cum
3543 752 3640 805 ba-

2032 850 2267 920 ptizatus
2314 859 2503 915 esset,
2556 848 2876 904 adhmrehat
2934 849 3205 918 Philippo.
3237 846 3441 901 Videas
3472 844 3635 900 etiam

2031 944 2180 1016 tigna
2223 955 2276 998 et
2317 944 2547 998 virtutes
2587 943 2850 997 maximas
2886 942 3025 1002 ﬁeri,
3078 953 3303 1009 stupens
3334 937 3642 993 admiraba-

2034 1049 2141 1094 tur.
2175 1038 2308 1094 Cum
2341 1048 2519 1092 autem
2551 1038 2830 1092 audissent
2863 1036 3134 1105 Apostoli,
3170 1035 3258 1103 qui
3290 1042 3450 1087 erant
3478 1032 3638 1087 Jero-

2032 1134 2281 1205 solymis,
2307 1133 2449 1202 quod
2479 1132 2776 1202 recepisset
2799 1130 3043 1184 Samaria
3069 1128 3291 1182 verbum
3321 1126 3440 1193 Dei,
3475 1124 3639 1180 mise-

2031 1236 2157 1281 runt
2189 1226 2256 1280 ad
2287 1241 2382 1280 eos
2410 1226 2626 1279 Petrum
2651 1232 2702 1277 et
2728 1223 3015 1279 Joannem.
3044 1220 3142 1288 Qui
3173 1236 3293 1275 cum
3326 1216 3640 1284 venissent,

2032 1330 2331 1376 oravernnt
2380 1334 2478 1390 pro
2536 1320 2689 1389 ipsis,
2736 1328 2794 1373 ttt
2842 1317 3153 1387 acciperent
3201 1314 3460 1384 Spiritum
3514 1328 3640 1367 san-

2032 1428 2177 1471 etum
2206 1432 2217 1466 :
2245 1412 2491 1468 Nondum
2524 1414 2668 1467 enim
2695 1412 2747 1465 in
2781 1425 3109 1480 quemquam
3141 1408 3357 1462 illorum
3389 1414 3635 1475 venerat,

2032 1508 2126 1562 sed
2158 1507 2413 1579 baptizati
2447 1514 2653 1560 tantum
2696 1514 2853 1559 erant
2883 1502 2935 1557 in
2979 1501 3202 1557 nomine
3231 1500 3443 1555 Domini
3489 1499 3637 1555 Jesu.

2033 1602 2185 1657 Tunc
2216 1602 2567 1671 imponebant
2600 1613 2795 1654 manus
2822 1614 2987 1667 super
3022 1598 3165 1662 illos,
3204 1607 3255 1651 et
3301 1595 3644 1667 accipiebant

2032 1698 2296 1772 Spiritum
2327 1707 2599 1754 sanctum.
2633 1693 2770 1751 Cum
2802 1693 3027 1749 vidisset
3057 1702 3237 1748 autem
3270 1692 3477 1759 Simon,
3512 1692 3639 1760 quia

2035 1810 2133 1865 per
2158 1793 2560 1863 impositionem
2606 1805 2799 1847 manus
2838 1788 3221 1859 Apostolorum
3265 1788 3489 1842 daretur
3515 1785 3643 1855 Spi-

318 1876 579 1931 cumcisis
625 1875 881 1930 cordibus
924 1885 979 1930 ct
1028 1875 1273 1941 auribus,
1307 1890 1405 1929 vos
1443 1890 1657 1943 semper
1705 1874 1925 1945 Spiritui

2036 1891 2172 1946 ritus
2203 1898 2449 1955 sanctus,
2483 1886 2679 1943 obtulit
2709 1886 2787 1941 eis
2817 1884 3123 1954 pecuniam,
3154 1883 3343 1938 dicens
3379 1901 3390 1935 :
3423 1881 3553 1937 Date
3587 1889 3646 1936 et

320 1977 512 2023 sancto
535 1969 817 2035 resistitis,
846 1969 987 2024 sicut
1014 1978 1191 2038 patres
1219 1970 1407 2037 vestri,
1435 1969 1507 2022 ita
1530 1977 1585 2022 et
1611 1983 1725 2023 vos.
1758 1968 1927 2034 Quem

320 2057 717 2130 prephetarum
768 2075 875 2115 non
915 2069 1043 2115 sunt
1088 2060 1354 2128 persecuti
1401 2073 1584 2130 patres
1628 2059 1835 2115 vestri?
1868 2061 1931 2114 Et

329 2151 653 2209 occiderunt
681 2168 798 2219 eos,
824 2153 915 2223 qui
948 2152 1384 2222 praenuntiabant
1414 2151 1483 2208 de
1510 2153 1741 2207 adventu
1766 2152 1926 2217 Justi,

319 2247 480 2318 cujus
519 2262 617 2300 vos
660 2262 804 2301 nunc
834 2246 1141 2316 proditores
1166 2254 1222 2301 et
1266 2245 1551 2300 homicidae
1585 2246 1759 2299 luistis
1793 2262 1804 2297 :
1836 2243 1929 2315 qui

320 2338 613 2409 accepistis
646 2338 819 2410 legem
851 2342 903 2393 in
932 2336 1295 2409 dispositione
1325 2338 1678 2408 Angelorum,
1729 2346 1783 2392 et
1821 2352 1927 2392 non

320 2432 660 2489 custodistis.
680 2433 977 2489 Audientes
1006 2441 1185 2487 autem
1219 2433 1355 2498 haec,
1378 2432 1789 2487 dissecabantur
1809 2445 1931 2485 cor-

322 2526 488 2583 dibus
524 2526 680 2594 suis,
727 2536 782 2582 et
826 2526 1131 2583 stridebant
1179 2527 1433 2583 dentibus
1480 2528 1531 2581 in
1579 2542 1727 2581 eum.
1792 2526 1927 2580 Cum

323 2635 507 2679 autem
558 2633 704 2678 esset
756 2624 950 2693 plenus
1004 2622 1212 2691 Spiritu
1263 2632 1473 2689 sancto,
1534 2622 1819 2676 intendens
1874 2620 1927 2674 in

323 2718 548 2783 caelum,
582 2718 715 2771 vidit
740 2718 966 2789 gloriam
1003 2717 1120 2785 Dei,
1150 2726 1205 2771 et
1241 2718 1425 2773 Jesum
1477 2724 1706 2770 stantem
1740 2732 1765 2765 a
1796 2714 1926 2769 dex-

326 2809 428 2865 tris
450 2809 567 2865 Dei.
601 2810 666 2865 Et
694 2811 771 2865 ait
797 2829 808 2864 :
835 2810 977 2865 Ecce
1005 2810 1162 2865 video
1189 2809 1359 2865 caelos
1380 2818 1619 2879 apertos,
1645 2819 1698 2861 et
1732 2806 1924 2869 Filium

326 2903 562 2958 hominis
594 2913 829 2958 stantem
876 2921 903 2957 a
936 2903 1145 2958 dextris
1180 2903 1295 2957 Dei.
1338 2901 1717 2956 Exclamantes
1746 2910 1924 2955 autem

324 3011 458 3052 voce
507 3013 702 3068 magna
746 3000 1137 3053 continuerunt
1177 3013 1337 3051 aures
1386 3012 1536 3060 suas,
1569 3004 1624 3050 et
1662 2994 1923 3064 impetum

328 3090 576 3147 fecerunt
597 3092 927 3147 unanimiter
958 3092 1012 3147 in
1043 3106 1187 3146 eum.
1222 3092 1599 3161 Etejicientes
1625 3106 1747 3146 enm
1771 3097 1925 3143 extra

326 3187 622 3253 civitatem,
664 3186 1015 3256 lapidabant:
1051 3198 1103 3241 et
1152 3196 1318 3241 testes
1345 3188 1715 3256 deposuerunt
1761 3186 1924 3240 vesti—

328 3290 509 3335 menta
540 3296 657 3347 sua,
688 3295 844 3335 secus
876 3280 1041 3349 pedes
1070 3279 1431 3335 adolescentis
1457 3321 1469 3343 ,
1501 3278 1591 3348 qui
1633 3278 1926 3333 vocabatur

325 3372 545 3430 Saulus.
579 3372 646 3428 Et
670 3372 975 3442 lapidabant
1006 3374 1338 3442 Stephanum
1370 3373 1733 3437 invocantem,
1759 3380 1814 3425 et
1843 3371 1927 3425 di-

322 3475 578 3522 centem:
613 3464 844 3519 Domine
874 3464 1025 3531 Jesu,
1056 3466 1273 3533 suscipe
1298 3464 1549 3533 spiritum
1589 3478 1789 3519 meum.
1824 3463 1928 3517 Po-

322 3561 444 3615 sitis
470 3570 649 3615 autem
681 3559 939 3630 genibus,
977 3558 1229 3613 clamavit
1257 3573 1389 3612 voce
1422 3573 1611 3627 magna
1633 3599 1647 3621 ,
1699 3556 1922 3611 dicens:

324 3654 577 3720 Domine,
612 3669 680 3709 ne
712 3658 919 3708 statuas
950 3653 1055 3708 illis
1085 3653 1188 3707 hoc
1218 3662 1524 3722 peccatum.
1559 3653 1621 3705 Et
1658 3666 1780 3704 cum
1824 3650 1926 3705 hoc

320 3749 570 3813 dixisset,
604 3748 939 3803 obdormivit
967 3750 1019 3803 in
1063 3747 1315 3801 Domino.
1348 3745 1545 3801 Saulus
1581 3754 1760 3801 autem
1811 3754 1927 3801 erat

321 3843 674 3900 consentiens
702 3845 819 3899 neci
850 3843 984 3913 ejus.

394 3936 548 4010 [ϐαρ.
576 3936 758 4009 τνιιι.]
812 3936 976 3993 Facta
1020 3947 1105 3993 est
1157 3947 1336 3991 autem
1392 3936 1445 3989 in
1480 3934 1573 3989 illa
1606 3934 1692 3987 die
1736 3948 1920 4001 perse-

319 4032 469 4086 cutio
516 4046 706 4101 magna
744 4032 794 4084 in
832 4030 1107 4095 Ecclesia,
1144 4044 1264 4100 quae
1294 4037 1411 4083 erat
1439 4026 1831 4097 Jerosolymis,
1868 4035 1923 4081 et

320 4139 511 4180 omnes
557 4125 789 4196 dispersi
833 4134 961 4179 sunt
1006 4140 1100 4195 per
1132 4124 1379 4194 regiones
1413 4121 1615 4177 Jud:eae
1651 4132 1704 4175 et
1732 4122 1921 4176 Sama-

320 4218 439 4283 riae,
490 4228 687 4288 praeter
719 4218 1031 4287 Apostolos.
1077 4217 1412 4271 Curaverunl
1464 4222 1644 4269 autem
1689 4214 1921 4283 Stepha-

319 4327 449 4367 num
491 4311 591 4366 viri
631 4312 904 4375 titnorati,
954 4320 1009 4365 et
1053 4310 1294 4365 fecerunt
1349 4309 1625 4378 planctum
1666 4323 1917 4377 magnum

318 4420 483 4475 super
528 4420 672 4460 eum.
716 4403 915 4460 Saulus
968 4414 1149 4458 autem
1208 4402 1525 4458 devastabat
1574 4400 1939 4467 Ecclesiam,

320 4512 431 4568 per:
467 4497 671 4553 donios'
702 4496 931 4561 intrans,
987 4505 1040 4550 ct
1087 4494 1304 4549 trahens
1339 4494 1481 4549 viros
1534 4510 1597 4547 ac
1638 4493 1939 4559 qulieres,-:

2036 1983 2169 2039 mihi
2193 1983 2329 2036 hanc
2357 1990 2702 2051 potestatem,
2731 1988 2789 2033 ut
2827 1979 3153 2047 cuicumque
3182 1977 3495 2045 imposuero
3521 1991 3641 2031 ma-

2036 2094 2159 2142 nus,
2193 2078 2422 2146 accipiat
2453 2076 2714 2146 Spiritum
2749 2084 3020 2128 sanctum.
3060 2072 3255 2126 Petrus
3291 2080 3469 2126 autem
3506 2070 3647 2125 dixit

2034 2174 2100 2228 ad
2123 2189 2285 2228 eum:
2315 2171 2550 2225 Pecunia
2586 2180 2672 2225 tua
2696 2177 2872 2224 tecum
2897 2169 2970 2223 sit
2997 2169 3047 2221 in
3077 2166 3435 2237 perditionem
3468 2185 3481 2221 :
3510 2180 3646 2233 quo-

2036 2266 2176 2321 niam
2206 2266 2406 2319 donum
2449 2264 2546 2317 Dei
2574 2262 2895 2317 existimasti
2948 2261 3173 2330 pecunia
3205 2260 3491 2328 possideri.
3525 2257 3642 2313 Non

2033 2366 2119 2414 est
2148 2358 2245 2412 tibi
2278 2372 2434 2426 pars,
2468 2370 2644 2427 neque
2675 2370 2792 2409 sors
2821 2354 2875 2409 in
2907 2368 3158 2409 sermone
3195 2353 3322 2407 isto.
3365 2352 3473 2407 Cor
3499 2354 3641 2408 enim

2035 2464 2182 2508 tuum
2208 2468 2312 2507 non
2340 2463 2421 2506 est
2446 2461 2650 2506 rectum
2676 2466 2857 2505 coram
2890 2450 3024 2504 Deo.
3051 2447 3436 2503 Paenitentiam
3461 2449 3643 2516 itaque

2032 2562 2129 2616 age
2155 2546 2223 2600 ab
2254 2546 2353 2601 hac
2383 2544 2619 2612 nequitia
2652 2553 2738 2597 tua
2777 2562 2789 2597 :
2822 2552 2878 2598 et
2910 2557 3040 2611 roga
3071 2541 3263 2609 Deum,
3296 2541 3342 2594 si
3388 2539 3527 2594 forte
3558 2554 3642 2594 re-

2036 2640 2281 2692 mittatur
2326 2638 2418 2691 tibi
2451 2637 2562 2690 hrec
2593 2635 2850 2705 cogitatio
2889 2633 3067 2687 cordis
3098 2633 3191 2687 tui.
3228 2632 3284 2687 In
3330 2632 3450 2688 felle
3494 2634 3637 2686 enim

2032 2730 2428 2797 amaritudinis,
2456 2740 2510 2785 et
2539 2728 2869 2799 obligatione
2900 2727 3197 2797 iniquitatis
3222 2725 3382 2781 video
3412 2734 3463 2780 te
3492 2740 3637 2779 esse.

2032 2827 2388 2898 Respondeus
2427 2834 2605 2879 autent
2634 2826 2843 2889 Simon,
2869 2823 3003 2877 dixit
3034 2839 3045 2876 :
3079 2821 3387 2877 Precamini
3417 2836 3512 2875 vos
3543 2837 3639 2890 pro

2031 2941 2118 2980 me
2166 2924 2231 2978 ad
2284 2923 2593 2990 Dominum,
2626 2933 2684 2976 ut
2735 2922 2867 2975 nihil
2910 2922 3093 2975 veniat
3124 2937 3286 2991 super
3316 2936 3401 2975 me
3440 2921 3632 2976 horum

2030 3036 2149 3090 qua:
2176 3018 2408 3075 dixistis.
2448 3018 2513 3072 Et
2561 3018 2636 3070 illi
2665 3017 2880 3087 quidem
2914 3016 3186 3071 testiﬁcati
3217 3026 3271 3071 et
3312 3016 3478 3070 locttti
3520 3031 3640 3071 ver—

2031 3112 2157 3166 bum
2190 3108 2427 3176 Domini,
2462 3111 2709 3165 redibant
2739 3110 3162 3182 .lerosolymam,
3210 3118 3264 3164 ct
3316 3110 3498 3163 multis
3547 3124 3637 3164 re-

2035 3207 2283 3278 gionibus
2304 3205 2767 3262 Samaritanorum
2794 3204 3252 3272 evangelizahanl.
3281 3204 3518 3273 Angelus
3544 3217 3638 3256 auo

1986 3296 2005 3361 Ζ
2034 3312 2138 3355 tem
2172 3299 2381 3353 Domini
2412 3299 2623 3353 locums
2646 3307 2727 3351 est
2756 3297 2819 3350 ad
2849 3296 3178 3367 Philippum,
3214 3296 3400 3351 dicens
3427 3316 3437 3348 :
3464 3296 3637 3363 Surge

2032 3404 2087 3449 et
2110 3392 2245 3447 vade
2282 3402 2469 3446 contra
2502 3390 2884 3455 meridianum,
2918 3390 2983 3443 ad
3016 3390 3154 3442 viam
3196 3404 3317 3459 quae
3359 3388 3639 3443 descendit

2030 3486 2098 3541 ab
2120 3484 2418 3539 Jerusalem
2451 3484 2502 3538 in
2526 3483 2723 3538 Gazam
2754 3505 2763 3537 :
2794 3485 2907 3538 hzrc
2937 3494 3015 3538 est
3044 3486 3278 3537 deserta.
3316 3482 3381 3537 Et
3411 3496 3638 3550 surgens

2031 3580 2179 3631 abiit.
2226 3578 2291 3631 Et
2322 3592 2448 3633 ecce
2490 3578 2569 3631 vir
2610 3576 2884 3645 Ethiops,
2921 3574 3222 3641 eunuchus,
3258 3584 3447 3643 potens
3496 3572 3639 3629 Can-

2029 3672 2177 3727 dacis
2206 3670 2409 3740 regina!
2443 3670 2779 3738 Ethiopunt,
2808 3669 2895 3737 qui
2930 3678 3039 3722 erat
3066 3682 3230 3735 super
3254 3681 3445 3721 omnes
3473 3681 3634 3735 gazas

2029 3764 2169 3829 ejus,
2202 3773 2423 3817 venerat
2454 3761 2680 3815 adorare
2711 3761 2761 3814 in
2793 3759 3095 3814 Jerusalem
3129 3776 3140 3810 :
3172 3768 3225 3811 et
3256 3756 3635 3811 revertebatur

2028 3856 2226 3911 sedens
2255 3871 2421 3920 super
2460 3870 2680 3908 currum
2722 3868 2903 3917 suum,
2938 3854 3230 3920 legensque
3275 3848 3463 3903 lsaiam
3511 3864 3635 3917 pro-

2031 3948 2263 4018 phetam.
2305 3947 2443 4000 Dixit
2484 3957 2660 4000 autem
2692 3945 2926 4015 Spiritus
2959 3944 3252 4012 Philippo:
3296 3942 3529 4003 Accede.
3580 3952 3633 3996 et

2026 4041 2261 4111 adjunge
2295 4050 2347 4093 te
2385 4039 2451 4092 ad
2482 4055 2704 4092 currum
2735 4040 2914 4091 istum.
2946 4040 3250 4092 Accurreus
3290 4044 3471 4089 autem
3506 4032 3637 4088 Phi-

2027 4133 2229 4203 lippus,
2261 4133 2467 4186 audivit
2493 4148 2615 4186 eum
2650 4133 2918 4201 legen'em
2966 4130 3156 4184 Isaiam
3191 4130 3531 4198 prOpIn-tam,
3580 4136 3635 4181 et

2025 4228 2158 4281 dixit
2189 4243 2202 4278 :
2237 4225 2493 4287 Putasne,
2524 4224 2785 4293 intelligis
2813 4240 2933 4293 quae
2965 4222 3130 4293 legis9
3156 4222 3257 4290 Qui
3286 4221 3473 4277 ait:Et
3503 4236 3636 4291 quo-

2025 4317 2187 4372 modo
2210 4332 2451 4386 possum.
2482 4318 2523 4370 si
2558 4335 2662 4369 non
2693 4318 2888 4386 aliquis
2919 4315 3227 4371 ostenderit.
3258 4315 3425 4369 mihi?
3457 4313 3636 4381 Roga-

2024 4412 2206 4481 vitque
2236 4410 2560 4479 Philippum,
2599 4424 2652 4463 ut
2688 4410 3030 4473 ascenderet,
3064 4420 3116 4463 et
3164 4410 3379 4465 sederet
3423 4424 3633 4463 Secum.

2024 4507 2200 4559 [:ocus
2248 4516 2426 4559 autem
2466 4505 2782 4571 Scriptitrzu,
2826 4522 2985 4571 quam
3039 4505 3267 4574 legebat,
3322 4514 3440 4558 erat
3490 4506 3575 4557 hic
3620 4522 3634 4560 :

317 4590 1033 4647 tradebat‘in'custodiam.
1090 4590 1256 4660 Igitur
1306 4589 1395 4659 qui
1452 4588 1682 4657 dispersi
1735 4594 1911 4655 eranl,

2028 4596 2318 4665 Tamquam
2358 4599 2477 4652 ovis
2524 4599 2588 4651 ad
2632 4599 2962 4652 occisionem
2995 4597 3190 4652 ductus
3230 4608 3357 4653 est:
3399 4608 3452 4652 et
3494 4601 3635 4653 sicut

318 4686 759 4757 pcrtransibant,
802 4686 1234 4755 evangelizantes
1275 4683 1499 4737 verbum
1556 4682 1669 4736 Dei.
1713 4681 1916 4752 Philip-

316 4788 635 4849 puSrautem
671 4778 1010 4834 descendens
1044 4780 1095 4833 in
1127 4780 1403 4833 civitatem
1444 4778 1725 4845 Samaria;
1773 4782 1912 4845 prte-

316 4875 533 4931 dietihat
590 4876 694 4932 illis
741 4873 1043 4930 Christum.
1106 4873 1461 4929 lnteudebant
1503 4881 1683 4927 autem
1746 4870 1917 4925 turba:

316 4968 403 5025 his
460 4984 582 5041 qua:
635 4985 664 5024 a
716 4968 967 5038 Philippo
1023 4967 1375 5031 dicebantur,
1432 4965 1762 5021 unanimiter
1802 4979 1917 5017 ,au-

315 5062 681 5127 dientes,'et
732 5061 981 5117 videntes
1035 5063 1188 5131 signa
1247 5075 1368 5130 qum
1444 5059 1695 5114 faciebat.
1768 5056 1920 5113 Multi

316 5156 461 5211 enim
496 5168 710 5219 eorum,
739 5158 830 5226 qui
864 5154 1132 5210 habebant
1176 5156 1398 5225 spiritus
1432 5152 1761 5219 immundos,
1806 5153 1919 5208 cla-

314 5253 531 5305 m'antes
557 5263 689 5305 voce
721 5265 910 5319 magna
943 5250 1183 5305 exibant.
1234 5249 1381 5304 Multi
1414 5258 1593 5303 autem
1638 5246 1917 5320 paralytici

316 5355 369 5398 et
398 5342 575 5399 claudi
603 5342 773 5398 curati
804 5352 951 5399 sunt.
994 5342 1216 5397 Factum
1242 5350 1327 5398 est
1358 5357 1489 5411 ergo
1512 5341 1763 5412 gaudium
1810 5356 1922 5396 ma-

315 5452 481 5508 gnum
511 5438 565 5492 in
601 5437 687 5493 illa
715 5438 956 5495 civitate.
992 5436 1088 5493 Vir
1112 5447 1295 5493 autem
1318 5438 1536 5509 quidam
1573 5439 1793 5493 nomine
1836 5436 1923 5493 Si-

315 5547 467 5599 mon,
516 5531 607 5601 qui
658 5542 785 5588 ante
827 5534 997 5588 luerat
1040 5531 1095 5587 in
1133 5531 1349 5587 civitate
1398 5547 1609 5602 magus,
1650 5532 1919 5588 seducens

313 5636 532 5697 gentem
561 5626 843 5693 Samaria,
876 5625 1067 5680 dicens
1095 5640 1154 5681 se
1185 5638 1307 5680 esse
1338 5626 1573 5695 aliquem
1618 5642 1873 5699 magnum
1904 5644 1916 5679 :

314 5724 401 5779 cui
442 5721 825 5779 auscultabant
870 5735 1061 5777 omnes
1090 5737 1117 5775 a
1149 5722 1377 5777 minimo
1423 5737 1596 5792 usque
1641 5722 1704 5775 ad
1752 5722 1923 5776 maxi-

311 5832 484 5882 mum,
535 5816 827 5872 dicentes:
880 5816 977 5871 llic
1016 5824 1100 5871 est
1127 5816 1306 5871 virtus
1359 5815 1477 5881 Dei,
1539 5832 1657 5887 qua:
1699 5826 1920 5871 vocatur

312 5923 531 5979 magna.
602 5908 975 5966 Attendehant
1037 5918 1217 5965 autem
1270 5923 1440 5975 cum,
1501 5918 1719 5979 propter
1770 5910 1915 5979 quod

2025 4704 2197 4759 agnus
2222 4705 2403 4743 coram
2435 4690 2691 4743 tondente
2719 4706 2798 4749 se.
2828 4692 2943 4745 sine
2974 4707 3124 4751 voce,
3159 4692 3235 4745 sic
3267 4706 3373 4745 non
3418 4693 3633 4759 aperuit

2026 4799 2088 4838 os
2119 4784 2299 4839 suum.
2340 4783 2396 4837 ln
2440 4785 2746 4839 humilitate
2770 4786 3032 4854 judicium
3062 4786 3179 4855 ejus
3225 4786 3495 4840 sublatum
3527 4796 3631 4840 est.

2027 4877 2449 4934 Generationem
2490 4879 2605 4947 ejus
2650 4880 2771 4944 quis
2800 4880 3097 4943 enarrabit,
3128 4880 3382 4950 quoniam
3415 4882 3634 4935 tolletur

2025 4972 2095 5027 de
2138 4968 2276 5026 terra
2328 4968 2432 5026 vita
2481 4974 2642 5041 ejus?
2697 4973 3054 5043 Respondeas
3103 4985 3280 5026 autem
3336 4970 3641 5029 Eunuchus

2028 5064 2465 5134 Philippo,dixit
2497 5083 2509 5119 ε
2563 5064 2800 5121 Obsecro
2831 5077 2905 5131 te,
2941 5066 3009 5120 de
3050 5081 3154 5135 quo
3188 5065 3446 5136 propheta
3503 5064 3639 5122 dicit

2025 5157 2162 5212 hoc?
2191 5158 2258 5211 de
2291 5158 2368 5224 se,
2404 5174 2470 5211 an
2500 5157 2567 5212 de
2596 5158 2704 5212 alio
2731 5157 2948 5228 aliquo?
2981 5158 3245 5227 Aperieus
3276 5170 3455 5211 autem
3501 5158 3629 5213 Plii-

2023 5249 2199 5319 lippus
2224 5266 2286 5306 os
2317 5268 2497 5315 suum,
2532 5262 2586 5306 et
2626 5252 2889 5317 incipiens
2928 5266 2953 5301 a
2987 5250 3269 5315 Scriptura
3303 5250 3426 5316 ista,
3459 5266 3627 5305 evan-

2023 5346 2268 5417 gelizavit
2295 5346 2371 5400 illi
2393 5348 2599 5401 Jcsum.
2629 5346 2695 5401 Et
2716 5345 2841 5399 dum
2877 5345 3018 5399 ireat
3047 5361 3141 5411 per
3164 5344 3325 5409 viam,
3360 5357 3631 5403 venerunt

2026 5442 2091 5496 ad
2120 5442 2407 5511 quamdam
2438 5454 2630 5508 aquam
2661 5460 2671 5493 :
2702 5451 2754 5493 et
2796 5442 2871 5494 ait
2904 5440 3197 5494 Eunuchus
3235 5459 3247 5494 :
3288 5441 3425 5497 Ecce
3467 5458 3628 5510 aqua,

2022 5535 2148 5606 quid
2184 5534 2435 5601 proltibct
2472 5549 2557 5589 me
2584 5533 2883 5603 baptizari?
2920 5533 3057 5588 lllxit
3090 5542 3270 5589 autem
3304 5534 3585 5605 Philippus
3614 5553 3628 5594 :

2020 5632 2077 5688 Si
2108 5629 2287 5686 credis
2315 5645 2379 5684 ex
2426 5640 2542 5683 toto
2589 5628 2775 5686 corde.
2813 5628 2959 5682 licet.
3012 5627 3079 5681 Et
3121 5626 3459 5697 respondens
3503 5630 3626 5682 ait:

2019 5723 2221 5790 Credo,
2253 5722 2453 5777 Filium
2486 5722 2581 5777 Dei
2624 5737 2745 5777 esse
2784 5721 2971 5777 Jesum
3016 5722 3315 5776 Chrisuim.
3367 5720 3431 5775 Et
3470 5722 3631 5789 jussit

2022 5826 2167 5873 stare
2206 5832 2428 5871 currum
2464 5833 2477 5871 :
2511 5825 2565 5871 et
2611 5815 3014 5873 descenderunt
3047 5828 3276 5886 uterque
3310 5816 3360 5869 in
3390 5832 3582 5884 aquam
3612 5857 3627 5882 ,

2020 5910 2323 5981 Philippus,
2353 5919 2410 5966 et
2438 5907 2752 5979 Eunuchus,
2780 5918 2837 5965 et
2862 5910 3156 5979 baptizavit
3182 5923 3327 5964 eum.
3358 5906 3495 5962 Cum
3526 5923 3623 5962 an-
