4166 6336
566 324 673 385 609

1569 332 1628 387 S.
1670 328 2057 389 HIERONYM
2096 329 2325 390 ΒΠΙΝᾹ
2367 330 2853 391 BIBLIOTHECA.

3769 335 3880 395 700

566 456 673 500 tem
723 443 1101 501 ascendissent
1137 444 1205 502 de
1242 457 1401 517 aqua,
1452 444 1689 516 Spiritus
1741 444 1956 502 Domini
1997 444 2175 516 rapuit
2200 448 2253 507 Α
2279 446 2368 504 die
2396 461 2459 504 ac
2498 457 2680 519 nocte,
2719 456 2780 504 ut
2806 463 2932 506 eum
2975 448 3363 507 interficerent.
3413 451 3756 524 Accipientes
3787 467 3888 509 au-

564 537 900 609 Philippum,
933 547 987 593 et
1014 539 1249 610 amplius
1273 554 1382 594 non
1406 538 1543 594 vidit
1562 553 1685 594 eum
1713 537 2027 595 Eunuchus.
2062 535 2178 592 Ibat

564 642 747 687 autem
777 646 873 702 per
903 632 1040 686 viam
1071 647 1225 687 suam
1253 631 1517 703 gaudens.
1551 630 1835 703 Philippus
1862 639 2044 686 autem
2085 629 2173 685 in-

561 731 762 780 ventus
806 731 891 778 est
931 723 984 778 in
1017 724 1208 793 Azoto,
1259 732 1312 779 et
1361 723 1731 793 pertransiens
1774 721 2178 791 evangelizabat

565 813 876 871 civitatibus
908 816 1143 885 cunctis,
1176 816 1353 871 donec
1391 815 1600 871 veniret
1630 813 1977 870 Cmsarzeam.

639 904 790 978 [Cap.
824 905 939 978 IX]
968 906 1165 964 Saulus
1196 916 1374 963 autem
1406 907 1587 962 adhuc
1612 907 1826 977 spirans
1857 909 2127 963 minarum
2154 951 2171 979 ,

563 1008 622 1055 et
649 999 813 1055 caedis
844 1002 897 1055 in
918 1000 1215 1070 discipulos
1245 1000 1480 1069 Domini,
1514 1003 1750 1058 accessit
1774 1001 1841 1058 ad
1873 1003 2171 1074 principem

562 1092 928 1162 sacerdotum,
954 1103 1009 1150 et
1024 1094 1187 1169 petiit
1215 1096 1283 1150 ab
1306 1110 1371 1151 eo
1391 1095 1652 1165 epistolas
1679 1097 1733 1152 in
1758 1096 2082 1153 Damascum
2104 1096 2173 1153 ad

494 1260 497 1267 λ
565 1202 868 1261 synagogas
897 1206 910 1241 :
939 1195 996 1243 ut
1023 1188 1069 1243 si
1099 1203 1239 1259 quos
1270 1190 1575 1246 invenisset
1604 1190 1766 1260 hujus
1789 1190 1888 1246 via:
1918 1192 2081 1261 viros,
2111 1206 2174 1249 ac

566 1281 847 1346 mulieres,
883 1282 1103 1337 vinctos
1131 1283 1457 1352 perduceret
1504 1282 1559 1339 in
1589 1283 1916 1341 Jerusalem.
1951 1284 2171 1341 Etcum

562 1375 666 1430 iter
696 1373 919 1441 faceret,
965 1376 1213 1447 contigit,
1248 1384 1307 1432 ut
1338 1377 1809 1448 appropinquaret
1859 1378 2123 1435 Damasco
2154 1395 2169 1435 :

563 1478 619 1526 et
643 1469 824 1526 subito
850 1470 1212 1527 circumfulsit
1240 1487 1362 1528 eum
1392 1472 1483 1528 lux
1511 1471 1581 1528 de
1603 1472 1763 1528 coelo.
1795 1472 1862 1528 Et
1884 1471 2089 1530 cadens
2116 1473 2170 1529 in

563 1574 761 1621 terram
791 1564 995 1620 audivit
1024 1580 1214 1622 vocem
1260 1564 1531 1622 dicentem
1560 1566 1663 1622 sibi
1699 1584 1712 1621 :
1753 1567 1942 1631 Saule,
1983 1566 2168 1636 Saule,

562 1658 691 1730 quid
721 1675 808 1715 me
836 1660 1231 1732 persequeris?
1259 1660 1361 1730 Qui
1403 1660 1541 1717 dixit
1570 1677 1584 1715 :
1617 1660 1748 1728 Quis
1773 1675 1834 1717 es
1858 1703 1874 1730 ,
1908 1660 2171 1718 Domine?

565 1753 636 1808 Et
674 1752 766 1809 ille
796 1772 808 1807 :
860 1754 973 1824 Ego
1009 1768 1128 1809 sum
1157 1754 1340 1823 Jesus,
1371 1769 1531 1825 quem
1564 1761 1619 1809 tu
1648 1754 2013 1826 persequeris.
2058 1753 2167 1809 Du-

2278 548 2389 598 tem
2436 559 2560 599 eum
2608 544 2858 616 discipuli
2907 553 3088 614 nocte,
3144 560 3244 618 per
3295 562 3508 603 murum
3557 546 3888 604 dimiserunt

2276 651 2424 706 eum,
2453 637 2836 693 submitteutes
2871 639 2923 693 in
2948 646 3157 710 sporta.
3180 637 3316 695 Cum
3340 648 3522 696 autem
3552 640 3797 697 venisset
3824 640 3884 697 in

2275 730 2602 798 Jerusalem,
2629 732 2873 789 tentabat
2899 748 2960 789 se
2987 733 3218 805 jungere
3244 734 3550 807 discipulis,
3585 747 3641 793 et
3686 751 3887 794 omnes

2277 828 2544 885 timebant
2568 843 2713 898 eum,
2744 843 2852 885 non
2880 830 3167 886 credentes
3188 830 3330 902 quod
3367 838 3514 887 esset
3551 830 3878 903 discipulus.

2279 921 2552 978 Barnabas
2592 932 2774 977 autem
2818 922 3220 994 apprehensum
3253 922 3405 978 illum
3435 922 3594 979 duxit
3638 924 3707 979 ad
3736 926 3886 995 Apo-

2275 1015 2484 1073 stolos:
2524 1024 2581 1072 et
2608 1017 2852 1072 narravit
2889 1016 2996 1073 illis
3019 1015 3293 1088 quomodo
3315 1015 3370 1071 in
3403 1016 3486 1072 via
3511 1015 3742 1072 vidisset
3770 1017 3884 1072 Do-

2275 1109 2483 1164 minuni
2509 1148 2526 1174 ,
2563 1118 2618 1165 et
2646 1110 2770 1180 quia
2813 1109 3023 1166 locutus
3059 1118 3145 1166 est
3170 1109 3243 1180 ei,
3275 1118 3330 1165 et
3357 1109 3631 1181 quomodo
3677 1110 3730 1165 in
3774 1110 3883 1165 Da-

2276 1217 2459 1259 masco
2505 1202 2826 1259 fiducialiter
2862 1205 3037 1276 egerit
3089 1206 3142 1258 in
3194 1205 3416 1259 nomine
3457 1202 3611 1260 Jesu.
3656 1203 3723 1257 Et
3762 1214 3887 1259 erat

2274 1310 2397 1351 cum
2422 1295 2530 1352 illis
2560 1295 2769 1352 intrans
2793 1304 2850 1352 et
2873 1297 3064 1352 exiens
3095 1296 3148 1351 in
3176 1295 3502 1362 Jerusalem,
3526 1304 3581 1351 et
3604 1295 3882 1352 ﬁduciali-

2276 1396 2358 1444 ter
2392 1402 2558 1459 agens
2604 1389 2656 1444 iu
2707 1389 2926 1444 nomine
2969 1389 3206 1445 Domini.
3254 1389 3609 1460 Loquebatur
3663 1404 3882 1462 quoque

2272 1481 2547 1553 gentibus,
2574 1490 2632 1538 et
2656 1481 2966 1553 disputabat
2986 1498 3107 1539 cum
3132 1482 3339 1540 Grmcis
3370 1500 3386 1539 :
3420 1482 3494 1538 illi
3523 1492 3706 1538 autem
3729 1498 3882 1555 qure-

2274 1574 2467 1630 rebant
2513 1574 2765 1631 occidere
2796 1591 2943 1631 eum.
2977 1575 3135 1645 Quod
3164 1591 3287 1632 cum
3335 1576 3725 1648 cognovissent
3773 1577 3882 1631 fra-

2272 1677 2405 1732 tres,
2427 1668 2773 1726 deduxerunt
2800 1685 2922 1725 eum
2945 1670 3278 1733 Cresaream,
3310 1680 3364 1725 et
3393 1668 3720 1725 dimiserunt
3747 1669 3881 1725 Tar—

2272 1775 2414 1821 sum.
2464 1760 2708 1818 Ecclesia
2735 1762 2953 1834 quidem
2991 1779 3089 1834 per
3119 1772 3288 1819 totam
3330 1762 3597 1828 Iudaeam,
3648 1772 3706 1819 et
3734 1763 3880 1821 Gali-

561 1863 682 1903 rum
711 1847 917 1904 esttibi
944 1856 1133 1903 contra
1184 1847 1465 1903 stimulum
1494 1847 1798 1904 calcitrare.
1832 1847 1902 1902 Et
1929 1857 2168 1905 tremens
2201 1844 2247 1910 Β
2274 1856 2449 1927 imam,
2482 1867 2537 1913 et,
2559 1857 2881 1927 Samariam,
2915 1858 3153 1914 habebat
3185 1872 3393 1928 pacem,
3419 1868 3473 1914 et
3501 1857 3879 1916 aedificabatur

559 1956 625 1999 ac
663 1953 887 2013 Stupens
914 1942 1053 1998 dixit
1086 1959 1100 1998 :
1134 1942 1386 2008 Domine,
1416 1941 1543 2012 quid
1586 1956 1673 1996 me
1711 1940 1792 1997 vis
1835 1939 2055 1997 facere?
2095 1939 2166 1995 Et

564 2038 828 2094 Dominus
853 2037 920 2093 ad
952 2053 1076 2093 eum
1110 2055 1125 2091 :
1150 2037 1347 2109 Surge,
1379 2047 1433 2093 et
1462 2036 1749 2109 ingredere
1774 2036 2079 2108 civitatem,
2107 2045 2165 2094 et

562 2130 637 2186 ibi
664 2131 874 2188 dicetur
918 2132 1011 2189 tibi
1042 2131 1172 2203 quid
1206 2140 1258 2188 te
1297 2140 1543 2202 oporteat
1598 2131 1795 2188 facere.
1836 2130 1944 2187 Viri
1979 2141 2161 2187 autem

564 2223 666 2289 illi,
711 2224 801 2295 qui
843 2224 1243 2280 comitabantur
1290 2240 1412 2281 cum
1454 2240 1543 2291 eo,
1595 2225 1812 2281 Stabant
1848 2225 2159 2297 stupefacti,

562 2316 850 2375 audientes
879 2317 1096 2389 quidem
1128 2333 1342 2386 vocem,
1376 2320 1649 2376 neminem
1681 2327 1862 2375 autem
1892 2318 2160 2377 videntes.

568 2412 817 2469 Surrexit
847 2422 1027 2468 autem
1076 2413 1273 2470 Saulus
1317 2413 1386 2470 de
1432 2423 1599 2483 terra,
1641 2416 1949 2485 apertisque
1989 2414 2197 2471 oculis-

558 2505 694 2571 nibil
726 2505 961 2563 videbat.
990 2506 1074 2564 Ad
1105 2522 1298 2563 manus
1324 2516 1508 2564 autem
1539 2508 1692 2564 illum
1729 2508 2027 2577 trahentes,
2076 2508 2162 2564 in-

559 2600 919 2658 troduxerunt
961 2601 1304 2657 Damascum.
1354 2601 1422 2657 Et
1464 2609 1582 2657 erat
1629 2600 1700 2656 ibi
1748 2601 1919 2657 tribus
1970 2600 2163 2657 diebus

559 2707 667 2750 non
698 2692 908 2760 videns,
961 2703 1017 2749 et
1059 2709 1168 2750 non
1203 2692 1570 2764 manducavit,
1616 2709 1796 2766 neque
1826 2694 1974 2749 bibit.
2031 2691 2162 2751 Erat

558 2796 738 2843 autem
763 2787 981 2859 quidam
1013 2788 1314 2859 discipulus
1336 2789 1607 2859 Damasci,
1634 2789 1857 2847 nomine
1889 2789 2159 2844 Ananias:

557 2888 613 2937 et
636 2880 773 2936 dixit
801 2880 867 2936 ad
913 2880 1068 2937 illum
1101 2882 1152 2936 in
1183 2884 1305 2938 visu
1352 2883 1632 2951 Dominus,
1687 2882 1915 2939 Anania.
1966 2887 2034 2938 At
2070 2882 2162 2939 ille

556 2976 634 3031 ait
663 2995 675 3030 :
704 2975 844 3032 Ecce
868 2991 990 3047 rgo,
1015 2976 1269 3034 Domine.
1302 2976 1370 3032 Et
1392 2977 1657 3033 Dominus
1684 2979 1751 3034 ad
1776 2993 1898 3034 eum
1924 2996 1938 3032 :
1963 2977 2158 3050 Surge,

558 3079 616 3129 et
655 3071 789 3127 vade
818 3072 869 3127 in
902 3071 1101 3138 vicum,
1131 3072 1221 3143 qui
1253 3081 1480 3129 vocatur
1510 3081 1692 3130 rectus
1724 3090 1738 3127 :
1785 3080 1843 3131 et
1877 3088 2062 3144 quaere
2103 3072 2158 3128 in

554 3168 720 3226 domo
748 3169 900 3226 Iudae
933 3169 1156 3226 Saulum
1190 3170 1409 3225 nomine
1435 3169 1759 3226 Tarsensem
1793 3188 1805 3224 :
1847 3183 1976 3225 ecce
2013 3169 2159 3224 etiim

2268 1950 2554 2006 ambulans
2587 1951 2638 2004 in
2681 1950 2875 2005 timore
2916 1950 3152 2020 Domini,
3199 1960 3254 2005 et
3293 1949 3669 2006 consolatione
3694 1952 3873 2006 sancti

2266 2043 2501 2114 Spiritus
2542 2043 2876 2116 replebatur.
2922 2043 3149 2099 Factum
3197 2052 3283 2099 est
3321 2053 3527 2111 autem,
3571 2054 3632 2100 ut
3683 2044 3881 2103 Petrus

2266 2138 2397 2196 dum
2433 2140 2789 2211 pertransiret
2833 2139 3140 2210 universos,
3187 2139 3473 2195 deveniret
3511 2138 3577 2193 ad
3630 2147 3877 2207 sanctos,

2265 2233 2359 2304 qui
2387 2232 2702 2290 habitabant
2739 2232 2959 2305 Lyddae.
3010 2231 3222 2288 Invenit
3261 2240 3443 2288 autem
3492 2232 3565 2289 ibi
3596 2232 3880 2290 hominem

2265 2326 2573 2400 quemdam,
2606 2324 2825 2381 nomine
2861 2324 3112 2393 IEneam,
3158 2325 3227 2381 ab
3259 2326 3416 2381 annis
3445 2335 3568 2382 octo
3598 2326 3879 2398 jaceutem

2265 2420 2318 2476 iu
2346 2421 2592 2492 grabato,
2632 2419 2725 2491 qui
2754 2429 2871 2476 erat
2899 2419 3243 2492 paralyticus.
3288 2420 3358 2475 Et
3393 2422 3470 2475 ait
3513 2420 3587 2476 illi
3637 2424 3878 2478 Petrus:

2265 2512 2464 2580 )Enea,
2502 2522 2660 2569 sanat
2690 2523 2741 2569 te
2773 2513 3038 2568 Dominus
3077 2513 3237 2569 Jesus
3274 2513 3566 2570 Christus:
3611 2529 3796 2587 surge,
3825 2525 3880 2573 et

2265 2618 2448 2664 sterne
2496 2607 2614 2663 tibi.
2647 2606 2716 2661 Et
2758 2606 3019 2663 continuo
3058 2608 3317 2663 surrexit.
3365 2608 3431 2662 Et
3459 2608 3717 2665 viderunt
3751 2625 3877 2667 eum

2265 2715 2476 2763 omnes,
2515 2701 2605 2771 qui
2648 2699 2964 2756 habitabant
2992 2699 3195 2773 Lyddae
3224 2709 3279 2757 et
3306 2700 3531 2758 Sarouae
3566 2720 3579 2755 :
3610 2703 3704 2773 qui
3747 2719 3879 2760 con-

2265 2793 2407 2851 versi
2435 2800 2563 2851 sunt
2582 2793 2648 2849 ad
2679 2793 2994 2849 Dominum.
3022 2793 3081 2848 In
3102 2792 3277 2865 Joppe
3297 2803 3478 2851 autem
3503 2794 3602 2851 fuit
3626 2797 3875 2868 qua-dam

2263 2888 2549 2959 discipula,
2587 2889 2811 2944 nomine
2838 2887 3091 2957 Tabitha,
3124 2904 3245 2960 qua:
3288 2890 3642 2962 interpretata
3674 2892 3875 2949 dicitur

2268 2980 2487 3037 Dorcas.
2519 2980 2645 3037 Ηίθο
2683 2988 2798 3036 erat
2848 2982 3008 3051 plena
3038 2981 3294 3051 operibus
3336 2982 3524 3051 bonis,
3547 2992 3602 3039 et
3629 2984 3871 3041 eleemn—

2263 3075 2436 3146 synis,
2470 3089 2605 3145 quas
2654 3074 2903 3131 faciebat.
2949 3073 3172 3130 Factum
3222 3084 3308 3131 est
3357 3084 3536 3131 autem
3584 3077 3636 3131 in
3679 3077 3877 3134 diebus

2266 3166 2395 3234 illis,
2442 3175 2500 3221 ut
2545 3167 2815 3222 infirmata
2859 3175 3185 3223 moreretur.
3218 3165 3390 3234 Qttam
3432 3183 3552 3224 cum
3588 3168 3872 3235 favissent,

555 3271 695 3319 orat.
729 3262 821 3336 (Et
847 3262 982 3318 vidit
1005 3264 1178 3318 virum
1202 3263 1467 3318 Anauiam
1492 3264 1735 3331 nomine,
1768 3262 2157 3328 introeuntem,
2187 3236 2235 3315 (Ἰ
2266 3269 2564 3330 posuerunt
2593 3275 2713 3316 eam
2739 3258 2794 3315 in
2825 3260 3127 3317 cmnaculo.
3152 3259 3288 3316 Cum
3316 3269 3497 3317 autem
3528 3277 3696 3332 prope
3726 3272 3874 3319 esset

555 3368 611 3414 et
655 3358 1021 3428 imponentem
1052 3357 1156 3412 sibi
1190 3372 1384 3412 manus
1434 3365 1491 3412 ut
1530 3356 1706 3413 visum
1737 3353 2011 3429 recipiat.)
2060 3356 2165 3413 Ite-

554 3453 777 3523 spondit
801 3460 981 3508 autem
1013 3452 1252 3508 Ananias
1281 3470 1295 3507 :
1330 3451 1583 3519 Domine,
1615 3449 1794 3506 audivi
1824 3465 1854 3504 a
1882 3449 2066 3504 multis
2095 3448 2165 3505 de

555 3545 674 3601 viro
708 3544 830 3610 hoc,
863 3554 1063 3615 quanta
1095 3543 1234 3599 mala
1267 3541 1463 3599 fecerit
1492 3543 1696 3599 sanctis
1726 3543 1831 3598 tuis
1862 3542 1914 3597 in
1945 3542 2165 3598 Jerusa-

556 3639 666 3695 lem
699 3658 710 3695 :
743 3648 798 3695 et
822 3639 911 3694 hic
938 3638 1099 3693 habet
1133 3646 1457 3708 potestatem
1484 3652 1514 3692 a
1541 3636 1884 3708 principibus
1908 3634 2165 3692 sacerdo-

553 3738 668 3786 tum
713 3728 972 3800 alligandi
1024 3742 1235 3796 omnes,
1290 3727 1383 3799 qui
1436 3727 1697 3783 invocant
1736 3741 1930 3782 nomen
1988 3734 2160 3781 tuum.

558 3824 697 3880 Dixit
737 3831 918 3880 autem
958 3822 1024 3879 ad
1060 3838 1181 3879 eum
1216 3820 1519 3877 Dominus:
1566 3818 1732 3888 Vade,
1770 3819 2025 3891 quoniam
2066 3832 2164 3876 vas

552 3916 838 3975 electionis
861 3929 945 3973 εει
982 3916 1115 3973 mihi
1146 3917 1266 3978 iste,
1301 3926 1357 3971 ut
1404 3921 1583 3987 portet
1614 3928 1814 3970 nomen
1842 3927 2024 3969 meum
2068 3926 2162 3968 co-

554 4027 669 4070 ram
701 4012 975 4083 gentibus,
1025 4021 1080 4067 et
1115 4011 1354 4082 regibus,
1389 4020 1444 4067 et
1489 4009 1612 4066 filiis
1635 4008 1820 4065 Israel.
1863 4007 1979 4080 Ego
2014 4006 2160 4064 enim

557 4105 838 4162 ostendam
871 4106 970 4171 illi,
1000 4114 1201 4176 quanta
1232 4114 1480 4176 oporteat
1511 4118 1634 4160 eum
1661 4118 1763 4173 pro
1793 4102 2016 4159 nomine
2038 4118 2161 4159 meo

564 4196 698 4266 pati.
732 4196 799 4251 Et
818 4196 953 4252 abiit
984 4198 1245 4265 Ananias,
1264 4204 1321 4253 et
1341 4196 1591 4252 introivit
1612 4200 1668 4250 in
1689 4195 1951 4251 domum:
1978 4203 2035 4251 et
2060 4194 2162 4250 im—

556 4304 768 4363 ponens
790 4290 840 4345 ei
864 4305 1075 4359 manus,
1104 4290 1239 4347 dixit
1264 4309 1277 4346 :
1307 4290 1473 4347 Saule
1501 4289 1690 4359 frater,
1725 4289 1987 4347 Dominus
2012 4290 2161 4345 misit
2202 4354 2235 4367 γ.

558 4398 647 4439 me
675 4382 857 4450 Jesus,
887 4384 981 4454 qui
1021 4385 1270 4456 apparuit
1301 4385 1394 4441 tibi
1435 4385 1489 4440 in
1514 4383 1598 4438 via
1640 4398 1745 4454 qua
1776 4382 2051 4449 veniebas,
2101 4390 2161 4438 ut

555 4477 765 4545 videas,
793 4488 848 4535 et
872 4479 1151 4551 implearis
1181 4478 1385 4549 Spiritu
1415 4489 1627 4535 saneto.
1657 4478 1726 4533 Et
1751 4477 2040 4534 confestim
2067 4492 2160 4533 ce-

554 4570 803 4628 ciderunt
834 4572 903 4628 ab
932 4573 1105 4628 oculis
1134 4573 1254 4643 ejus
1282 4582 1553 4641 tamquam
1583 4587 1846 4644 squamae,
1876 4580 1932 4629 et
1978 4571 2152 4628 visum

2268 3352 2455 3425 Lydda
2492 3352 2561 3407 ad
2603 3354 2837 3423 Joppen,
2895 3353 3149 3425 discipuli
3197 3355 3481 3410 audientes
3510 3355 3633 3426 quia
3680 3356 3874 3412 Petrus

2266 3458 2412 3503 esset
2448 3446 2501 3501 in
2536 3461 2617 3513 ea,
2651 3447 2917 3503 miserunt
2943 3446 3079 3502 duos
3110 3447 3256 3503 viros
3282 3447 3348 3502 ad
3392 3462 3536 3516 cum,
3568 3457 3824 3519 rogantes
3855 3466 3871 3505 :

2264 3541 2344 3597 Ne
2376 3542 2651 3614 pigriteris
2674 3542 2862 3598 venire
2882 3556 3056 3613 usque
3085 3541 3153 3597 ad
3183 3556 3304 3598 nos.
3333 3540 3646 3614 Exsurgens
3690 3552 3871 3598 autem

2268 3636 2457 3691 Petrus
2489 3632 2638 3690 venit
2667 3648 2791 3689 cum
2819 3634 2948 3690 illis.
2985 3632 3199 3689 Etcum
3230 3634 3563 3701 advenisset,
3598 3634 3873 3691 duxerunt

2265 3727 2415 3782 illum
2444 3727 2497 3782 in
2519 3727 2855 3783 cmnaculum
2883 3745 2897 3782 :
2922 3735 2977 3782 et
2996 3726 3477 3783 circumsteterunt
3500 3727 3651 3782 illum
3679 3742 3873 3784 omnes

2265 3819 2438 3876 viduae
2483 3818 2699 3887 ﬂentes,
2747 3828 2801 3875 et
2843 3818 3196 3875 ostendentes
3241 3820 3291 3876 ei
3341 3820 3551 3876 tunicas
3581 3830 3637 3877 et
3668 3831 3872 3891 vestes,

2262 3928 2397 3985 quas
2442 3912 2678 3969 faciebat
2722 3912 2830 3969 illis
2880 3913 3101 3970 Dorcas.
3142 3914 3346 3984 Ejectis
3388 3923 3569 3970 autem
3615 3915 3872 3973 omnibus

2261 4008 2429 4077 foras,
2461 4009 2654 4065 Petrus
2683 4024 2893 4082 ponens
2927 4026 3102 4082 genua
3132 4011 3310 4067 oravit
3341 4029 3357 4068 :
3398 4020 3453 4068 et
3479 4027 3777 4069 conversus
3802 4014 3871 4071 ad

2260 4118 2482 4175 corpus,
2514 4104 2656 4159 dixit
2682 4123 2697 4159 :
2728 4103 2978 4172 'I‘abitlia,
3009 4119 3194 4177 surge.
3225 4108 3298 4162 At
3324 4105 3412 4160 illa
3441 4107 3660 4177 aperuit.
3683 4107 3871 4165 oculos

2259 4212 2386 4253 suos
2411 4213 2425 4253 :
2448 4206 2500 4253 et
2529 4196 2645 4252 viso
2670 4196 2854 4264 Petro,
2884 4196 3112 4253 resedit.
3142 4198 3286 4253 Dans
3310 4208 3489 4254 autem
3513 4198 3590 4254 illi
3621 4214 3865 4269 manum,

2258 4289 2439 4346 erexit
2461 4303 2605 4344 eam.
2642 4289 2711 4345 Et
2738 4304 2861 4345 cum
2887 4300 3140 4347 vocasset
3173 4300 3415 4360 sanctos,
3448 4302 3503 4348 et
3534 4291 3748 4361 viduas,
3780 4308 3869 4349 as-

2256 4382 2490 4453 signavit
2521 4397 2641 4439 eam
2689 4383 2887 4439 vivam.
2935 4382 3136 4439 Notum
3176 4393 3355 4441 autem
3404 4383 3609 4441 factum
3654 4393 3739 4441 est
3768 4401 3866 4458 per

2258 4476 2568 4532 universam
2599 4475 2808 4547 loppen
2836 4493 2850 4532 :
2876 4486 2929 4532 ct
2960 4476 3317 4533 crediderunt
3340 4479 3494 4534 multi
3523 4478 3576 4533 in
3604 4477 3860 4535 Domino.

2224 4567 2482 4625 .Fabtum
2536 4577 2624 4625 est
2673 4578 2879 4641 autem,
2929 4579 2989 4625 ut
3034 4569 3152 4626 dies
3197 4571 3400 4627 multos
3445 4580 3753 4628 moraretur
3806 4571 3858 4626 in

554 4668 760 4738 recepit
791 4686 803 4721 :
841 4676 897 4723 et
924 4668 1489 4739 surgensbaptizatus
1514 4642 1719 4723 est.'Et
1743 4682 1864 4724 cum
1911 4666 2153 4737 accepis-
2179 4642 2232 4705 Ῑ)
2255 4663 2451 4736 Joppe,
2476 4664 2618 4736 apud
2641 4663 2922 4721 Simonem
2954 4664 3244 4737 quemdam
3268 4665 3583 4721 coriarium.

556 4769 642 4818 set
667 4761 871 4828 cibum,
902 4760 1246 4817 confortatus
1264 4769 1368 4818 est.
1401 4761 1525 4817 Fuit
1552 4770 1734 4818 autem
1761 4776 1884 4819 cum
1915 4760 2157 4833 discipu-

554 4853 642 4922 lis,
671 4855 762 4926 qui
789 4862 948 4910 erant
975 4853 1247 4925 Damasci,
1282 4871 1379 4927 per
1408 4856 1522 4911 dies
1551 4856 1779 4928 aliquot.
1812 4857 1874 4912 Et
1896 4856 2157 4912 continuo

553 4948 608 5003 in
652 4948 940 5021 synagogis
991 4946 1318 5019 pra-dicabat
1373 4946 1585 5016 Jesum,
1633 4947 1890 5021 quoniam
1936 4947 2025 5003 hic
2073 4955 2159 5003 est

555 5041 724 5097 Filius
757 5042 873 5097 Dei.
905 5041 1208 5112 Stupebant
1232 5049 1411 5097 autem
1440 5055 1628 5097 omnes
1656 5042 1748 5112 qui
1768 5039 2080 5107 audiebant,
2102 5047 2159 5096 et

551 5135 807 5191 dicebant
832 5152 847 5190 :
877 5134 1070 5193 Nonne
1097 5134 1184 5192 hic
1211 5143 1316 5201 est,
1348 5135 1441 5206 qui
1467 5135 1809 5205 expugnabat
1857 5134 1910 5189 in
1939 5134 2158 5191 Jerusa-

552 5228 658 5284 lem
690 5242 807 5296 eos,
829 5229 920 5300 qui
944 5229 1271 5285 invocabant
1297 5243 1495 5284 nomen
1528 5228 1671 5283 istud
1700 5243 1716 5283 :
1748 5236 1803 5284 et
1828 5227 1935 5284 buc
1961 5227 2027 5282 ad
2053 5228 2157 5285 hoc

554 5322 724 5389 venit,
757 5332 815 5376 ut
845 5322 1056 5379 vinctos
1088 5322 1207 5378 illos
1239 5322 1461 5378 duceret
1489 5320 1557 5377 ad
1588 5321 1862 5393 principes
1892 5320 2156 5376 sacerdo-

554 5415 704 5471 tum?
746 5416 942 5472 Saulus
978 5426 1162 5472 autem
1208 5417 1379 5471 multo
1422 5417 1598 5488 magis
1629 5414 2067 5482 convalescebat,
2099 5424 2157 5470 et

554 5508 921 5565 confundebat
948 5509 1188 5579 Judzeos,
1218 5512 1305 5581 qui
1354 5510 1668 5565 habitabant
1709 5508 1975 5575 Damasci,
2005 5507 2155 5564 affir-

555 5617 731 5672 mans,
770 5604 1026 5674 quoniam
1054 5604 1143 5661 hic
1169 5614 1254 5662 est
1276 5604 1545 5661 Christus.
1577 5604 1709 5660 Cum
1737 5612 1918 5660 autem
1960 5602 2156 5675 imple-

550 5708 740 5757 rentur
779 5701 899 5756 dies
936 5702 1115 5770 multi,
1148 5703 1434 5758 consilium
1480 5704 1725 5759 fecerunt
1761 5703 1815 5759 in
1855 5717 2019 5758 unum
2059 5702 2156 5759 Ju-

552 5795 678 5863 dmi,
713 5806 767 5851 ut
796 5811 919 5852 eum
972 5797 1360 5855 interficerent.
1404 5799 1559 5856 Notae
1601 5810 1780 5857 autem
1827 5798 1984 5855 factm
2027 5809 2155 5858 sunt

545 5891 714 5950 Saule
743 5890 961 5949 insidias
994 5906 1210 5951 eorum.
1244 5891 1636 5951 Custodiebant
1677 5900 1858 5951 autem
1888 5901 1944 5951 et
1970 5903 2154 5966 portas

2329 4757 2483 4832 [ϐαρ.
2520 4756 2611 4830 X.]
2642 4757 2739 4814 Vir
2786 4766 2965 4814 autem
2996 4757 3216 4829 quidam
3244 4766 3363 4813 erat
3389 4756 3443 4813 in
3485 4758 3738 4814 Caesarea
3762 4772 3860 4814 no-

2259 4853 2407 4908 mine
2432 4852 2745 4920 Coruelius,
2767 4850 3032 4909 Centurio
3061 4853 3337 4921 cohortis,
3369 4869 3492 4923 qua:
3521 4853 3725 4909 dicitur
3754 4853 3860 4909 Ita-

2258 4946 2361 5003 lica
2388 4990 2404 5017 ,
2439 4946 2765 5017 religiosus,
2813 4961 2877 5002 ac
2921 4946 3121 5002 timens
3152 4945 3322 5002 Deum
3363 4960 3484 5001 cum
3520 4947 3667 5001 omni
3695 4946 3860 5003 domo

2261 5054 2356 5095 sua
2381 5082 2396 5107 ,
2440 5037 2653 5094 faciens
2682 5038 3066 5111 eleemosynas
3094 5037 3297 5094 multas
3327 5037 3473 5108 plebi
3500 5078 3515 5105 ,
3564 5046 3620 5094 et
3655 5038 3858 5110 depre-

2261 5149 2392 5191 cans
2415 5134 2585 5190 Iieum
2614 5150 2874 5204 semper:
2910 5136 2954 5189 is
2986 5134 3121 5190 vidit
3148 5136 3203 5189 in
3228 5134 3343 5189 visu
3362 5133 3670 5202 manifeste,
3704 5134 3857 5204 quasi

2261 5228 2395 5285 hora
2426 5229 2534 5285 diei
2564 5244 2704 5285 nona
2734 5271 2748 5296 ,
2805 5229 3073 5297 Angelum
3124 5227 3222 5283 Dei
3260 5228 3632 5283 introeuntem
3672 5227 3741 5282 ad
3773 5241 3854 5293 se,

2259 5333 2312 5380 et
2344 5322 2612 5379 dicentem
2648 5322 2751 5378 sibi
2779 5321 3060 5378 :Corneli.
3114 5318 3186 5376 At
3218 5321 3309 5376 ille
3332 5320 3556 5376 intuens
3587 5335 3712 5375 eum
3739 5362 3755 5386 ,
3792 5319 3858 5375 ti-

2258 5436 2414 5478 more
2455 5428 2744 5490 correptus
2768 5460 2783 5484 ,
2815 5418 2992 5475 dixit:
3045 5416 3182 5486 Quid
3224 5427 3349 5485 est,
3399 5416 3672 5473 Domine?
3709 5416 3857 5470 Dixit

2257 5525 2435 5570 autem
2459 5513 2535 5570 illi
2564 5531 2576 5567 :
2601 5513 2890 5568 Orationes
2918 5522 3023 5567 tua:
3053 5521 3106 5568 et
3137 5510 3505 5580 eleemosyna:
3533 5517 3642 5564 tuae
3661 5523 3853 5564 ascen-

2257 5606 2459 5663 derunt
2506 5605 2559 5659 in
2606 5604 2930 5660 memoriam
2979 5606 3032 5658 in
3074 5613 3372 5674 conspectu
3418 5602 3534 5657 Dei.
3594 5600 3662 5656 Et
3711 5612 3855 5655 nunc

2256 5701 2414 5758 mitte
2455 5698 2603 5754 viros
2640 5697 2697 5754 in
2738 5698 2989 5769 Joppen,
3030 5708 3088 5754 et
3114 5697 3321 5754 accersi
3356 5696 3636 5752 Simonem
3657 5682 3854 5767 quem-

2257 5797 2403 5863 dam,
2436 5795 2525 5867 qui
2558 5794 2978 5866 cognominatur
2999 5792 3196 5850 Petrus
3221 5811 3233 5846 :
3262 5790 3351 5847 ltic
3372 5789 3682 5862 bospitatur
3707 5787 3879 5860 apud

2258 5892 2534 5953 Simonem
2588 5888 2880 5962 quemdam
2925 5887 3258 5956 curiarium,
3316 5884 3472 5958 cujus
3524 5891 3610 5943 est
3658 5883 3851 5942 domus
