4166 6336
338 366 444 421 ’101

1434 364 1636 422 LIBER
1678 364 1961 423 ACTUUM
2000 364 2529 425 APDSTOLORUM.

3538 372 3642 428 709.

334 482 494 552 juxta
534 494 720 536 mare:
770 478 856 535 hic
898 479 1044 535 dicet
1080 478 1180 535 tibi
1221 478 1348 550 quid
1387 487 1441 535 te
1468 489 1715 550 oporteat
1748 479 1947 535 facere.
1977 483 2030 544 Α
2058 482 2306 538 Domino.
2347 481 2613 553 Aperiens
2642 489 2821 538 atttem
2853 482 3049 539 Petrus
3078 498 3139 539 os
3163 498 3344 555 suum,
3379 486 3555 544 dixit:
3588 490 3644 545 lu

339 575 413 632 Et
460 591 585 630 cum
632 573 983 631 discessisset
1023 574 1287 643 angelus,
1332 576 1425 645 qui
1472 575 1794 645 loquebatur
1838 574 1940 640 illi,

338 669 557 724 vocavit
583 667 721 722 duos
752 667 1085 724 domesticos
1116 682 1245 723 suos
1270 710 1284 733 ,
1331 673 1387 723 et
1427 667 1657 723 militem
1692 676 1941 723 metuen-

336 773 454 818 tem
486 762 796 831 Dominum,
829 779 898 818 ex
929 763 1015 818 bis
1043 763 1134 832 qui
1164 762 1242 818 illi
1275 766 1564 833 parebant.
1596 763 1942 830 Quibuscum

338 865 624 912 narrasset
651 855 828 911 omnia
855 899 869 923 ,
898 855 1046 911 misit
1070 856 1197 912 illos
1224 855 1277 911 in
1312 856 1546 927 Joppen.
1588 857 1813 913 Postera
1846 872 1941 911 au-

337 964 451 1011 tem
498 956 585 1011 die
624 958 727 1011 iter
757 955 868 1011 illis
911 954 1231 1011 facientibus
1251 998 1265 1023 ,
1290 964 1345 1011 et
1373 955 1940 1028 appropinquantibus

335 1048 584 1116 civitati,
641 1048 887 1104 ascendit
930 1048 1123 1104 Petrus
1172 1050 1224 1103 in
1267 1050 1551 1119 superiora
1582 1091 1595 1115 ,
1655 1059 1713 1104 ut
1756 1057 1942 1103 oraret

334 1142 480 1199 circa
508 1142 697 1197 horam
724 1150 954 1196 sextam.
992 1141 1198 1199 Etcum
1223 1144 1474 1210 esuriret,
1499 1142 1666 1198 voluit
1696 1151 1935 1213 gustare.

334 1233 664 1290 Parentibus
706 1242 887 1289 autem
923 1234 1031 1289 illis
1057 1276 1071 1300 ,
1124 1236 1320 1290 cecidit
1368 1250 1532 1304 super
1579 1251 1701 1289 eum
1740 1235 1938 1289 mentis

334 1344 639 1385 excessus:
687 1336 742 1384 et
776 1328 911 1383 vidit
939 1328 1137 1384 coelum
1170 1338 1451 1399 apertum,
1499 1339 1555 1383 et
1600 1328 1937 1384 descendens

331 1436 431 1477 vas
459 1421 756 1491 quoddam,
783 1422 927 1477 velut
952 1422 1182 1477 linteum
1210 1428 1486 1492 magnum,
1511 1432 1743 1492 quatuor
1769 1422 1938 1477 initiis

331 1516 583 1571 submitti
628 1515 697 1571 de
744 1516 885 1571 coelo
936 1516 990 1570 in
1034 1523 1267 1583 terram,
1312 1516 1364 1569 in
1398 1531 1508 1587 quo
1553 1524 1711 1571 erant
1751 1517 1935 1572 omnia

330 1609 704 1681 quadrupedia
733 1652 747 1675 ,
776 1620 832 1664 et
860 1618 1147 1683 serpentes
1180 1618 1340 1665 terra:
1366 1652 1381 1679 ,
1423 1619 1475 1665 et
1506 1610 1748 1665 volatilia
1785 1610 1932 1667 cmli.

330 1705 402 1761 Et
437 1705 574 1760 facta
622 1715 705 1761 est
741 1718 842 1759 vox
882 1704 946 1759 ad
976 1720 1099 1759 eum
1130 1722 1143 1759 :
1181 1704 1387 1775 Surge,
1420 1704 1612 1775 Petre,
1644 1706 1852 1769 occide,
1881 1716 1935 1760 et

329 1802 625 1858 manduca.
669 1799 965 1856 Aitautem
994 1801 1224 1857 Petrus:
1253 1799 1448 1868 Absit,
1494 1801 1722 1855 Domine
1749 1844 1763 1867 ,
1810 1802 1931 1871 quia

2046 576 2278 631 veritate
2309 576 2574 647 comperi,
2605 577 2730 647 quia
2756 591 2862 632 non
2893 585 2978 633 est
3000 592 3361 648 personarum
3390 593 3647 653 acceptor

2046 668 2191 723 Deus
2221 687 2232 722 :
2268 668 2361 723 sed
2388 668 2440 723 in
2472 669 2619 724 omni
2648 679 2811 739 gente
2834 710 2849 737 ,
2880 670 2969 740 qui
3001 670 3153 727 timet
3182 685 3305 726 eum
3330 712 3345 739 ,
3371 683 3424 727 et
3451 688 3645 743 opera-

2044 761 2438 831 turjustitiam,
2483 774 2745 832 acceptus
2773 771 2857 818 est
2883 763 2979 818 illi.
3024 763 3262 819 Verbum
3313 766 3459 821 misit
3498 768 3642 823 Dens

2042 856 2169 911 ﬁliis
2198 857 2388 925 Israel,
2416 858 2742 912 annuntians
2774 872 2963 927 pacem
3011 873 3107 928 per
3133 858 3326 915 Jesum
3365 859 3640 916 Christum

2043 948 2156 1022 (hic
2185 957 2269 1005 est
2293 951 2537 1005 omnium
2572 951 2885 1023 Dominus).
2937 951 3047 1007 Vos
3088 953 3237 1008 scitis
3269 954 3411 1023 quod
3442 955 3643 1012 factum

2040 1052 2127 1099 est
2150 1043 2375 1099 verbum
2409 1059 2506 1114 per
2537 1044 2843 1099 universam
2872 1043 3115 1100 Judteam
3143 1064 3154 1100 :
3189 1047 3453 1117 incipiens
3494 1051 3641 1104 enim

2039 1151 2069 1189 a
2094 1135 2337 1201 Galiltea,
2362 1146 2484 1208 post
2506 1137 2840 1208 baptismum
2868 1139 3012 1209 quod
3042 1140 3355 1210 praedicavit
3375 1142 3639 1213 Joannes,

2038 1229 2225 1286 Jesum
2260 1247 2289 1285 a
2317 1231 2587 1287 Nazareth
2616 1251 2627 1285 :
2655 1233 2932 1305 quomodo
2954 1236 3113 1290 unxit
3137 1251 3256 1291 eum
3285 1236 3490 1307 Spiritu
3516 1255 3641 1294 san-

2039 1336 2161 1393 cto,
2194 1332 2251 1379 et
2278 1326 2483 1381 virtute
2507 1367 2524 1394 ,
2565 1326 2659 1397 qui
2690 1329 3007 1397 pertransiit
3035 1329 3425 1386 benefaciendo
3461 1343 3513 1386 et
3551 1348 3638 1388 sa-

2038 1418 2221 1474 nando
2250 1433 2443 1474 omnes
2490 1434 2783 1491 oppressos
2835 1436 2863 1476 a
2901 1422 3155 1492 diabolo,
3210 1427 3461 1497 quoniam
3494 1428 3638 1484 Deus

2039 1526 2158 1571 erat
2203 1531 2327 1571 cum
2371 1516 2486 1571 illo.
2528 1515 2598 1571 Et
2628 1531 2729 1574 nos
2777 1525 2947 1573 testes
2983 1533 3170 1574 sumus
3214 1522 3484 1586 omnium,
3515 1538 3636 1593 quae

2041 1612 2165 1666 fecit
2191 1611 2245 1665 in
2277 1612 2502 1682 regione
2522 1610 2836 1667 Judaaorttm
2864 1652 2880 1680 ,
2909 1623 2962 1668 et
2987 1613 3321 1681 Jerusalem,
3347 1630 3504 1687 quem
3535 1632 3633 1671 oc-

2039 1706 2288 1762 ciderunt
2318 1705 2718 1778 suspendentes
2745 1709 2796 1762 in
2824 1708 2993 1780 ligno.
3037 1710 3196 1766 Hunc
3228 1711 3373 1767 Deus
3397 1713 3633 1767 suscita-

2038 1800 2115 1853 vit
2145 1800 2303 1855 tertia
2331 1800 2419 1856 die
2444 1843 2459 1870 ,
2511 1809 2564 1856 et
2592 1801 2742 1857 dedit
2778 1817 2903 1858 eum
2941 1805 3286 1860 manifestum
3317 1806 3434 1862 fieri
3460 1851 3474 1875 ,
3522 1822 3629 1863 non

327 1912 631 1969 numquam
680 1896 1008 1952 manducavi
1058 1910 1224 1952 omne
1260 1910 1549 1951 commune
1598 1906 1651 1950 et
1698 1897 1931 1951 immun-
1962 1880 2011 1940 Β
2039 1896 2184 1950 omni
2214 1895 2448 1965 populo,
2491 1895 2586 1951 sed
2617 1895 2844 1952 testibus
2868 1898 3249 1966 praeordinatis
3277 1915 3305 1954 a
3333 1900 3485 1955 Deo:
3533 1919 3631 1956 no-

331 1992 483 2048 dum.
533 1993 598 2047 Et
642 2006 745 2047 vox
788 1990 987 2047 iterum
1022 1988 1266 2045 secundo
1294 1989 1358 2043 ad
1398 2004 1557 2044 eum:
1589 1988 1743 2057 Quod
1775 1988 1923 2044 Deus

328 2084 672 2157 purificavit,
708 2094 766 2141 tu
804 2098 1091 2140 commune
1124 2098 1193 2139 ne
1223 2082 1450 2139 dixeris.
1497 2082 1611 2139 Hoc
1641 2092 1822 2139 autem
1855 2084 1933 2139 fa-

328 2192 475 2239 ctum
520 2192 605 2238 est
654 2196 751 2252 per
801 2191 926 2236 ter:
971 2188 1026 2236 et
1070 2179 1252 2235 statim
1300 2188 1578 2249 receptum
1621 2191 1702 2234 est
1748 2179 1929 2235 vasin

333 2275 556 2332 caelum.
599 2273 667 2329 Et
697 2273 825 2328 dum
851 2271 992 2327 intra
1021 2286 1080 2327 se
1110 2272 1393 2327 haesitaret
1422 2270 1640 2339 Petrus,
1671 2270 1929 2341 quidnam

329 2375 473 2425 esset
500 2366 655 2432 visio,
687 2380 848 2436 quam
878 2364 1105 2420 vidisset
1132 2381 1143 2417 :
1178 2378 1305 2419 ecce
1334 2362 1455 2430 viri,
1484 2361 1572 2433 qui
1602 2362 1750 2418 missi
1774 2367 1932 2418 erant

330 2477 360 2518 a
388 2461 642 2518 Cornelio
667 2502 682 2527 ,
712 2460 1049 2531 inquirentes
1071 2458 1292 2513 domum
1326 2457 1565 2512 Simonis
1590 2499 1604 2523 ,
1638 2456 1929 2512 astiterunt

330 2555 663 2626 adjanuam.
696 2553 766 2608 Et
803 2568 924 2608 cum
952 2560 1271 2618 vocassent,
1298 2550 1739 2621 interrogabant,
1766 2549 1815 2604 si
1847 2548 1931 2605 Si-

331 2666 495 2719 mou,
528 2650 619 2721 qui
646 2648 1065 2720 cognominatur
1093 2633 1285 2703 Petrus
1305 2689 1319 2712 ,
1349 2646 1459 2701 illic
1493 2645 1717 2701 haberet
1748 2644 1932 2715 hospi-

329 2748 487 2804 tium.
534 2746 700 2802 Petro
746 2752 924 2799 autem
957 2742 1230 2814 cogitante
1258 2741 1324 2796 tle
1359 2742 1596 2807 visione,
1634 2739 1769 2794 dixit
1808 2738 1930 2810 Spi-

330 2842 470 2899 ritus
510 2840 604 2895 ei:
653 2839 793 2893 Ecce
833 2835 936 2891 viri
970 2846 1081 2891 tres
1112 2843 1363 2905 quaerunt
1396 2842 1467 2888 te.
1524 2832 1696 2903 Surge
1723 2832 1929 2901 itaque,

329 2932 606 2991 descende
626 2973 642 2998 ,
673 2940 724 2986 et
762 2930 901 2986 vade
931 2945 1052 2985 cum
1093 2930 1173 2984 eis
1200 2928 1334 2984 nihil
1368 2927 1619 2981 dubitans
1645 2944 1655 2980 :
1684 2925 1802 2995 quia
1830 2938 1933 2995 ego

329 3028 455 3084 misi
495 3026 640 3081 illos.
692 3024 1041 3080 Descendens
1086 3032 1266 3079 autem
1304 3022 1500 3077 Petrus
1540 3019 1606 3074 ad
1641 3019 1816 3082 viros,
1849 3017 1932 3071 di-

332 3123 452 3178 xit:
491 3121 630 3175 Ecce
675 3134 774 3190 ego
815 3134 933 3174 sum
969 3133 1129 3188 quem
1158 3116 1441 3187 quaeritis;
1475 3130 1595 3185 qua:
1624 3127 1790 3167 causa
1820 3120 1923 3178 est,

329 3225 558 3288 propter
602 3228 765 3284 quam
826 3209 1097 3267 venistis?
1148 3208 1252 3277 Qui
1295 3207 1588 3263 dixerunt:
1636 3203 1926 3259 Cornelius

328 3274 636 3375 Cen-turio,
667 3308 750 3362 vir
775 3306 954 3378 justus
978 3346 993 3373 ,
1037 3312 1091 3360 et
1132 3304 1331 3359 timens
1361 3303 1529 3358 Deum
1557 3344 1571 3367 ,
1604 3311 1655 3355 et
1684 3300 1928 3355 testimo-
1954 3274 2001 3338 C

329 3402 482 3458 nium
508 3401 712 3456 habens
735 3400 801 3453 ab
836 3398 1087 3454 universa
1113 3404 1274 3469 gente
1300 3395 1612 3451 Judatorum
1633 3437 1647 3463 ,
1693 3407 1926 3461 respon-

329 3513 451 3554 sum
474 3496 687 3567 accepit
708 3494 776 3549 ab
796 3494 994 3565 angelo
1016 3502 1231 3557 sancto,
1253 3492 1523 3547 accersire
1548 3499 1600 3545 te
1623 3490 1673 3544 in
1704 3489 1925 3544 domum

328 3605 509 3657 suam,
541 3598 596 3645 et
621 3588 811 3643 audire
838 3586 1004 3642 verba
1029 3586 1127 3642 abs
1158 3596 1229 3642 te.
1264 3584 1617 3640 lntroducens
1648 3598 1777 3653 ergo
1806 3596 1923 3648 eos,

328 3689 541 3756 recepit
573 3682 829 3753 hospitio.
873 3681 1133 3751 Sequenti
1166 3688 1344 3734 autem
1375 3680 1461 3734 die
1491 3692 1717 3749 surgens
1747 3676 1929 3748 profe-

329 3789 453 3833 ctus
483 3786 565 3833 est
597 3792 715 3830 cum
744 3775 890 3830 illis:
925 3783 978 3829 et
1007 3773 1226 3845 quidam
1254 3788 1322 3828 ex
1349 3771 1612 3826 fratribus
1652 3770 1719 3824 ab
1749 3769 1922 3840 anpe

328 3872 578 3930 comitati
606 3882 735 3929 sunt
764 3886 911 3928 eum.
975 3869 1160 3931 Altera
1196 3878 1375 3924 autem
1420 3868 1508 3922 die
1537 3865 1785 3921 introivit
1809 3863 1929 3919 Ca:-

328 3982 569 4023 saream.
617 3966 902 4022 Cornelius
946 3979 1080 4019 vero
1129 3962 1485 4032 exspectabat
1531 3961 1675 4028 illos,
1725 3976 1929 4016 convo-

327 4060 469 4115 catis
490 4059 737 4130 cognatis
764 4058 912 4125 suis,
946 4064 999 4113 et
1023 4056 1344 4111 necessariis
1375 4054 1585 4109 amicis.
1629 4054 1693 4108 Et
1725 4051 1924 4108 factum

327 4162 415 4209 est
444 4169 568 4209 cum
597 4151 882 4208 introisset
904 4151 1121 4213 Petrus,
1151 4149 1347 4205 obvius
1368 4151 1522 4204 venit
1546 4147 1593 4204 ei
1618 4147 1924 4216 Cornelius,

326 4256 385 4303 et
423 4244 716 4316 procidens
756 4245 824 4300 ad
874 4244 1040 4315 pedes
1088 4243 1205 4313 ejus
1250 4242 1517 4297 adoravit.
1559 4240 1754 4296 Petrus
1796 4254 1927 4295 vero

325 4339 565 4395 elevavit
593 4353 739 4406 eum,
764 4336 957 4393 dicens
982 4355 994 4391 :
1022 4335 1218 4407 Surge,
1244 4344 1301 4392 et
1324 4351 1423 4407 ego
1448 4335 1564 4405 ipse
1585 4333 1747 4390 homo
1779 4348 1923 4388 sum.

327 4432 401 4489 Et
431 4434 657 4503 loquens
687 4446 811 4486 cum
855 4431 951 4486 illo
994 4431 1248 4497 intravit,
1281 4440 1334 4484 et
1362 4429 1568 4484 invenit
1609 4428 1809 4483 multos
1836 4426 1925 4498 qui

327 4532 700 4582 convenerant
729 4544 741 4581 :
772 4523 1021 4594 dixitque
1048 4522 1114 4577 ad
1146 4522 1269 4577 illos
1296 4544 1309 4579 :
1344 4522 1454 4577 Vos
1474 4522 1625 4577 scitis
1648 4521 1924 4593 quomodo

327 4618 704 4673 abominatum
738 4617 809 4672 sit
839 4618 955 4671 viro
982 4615 1173 4672 Judan
1193 4656 1206 4680 ,
1238 4615 1498 4686 conjungi
1536 4623 1629 4670 aut
1658 4614 1924 4671 accedere

2034 1987 2148 2053 bis,
2202 1987 2291 2057 qui
2338 1988 2795 2044 manducavimus
2827 1999 2882 2044 et
2906 1990 3144 2046 bibimus
3175 2006 3295 2046 cum
3329 1992 3448 2061 illo,
3487 2001 3631 2065 post-

2033 2094 2195 2151 quam
2228 2080 2528 2137 resnrrcxit
2558 2096 2587 2135 a
2612 2081 2866 2137 mortuis.
2909 2081 2979 2136 Et
3003 2086 3261 2155 prmeepit
3299 2084 3457 2141 nobis
3497 2102 3637 2158 prm-

2033 2174 2216 2229 dicare
2248 2176 2469 2245 populo,
2501 2183 2557 2231 et
2586 2177 2868 2233 testificari
2894 2220 2910 2247 ,
2942 2178 3068 2250 quia
3101 2180 3219 2251 ipse
3248 2190 3352 2249 est,
3383 2182 3475 2253 qui
3497 2198 3631 2239 con-

2034 2269 2261 2324 stitutus
2301 2277 2386 2325 est
2430 2284 2459 2324 a
2504 2270 2622 2325 Deo
2660 2271 2825 2341 judex
2870 2273 3119 2328 vivorum
3160 2282 3215 2331 et
3263 2286 3627 2335 mortuorum.

2035 2367 2172 2422 lluic
2219 2382 2410 2422 omnes
2455 2369 2736 2438 prephetae
2768 2369 3139 2426 testimonium
3182 2372 3511 2442 perhibent,
3550 2390 3637 2430 re—

2034 2461 2351 2517 missionem
2415 2471 2765 2533 peccatorum
2828 2463 3079 2534 accipere
3130 2480 3226 2534 per
3267 2479 3466 2522 nomen
3513 2467 3631 2537 ejus

2033 2566 2225 2607 Omnes
2269 2554 2361 2624 qui
2407 2553 2641 2609 credunt
2669 2555 2722 2609 in
2750 2570 2895 2610 eum.
2952 2556 3145 2612 Adhuc
3182 2558 3440 2629 loquente
3470 2561 3635 2617 Petro

2034 2645 2198 2699 verba
2226 2648 2361 2715 haec,
2393 2645 2592 2702 cecidit
2620 2646 2860 2718 Spiritus
2882 2656 3101 2705 sanctus
3124 2665 3290 2721 super
3313 2666 3506 2707 omnes
3542 2655 3635 2724 qui

2035 2738 2330 2798 audiebant
2372 2743 2623 2799 verbum.
2675 2744 2741 2800 Et
2783 2745 3180 2815 obstupuerunt
3227 2763 3297 2803 ex
3345 2748 3637 2803 circumci-

2034 2837 2189 2891 sione
2236 2835 2460 2905 fideles,
2505 2836 2596 2907 qui
2630 2848 2893 2893 venerant
2936 2853 3059 2893 cum
3104 2840 3305 2895 Petro:
3339 2843 3462 2911 quia
3492 2850 3545 2897 et
3576 2840 3633 2897 in

2034 2929 2283 2985 nationes
2307 2929 2480 3000 gratia
2507 2929 2747 3000 Spiritus
2778 2931 2947 2986 sancti
2978 2931 3147 2987 effusa
3178 2941 3281 2987 est.
3326 2933 3635 2990 Audiebant

2032 3029 2175 3079 enim
2202 3025 2322 3081 illos
2349 3026 2634 3094 loquentes
2666 3026 2885 3097 linguis,
2916 3035 2971 3081 et
2992 3029 3401 3099 magnificantes
3423 3029 3617 3087 Deum.

2032 3118 2183 3173 Tunc
2216 3118 2499 3187 respondit
2540 3118 2736 3175 Petrus
2763 3137 2776 3173 :
2824 3118 3097 3191 Numquid
3128 3137 3320 3191 aquam
3349 3123 3471 3193 quis
3503 3138 3629 3193 pru-

2030 3212 2221 3267 hibere
2252 3222 2470 3282 potest,
2512 3223 2571 3268 ut
2602 3229 2708 3267 non
2736 3213 3079 3284 baptizentur
3107 3213 3163 3268 hi
3190 3257 3206 3283 ,
3236 3217 3328 3286 qui
3364 3214 3627 3286 Spiritum

2031 3314 2282 3361 sanctum
2326 3315 2655 3377 acceperunt
2687 3306 2829 3361 sicut
2856 3316 2911 3363 et
2949 3308 3092 3363 nos?
3121 3307 3190 3362 Et
3215 3309 3377 3378 jussit
3406 3324 3500 3365 eos
3532 3311 3631 3364 ba-

2033 3399 2222 3469 ptizari
2249 3401 2300 3454 in
2333 3399 2554 3455 nomine
2598 3400 2814 3455 Domini
2864 3400 2992 3457 Jesu
3024 3401 3248 3456 Christi.
3291 3402 3444 3459 Tunc
3477 3418 3633 3473 roga-

2032 3502 2225 3547 verunt
2259 3508 2406 3559 cum,
2439 3504 2495 3547 ut
2524 3502 2774 3548 maneret
2802 3494 2940 3563 apud
2965 3510 3061 3549 eos
3092 3495 3301 3565 aliquot
3329 3495 3545 3552 diebus.

2107 3588 2261 3661 [ϐαρ.
2288 3586 2403 3660 ΧΙ.]
2437 3587 2743 3642 Audierunt
2782 3598 2961 3642 autem
3003 3588 3245 3659 Apostoli
3272 3633 3286 3655 ,
3324 3598 3378 3644 et
3411 3589 3632 3658 fratres,

2031 3683 2124 3754 qui
2155 3692 2310 3736 erant
2354 3681 2409 3735 in
2449 3680 2636 3735 Iudaea
2665 3726 2677 3751 ,
2711 3681 2965 3749 quoniam
2999 3689 3054 3735 et
3086 3689 3276 3751 gentes
3305 3688 3636 3751 receperunt

2032 3774 2256 3829 verbum
2289 3772 2404 3828 Dei.
2448 3770 2583 3827 Cum
2614 3782 2795 3828 autem
2836 3772 3174 3829 ascendisset
3221 3774 3417 3829 Petrus
3461 3774 3626 3830 Jero-

2029 3867 2318 3938 solymam,
2353 3865 2737 3937 disceptabant
2764 3865 3031 3922 adversus
3061 3866 3234 3934 illum,
3262 3866 3351 3936 qui
3377 3875 3533 3923 crant
3562 3882 3630 3923 ex

2029 3962 2446 4018 circumcisione
2474 4003 2489 4029 ,
2545 3960 2834 4018 dicentes:
2867 3962 3049 4030 Quare
3092 3962 3325 4017 introisti
3372 3962 3439 4018 ad
3480 3964 3629 4019 viros

2030 4054 2356 4127 przrputium
2389 4054 2674 4122 habentes,
2719 4063 2774 4109 et
2816 4054 3163 4110 manducasti
3199 4070 3321 4110 cum
3350 4053 3501 4110 illis?
3542 4056 3629 4111 In-

2030 4147 2238 4217 cipiens
2289 4157 2470 4202 autem
2518 4145 2714 4202 Petrus
2751 4148 3058 4219 exponebat
3085 4148 3194 4205 illis
3234 4148 3517 4216 ordinem,
3547 4147 3631 4204 di-

2030 4256 2165 4296 cens
2196 4257 2211 4296 :
2245 4241 2360 4312 Ego
2387 4255 2534 4305 cram
2566 4241 2619 4295 in
2652 4239 2870 4297 civitate
2896 4240 3067 4312 Joppe
3094 4256 3286 4310 orans,
3329 4249 3386 4298 et
3426 4241 3537 4297 vidi
3572 4242 3627 4296 in

2029 4350 2257 4393 excessu
2299 4334 2499 4390 mentis
2522 4333 2791 4391 visionem
2815 4375 2830 4402 ,
2862 4334 3204 4391 descendens
3234 4349 3325 4391 vas
3356 4335 3627 4406 quoddam

2031 4428 2177 4484 velut
2222 4428 2445 4484 linteum
2489 4443 2747 4500 magnum
2791 4438 3024 4498 quatuor
3063 4428 3233 4483 initiis
3264 4428 3527 4484 summitti
3562 4427 3630 4485 de

2029 4522 2191 4587 caelo,
2218 4528 2274 4576 et
2303 4522 2448 4576 venit
2476 4536 2650 4592 usque
2691 4521 2758 4576 ad
2789 4537 2895 4576 me.
2939 4520 2993 4574 In
3028 4520 3171 4592 quod
3196 4521 3414 4578 intuens
3441 4523 3625 4577 consi-

2030 4618 2287 4673 derabam
2315 4660 2331 4687 ,
2362 4627 2419 4674 et
2444 4617 2555 4672 vidi
2581 4617 2950 4688 quadrupedia
2993 4628 3182 4682 terrae,
3220 4626 3276 4672 et
3298 4617 3503 4673 bestias
3524 4660 3538 4685 ,
3572 4626 3628 4673 et

324 4709 395 4765 ad
421 4710 780 4780 alienigenam
810 4727 824 4764 :
876 4708 970 4764 sed
1004 4707 1136 4762 mihi
1165 4707 1403 4763 ostendit
1440 4708 1583 4763 Deus
1607 4749 1622 4773 ,
1653 4706 1921 4763 neminem
1949 4679 2006 4742 D
2032 4714 2245 4785 reptilia
2268 4755 2282 4780 ,
2331 4721 2385 4769 et
2414 4713 2657 4769 volatilia
2704 4712 2849 4769 coeli.
2894 4710 3086 4767 Audivi
3135 4721 3311 4767 autem
3341 4721 3397 4766 et
3426 4726 3615 4767 vocem

326 4818 675 4861 communem
721 4811 815 4857 aut
860 4801 1198 4857 immundum
1232 4800 1414 4857 dicere
1442 4800 1747 4857 hominem.
1788 4801 1924 4856 Pro-

324 4908 451 4971 pter
486 4900 629 4971 quod
679 4899 799 4955 sine
834 4898 1177 4955 dubitatione
1217 4899 1340 4954 veni
1387 4898 1707 4954 accersitus.
1758 4896 1928 4954 Inter-

322 5010 459 5065 rogo
485 5010 647 5066 ergo,
679 5009 839 5066 quam
867 4993 939 5049 ob
958 5007 1178 5048 causam
1199 4993 1514 5049 accersistis
1536 4992 1667 5047 me?
1695 4993 1765 5048 Et
1795 4993 1928 5048 Cor-

322 5094 506 5149 nelius
537 5093 612 5147 ait
639 5110 651 5147 :
694 5091 742 5147 A
795 5092 1184 5162 nudiusquarta
1230 5090 1317 5146 die
1344 5105 1517 5159 usque
1550 5089 1616 5145 ad
1649 5089 1791 5146 hanc
1824 5090 1923 5145 ho-

322 5201 442 5243 ram
471 5228 484 5254 ,
525 5201 692 5242 orans
723 5202 874 5243 eram
909 5185 1042 5240 hora
1074 5198 1215 5239 nona
1243 5185 1293 5238 in
1320 5184 1482 5239 domo
1510 5198 1626 5239 mea
1654 5227 1668 5253 ,
1714 5194 1769 5239 et
1796 5199 1923 5239 ecce

321 5280 410 5334 vir
434 5281 591 5335 stetit
619 5289 746 5335 ante
778 5294 866 5335 me
897 5280 948 5334 in
979 5290 1133 5335 veste
1157 5277 1415 5347 candida,
1448 5288 1499 5333 et
1525 5278 1636 5332 ait:
1681 5278 1921 5344 Corneli,

323 5371 581 5426 exaudita
614 5380 696 5427 est
726 5372 900 5427 oratio
935 5380 1047 5437 tua,
1079 5380 1133 5427 et
1158 5371 1520 5443 eleemosynae
1552 5382 1657 5427 tum
1683 5388 1925 5429 comme-

324 5472 555 5518 moratae
586 5473 711 5518 sunt
755 5466 807 5519 in
855 5472 1151 5534 conspectu
1198 5464 1313 5519 Dei.
1352 5464 1507 5522 Mitte
1552 5481 1682 5537 ergo
1716 5467 1768 5521 in
1798 5466 1922 5537 Jop-

322 5571 455 5626 pen,
489 5564 545 5611 et
570 5557 778 5611 accersi
810 5555 1115 5625 Simonem,
1139 5556 1228 5627 qui
1249 5558 1668 5628 cognominatur
1693 5558 1917 5615 Petrus:

324 5649 413 5705 hic
447 5649 753 5719 hospitatur
783 5651 835 5706 in
867 5651 1032 5708 domo
1058 5651 1296 5708 Simonis
1324 5654 1543 5709 coriarii
1562 5656 1723 5725 juxta
1747 5670 1917 5711 mare.

327 5739 629 5797 Confestim
657 5758 789 5814 ergo
820 5744 941 5799 misi
969 5744 1036 5799 ad
1064 5755 1113 5800 te
1145 5764 1156 5799 :
1188 5756 1243 5802 et
1269 5759 1321 5800 tu
1346 5747 1666 5804 benefecisti
1696 5751 1923 5806 venien-

322 5834 416 5891 do.
460 5837 615 5894 Nunc
654 5853 783 5911 ergo
813 5854 1005 5896 omnes
1047 5855 1147 5896 nos
1190 5846 1243 5895 in
1285 5852 1582 5913 conspectu
1634 5853 1723 5899 tuo
1754 5845 1919 5899 adsu-

323 5945 469 6003 mus,
496 5933 685 5992 audire
715 5937 898 5993 omnia
930 5950 1287 6011 quaecumque
1311 5938 1404 5994 tibi
1435 5950 1705 6011 praecepta
1735 5951 1861 5998 sunt
1887 5956 1917 5999 a

2031 4809 2301 4865 dicentem
2327 4807 2458 4864 mihi
2486 4826 2496 4861 :
2533 4807 2739 4878 Surge,
2777 4807 2968 4871 Petro,
3004 4806 3215 4873 occide,
3249 4814 3304 4861 et
3331 4805 3621 4861 manduca.

2033 4901 2152 4957 Dixi
2176 4910 2356 4957 autem
2388 4919 2403 4959 :
2454 4898 2839 4971 Nequaquam,
2873 4898 3122 4955 Domine.
3165 4898 3300 4967 Quia
3333 4913 3625 4953 commune

2032 5006 2123 5051 aut
2174 4990 2515 5052 immundum
2563 5011 2857 5067 numquam
2912 4995 3161 5050 introivit
3205 4996 3256 5047 in
3308 5008 3367 5048 os
3420 5007 3623 5047 meum.

2032 5091 2336 5163 Respondit
2380 5100 2560 5146 autem
2592 5106 2696 5145 vox
2727 5088 2970 5145 secundo
3010 5088 3077 5144 de
3113 5087 3290 5143 coelo:
3320 5086 3451 5155 Quae
3481 5084 3627 5141 Deus

2028 5188 2342 5253 mundavit,
2394 5195 2450 5241 tu
2498 5201 2565 5241 ne
2604 5200 2893 5239 commune
2931 5182 3152 5237 dixeris.
3196 5181 3309 5236 Hoc
3335 5189 3514 5235 autem
3544 5178 3626 5234 fa-

2027 5292 2171 5341 ctum
2202 5291 2283 5338 est
2314 5296 2411 5350 per
2445 5289 2567 5337 ter:
2618 5289 2672 5335 et
2708 5288 2925 5349 recepta
2954 5286 3080 5331 sunt
3112 5277 3293 5331 omnia
3323 5288 3541 5329 rursum
3572 5274 3625 5329 in

2027 5378 2249 5433 C(elum.
2294 5377 2357 5430 Et
2397 5390 2526 5431 ecce
2572 5373 2675 5429 viri
2722 5382 2833 5428 tres
2888 5369 3173 5426 confestim
3230 5370 3521 5425 astiterunt
3573 5368 3625 5422 itt

2026 5471 2214 5536 domo,
2244 5469 2299 5525 in
2332 5486 2431 5539 qua
2462 5484 2609 5525 eram
2641 5511 2652 5534 ,
2687 5466 2837 5523 missi
2881 5481 2911 5521 a
2950 5466 3197 5521 Cmsarea
3239 5464 3304 5519 ad
3335 5479 3443 5519 me.
3481 5463 3626 5518 Dixit

2028 5572 2210 5619 autem
2238 5564 2475 5633 Spiritus
2506 5562 2635 5617 mihi
2664 5607 2676 5631 ,
2721 5570 2777 5614 nt
2817 5561 2949 5615 irem
2982 5572 3103 5613 cum
3129 5557 3273 5623 illis,
3303 5556 3436 5611 nihil
3464 5556 3629 5611 hresi-

2029 5670 2170 5716 tans.
2212 5660 2495 5715 Venerunt
2526 5668 2707 5714 autem
2736 5672 2947 5712 mecum
2976 5663 3031 5711 et
3057 5669 3150 5710 sex
3182 5653 3376 5710 fratres
3416 5654 3503 5709 isti
3530 5696 3544 5719 ,
3571 5663 3625 5708 et

2030 5753 2262 5825 ingressi
2286 5769 2472 5809 sumus
2504 5753 2556 5807 in
2588 5752 2809 5807 domum
2846 5752 2968 5806 viri.
3034 5750 3287 5806 Narravit
3313 5757 3496 5804 autem
3532 5761 3627 5802 no-

2028 5849 2137 5915 bis,
2163 5847 2438 5919 quomodo
2480 5846 2704 5901 vidisset
2732 5845 2998 5917 Angelnm
3040 5846 3091 5900 in
3131 5844 3296 5900 domo
3328 5856 3443 5904 sua.
3480 5848 3622 5894 stan-

2032 5955 2143 6004 tem
2174 5952 2227 6002 et
2257 5942 2529 6001 dicentem
2559 5942 2664 6001 sibi
2695 5959 2712 6003 :
2757 5942 2907 6002 Mitte
2950 5943 3004 5999 in
3050 5941 3261 6013 Joppen
3290 5982 3306 6012 ,
3335 5946 3389 5997 et
3417 5934 3627 5994 accersi
