4166 6336
442 323 549 382 705

1439 318 1499 377 S.
1546 314 1933 376 HlERONYMI
1969 312 2205 372 DIVINA
2247 314 2725 375 BIBLIOTHECA.

3636 313 3738 371 7M

439 446 718 502 Simonem
743 489 760 514 ,
806 446 900 521 qui
938 443 1360 519 cognominatur
1385 442 1582 501 Petrus
1602 485 1618 511 ,
1660 442 1752 514 qui
1787 441 2040 512 loquetur
2067 435 2121 497 A
2146 445 2386 492 mentum
2413 447 2586 506 tuum,
2619 447 2678 494 et
2701 452 2935 510 sequere
2958 452 3066 494 me.
3100 436 3169 494 Et
3201 437 3388 493 exiens
3415 434 3745 508 sequebatur

442 539 542 596 tibi
563 539 727 595 verba
750 583 767 608 ,
804 540 859 594 in
884 540 1081 612 quibus
1104 540 1287 595 salvus
1306 538 1419 594 eris
1445 546 1504 593 tu
1522 577 1536 604 ,
1572 544 1627 592 et
1654 535 1915 592 universa
1944 532 2043 589 do-

439 648 560 690 mus
588 643 701 691 tua.
740 632 878 690 Cum
926 643 1107 691 autem
1163 632 1454 705 coepissem
1487 629 1666 702 loqui,
1696 627 1892 684 cecidit
1922 627 2043 698 Spi-

446 728 588 786 ritus
619 738 841 784 sanctus
886 743 1051 800 super
1095 742 1233 794 eos,
1282 725 1424 782 sicut
1466 732 1521 778 et
1567 724 1619 778 in
1652 736 1754 778 nos
1783 721 1840 776 in
1866 720 2042 777 initio.

448 821 790 879 Recordatus
830 836 947 877 sum
1002 831 1183 877 autem
1225 819 1376 875 verbi
1425 816 1681 884 Domini,
1716 815 1857 872 sicut
1897 813 2047 870 dice-

449 916 574 972 bat:
625 915 863 971 Joanues
914 914 1132 987 quidem
1178 912 1480 984 baptizavit
1522 926 1695 984 aqua,
1735 924 1836 967 vos
1864 918 2046 965 autem

454 1008 863 1080 baptizabimiui
898 1007 1103 1078 Spiritu
1129 1004 1338 1064 sancto.
1392 1003 1449 1063 Si
1479 1019 1607 1076 ergo
1647 1004 1894 1061 eamdem
1921 1018 2047 1074 gra-

449 1104 581 1161 tiam
625 1104 777 1161 dedit
810 1104 919 1161 illis
954 1098 1125 1171 Deus,
1155 1104 1295 1159 sicut
1322 1112 1379 1159 et
1407 1101 1563 1158 nobis
1592 1101 1685 1173 qui
1715 1097 2051 1157 credidimus

452 1197 509 1254 in
549 1198 837 1254 Dominum
879 1200 1064 1256 Jesum
1096 1197 1411 1254 Christum:
1442 1210 1544 1268 ego
1573 1195 1693 1266 quis
1731 1210 1882 1250 eram
1910 1237 1924 1261 ,
1956 1191 2081 1264 qui.

453 1307 669 1361 possem
714 1290 1011 1361 prohibere
1057 1291 1280 1348 Deum?
1329 1290 1428 1347 His
1457 1289 1692 1357 auditis,
1725 1297 2049 1346 tacuerunt:

452 1393 506 1439 et
528 1380 967 1454 glorificaverunt
996 1384 1192 1447 Deum,
1224 1383 1472 1439 dicentes
1497 1399 1510 1437 :
1553 1382 1697 1453 Ergo
1720 1391 1778 1439 et
1801 1383 2055 1453 gentibus

459 1473 836 1544 ptenitentiam
882 1474 1029 1531 dedit
1080 1475 1333 1532 Deusad
1381 1475 1568 1530 vitam.
1608 1475 1676 1530 Et
1705 1475 1778 1531 illi
1810 1474 2050 1546 quidem,

457 1566 548 1637 qui
579 1566 814 1637 dispersi
842 1566 1061 1624 fuerant
1089 1584 1120 1623 a
1153 1567 1532 1633 tribulatione,
1562 1583 1683 1639 qua:
1708 1566 1847 1622 facta
1881 1567 2057 1622 fuerat

454 1659 557 1714 sub
581 1658 877 1730 Stephano,
909 1661 1424 1731 perambulaverunt
1453 1676 1623 1729 usque
1643 1661 1709 1717 ad
1733 1658 2051 1730 Phtenicen,

2147 548 2297 599 eum,
2340 541 2396 589 et
2424 533 2705 590 nesciebat
2731 535 2858 605 quia
2900 548 3085 589 verum
3123 541 3229 601 est,
3263 531 3405 604 quod
3443 529 3609 586 fiebat
3646 544 3747 601 per

2147 627 2400 699 angelum
2420 628 2803 684 :existimabat
2827 639 3006 684 autem
3033 642 3092 683 se
3119 632 3294 684 visum
3322 625 3531 682 videre.
3544 624 3748 680 Trans-

2148 731 2345 780 euntes
2390 734 2570 780 autem
2601 725 2830 794 primam
2863 732 2918 780 et
2944 723 3238 781 secundam
3267 714 3568 778 custodiam
3594 762 3611 789 ,
3650 733 3750 776 ve-

2152 827 2348 872 nerunt
2373 817 2442 873 ad
2468 826 2679 887 portam
2705 817 2985 884 Ferream,
3017 833 3138 889 quae
3165 816 3313 873 ducit
3336 816 3403 870 ad
3435 815 3744 871 civitatem:

2150 929 2273 983 qua:
2306 913 2448 969 ultro
2478 921 2662 983 aperta
2703 922 2787 968 est
2815 911 2913 968 eis.
2965 912 3033 968 Et
3070 919 3332 968 exeuntes
3362 916 3751 982 processerunt

2150 1007 2331 1062 virum
2367 1022 2531 1062 unum
2558 1017 2651 1062 :et
2683 1007 2947 1062 continuo
2989 1004 3243 1062 discessit
3286 1003 3515 1075 angelus
3558 1003 3629 1059 ab
3657 1016 3749 1059 eo.

2153 1101 2220 1156 Et
2260 1099 2452 1155 Petrus
2489 1099 2558 1155 ad
2588 1115 2650 1155 se
2700 1114 2974 1167 reversus,
3006 1098 3150 1155 dixit
3191 1116 3205 1153 :
3255 1098 3409 1154 Nunc
3438 1097 3555 1154 scio
3593 1111 3749 1164 vere,
3782 1112 3789 1123 ·

2154 1193 2277 1263 quia
2312 1192 2459 1247 misit
2491 1192 2752 1248 Dominus
2779 1191 3034 1263 angelum
3059 1206 3240 1256 suum,
3267 1198 3327 1247 et
3351 1189 3555 1262 eripuit
3575 1205 3661 1245 me
3682 1189 3754 1246 de

2156 1301 2319 1341 manu
2352 1285 2605 1353 Herodis,
2641 1297 2693 1340 et
2728 1286 2795 1341 de
2834 1286 2981 1341 omni
3012 1286 3422 1356 exspectatione
3449 1284 3625 1355 plebis
3658 1283 3789 1339 Ju-'

2155 1378 2419 1435 dzeorum.
2462 1377 2941 1450 Consideransque
2986 1379 3141 1435 venit
3187 1378 3253 1433 ad
3302 1378 3521 1433 domum
3571 1377 3757 1434 Mariae

2156 1475 2347 1529 matris
2385 1472 2634 1537 Joannis,
2682 1474 2774 1544 qui
2816 1462 3229 1544 cognominatus
3266 1481 3349 1529 est
3388 1472 3621 1538 Marcus,
3661 1470 3757 1526 ubi

2156 1577 2311 1623 erant
2334 1566 2488 1621 multi
2509 1566 2843 1637 congregati,
2868 1575 2925 1621 et
2943 1575 3181 1623 orantes.
3207 1565 3464 1621 Pulsante
3485 1570 3666 1619 autem
3688 1578 3757 1619 eo

2157 1662 2358 1717 ostium
2384 1661 2584 1729 ianuae,
2631 1659 2897 1731 processit
2938 1660 3117 1731 puella
3159 1659 3225 1715 ad
3264 1657 3752 1726 audiendum,‘no-

454 1762 511 1808 et
539 1750 775 1824 Cyprum
799 1794 815 1819 ,
861 1761 918 1808 et
958 1753 1300 1809 Antiochiam
1320 1796 1335 1819 ,
1381 1752 1587 1809 nemini
1618 1754 1903 1824 loquentes
1934 1767 2083 1807 ver-i
2159 1756 2304 1810 mine
2330 1753 2539 1809 Rhode.
2565 1754 2631 1809 Et
2652 1762 2712 1810 ut
2731 1754 2987 1825 cognovit
3011 1768 3199 1810 vocem
3224 1752 3393 1822 Petri,
3421 1767 3533 1824 pra:
3557 1752 3755 1823 gaudio

457 1844 610 1911 bum,
631 1846 734 1901 nisi
757 1846 1124 1903 solisJudteis.
1153 1847 1514 1903 Erantautem
1536 1847 1754 1918 quidam
1776 1863 1842 1904 ex
1859 1846 1940 1902 eis
1954 1847 2051 1902 viri
2080 1830 2132 1893 Β
2160 1862 2266 1903 nou
2317 1848 2530 1917 aperuit
2568 1847 2789 1917 januam
2811 1889 2827 1915 ,
2875 1845 2970 1901 sed
3017 1846 3162 1901 intro
3208 1848 3437 1901 currens
3482 1845 3762 1900 nuntiavit

460 1935 667 2009 Cyprii,
686 1949 756 2004 et
784 1936 1056 2012 Cyrenaei,
1085 1939 1178 2009 qui
1204 1955 1328 1996 cum
1350 1940 1668 1996 introissent
1688 1940 2054 2009 Antiochiam,
2082 1940 2085 1945 “

460 2030 829 2102 loquebantur
874 2042 929 2089 et
959 2034 1026 2089 ad
1052 2034 1275 2091 Graecos
1302 2040 1323 2104 ,’
1359 2036 1743 2092 annuntiantes
1772 2035 2055 2092 Dominum

460 2123 670 2182 Jesum.
711 2126 780 2182 Et
803 2136 925 2183 erat
966 2142 1158 2183 manus
1191 2128 1403 2184 Domini
1431 2145 1551 2185 cum
1582 2129 1703 2186 eis:
1743 2130 2058 2201 multusque

466 2233 736 2291 numerus
783 2220 1122 2278 credentium
1166 2237 1470 2280 conversus
1511 2233 1597 2280 est
1642 2224 1708 2279 ad
1746 2226 2051 2281 Dominum.

465 2314 726 2371 Pervenit
750 2326 929 2372 autem
958 2331 1140 2372 sermo
1171 2318 1237 2373 ad
1281 2333 1440 2375 aures
1476 2319 1764 2384 Ecclesia),
1798 2335 1918 2391 quae
1940 2328 2060 2376 erat

460 2406 853 2479 Jerosolymis,
910 2423 1077 2480 super
1118 2410 1237 2465 iSIis
1278 2430 1290 2466 :
1339 2420 1394 2467 et
1442 2413 1709 2470 miserunt
1755 2413 2055 2469 Barnabam

464 2518 639 2573 usque
665 2503 732 2559 ad
760 2506 1127 2562 Antiochiam.
1185 2506 1285 2574 Qui
1316 2523 1441 2563 cum
1476 2509 1816 2579 pervenisset
1841 2552 1856 2576 ,
1889 2520 1945 2565 et
1978 2509 2060 2564 vi-

464 2594 636 2652 disset
662 2595 887 2666 gratiam
920 2596 1013 2653 Dei
1039 2639 1054 2664 ,
1106 2598 1324 2668 gavisus
1359 2608 1479 2657 est:
1509 2609 1566 2656 et
1596 2601 1913 2657 hortabatur
1940 2615 2059 2657 om-

466 2703 564 2744 nes
595 2688 649 2744 in
680 2690 962 2760 proposito
989 2691 1170 2747 cordis
1200 2708 1522 2763 permanere
1550 2695 1603 2750 in
1636 2695 1899 2751 Domino:
1931 2696 2056 2767 quia

464 2790 584 2851 erat
605 2782 690 2849 vir
713 2783 906 2849 bonus,
949 2794 1004 2838 et
1035 2786 1227 2856 plenus
1259 2788 1466 2858 Spiritu
1500 2797 1799 2855 sancto,et
1826 2789 1951 2845 fide.
1993 2790 2060 2845 Et

464 2874 709 2945 apposita
741 2884 828 2933 est
856 2879 1021 2933 multa
1051 2881 1207 2935 turba
1236 2880 1488 2937 Domino.
1530 2881 1818 2939 Profectus
1841 2891 1925 2940 est
1957 2899 2058 2938 au-

467 2975 575 3022 tem
599 2967 874 3024 Barnabas
907 2970 1135 3027 Tarsum
1162 3014 1177 3039 ,
1227 2985 1288 3030 ut
1314 2983 1589 3045 qua-reret
1618 2975 1874 3042 Saulum;
1900 2993 2057 3048 quem

466 3073 590 3137 cum
622 3060 958 3130 invenisset,
1015 3066 1272 3143 perduxit
1318 3068 1686 3124 Antiochiam.
1744 3070 1811 3125 Et
1858 3088 2058 3127 annum

467 3162 640 3209 totum
670 3158 972 3233 conversa'ti
1001 3171 1128 3215 sunt
1157 3161 1228 3215 ibi
1263 3162 1313 3215 in
1347 3161 1592 3219 Ecclesia
1622 3180 1637 3220 :
1677 3174 1732 3220 et
1757 3167 2055 3221 docuerunt

472 3248 683 3304 turbam
736 3251 1003 3320 multam,
1056 3254 1127 3310 ita
1170 3263 1228 3309 ut
1270 3257 1786 3325 eognominareutur
1828 3262 2057 3329 primum

470 3340 1078 3416 Antiochiazﬁiseipuii,
1105 3347 1420 3410 Christiani.
1462 3348 1523 3404 In
1552 3350 1634 3405 his
1662 3363 1844 3406 autem
1873 3351 2066 3408 diebus

473 3437 1001 3518 superveneruntab
1013 3438 1370 3516 Jerosolymis
1395 3441 1671 3512 propheta:
1693 3443 2063 3500 Antiochiam:

474 3536 533 3581 et
555 3542 957 3605 surgensupus
984 3546 1050 3587 ex
1072 3534 1155 3611 eis
1186 3534 1405 3589 nomine
1439 3535 1659 3605 Agabus
1682 3581 1696 3604 ,
1731 3536 2070 3608 significabat

479 3635 573 3689 per
602 3621 853 3691 spiritum
896 3624 1093 3679 famem
1148 3641 1396 3697 magnam
1420 3628 1685 3685 ,futuram
1724 3632 1776 3685 in
1808 3632 2071 3688 universo

476 3713 609 3768 orbe
639 3721 900 3771 terrarum
924 3757 940 3784 ,
968 3733 1090 3788 qua:
1112 3717 1250 3776 facta
1278 3730 1361 3775 est
1386 3720 1486 3776 sub
1511 3719 1760 3778 Claudio.
1810 3723 2070 3794 Discipuli

472 3812 654 3859 autem
682 3846 697 3871 ,
730 3816 889 3876 prout
913 3812 1033 3880 quis
1062 3809 1336 3881 habebat,
1365 3825 1766 3885 proposuerunt
1791 3816 1984 3887 singuli
2019 3818 2070 3872 in
2104 3844 2107 3845 ν

478 3897 841 3956 ministerium
866 3902 1117 3972 mittere,
1151 3904 1522 3962 habitantibus
1564 3907 1618 3962 in
1667 3908 1857 3964 Judaaa
1893 3909 2074 3964 fratri-

479 3988 580 4045 bus
609 4011 622 4047 :
655 3993 799 4063 quod
840 4002 896 4049 et
933 3994 1220 4064 fecerunt,
1270 4000 1548 4057 mittentes
1587 3999 1653 4056 ad
1697 4002 1941 4059 seniores
1975 4019 2073 4074 per

480 4099 672 4141 manus
698 4086 961 4145 Barnaba:
993 4098 1048 4144 et
1073 4089 1243 4147 Sauli.

556 4174 709 4249 [ϐαρ.
744 4176 885 4250 Χιιει
913 4180 1116 4237 Eodem
1147 4195 1328 4239 autem
1373 4195 1618 4257 tempore
1655 4189 1802 4244 misit
1833 4190 2077 4246 Herodes

481 4286 576 4326 rex
611 4287 823 4340 manus,
854 4281 913 4328 ut
942 4273 1210 4347 affligeret
1241 4279 1503 4349 quosdam
1532 4282 1599 4337 de
1627 4282 1891 4339 Ecclesia.
1920 4283 2076 4340 Occi-

482 4362 769 4433 ditautem
810 4364 1075 4423 Jacobum
1119 4368 1337 4427 fratrem
1379 4373 1605 4429 Joannis
1634 4375 1832 4445 gladio.
1878 4377 2076 4433 Videns

483 4466 666 4523 autem
690 4458 816 4529 quia
846 4458 1091 4529 placeret
1125 4463 1351 4533 Judaeis,
1391 4470 1641 4536 apposuit
1681 4477 1737 4524 ut
1777 4473 2079 4539 apprchen-

481 4549 635 4637 dere't
684 4561 740 4608 et
795 4553 1040 4625 Petrum.
1099 4556 1272 4614 Erant
1325 4572 1507 4617 autem
1560 4562 1678 4619 dies
1720 4565 2074 4633 Azymorum.

484 4622 656 4709 Qucin
698 4636 1330 4723 etunapprehendisset,
1362 4655 1512 4709 misit
1551 4657 1600 4709 in
1633 4670 1934 4724 carcerem,
1970 4668 2075 4715 tra-
2105 4622 2160 4686 Β

481 4737 618 4793 dens
639 4748 871 4810 quatuor
896 4745 1350 4814 quaternionibus
1382 4749 1612 4804 militum
1635 4750 2073 4821 custodiendum,

481 4832 671 4889 volens
694 4844 819 4905 post
839 4835 1046 4891 Pascha
1077 4840 1374 4908 producere
1398 4858 1519 4896 eum
1547 4844 1768 4913 populo.
1795 4843 1865 4899 Et
1885 4844 2077 4901 Petrus

482 4925 702 4996 quidem
730 4930 1057 4987 servabatur
1098 4932 1152 4987 in
1200 4948 1440 4991 carcere.
1473 4936 1657 4991 Oratio
1700 4949 1882 4993 autem
1918 4939 2081 4995 fiebat

486 5022 609 5079 sine
637 5022 1044 5081 intermissione
1069 5026 1137 5081 ab
1163 5027 1393 5083 ecclesia
1418 5028 1485 5083 ad
1513 5030 1675 5084 Deum
1703 5047 1801 5101 pro
1824 5047 1911 5089 eo.
1939 5033 2074 5089 Cum

485 5122 667 5171 autem
693 5117 1062 5185 producturus
1083 5132 1207 5174 eum
1235 5130 1384 5177 esset
1411 5121 1676 5189 Herodes,
1703 5125 1755 5179 in
1781 5125 1893 5195 ipsa
1922 5136 2081 5182 nocte

485 5216 607 5264 erat
654 5207 848 5264 Petrus
901 5211 1180 5268 dormiens
1229 5212 1371 5269 inter
1407 5214 1545 5270 duos
1599 5217 1815 5284 milites,
1868 5218 2081 5276 vinctus

486 5306 692 5359 catenis
718 5306 927 5361 duabus
970 5324 984 5362 :
1027 5317 1082 5363 et
1111 5309 1370 5366 custodes
1412 5321 1539 5367 ante
1566 5313 1765 5367 ostium
1806 5315 2084 5371 custodie-

488 5396 617 5452 bant
645 5412 947 5455 carcerem.
982 5399 1050 5455 Et
1088 5416 1216 5457 ecce
1259 5404 1485 5474 angelus
1531 5404 1743 5461 Domini
1786 5410 1993 5465 astitit:
2027 5420 2085 5467 et

486 5494 670 5549 lumen
716 5494 930 5552 refulsit
984 5497 1038 5551 in
1091 5498 1400 5556 habitacula
1442 5518 1457 5558 :
1505 5516 1868 5574 percussaque
1913 5505 2083 5562 latere

481 5585 656 5654 Petri,
699 5590 961 5645 excitat-it
1010 5607 1160 5659 eum,
1205 5594 1433 5649 dicens:
1469 5595 1640 5665 Surge
1688 5599 1969 5654 velociter.
2021 5600 2086 5655 Et

483 5683 798 5739 ceciderunt
846 5696 1056 5741 catena:
1105 5687 1175 5742 de
1218 5688 1469 5745 manibus
1521 5690 1660 5760 ejus.
1714 5692 1857 5747 Dixit
1900 5704 2080 5748 autem

488 5780 715 5849 angelus
755 5780 824 5835 ad
853 5794 977 5836 eum
1006 5799 1019 5836 :
1050 5780 1413 5853 Prtecingere,
1461 5795 1517 5839 et
1563 5786 1747 5842 calcea
1799 5797 1850 5841 te
1881 5788 2085 5858 caligas

485 5885 625 5930 tuas.
660 5873 725 5930 Et
754 5872 884 5930 fecit
912 5874 1014 5930 sic.
1055 5874 1122 5930 Et
1147 5875 1284 5932 dixit
1315 5878 1389 5935 illi
1418 5895 1431 5932 :
1464 5877 1754 5935 Circumda
1787 5881 1883 5935 tibi
1916 5882 2082 5938 vesti-

2158 1951 2306 1996 stare
2330 1938 2551 1994 Petrum
2575 1949 2702 1994 ante
2726 1938 2970 2009 januam.
2998 1938 3069 1993 At
3105 1938 3181 1993 illi
3213 1938 3469 1994 dixerunt
3494 1937 3562 1993 ad
3589 1952 3713 1995 eam
3740 1955 3754 1991 :

2157 2033 2387 2091 Insanis.
2419 2034 2515 2089 llla
2544 2045 2724 2091 autem
2750 2032 3059 2089 affirmabat
3087 2033 3169 2090 sic
3197 2049 3256 2089 se
3285 2033 3506 2089 habere.
3542 2033 3624 2089 Illi
3651 2048 3753 2088 au-

2161 2140 2268 2185 tem
2297 2129 2592 2187 dicebant:
2625 2129 2865 2200 Angelus
2895 2128 3014 2198 ejus
3053 2138 3156 2185 est.
3196 2128 3388 2184 Petrus
3419 2140 3598 2183 autem
3629 2143 3761 2201 per—

2158 2223 2444 2279 severabat
2475 2223 2713 2294 pulsans.
2739 2225 2878 2278 Cum
2899 2231 3080 2280 autem
3106 2224 3469 2294 aperuissent,
3500 2223 3759 2281 viderunt

2158 2334 2305 2384 eum,
2333 2327 2389 2375 et
2416 2319 2838 2389 obstupuerunt.
2873 2320 3134 2376 Annuens
3165 2329 3346 2376 autem
3377 2321 3459 2377 eis
3479 2335 3664 2386 manu,
3693 2330 3760 2377 ut

2158 2420 2427 2482 tacerent,
2462 2413 2704 2467 narravit
2734 2414 3004 2483 quomodo
3034 2415 3296 2469 Dominus
3322 2414 3603 2471 eduxisset
3629 2430 3755 2471 eum

2159 2502 2502 2573 de'careere,
2542 2500 2797 2578 dixitque
2826 2525 2841 2563 :
2872 2507 3128 2564 Nuntiate
3170 2508 3374 2565 Jacobo
3412 2518 3470 2565 et
3499 2509 3759 2567 fratribus

2161 2599 2298 2656 haec.
2332 2599 2400 2654 Et
2425 2596 2680 2670 egressus
2709 2599 2844 2655 abiit
2874 2601 2926 2654 in
2949 2600 3119 2656 alium
3148 2601 3350 2657 locum.
3387 2596 3544 2660 Facta
3575 2611 3757 2658 autem

2159 2690 2270 2759 die,
2305 2701 2423 2747 erat
2455 2707 2561 2746 non
2594 2706 2758 2762 parva
2792 2693 3026 2749 turbatio
3056 2692 3197 2749 inter
3240 2694 3461 2761 milites,
3493 2696 3757 2767 quidnam
3792 2706 3799 2721 ‘

2162 2784 2365 2840 factum
2396 2795 2545 2841 esset
2574 2786 2642 2842 de
2681 2785 2864 2841 Petro.
2901 2786 3145 2844 Herodes
3185 2784 3365 2845 autem
3411 2804 3534 2844 cum
3578 2791 3761 2860 requi-

2161 2882 2325 2936 sisset
2348 2894 2498 2945 eum,
2539 2889 2594 2935 et
2635 2896 2742 2934 non
2770 2880 3091 2949 invenisset,
3139 2882 3491 2951 inquisitione
3516 2881 3653 2937 facta
3690 2883 3759 2938 ile

2161 2973 2479 3029 custodibus
2496 3015 2509 3038 ,
2540 2974 2701 3043 jussit
2730 2988 2825 3030 eos
2845 2974 2967 3030 duci
2993 2992 3007 3029 :
3038 2975 3485 3047 descendensque
3510 2991 3537 3029 a
3555 2975 3755 3032 ’Judzea

2164 3066 2217 3123 in
2241 3065 2566 3133 Cassaream,
2602 3066 2671 3120 ibi
2708 3077 3077 3122 commoratus
3099 3076 3201 3123 est.
3229 3069 3354 3123 Erat
3376 3078 3556 3124 autem
3588 3070 3760 3124 iratus
3794 3082 3801 3087 ‘

2164 3159 2346 3233 Tyriis
2397 3167 2453 3214 et
2503 3157 2765 3213 Sidoniis.
2813 3161 2883 3215 At
2931 3160 3007 3215 illi
3053 3160 3337 3216 unanimes
3388 3173 3651 3217 venerunt
3689 3160 3801 3215 ad‘

2166 3267 2316 3315 eum,
2345 3258 2399 3306 et
2428 3265 2689 3321 persuaso
2733 3252 2937 3320 Blasto,
2979 3254 3072 3324 qui
3100 3265 3220 3309 erat
3260 3269 3426 3322 super
3452 3254 3763 3311 cubiculum

2168 3344 2335 3415 regis,
2357 3343 2704 3414 postulabant
2730 3354 2939 3414 pacem,
2961 3360 3029 3401 eo
3050 3346 3193 3418 quod
3214 3343 3495 3403 alerentur
3515 3346 3768 3419 regiones

2169 3450 2356 3492 eormn
2397 3436 2466 3490 ab
2508 3436 2624 3491 illo.
2655 3434 2874 3492 Statuto
2901 3444 3081 3493 autem
3113 3437 3222 3504 die,
3269 3437 3511 3494 Herodes
3540 3439 3770 3494 vestitus

2169 3539 2321 3585 veste
2351 3529 2516 3601 regia,
2548 3529 2695 3585 sedit
2719 3544 2817 3601 pro
2841 3529 3123 3596 tribunali,
3155 3539 3213 3586 et
3249 3530 3675 3586 concionabatur
3699 3529 3771 3585 ad

2171 3639 2289 3681 eos.
2323 3624 2564 3694 Populus
2603 3633 2787 3679 autem
2829 3623 3167 3681 acclamabat
3194 3643 3205 3679 :
3237 3625 3332 3679 Dei
3364 3639 3551 3692 voces,
3578 3631 3635 3679 et
3660 3639 3770 3679 non

2173 3716 2432 3772 hominis.
2479 3714 2778 3772 Confestim
2828 3726 3010 3771 autem
3061 3716 3328 3786 percussit
3378 3732 3500 3772 eum
3544 3715 3774 3786 angelus

2178 3811 2413 3875 Domini,
2437 3825 2505 3866 eo
2535 3811 2813 3881 quodnon
2836 3810 3073 3865 dedisset
3096 3810 3358 3867 honorem
3386 3810 3500 3867 Deo
3524 3827 3538 3865 :
3566 3820 3621 3866 et
3643 3826 3776 3866 con-

2175 3912 2427 3975 sumptus
2448 3923 2475 3960 a
2513 3905 2808 3970 vermibus,
2842 3905 3156 3975 exSpiravit.
3194 3904 3429 3961 Verbum
3460 3915 3641 3961 autem
3667 3904 3775 3959 Do-

2176 3998 2307 4053 mini
2342 3998 2646 4063 crescebat,
2678 4007 2732 4052 et
2761 3998 3246 4067 multiplicabatur.
3290 3997 3567 4054 Barnabas
3592 4006 3775 4053 autem

2177 4103 2233 4149 et
2261 4091 2457 4147 Saulus
2488 4094 2693 4146 reversi
2721 4102 2847 4145 sunt
2872 4089 2941 4144 ab
2971 4089 3331 4163 Jerosolymis
3358 4089 3583 4159 expleto
3616 4089 3779 4144 mini-

2177 4187 2387 4251 sterio,
2446 4180 2726 4257 assumpto
2771 4184 3019 4255 Joanne,
3070 4184 3160 4257 qui
3223 4185 3640 4257 cognominatus
3691 4192 3781 4242 est

2178 4282 2412 4338 Marcus.

2252 4373 2405 4449 [ϐαρ.
2440 4374 2604 4448 Χ111.]
2655 4375 2821 4430 Erant
2866 4385 3048 4429 autem
3098 4373 3152 4429 in
3201 4374 3454 4439 ecclesia,
3496 4388 3618 4443 quae
3663 4380 3784 4428 erat

2180 4469 2508 4536 Antiochiae,
2540 4467 2838 4539 prophetae,
2873 4475 2928 4523 et
2951 4466 3231 4533 doctores,
3261 4467 3317 4522 iu
3345 4465 3544 4536 quibus
3576 4465 3783 4521 Barna-

2182 4563 2298 4629 bas,
2331 4571 2386 4617 et
2415 4560 2628 4629 Simon,
2656 4560 2745 4629 qui
2777 4560 3072 4615 vocabatur
3093 4558 3277 4630 Niger,
3303 4568 3357 4614 et
3384 4557 3587 4614 Lucius
3614 4556 3786 4631 Cyre-

2187 4655 2391 4719 nensis,
2420 4665 2473 4709 et
2501 4651 2789 4719 Manahen,
2822 4652 2914 4723 qui
2939 4660 3060 4707 erat
3090 4652 3323 4707 Herodis
3352 4651 3644 4707 tetrarcha‘
3670 4651 3784 4707 col-

2183 4749 2483 4814 lactaueus,
2516 4758 2570 4801 et
2605 4745 2825 4803 Saulus.
2857 4745 3290 4802 Ministrantibus
3319 4757 3501 4801 autem
3530 4746 3640 4802 illis
3672 4745 3783 4800 Do-

2183 4846 2353 4908 mino,
2402 4855 2455 4898 et
2479 4842 2877 4912 jejunantibus,
2909 4840 3044 4897 dixit
3086 4839 3197 4896 illis
3242 4840 3477 4911 Spiritus
3517 4850 3782 4895 sanctus:

2182 4940 2475 5010 Segregate
2521 4936 2653 4993 mihi
2702 4937 2923 4992 Saulum
2973 4944 3031 4991 et
3075 4936 3401 5004 Barnabam,
3456 4936 3509 4990 in
3547 4951 3683 5007 opus
3714 4934 3785 4989 ad

2181 5034 2325 5105 quod
2369 5032 2641 5101 assumpsi
2688 5046 2802 5087 eos.
2855 5030 3007 5086 Tune
3047 5029 3383 5101 jejunautes,
3432 5040 3486 5086 et
3534 5039 3785 5099 orantes,

2185 5128 2639 5197 impatientesque
2682 5125 2762 5180 eis
2793 5137 3006 5190 manus,
3037 5122 3367 5178 dimiserunt
3411 5122 3556 5179 illos.
3589 5122 3659 5177 Et
3684 5122 3790 5194 ipsi

2184 5220 2400 5291 quidem
2433 5219 2584 5274 missi
2630 5233 2658 5272 a
2705 5217 2910 5287 Spiritu
2943 5227 3132 5271 sancto
3157 5215 3408 5270 abierunt
3432 5215 3787 5280 Seleuciam;

2186 5328 2240 5370 et
2289 5315 2415 5371 inde
2465 5316 2862 5384 navigaverunt
2907 5311 3173 5380 Cyprum.
3222 5310 3289 5364 Et
3329 5320 3453 5364 cum
3508 5310 3794 5364 venissent

2185 5409 2537 5475 Salaminam,
2560 5404 2926 5476 prtedicahant
2941 5403 3167 5459 verbum
3191 5404 3242 5457 in
3267 5402 3555 5474 synagogis
3574 5402 3791 5457 Judaeu-

2187 5519 2325 5557 tum.
2363 5500 2646 5555 Habebam
2672 5509 2850 5554 autem
2884 5505 2939 5552 et
2968 5496 3233 5551 Joannem
3258 5495 3312 5550 in
3343 5494 3669 5550 ministerio.
3708 5495 3778 5551 Et

2178 5610 2298 5651 cum
2338 5592 2810 5664 perambulassent
2840 5590 3150 5644 universam
3198 5588 3429 5643 insulam
3464 5602 3634 5659 usque
3681 5587 3787 5643 Pa-

2181 5689 2367 5759 phum,
2400 5686 2729 5740 invenerunt
2760 5680 3047 5753 quemdam
3088 5681 3260 5734 virum
3304 5694 3520 5749 magum
3547 5680 3788 5745 pseudo-

2180 5782 2520 5854 prophetam,
2564 5778 2837 5845 Judaeum,
2869 5775 2954 5831 cui
2985 5790 3181 5829 nomen
3223 5785 3342 5829 erat
3371 5772 3661 5834 Bar-Jesu,
3691 5773 3785 5841 qui

2176 5883 2295 5932 erat
2340 5889 2462 5930 cum
2515 5872 2841 5944 proconsule
2888 5869 3082 5937 Sergio
3128 5866 3293 5921 Paulo
3340 5860 3461 5919 v'iro
3492 5864 3783 5935 prudente.
