  <div class='ocr_page' id='page_1' title='image "/cluster/home/n/w/nwhite01/storage/ocr_20150623/29/hvd.32044015471428/358.png"; bbox 0 0 4166 6336; ppageno 0'>
   <div class='ocr_carea' id='block_1_1' title="bbox 335 265 437 322">
    <p class='ocr_par' dir='ltr' id='par_1_1' title="bbox 335 265 437 322">
     <span class='ocr_line' id='line_1_1' title="bbox 335 265 437 322; baseline -0.029 0"><span class='ocrx_word' id='word_1_1' title='bbox 335 265 437 322; x_wconf 81' lang='lat'><strong>705</strong></span> 
     </span>
    </p>
   </div>
   <div class='ocr_carea' id='block_1_2' title="bbox 1434 260 2537 323">
    <p class='ocr_par' dir='ltr' id='par_1_2' title="bbox 1434 260 2537 323">
     <span class='ocr_line' id='line_1_2' title="bbox 1434 260 2537 323; baseline 0 -3"><span class='ocrx_word' id='word_1_2' title='bbox 1434 264 1635 322; x_wconf 79' lang='lat' dir='ltr'><strong>LIBER</strong></span> <span class='ocrx_word' id='word_1_3' title='bbox 1675 260 1965 321; x_wconf 82' lang='lat' dir='ltr'><strong>ACTUUM</strong></span> <span class='ocrx_word' id='word_1_4' title='bbox 2006 260 2537 323; x_wconf 79' lang='lat' dir='ltr'><strong>APOSTOLORUM.</strong></span> 
     </span>
    </p>
   </div>
   <div class='ocr_carea' id='block_1_3' title="bbox 3528 271 3634 327">
    <p class='ocr_par' dir='ltr' id='par_1_3' title="bbox 3528 271 3634 327">
     <span class='ocr_line' id='line_1_3' title="bbox 3528 271 3634 327; baseline 0.038 -3"><span class='ocrx_word' id='word_1_5' title='bbox 3528 271 3634 327; x_wconf 84' lang='lat'><strong>706</strong></span> 
     </span>
    </p>
   </div>
   <div class='ocr_carea' id='block_1_4' title="bbox 337 377 3631 454">
    <p class='ocr_par' dir='ltr' id='par_1_4' title="bbox 337 377 3631 454">
     <span class='ocr_line' id='line_1_4' title="bbox 337 377 3631 454; baseline 0.003 -22"><span class='ocrx_word' id='word_1_6' title='bbox 337 378 456 443; x_wconf 93' lang='lat' dir='ltr'><strong>llic,</strong></span> <span class='ocrx_word' id='word_1_7' title='bbox 486 378 766 435; x_wconf 75' lang='lat' dir='ltr'><strong>accersitis</strong></span> <span class='ocrx_word' id='word_1_8' title='bbox 794 377 1040 434; x_wconf 88' lang='lat' dir='ltr'><strong>Barnaba</strong></span> <span class='ocrx_word' id='word_1_9' title='bbox 1068 384 1123 433; x_wconf 90' lang='lat' dir='ltr'><strong>et</strong></span> <span class='ocrx_word' id='word_1_10' title='bbox 1149 377 1337 447; x_wconf 89' lang='lat' dir='ltr'><strong>Saulo,</strong></span> <span class='ocrx_word' id='word_1_11' title='bbox 1359 380 1708 436; x_wconf 85' lang='lat' dir='ltr'><strong>desiderabat</strong></span> <span class='ocrx_word' id='word_1_12' title='bbox 1739 380 1927 435; x_wconf 87' lang='lat' dir='ltr'><strong>audire</strong></span> <span class='ocrx_word' id='word_1_13' title='bbox 1954 380 2008 439; x_wconf 87' lang='lat' dir='ltr'><strong>A</strong></span> <span class='ocrx_word' id='word_1_14' title='bbox 2031 396 2132 452; x_wconf 89' lang='lat' dir='ltr'><strong>ego</strong></span> <span class='ocrx_word' id='word_1_15' title='bbox 2160 380 2321 438; x_wconf 88' lang='lat' dir='ltr'><strong>hodie</strong></span> <span class='ocrx_word' id='word_1_16' title='bbox 2361 383 2523 454; x_wconf 84' lang='lat' dir='ltr'><strong>genui</strong></span> <span class='ocrx_word' id='word_1_17' title='bbox 2570 392 2639 439; x_wconf 92' lang='lat' dir='ltr'><strong>te.</strong></span> <span class='ocrx_word' id='word_1_18' title='bbox 2687 382 2843 450; x_wconf 86' lang='lat' dir='ltr'><strong>Quod</strong></span> <span class='ocrx_word' id='word_1_19' title='bbox 2878 391 3058 440; x_wconf 91' lang='lat' dir='ltr'><strong>autem</strong></span> <span class='ocrx_word' id='word_1_20' title='bbox 3106 385 3388 442; x_wconf 79' lang='lat' dir='ltr'><strong>suscitavit</strong></span> <span class='ocrx_word' id='word_1_21' title='bbox 3430 401 3552 443; x_wconf 90' lang='lat' dir='ltr'><strong>eum</strong></span> <span class='ocrx_word' id='word_1_22' title='bbox 3599 401 3631 442; x_wconf 91' lang='lat' dir='ltr'><strong>a</strong></span> 
     </span>
    </p>
   </div>
   <div class='ocr_carea' id='block_1_5' title="bbox 336 474 1930 547">
    <p class='ocr_par' dir='ltr' id='par_1_5' title="bbox 336 474 1930 547">
     <span class='ocr_line' id='line_1_5' title="bbox 336 474 1930 547; baseline 0.001 -19"><span class='ocrx_word' id='word_1_23' title='bbox 336 475 560 531; x_wconf 77' lang='lat' dir='ltr'><strong>verbum</strong></span> <span class='ocrx_word' id='word_1_24' title='bbox 594 474 711 530; x_wconf 87' lang='lat' dir='ltr'><strong>Dei.</strong></span> <span class='ocrx_word' id='word_1_25' title='bbox 743 474 1055 532; x_wconf 82' lang='lat' dir='ltr'><strong>Resistebat</strong></span> <span class='ocrx_word' id='word_1_26' title='bbox 1087 484 1264 529; x_wconf 83' lang='lat' dir='ltr'><strong>autem</strong></span> <span class='ocrx_word' id='word_1_27' title='bbox 1324 474 1430 529; x_wconf 90' lang='lat' dir='ltr'><strong>illis</strong></span> <span class='ocrx_word' id='word_1_28' title='bbox 1476 474 1699 547; x_wconf 86' lang='lat' dir='ltr'><strong>Elymas</strong></span> <span class='ocrx_word' id='word_1_29' title='bbox 1741 489 1930 543; x_wconf 89' lang='lat' dir='ltr'><strong>magus</strong></span> 
     </span>
    </p>
   </div>
   <div class='ocr_carea' id='block_1_6' title="bbox 340 567 1934 640">
    <p class='ocr_par' dir='ltr' id='par_1_6' title="bbox 340 567 1934 640">
     <span class='ocr_line' id='line_1_6' title="bbox 340 567 1934 640; baseline -0.001 -18"><span class='ocrx_word' id='word_1_30' title='bbox 340 568 453 640; x_wconf 89' lang='lat' dir='ltr'><strong>(sic</strong></span> <span class='ocrx_word' id='word_1_31' title='bbox 481 569 626 623; x_wconf 91' lang='lat' dir='ltr'><strong>enim</strong></span> <span class='ocrx_word' id='word_1_32' title='bbox 657 568 1053 637; x_wconf 77' lang='lat' dir='ltr'><strong>interpretatur</strong></span> <span class='ocrx_word' id='word_1_33' title='bbox 1074 582 1275 623; x_wconf 87' lang='lat' dir='ltr'>nomen</span> <span class='ocrx_word' id='word_1_34' title='bbox 1303 567 1477 640; x_wconf 87' lang='lat' dir='ltr'><strong>ejus),</strong></span> <span class='ocrx_word' id='word_1_35' title='bbox 1501 582 1750 637; x_wconf 61' lang='lat' dir='ltr'><strong>quaerens</strong></span> <span class='ocrx_word' id='word_1_36' title='bbox 1778 580 1934 621; x_wconf 87' lang='lat' dir='ltr'><strong>aver-</strong></span> 
     </span>
    </p>
   </div>
   <div class='ocr_carea' id='block_1_7' title="bbox 338 660 1932 733">
    <p class='ocr_par' dir='ltr' id='par_1_7' title="bbox 338 660 1932 733">
     <span class='ocr_line' id='line_1_7' title="bbox 338 660 1932 733; baseline -0.003 -14"><span class='ocrx_word' id='word_1_37' title='bbox 338 672 453 719; x_wconf 90' lang='lat' dir='ltr'><strong>tere</strong></span> <span class='ocrx_word' id='word_1_38' title='bbox 477 664 861 733; x_wconf 86' lang='lat' dir='ltr'><strong>proconsulem</strong></span> <span class='ocrx_word' id='word_1_39' title='bbox 885 677 913 716; x_wconf 90' lang='lat' dir='ltr'><strong>a</strong></span> <span class='ocrx_word' id='word_1_40' title='bbox 938 660 1066 718; x_wconf 87' lang='lat' dir='ltr'><strong>ﬁde.</strong></span> <span class='ocrx_word' id='word_1_41' title='bbox 1086 662 1283 717; x_wconf 89' lang='lat' dir='ltr'><strong>Saulus</strong></span> <span class='ocrx_word' id='word_1_42' title='bbox 1305 672 1506 729; x_wconf 91' lang='lat' dir='ltr'><strong>autem,</strong></span> <span class='ocrx_word' id='word_1_43' title='bbox 1526 662 1615 733; x_wconf 89' lang='lat' dir='ltr'><strong>qui</strong></span> <span class='ocrx_word' id='word_1_44' title='bbox 1636 672 1688 718; x_wconf 87' lang='lat' dir='ltr'><strong>et</strong></span> <span class='ocrx_word' id='word_1_45' title='bbox 1712 662 1932 729; x_wconf 88' lang='lat' dir='ltr'><strong>Paulus,</strong></span> 
     </span>
    </p>
   </div>
   <div class='ocr_carea' id='block_1_8' title="bbox 338 753 1939 826">
    <p class='ocr_par' dir='ltr' id='par_1_8' title="bbox 338 753 1939 826">
     <span class='ocr_line' id='line_1_8' title="bbox 338 753 1939 826; baseline -0.001 -16"><span class='ocrx_word' id='word_1_46' title='bbox 338 754 580 826; x_wconf 86' lang='lat' dir='ltr'><strong>repletus</strong></span> <span class='ocrx_word' id='word_1_47' title='bbox 619 753 830 826; x_wconf 87' lang='lat' dir='ltr'><strong>Spiritu</strong></span> <span class='ocrx_word' id='word_1_48' title='bbox 872 764 1083 820; x_wconf 86' lang='lat' dir='ltr'><strong>sancto,</strong></span> <span class='ocrx_word' id='word_1_49' title='bbox 1118 756 1336 812; x_wconf 91' lang='lat' dir='ltr'><strong>intuens</strong></span> <span class='ocrx_word' id='word_1_50' title='bbox 1384 755 1439 811; x_wconf 91' lang='lat' dir='ltr'><strong>in</strong></span> <span class='ocrx_word' id='word_1_51' title='bbox 1483 771 1631 823; x_wconf 89' lang='lat' dir='ltr'><strong>eum,</strong></span> <span class='ocrx_word' id='word_1_52' title='bbox 1681 754 1857 810; x_wconf 85' lang='lat' dir='ltr'><strong>dixit:</strong></span> <span class='ocrx_word' id='word_1_53' title='bbox 1891 753 1939 809; x_wconf 89' lang='grc'>0</span> 
     </span>
    </p>
   </div>
   <div class='ocr_carea' id='block_1_9' title="bbox 339 845 1936 918">
    <p class='ocr_par' dir='ltr' id='par_1_9' title="bbox 339 845 1936 918">
     <span class='ocr_line' id='line_1_9' title="bbox 339 845 1936 918; baseline 0.001 -17"><span class='ocrx_word' id='word_1_54' title='bbox 339 845 499 917; x_wconf 85' lang='lat' dir='ltr'><strong>plene</strong></span> <span class='ocrx_word' id='word_1_55' title='bbox 518 845 668 902; x_wconf 90' lang='lat' dir='ltr'><strong>omni</strong></span> <span class='ocrx_word' id='word_1_56' title='bbox 692 846 840 918; x_wconf 91' lang='lat' dir='ltr'><strong>dolo,</strong></span> <span class='ocrx_word' id='word_1_57' title='bbox 861 856 917 902; x_wconf 85' lang='lat' dir='ltr'><strong>et</strong></span> <span class='ocrx_word' id='word_1_58' title='bbox 939 847 1083 903; x_wconf 90' lang='lat' dir='ltr'><strong>omni</strong></span> <span class='ocrx_word' id='word_1_59' title='bbox 1106 847 1342 915; x_wconf 80' lang='lat' dir='ltr'><strong>fallacia,</strong></span> <span class='ocrx_word' id='word_1_60' title='bbox 1368 848 1443 903; x_wconf 92' lang='lat' dir='ltr'><strong>ﬁli</strong></span> <span class='ocrx_word' id='word_1_61' title='bbox 1469 848 1692 915; x_wconf 90' lang='lat' dir='ltr'><strong>diaboli,</strong></span> <span class='ocrx_word' id='word_1_62' title='bbox 1720 845 1936 905; x_wconf 90' lang='lat' dir='ltr'><strong>inimice</strong></span> 
     </span>
    </p>
   </div>
   <div class='ocr_carea' id='block_1_10' title="bbox 339 939 1938 1010">
    <p class='ocr_par' dir='ltr' id='par_1_10' title="bbox 339 939 1938 1010">
     <span class='ocr_line' id='line_1_10' title="bbox 339 939 1938 1010; baseline -0.002 -15"><span class='ocrx_word' id='word_1_63' title='bbox 339 939 518 995; x_wconf 88' lang='lat' dir='ltr'><strong>omnis</strong></span> <span class='ocrx_word' id='word_1_64' title='bbox 542 939 797 1010; x_wconf 87' lang='lat' dir='ltr'><strong>justitiae,</strong></span> <span class='ocrx_word' id='word_1_65' title='bbox 828 956 936 997; x_wconf 92' lang='lat' dir='ltr'><strong>non</strong></span> <span class='ocrx_word' id='word_1_66' title='bbox 969 941 1175 997; x_wconf 91' lang='lat' dir='ltr'><strong>desinis</strong></span> <span class='ocrx_word' id='word_1_67' title='bbox 1220 942 1543 997; x_wconf 84' lang='lat' dir='ltr'><strong>subvertere</strong></span> <span class='ocrx_word' id='word_1_68' title='bbox 1572 942 1685 996; x_wconf 85' lang='lat' dir='ltr'><strong>vias</strong></span> <span class='ocrx_word' id='word_1_69' title='bbox 1726 939 1938 994; x_wconf 80' lang='lat' dir='ltr'><strong>Domini</strong></span> 
     </span>
    </p>
   </div>
   <div class='ocr_carea' id='block_1_11' title="bbox 341 1032 1940 1105">
    <p class='ocr_par' dir='ltr' id='par_1_11' title="bbox 341 1032 1940 1105">
     <span class='ocr_line' id='line_1_11' title="bbox 341 1032 1940 1105; baseline -0.001 -16"><span class='ocrx_word' id='word_1_70' title='bbox 341 1043 541 1090; x_wconf 90' lang='lat' dir='ltr'><strong>rectas.</strong></span> <span class='ocrx_word' id='word_1_71' title='bbox 573 1034 642 1090; x_wconf 88' lang='lat' dir='ltr'><strong>Et</strong></span> <span class='ocrx_word' id='word_1_72' title='bbox 665 1050 806 1090; x_wconf 90' lang='lat' dir='ltr'><strong>nunc</strong></span> <span class='ocrx_word' id='word_1_73' title='bbox 835 1050 965 1091; x_wconf 91' lang='lat' dir='ltr'><strong>ecce</strong></span> <span class='ocrx_word' id='word_1_74' title='bbox 992 1051 1182 1091; x_wconf 90' lang='lat' dir='ltr'><strong>manus</strong></span> <span class='ocrx_word' id='word_1_75' title='bbox 1213 1036 1428 1091; x_wconf 89' lang='lat' dir='ltr'><strong>Domini</strong></span> <span class='ocrx_word' id='word_1_76' title='bbox 1453 1050 1618 1105; x_wconf 89' lang='lat' dir='ltr'><strong>super</strong></span> <span class='ocrx_word' id='word_1_77' title='bbox 1654 1042 1725 1097; x_wconf 92' lang='lat' dir='ltr'><strong>te,</strong></span> <span class='ocrx_word' id='word_1_78' title='bbox 1752 1044 1805 1088; x_wconf 91' lang='lat' dir='ltr'><strong>et</strong></span> <span class='ocrx_word' id='word_1_79' title='bbox 1831 1032 1940 1088; x_wconf 86' lang='lat' dir='ltr'><strong>eris</strong></span> 
     </span>
    </p>
   </div>
   <div class='ocr_carea' id='block_1_12' title="bbox 341 1126 1938 1198">
    <p class='ocr_par' dir='ltr' id='par_1_12' title="bbox 341 1126 1938 1198">
     <span class='ocr_line' id='line_1_12' title="bbox 341 1126 1938 1198; baseline -0.001 -17"><span class='ocrx_word' id='word_1_80' title='bbox 341 1139 547 1191; x_wconf 65' lang='lat' dir='ltr'><strong>caecus,</strong></span> <span class='ocrx_word' id='word_1_81' title='bbox 578 1141 688 1181; x_wconf 88' lang='lat' dir='ltr'><strong>non</strong></span> <span class='ocrx_word' id='word_1_82' title='bbox 720 1126 918 1183; x_wconf 79' lang='lat' dir='ltr'><strong>videns</strong></span> <span class='ocrx_word' id='word_1_83' title='bbox 945 1128 1118 1183; x_wconf 90' lang='lat' dir='ltr'><strong>solem</strong></span> <span class='ocrx_word' id='word_1_84' title='bbox 1151 1143 1321 1198; x_wconf 90' lang='lat' dir='ltr'><strong>usque</strong></span> <span class='ocrx_word' id='word_1_85' title='bbox 1353 1127 1419 1183; x_wconf 82' lang='lat' dir='ltr'><strong>ad</strong></span> <span class='ocrx_word' id='word_1_86' title='bbox 1449 1135 1683 1198; x_wconf 83' lang='lat' dir='ltr'><strong>tempus.</strong></span> <span class='ocrx_word' id='word_1_87' title='bbox 1717 1126 1784 1180; x_wconf 88' lang='lat' dir='ltr'><strong>Et</strong></span> <span class='ocrx_word' id='word_1_88' title='bbox 1806 1141 1938 1181; x_wconf 93' lang='lat' dir='ltr'><strong>con-</strong></span> 
     </span>
    </p>
   </div>
   <div class='ocr_carea' id='block_1_13' title="bbox 340 1219 1943 1293">
    <p class='ocr_par' dir='ltr' id='par_1_13' title="bbox 340 1219 1943 1293">
     <span class='ocr_line' id='line_1_13' title="bbox 340 1219 1943 1293; baseline 0 -18"><span class='ocrx_word' id='word_1_89' title='bbox 340 1219 520 1275; x_wconf 88' lang='lat' dir='ltr'><strong>festim</strong></span> <span class='ocrx_word' id='word_1_90' title='bbox 552 1219 749 1276; x_wconf 89' lang='lat' dir='ltr'><strong>cecidit</strong></span> <span class='ocrx_word' id='word_1_91' title='bbox 771 1222 823 1275; x_wconf 92' lang='lat' dir='ltr'><strong>in</strong></span> <span class='ocrx_word' id='word_1_92' title='bbox 853 1236 980 1277; x_wconf 92' lang='lat' dir='ltr'><strong>eum</strong></span> <span class='ocrx_word' id='word_1_93' title='bbox 1008 1222 1201 1293; x_wconf 86' lang='lat' dir='ltr'><strong>caligo,</strong></span> <span class='ocrx_word' id='word_1_94' title='bbox 1228 1231 1281 1277; x_wconf 89' lang='lat' dir='ltr'><strong>et</strong></span> <span class='ocrx_word' id='word_1_95' title='bbox 1309 1222 1572 1286; x_wconf 64' lang='lat' dir='ltr'><strong>tenebrm,</strong></span> <span class='ocrx_word' id='word_1_96' title='bbox 1597 1232 1653 1277; x_wconf 92' lang='lat' dir='ltr'><strong>et</strong></span> <span class='ocrx_word' id='word_1_97' title='bbox 1674 1219 1943 1277; x_wconf 75' lang='lat' dir='ltr'><strong>circuiens</strong></span> 
     </span>
    </p>
   </div>
   <div class='ocr_carea' id='block_1_14' title="bbox 342 1314 1939 1387">
    <p class='ocr_par' dir='ltr' id='par_1_14' title="bbox 342 1314 1939 1387">
     <span class='ocr_line' id='line_1_14' title="bbox 342 1314 1939 1387; baseline -0.001 -18"><span class='ocrx_word' id='word_1_98' title='bbox 342 1314 624 1386; x_wconf 76' lang='lat' dir='ltr'><strong>quaerebat</strong></span> <span class='ocrx_word' id='word_1_99' title='bbox 650 1315 743 1387; x_wconf 89' lang='lat' dir='ltr'><strong>qui</strong></span> <span class='ocrx_word' id='word_1_100' title='bbox 772 1316 820 1371; x_wconf 92' lang='lat' dir='ltr'><strong>ei</strong></span> <span class='ocrx_word' id='word_1_101' title='bbox 850 1330 1069 1370; x_wconf 89' lang='lat' dir='ltr'><strong>manum</strong></span> <span class='ocrx_word' id='word_1_102' title='bbox 1094 1315 1270 1371; x_wconf 91' lang='lat' dir='ltr'><strong>daret.</strong></span> <span class='ocrx_word' id='word_1_103' title='bbox 1305 1316 1455 1371; x_wconf 88' lang='lat' dir='ltr'><strong>Tunc</strong></span> <span class='ocrx_word' id='word_1_104' title='bbox 1485 1314 1777 1386; x_wconf 89' lang='lat' dir='ltr'><strong>proconsul</strong></span> <span class='ocrx_word' id='word_1_105' title='bbox 1816 1329 1939 1369; x_wconf 91' lang='lat' dir='ltr'><strong>cum</strong></span> 
     </span>
    </p>
   </div>
   <div class='ocr_carea' id='block_1_15' title="bbox 341 1408 1943 1480">
    <p class='ocr_par' dir='ltr' id='par_1_15' title="bbox 341 1408 1943 1480">
     <span class='ocr_line' id='line_1_15' title="bbox 341 1408 1943 1480; baseline 0.001 -16"><span class='ocrx_word' id='word_1_106' title='bbox 341 1410 571 1466; x_wconf 79' lang='lat' dir='ltr'><strong>vidisset</strong></span> <span class='ocrx_word' id='word_1_107' title='bbox 618 1410 839 1476; x_wconf 84' lang='lat' dir='ltr'><strong>factum,</strong></span> <span class='ocrx_word' id='word_1_108' title='bbox 884 1410 1121 1467; x_wconf 83' lang='lat' dir='ltr'><strong>credidit</strong></span> <span class='ocrx_word' id='word_1_109' title='bbox 1168 1410 1444 1465; x_wconf 83' lang='lat' dir='ltr'><strong>admirans</strong></span> <span class='ocrx_word' id='word_1_110' title='bbox 1486 1424 1650 1480; x_wconf 86' lang='lat' dir='ltr'><strong>super</strong></span> <span class='ocrx_word' id='word_1_111' title='bbox 1696 1408 1943 1465; x_wconf 85' lang='lat' dir='ltr'><strong>doctrina</strong></span> 
     </span>
    </p>
   </div>
   <div class='ocr_carea' id='block_1_16' title="bbox 344 1500 1937 1573">
    <p class='ocr_par' dir='ltr' id='par_1_16' title="bbox 344 1500 1937 1573">
     <span class='ocr_line' id='line_1_16' title="bbox 344 1500 1937 1573; baseline -0.001 -17"><span class='ocrx_word' id='word_1_112' title='bbox 344 1501 582 1557; x_wconf 89' lang='lat' dir='ltr'><strong>Domini.</strong></span> <span class='ocrx_word' id='word_1_113' title='bbox 622 1502 686 1556; x_wconf 87' lang='lat' dir='ltr'><strong>Et</strong></span> <span class='ocrx_word' id='word_1_114' title='bbox 716 1518 838 1558; x_wconf 91' lang='lat' dir='ltr'><strong>cum</strong></span> <span class='ocrx_word' id='word_1_115' title='bbox 869 1517 899 1558; x_wconf 90' lang='lat' dir='ltr'><strong>a</strong></span> <span class='ocrx_word' id='word_1_116' title='bbox 940 1500 1125 1573; x_wconf 84' lang='lat' dir='ltr'><strong>Papho</strong></span> <span class='ocrx_word' id='word_1_117' title='bbox 1154 1503 1499 1573; x_wconf 91' lang='lat' dir='ltr'><strong>navigassent</strong></span> <span class='ocrx_word' id='word_1_118' title='bbox 1530 1503 1729 1557; x_wconf 87' lang='lat' dir='ltr'><strong>Paulus</strong></span> <span class='ocrx_word' id='word_1_119' title='bbox 1756 1511 1810 1558; x_wconf 86' lang='lat' dir='ltr'><strong>et</strong></span> <span class='ocrx_word' id='word_1_120' title='bbox 1847 1503 1937 1571; x_wconf 86' lang='lat' dir='ltr'><strong>qui</strong></span> 
     </span>
    </p>
   </div>
   <div class='ocr_carea' id='block_1_17' title="bbox 346 1595 1945 1667">
    <p class='ocr_par' dir='ltr' id='par_1_17' title="bbox 346 1595 1945 1667">
     <span class='ocr_line' id='line_1_17' title="bbox 346 1595 1945 1667; baseline -0.001 -17"><span class='ocrx_word' id='word_1_121' title='bbox 346 1610 469 1650; x_wconf 88' lang='lat' dir='ltr'><strong>cum</strong></span> <span class='ocrx_word' id='word_1_122' title='bbox 497 1609 567 1651; x_wconf 92' lang='lat' dir='ltr'><strong>eo</strong></span> <span class='ocrx_word' id='word_1_123' title='bbox 596 1604 775 1664; x_wconf 91' lang='lat' dir='ltr'><strong>erant,</strong></span> <span class='ocrx_word' id='word_1_124' title='bbox 808 1606 1073 1652; x_wconf 86' lang='lat' dir='ltr'><strong>venerunt</strong></span> <span class='ocrx_word' id='word_1_125' title='bbox 1100 1596 1304 1666; x_wconf 88' lang='lat' dir='ltr'><strong>Pergen</strong></span> <span class='ocrx_word' id='word_1_126' title='bbox 1329 1595 1679 1667; x_wconf 72' lang='lat' dir='ltr'><strong>Pamphylize.</strong></span> <span class='ocrx_word' id='word_1_127' title='bbox 1708 1595 1945 1651; x_wconf 83' lang='lat' dir='ltr'><strong>Joannes</strong></span> 
     </span>
    </p>
   </div>
   <div class='ocr_carea' id='block_1_18' title="bbox 348 1689 1939 1762">
    <p class='ocr_par' dir='ltr' id='par_1_18' title="bbox 348 1689 1939 1762">
     <span class='ocr_line' id='line_1_18' title="bbox 348 1689 1939 1762; baseline -0.001 -17"><span class='ocrx_word' id='word_1_128' title='bbox 348 1698 531 1746; x_wconf 90' lang='lat' dir='ltr'><strong>autem</strong></span> <span class='ocrx_word' id='word_1_129' title='bbox 562 1689 853 1746; x_wconf 90' lang='lat' dir='ltr'><strong>discedens</strong></span> <span class='ocrx_word' id='word_1_130' title='bbox 882 1691 950 1745; x_wconf 90' lang='lat' dir='ltr'><strong>ab</strong></span> <span class='ocrx_word' id='word_1_131' title='bbox 980 1691 1079 1758; x_wconf 92' lang='lat' dir='ltr'><strong>eis,</strong></span> <span class='ocrx_word' id='word_1_132' title='bbox 1112 1706 1364 1747; x_wconf 83' lang='lat' dir='ltr'><strong>reversus</strong></span> <span class='ocrx_word' id='word_1_133' title='bbox 1410 1699 1494 1747; x_wconf 91' lang='lat' dir='ltr'><strong>est</strong></span> <span class='ocrx_word' id='word_1_134' title='bbox 1522 1690 1939 1762; x_wconf 86' lang='lat' dir='ltr'><strong>Jerosolymam.</strong></span> 
     </span>
    </p>
   </div>
   <div class='ocr_carea' id='block_1_19' title="bbox 2036 474 3633 550">
    <p class='ocr_par' dir='ltr' id='par_1_19' title="bbox 2036 474 3633 550">
     <span class='ocr_line' id='line_1_19' title="bbox 2036 474 3633 550; baseline 0.006 -23"><span class='ocrx_word' id='word_1_135' title='bbox 2036 474 2298 543; x_wconf 91' lang='lat' dir='ltr'><strong>mortuis,</strong></span> <span class='ocrx_word' id='word_1_136' title='bbox 2330 476 2560 545; x_wconf 87' lang='lat' dir='ltr'><strong>amplius</strong></span> <span class='ocrx_word' id='word_1_137' title='bbox 2579 475 2691 547; x_wconf 90' lang='lat' dir='ltr'><strong>jam</strong></span> <span class='ocrx_word' id='word_1_138' title='bbox 2718 491 2827 531; x_wconf 93' lang='lat' dir='ltr'><strong>non</strong></span> <span class='ocrx_word' id='word_1_139' title='bbox 2862 490 3207 533; x_wconf 88' lang='lat' dir='ltr'><strong>reversurum</strong></span> <span class='ocrx_word' id='word_1_140' title='bbox 3246 478 3299 532; x_wconf 92' lang='lat' dir='ltr'><strong>in</strong></span> <span class='ocrx_word' id='word_1_141' title='bbox 3327 478 3633 550; x_wconf 52' lang='lat' dir='ltr'><strong>corruptio.</strong></span> 
     </span>
    </p>
   </div>
   <div class='ocr_carea' id='block_1_20' title="bbox 2036 566 3628 636">
    <p class='ocr_par' dir='ltr' id='par_1_20' title="bbox 2036 566 3628 636">
     <span class='ocr_line' id='line_1_20' title="bbox 2036 566 3628 636; baseline 0.004 -17"><span class='ocrx_word' id='word_1_142' title='bbox 2036 580 2182 630; x_wconf 90' lang='lat' dir='ltr'><strong>nem,</strong></span> <span class='ocrx_word' id='word_1_143' title='bbox 2214 566 2287 621; x_wconf 90' lang='lat' dir='ltr'><strong>ita</strong></span> <span class='ocrx_word' id='word_1_144' title='bbox 2319 567 2458 622; x_wconf 83' lang='lat' dir='ltr'><strong>dixit</strong></span> <span class='ocrx_word' id='word_1_145' title='bbox 2486 586 2499 622; x_wconf 94' lang='lat'><strong>:</strong></span> <span class='ocrx_word' id='word_1_146' title='bbox 2529 567 2665 636; x_wconf 86' lang='lat' dir='ltr'><strong>Quia</strong></span> <span class='ocrx_word' id='word_1_147' title='bbox 2688 567 2830 624; x_wconf 87' lang='lat' dir='ltr'><strong>dabo</strong></span> <span class='ocrx_word' id='word_1_148' title='bbox 2853 567 3008 624; x_wconf 88' lang='lat' dir='ltr'><strong>vobis</strong></span> <span class='ocrx_word' id='word_1_149' title='bbox 3028 580 3212 625; x_wconf 87' lang='lat' dir='ltr'><strong>sancta</strong></span> <span class='ocrx_word' id='word_1_150' title='bbox 3237 569 3404 626; x_wconf 89' lang='lat' dir='ltr'><strong>David</strong></span> <span class='ocrx_word' id='word_1_151' title='bbox 3430 571 3628 625; x_wconf 90' lang='lat' dir='ltr'><strong>ﬁdelia.</strong></span> 
     </span>
    </p>
   </div>
   <div class='ocr_carea' id='block_1_21' title="bbox 2038 658 3640 730">
    <p class='ocr_par' dir='ltr' id='par_1_21' title="bbox 2038 658 3640 730">
     <span class='ocr_line' id='line_1_21' title="bbox 2038 658 3640 730; baseline 0.004 -18"><span class='ocrx_word' id='word_1_152' title='bbox 2038 658 2276 730; x_wconf 92' lang='lat' dir='ltr'><strong>Ideoque</strong></span> <span class='ocrx_word' id='word_1_153' title='bbox 2302 670 2357 716; x_wconf 91' lang='lat' dir='ltr'><strong>et</strong></span> <span class='ocrx_word' id='word_1_154' title='bbox 2384 661 2522 717; x_wconf 90' lang='lat' dir='ltr'><strong>alias</strong></span> <span class='ocrx_word' id='word_1_155' title='bbox 2553 661 2683 717; x_wconf 89' lang='lat' dir='ltr'><strong>dicit</strong></span> <span class='ocrx_word' id='word_1_156' title='bbox 2709 679 2723 716; x_wconf 94' lang='lat'><strong>:</strong></span> <span class='ocrx_word' id='word_1_157' title='bbox 2756 662 2875 718; x_wconf 82' lang='lat' dir='ltr'><strong>Non</strong></span> <span class='ocrx_word' id='word_1_158' title='bbox 2905 662 3061 719; x_wconf 88' lang='lat' dir='ltr'><strong>dabis</strong></span> <span class='ocrx_word' id='word_1_159' title='bbox 3089 673 3339 720; x_wconf 91' lang='lat' dir='ltr'><strong>sanctum</strong></span> <span class='ocrx_word' id='word_1_160' title='bbox 3367 672 3518 720; x_wconf 92' lang='lat' dir='ltr'><strong>tuum</strong></span> <span class='ocrx_word' id='word_1_161' title='bbox 3557 666 3640 719; x_wconf 84' lang='lat' dir='ltr'><strong>vi-</strong></span> 
     </span>
    </p>
   </div>
   <div class='ocr_carea' id='block_1_22' title="bbox 2039 751 3641 828">
    <p class='ocr_par' dir='ltr' id='par_1_22' title="bbox 2039 751 3641 828">
     <span class='ocr_line' id='line_1_22' title="bbox 2039 751 3641 828; baseline 0.004 -21"><span class='ocrx_word' id='word_1_162' title='bbox 2039 751 2170 809; x_wconf 91' lang='lat' dir='ltr'><strong>dere</strong></span> <span class='ocrx_word' id='word_1_163' title='bbox 2209 756 2637 825; x_wconf 84' lang='lat' dir='ltr'><strong>corruptionem.</strong></span> <span class='ocrx_word' id='word_1_164' title='bbox 2680 756 2849 811; x_wconf 86' lang='lat' dir='ltr'><strong>David</strong></span> <span class='ocrx_word' id='word_1_165' title='bbox 2893 756 3038 813; x_wconf 91' lang='lat' dir='ltr'><strong>enim</strong></span> <span class='ocrx_word' id='word_1_166' title='bbox 3078 757 3132 812; x_wconf 93' lang='lat' dir='ltr'><strong>in</strong></span> <span class='ocrx_word' id='word_1_167' title='bbox 3164 772 3256 813; x_wconf 91' lang='lat' dir='ltr'><strong>sua</strong></span> <span class='ocrx_word' id='word_1_168' title='bbox 3290 757 3641 828; x_wconf 88' lang='lat' dir='ltr'><strong>generatione</strong></span> 
     </span>
    </p>
   </div>
   <div class='ocr_carea' id='block_1_23' title="bbox 2040 844 3643 920">
    <p class='ocr_par' dir='ltr' id='par_1_23' title="bbox 2040 844 3643 920">
     <span class='ocr_line' id='line_1_23' title="bbox 2040 844 3643 920; baseline 0.002 -19"><span class='ocrx_word' id='word_1_169' title='bbox 2040 860 2160 901; x_wconf 91' lang='lat' dir='ltr'><strong>cum</strong></span> <span class='ocrx_word' id='word_1_170' title='bbox 2183 847 2617 903; x_wconf 86' lang='lat' dir='ltr'><strong>administrasset</strong></span> <span class='ocrx_word' id='word_1_171' title='bbox 2645 848 2909 904; x_wconf 89' lang='lat' dir='ltr'><strong>voluntati</strong></span> <span class='ocrx_word' id='word_1_172' title='bbox 2946 844 3063 915; x_wconf 90' lang='lat' dir='ltr'><strong>Dei,</strong></span> <span class='ocrx_word' id='word_1_173' title='bbox 3086 848 3362 917; x_wconf 89' lang='lat' dir='ltr'><strong>dormivit,</strong></span> <span class='ocrx_word' id='word_1_174' title='bbox 3395 857 3451 905; x_wconf 92' lang='lat' dir='ltr'><strong>et</strong></span> <span class='ocrx_word' id='word_1_175' title='bbox 3475 864 3643 920; x_wconf 89' lang='lat' dir='ltr'><strong>appo-</strong></span> 
     </span>
    </p>
   </div>
   <div class='ocr_carea' id='block_1_24' title="bbox 2040 927 3637 1012">
    <p class='ocr_par' dir='ltr' id='par_1_24' title="bbox 2040 927 3637 1012">
     <span class='ocr_line' id='line_1_24' title="bbox 2040 927 3637 1012; baseline 0 -16"><span class='ocrx_word' id='word_1_176' title='bbox 2040 942 2176 996; x_wconf 90' lang='lat' dir='ltr'><strong>situs</strong></span> <span class='ocrx_word' id='word_1_177' title='bbox 2198 927 2367 996; x_wconf 76' lang='lat' dir='ltr'><strong>estad</strong></span> <span class='ocrx_word' id='word_1_178' title='bbox 2394 950 2576 1011; x_wconf 90' lang='lat' dir='ltr'><strong>patres</strong></span> <span class='ocrx_word' id='word_1_179' title='bbox 2594 956 2745 1007; x_wconf 91' lang='lat' dir='ltr'><strong>suos,</strong></span> <span class='ocrx_word' id='word_1_180' title='bbox 2768 951 2821 997; x_wconf 91' lang='lat' dir='ltr'><strong>et</strong></span> <span class='ocrx_word' id='word_1_181' title='bbox 2840 942 2976 997; x_wconf 85' lang='lat' dir='ltr'><strong>vidit</strong></span> <span class='ocrx_word' id='word_1_182' title='bbox 2995 942 3421 1012; x_wconf 89' lang='lat' dir='ltr'><strong>corruptionem.</strong></span> <span class='ocrx_word' id='word_1_183' title='bbox 3442 940 3637 996; x_wconf 87' lang='lat' dir='ltr'><strong>Notum</strong></span> 
     </span>
    </p>
   </div>
   <div class='ocr_carea' id='block_1_25' title="bbox 2043 1032 3642 1106">
    <p class='ocr_par' dir='ltr' id='par_1_25' title="bbox 2043 1032 3642 1106">
     <span class='ocr_line' id='line_1_25' title="bbox 2043 1032 3642 1106; baseline 0.001 -19"><span class='ocrx_word' id='word_1_184' title='bbox 2043 1032 2204 1103; x_wconf 81' lang='lat' dir='ltr'><strong>igitur</strong></span> <span class='ocrx_word' id='word_1_185' title='bbox 2230 1033 2303 1089; x_wconf 90' lang='lat' dir='ltr'><strong>sit</strong></span> <span class='ocrx_word' id='word_1_186' title='bbox 2328 1034 2503 1101; x_wconf 86' lang='lat' dir='ltr'><strong>vobis,</strong></span> <span class='ocrx_word' id='word_1_187' title='bbox 2536 1033 2637 1089; x_wconf 87' lang='lat' dir='ltr'><strong>viri</strong></span> <span class='ocrx_word' id='word_1_188' title='bbox 2675 1034 2893 1102; x_wconf 91' lang='lat' dir='ltr'><strong>fratres,</strong></span> <span class='ocrx_word' id='word_1_189' title='bbox 2925 1034 3048 1106; x_wconf 86' lang='lat' dir='ltr'><strong>quia</strong></span> <span class='ocrx_word' id='word_1_190' title='bbox 3077 1050 3171 1105; x_wconf 88' lang='lat' dir='ltr'><strong>per</strong></span> <span class='ocrx_word' id='word_1_191' title='bbox 3202 1036 3344 1090; x_wconf 91' lang='lat' dir='ltr'><strong>hunc</strong></span> <span class='ocrx_word' id='word_1_192' title='bbox 3373 1033 3527 1090; x_wconf 89' lang='lat' dir='ltr'><strong>vobis</strong></span> <span class='ocrx_word' id='word_1_193' title='bbox 3557 1049 3642 1089; x_wconf 90' lang='lat' dir='ltr'><strong>re—</strong></span> 
     </span>
    </p>
   </div>
   <div class='ocr_carea' id='block_1_26' title="bbox 2044 1127 3647 1201">
    <p class='ocr_par' dir='ltr' id='par_1_26' title="bbox 2044 1127 3647 1201">
     <span class='ocr_line' id='line_1_26' title="bbox 2044 1127 3647 1201; baseline 0.002 -20"><span class='ocrx_word' id='word_1_194' title='bbox 2044 1127 2232 1184; x_wconf 90' lang='lat' dir='ltr'><strong>missio</strong></span> <span class='ocrx_word' id='word_1_195' title='bbox 2258 1136 2603 1198; x_wconf 91' lang='lat' dir='ltr'><strong>peccatorum</strong></span> <span class='ocrx_word' id='word_1_196' title='bbox 2637 1129 3011 1197; x_wconf 90' lang='lat' dir='ltr'><strong>annuntiatur,</strong></span> <span class='ocrx_word' id='word_1_197' title='bbox 3042 1139 3099 1186; x_wconf 90' lang='lat' dir='ltr'><strong>et</strong></span> <span class='ocrx_word' id='word_1_198' title='bbox 3125 1129 3194 1185; x_wconf 90' lang='lat' dir='ltr'><strong>ab</strong></span> <span class='ocrx_word' id='word_1_199' title='bbox 3223 1128 3501 1199; x_wconf 83' lang='lat' dir='ltr'><strong>omnibus,</strong></span> <span class='ocrx_word' id='word_1_200' title='bbox 3525 1130 3647 1201; x_wconf 73' lang='lat' dir='ltr'><strong>q&#39;ui-</strong></span> 
     </span>
    </p>
   </div>
   <div class='ocr_carea' id='block_1_27' title="bbox 2044 1218 3647 1293">
    <p class='ocr_par' dir='ltr' id='par_1_27' title="bbox 2044 1218 3647 1293">
     <span class='ocr_line' id='line_1_27' title="bbox 2044 1218 3647 1293; baseline 0.003 -21"><span class='ocrx_word' id='word_1_201' title='bbox 2044 1218 2145 1275; x_wconf 92' lang='lat' dir='ltr'><strong>bus</strong></span> <span class='ocrx_word' id='word_1_202' title='bbox 2177 1234 2283 1275; x_wconf 93' lang='lat' dir='ltr'><strong>non</strong></span> <span class='ocrx_word' id='word_1_203' title='bbox 2317 1220 2567 1291; x_wconf 88' lang='lat' dir='ltr'><strong>potuistis</strong></span> <span class='ocrx_word' id='word_1_204' title='bbox 2596 1220 2655 1276; x_wconf 91' lang='lat' dir='ltr'><strong>in</strong></span> <span class='ocrx_word' id='word_1_205' title='bbox 2687 1223 2804 1293; x_wconf 83' lang='lat' dir='ltr'><strong>lege</strong></span> <span class='ocrx_word' id='word_1_206' title='bbox 2847 1221 3017 1293; x_wconf 83' lang='lat' dir='ltr'><strong>Moysi</strong></span> <span class='ocrx_word' id='word_1_207' title='bbox 3061 1220 3385 1293; x_wconf 86' lang='lat' dir='ltr'><strong>justiﬁcari,</strong></span> <span class='ocrx_word' id='word_1_208' title='bbox 3438 1220 3491 1275; x_wconf 91' lang='lat' dir='ltr'><strong>in</strong></span> <span class='ocrx_word' id='word_1_209' title='bbox 3541 1220 3647 1277; x_wconf 90' lang='lat' dir='ltr'><strong>hoc</strong></span> 
     </span>
    </p>
   </div>
   <div class='ocr_carea' id='block_1_28' title="bbox 2045 1312 3649 1385">
    <p class='ocr_par' dir='ltr' id='par_1_28' title="bbox 2045 1312 3649 1385">
     <span class='ocr_line' id='line_1_28' title="bbox 2045 1312 3649 1385; baseline 0 -16"><span class='ocrx_word' id='word_1_210' title='bbox 2045 1312 2247 1378; x_wconf 85' lang='lat' dir='ltr'><strong>Omnis,</strong></span> <span class='ocrx_word' id='word_1_211' title='bbox 2270 1313 2359 1384; x_wconf 93' lang='lat' dir='ltr'><strong>qui</strong></span> <span class='ocrx_word' id='word_1_212' title='bbox 2388 1312 2582 1380; x_wconf 85' lang='lat' dir='ltr'><strong>credit,</strong></span> <span class='ocrx_word' id='word_1_213' title='bbox 2604 1313 2959 1383; x_wconf 85' lang='lat' dir='ltr'><strong>justiﬁeatur.</strong></span> <span class='ocrx_word' id='word_1_214' title='bbox 2978 1313 3171 1370; x_wconf 81' lang='lat' dir='ltr'><strong>Videte</strong></span> <span class='ocrx_word' id='word_1_215' title='bbox 3192 1328 3341 1385; x_wconf 85' lang='lat' dir='ltr'><strong>ergo,</strong></span> <span class='ocrx_word' id='word_1_216' title='bbox 3373 1330 3440 1370; x_wconf 90' lang='lat' dir='ltr'><strong>ne</strong></span> <span class='ocrx_word' id='word_1_217' title='bbox 3458 1328 3649 1384; x_wconf 88' lang='lat' dir='ltr'><strong>supcr—</strong></span> 
     </span>
    </p>
   </div>
   <div class='ocr_carea' id='block_1_29' title="bbox 2046 1406 3650 1478">
    <p class='ocr_par' dir='ltr' id='par_1_29' title="bbox 2046 1406 3650 1478">
     <span class='ocr_line' id='line_1_29' title="bbox 2046 1406 3650 1478; baseline 0.002 -19"><span class='ocrx_word' id='word_1_218' title='bbox 2046 1406 2231 1460; x_wconf 88' lang='lat' dir='ltr'><strong>veniat</strong></span> <span class='ocrx_word' id='word_1_219' title='bbox 2259 1406 2412 1461; x_wconf 87' lang='lat' dir='ltr'><strong>vobis</strong></span> <span class='ocrx_word' id='word_1_220' title='bbox 2455 1407 2601 1476; x_wconf 85' lang='lat' dir='ltr'><strong>quod.</strong></span> <span class='ocrx_word' id='word_1_221' title='bbox 2630 1406 2835 1462; x_wconf 89' lang='lat' dir='ltr'><strong>dictum</strong></span> <span class='ocrx_word' id='word_1_222' title='bbox 2863 1414 2949 1463; x_wconf 91' lang='lat' dir='ltr'><strong>est</strong></span> <span class='ocrx_word' id='word_1_223' title='bbox 2979 1407 3032 1462; x_wconf 93' lang='lat' dir='ltr'><strong>in</strong></span> <span class='ocrx_word' id='word_1_224' title='bbox 3062 1407 3344 1478; x_wconf 89' lang='lat' dir='ltr'><strong>prophetis</strong></span> <span class='ocrx_word' id='word_1_225' title='bbox 3392 1427 3405 1463; x_wconf 95' lang='lat'><strong>:</strong></span> <span class='ocrx_word' id='word_1_226' title='bbox 3454 1407 3650 1463; x_wconf 84' lang='lat' dir='ltr'><strong>Videte</strong></span> 
     </span>
    </p>
   </div>
   <div class='ocr_carea' id='block_1_30' title="bbox 2047 1499 3648 1573">
    <p class='ocr_par' dir='ltr' id='par_1_30' title="bbox 2047 1499 3648 1573">
     <span class='ocr_line' id='line_1_30' title="bbox 2047 1499 3648 1573; baseline 0.001 -19"><span class='ocrx_word' id='word_1_227' title='bbox 2047 1507 2473 1570; x_wconf 90' lang='lat' dir='ltr'><strong>contemptores,</strong></span> <span class='ocrx_word' id='word_1_228' title='bbox 2513 1510 2568 1556; x_wconf 91' lang='lat' dir='ltr'><strong>et</strong></span> <span class='ocrx_word' id='word_1_229' title='bbox 2594 1500 2963 1569; x_wconf 88' lang='lat' dir='ltr'><strong>admiramini,</strong></span> <span class='ocrx_word' id='word_1_230' title='bbox 2993 1508 3049 1556; x_wconf 91' lang='lat' dir='ltr'><strong>et</strong></span> <span class='ocrx_word' id='word_1_231' title='bbox 3078 1499 3450 1573; x_wconf 84' lang='lat' dir='ltr'><strong>disperdimini</strong></span> <span class='ocrx_word' id='word_1_232' title='bbox 3482 1518 3494 1554; x_wconf 91' lang='lat'><strong>:</strong></span> <span class='ocrx_word' id='word_1_233' title='bbox 3523 1500 3648 1571; x_wconf 88' lang='lat' dir='ltr'><strong>quia</strong></span> 
     </span>
    </p>
   </div>
   <div class='ocr_carea' id='block_1_31' title="bbox 2054 1593 3649 1664">
    <p class='ocr_par' dir='ltr' id='par_1_31' title="bbox 2054 1593 3649 1664">
     <span class='ocr_line' id='line_1_31' title="bbox 2054 1593 3649 1664; baseline 0.001 -19"><span class='ocrx_word' id='word_1_234' title='bbox 2054 1608 2191 1662; x_wconf 88' lang='lat' dir='ltr'><strong>opus</strong></span> <span class='ocrx_word' id='word_1_235' title='bbox 2235 1608 2437 1662; x_wconf 93' lang='lat' dir='ltr'><strong>operor</strong></span> <span class='ocrx_word' id='word_1_236' title='bbox 2481 1608 2580 1663; x_wconf 86' lang='lat' dir='ltr'><strong>ego</strong></span> <span class='ocrx_word' id='word_1_237' title='bbox 2614 1594 2666 1647; x_wconf 92' lang='lat' dir='ltr'><strong>in</strong></span> <span class='ocrx_word' id='word_1_238' title='bbox 2710 1593 2908 1649; x_wconf 92' lang='lat' dir='ltr'><strong>diebus</strong></span> <span class='ocrx_word' id='word_1_239' title='bbox 2953 1594 3171 1661; x_wconf 88' lang='lat' dir='ltr'><strong>vestris,</strong></span> <span class='ocrx_word' id='word_1_240' title='bbox 3203 1607 3340 1663; x_wconf 90' lang='lat' dir='ltr'><strong>opus</strong></span> <span class='ocrx_word' id='word_1_241' title='bbox 3371 1593 3513 1664; x_wconf 91' lang='lat' dir='ltr'><strong>quod</strong></span> <span class='ocrx_word' id='word_1_242' title='bbox 3541 1608 3649 1648; x_wconf 93' lang='lat' dir='ltr'><strong>non</strong></span> 
     </span>
    </p>
   </div>
   <div class='ocr_carea' id='block_1_32' title="bbox 2053 1684 3649 1756">
    <p class='ocr_par' dir='ltr' id='par_1_32' title="bbox 2053 1684 3649 1756">
     <span class='ocr_line' id='line_1_32' title="bbox 2053 1684 3649 1756; baseline 0.001 -17"><span class='ocrx_word' id='word_1_243' title='bbox 2053 1684 2310 1750; x_wconf 89' lang='lat' dir='ltr'><strong>credetis,</strong></span> <span class='ocrx_word' id='word_1_244' title='bbox 2331 1686 2373 1739; x_wconf 92' lang='lat' dir='ltr'><strong>si</strong></span> <span class='ocrx_word' id='word_1_245' title='bbox 2398 1684 2519 1756; x_wconf 91' lang='lat' dir='ltr'><strong>quis</strong></span> <span class='ocrx_word' id='word_1_246' title='bbox 2540 1686 2884 1741; x_wconf 87' lang='lat' dir='ltr'><strong>enarraverit</strong></span> <span class='ocrx_word' id='word_1_247' title='bbox 2905 1687 3080 1742; x_wconf 86' lang='lat' dir='ltr'><strong>vobis.</strong></span> <span class='ocrx_word' id='word_1_248' title='bbox 3106 1686 3440 1743; x_wconf 82' lang='lat' dir='ltr'><strong>Exeuntibus</strong></span> <span class='ocrx_word' id='word_1_249' title='bbox 3466 1694 3649 1741; x_wconf 89' lang='lat' dir='ltr'><strong>autem</strong></span> 
     </span>
    </p>
   </div>
   <div class='ocr_carea' id='block_1_33' title="bbox 344 1778 3652 1854">
    <p class='ocr_par' dir='ltr' id='par_1_33' title="bbox 344 1778 3652 1854">
     <span class='ocr_line' id='line_1_33' title="bbox 344 1778 3652 1854; baseline 0.002 -19"><span class='ocrx_word' id='word_1_250' title='bbox 344 1779 422 1836; x_wconf 88' lang='lat' dir='ltr'><strong>Illi</strong></span> <span class='ocrx_word' id='word_1_251' title='bbox 443 1796 573 1837; x_wconf 84' lang='lat' dir='ltr'><strong>vero</strong></span> <span class='ocrx_word' id='word_1_252' title='bbox 592 1790 1043 1851; x_wconf 91' lang='lat' dir='ltr'><strong>pertranseuntes</strong></span> <span class='ocrx_word' id='word_1_253' title='bbox 1064 1782 1291 1854; x_wconf 80' lang='lat' dir='ltr'><strong>Pergen,</strong></span> <span class='ocrx_word' id='word_1_254' title='bbox 1312 1792 1580 1837; x_wconf 76' lang='lat' dir='ltr'><strong>venerunt</strong></span> <span class='ocrx_word' id='word_1_255' title='bbox 1604 1782 1945 1837; x_wconf 82' lang='lat' dir='ltr'><strong>Antiochiam</strong></span> <span class='ocrx_word' id='word_1_256' title='bbox 1978 1779 2025 1840; x_wconf 93' lang='lat' dir='ltr'><strong>B</strong></span> <span class='ocrx_word' id='word_1_257' title='bbox 2058 1778 2184 1847; x_wconf 82' lang='lat' dir='ltr'><strong>illiS,</strong></span> <span class='ocrx_word' id='word_1_258' title='bbox 2220 1780 2503 1849; x_wconf 78' lang='lat' dir='ltr'><strong>rogabant,</strong></span> <span class='ocrx_word' id='word_1_259' title='bbox 2536 1787 2599 1835; x_wconf 72' lang='lat' dir='ltr'><strong>ut</strong></span> <span class='ocrx_word' id='word_1_260' title='bbox 2624 1781 2874 1851; x_wconf 80' lang='lat' dir='ltr'><strong>sequenti</strong></span> <span class='ocrx_word' id='word_1_261' title='bbox 2905 1779 3134 1835; x_wconf 79' lang='lat' dir='ltr'><strong>sabbato</strong></span> <span class='ocrx_word' id='word_1_262' title='bbox 3164 1780 3517 1852; x_wconf 84' lang='lat' dir='ltr'><strong>loquerentur</strong></span> <span class='ocrx_word' id='word_1_263' title='bbox 3548 1780 3652 1835; x_wconf 84' lang='lat' dir='ltr'><strong>sibi</strong></span> 
     </span>
    </p>
   </div>
   <div class='ocr_carea' id='block_1_34' title="bbox 345 1874 1950 1948">
    <p class='ocr_par' dir='ltr' id='par_1_34' title="bbox 345 1874 1950 1948">
     <span class='ocr_line' id='line_1_34' title="bbox 345 1874 1950 1948; baseline 0.001 -18"><span class='ocrx_word' id='word_1_264' title='bbox 345 1874 561 1931; x_wconf 68' lang='lat' dir='ltr'><strong>Pisidiae</strong></span> <span class='ocrx_word' id='word_1_265' title='bbox 590 1895 603 1931; x_wconf 94' lang='lat'><strong>:</strong></span> <span class='ocrx_word' id='word_1_266' title='bbox 634 1884 689 1931; x_wconf 92' lang='lat' dir='ltr'><strong>et</strong></span> <span class='ocrx_word' id='word_1_267' title='bbox 720 1876 949 1947; x_wconf 88' lang='lat' dir='ltr'><strong>ingressi</strong></span> <span class='ocrx_word' id='word_1_268' title='bbox 974 1892 1304 1948; x_wconf 87' lang='lat' dir='ltr'><strong>synagogam</strong></span> <span class='ocrx_word' id='word_1_269' title='bbox 1347 1876 1434 1931; x_wconf 90' lang='lat' dir='ltr'><strong>die</strong></span> <span class='ocrx_word' id='word_1_270' title='bbox 1464 1876 1839 1941; x_wconf 88' lang='lat' dir='ltr'><strong>sabbatorum,</strong></span> <span class='ocrx_word' id='word_1_271' title='bbox 1864 1891 1950 1931; x_wconf 80' lang='lat' dir='ltr'><strong>se-</strong></span> 
     </span>
    </p>
   </div>
   <div class='ocr_carea' id='block_1_35' title="bbox 345 1965 1947 2040">
    <p class='ocr_par' dir='ltr' id='par_1_35' title="bbox 345 1965 1947 2040">
     <span class='ocr_line' id='line_1_35' title="bbox 345 1965 1947 2040; baseline 0.001 -17"><span class='ocrx_word' id='word_1_272' title='bbox 345 1967 565 2023; x_wconf 88' lang='lat' dir='ltr'><strong>derunt.</strong></span> <span class='ocrx_word' id='word_1_273' title='bbox 598 1965 729 2023; x_wconf 89' lang='lat' dir='ltr'><strong>Post</strong></span> <span class='ocrx_word' id='word_1_274' title='bbox 755 1967 1047 2024; x_wconf 90' lang='lat' dir='ltr'><strong>lectionem</strong></span> <span class='ocrx_word' id='word_1_275' title='bbox 1077 1979 1254 2023; x_wconf 91' lang='lat' dir='ltr'><strong>autem</strong></span> <span class='ocrx_word' id='word_1_276' title='bbox 1285 1970 1437 2040; x_wconf 88' lang='lat' dir='ltr'><strong>legis,</strong></span> <span class='ocrx_word' id='word_1_277' title='bbox 1462 1979 1517 2025; x_wconf 91' lang='lat' dir='ltr'><strong>et</strong></span> <span class='ocrx_word' id='word_1_278' title='bbox 1542 1970 1947 2039; x_wconf 88' lang='lat' dir='ltr'><strong>prophetarum,</strong></span> 
     </span>
    </p>
   </div>
   <div class='ocr_carea' id='block_1_36' title="bbox 348 2060 1949 2133">
    <p class='ocr_par' dir='ltr' id='par_1_36' title="bbox 348 2060 1949 2133">
     <span class='ocr_line' id='line_1_36' title="bbox 348 2060 1949 2133; baseline 0.001 -19"><span class='ocrx_word' id='word_1_279' title='bbox 348 2060 616 2115; x_wconf 91' lang='lat' dir='ltr'><strong>miserunt</strong></span> <span class='ocrx_word' id='word_1_280' title='bbox 647 2061 924 2131; x_wconf 89' lang='lat' dir='ltr'><strong>principes</strong></span> <span class='ocrx_word' id='word_1_281' title='bbox 949 2076 1239 2133; x_wconf 86' lang='lat' dir='ltr'><strong>synagogae</strong></span> <span class='ocrx_word' id='word_1_282' title='bbox 1268 2064 1334 2116; x_wconf 88' lang='lat' dir='ltr'><strong>ad</strong></span> <span class='ocrx_word' id='word_1_283' title='bbox 1366 2077 1483 2128; x_wconf 92' lang='lat' dir='ltr'><strong>eos,</strong></span> <span class='ocrx_word' id='word_1_284' title='bbox 1515 2063 1761 2119; x_wconf 84' lang='lat' dir='ltr'><strong>dicentes</strong></span> <span class='ocrx_word' id='word_1_285' title='bbox 1794 2080 1807 2118; x_wconf 89' lang='lat'><strong>:</strong></span> <span class='ocrx_word' id='word_1_286' title='bbox 1838 2063 1949 2117; x_wconf 86' lang='lat' dir='ltr'><strong>Viri</strong></span> 
     </span>
    </p>
   </div>
   <div class='ocr_carea' id='block_1_37' title="bbox 346 2152 1949 2226">
    <p class='ocr_par' dir='ltr' id='par_1_37' title="bbox 346 2152 1949 2226">
     <span class='ocr_line' id='line_1_37' title="bbox 346 2152 1949 2226; baseline 0.003 -18"><span class='ocrx_word' id='word_1_287' title='bbox 346 2152 565 2221; x_wconf 79' lang='lat' dir='ltr'><strong>fratres,</strong></span> <span class='ocrx_word' id='word_1_288' title='bbox 611 2154 655 2209; x_wconf 93' lang='lat' dir='ltr'><strong>si</strong></span> <span class='ocrx_word' id='word_1_289' title='bbox 684 2154 806 2226; x_wconf 89' lang='lat' dir='ltr'><strong>quis</strong></span> <span class='ocrx_word' id='word_1_290' title='bbox 848 2164 930 2210; x_wconf 84' lang='lat' dir='ltr'><strong>est</strong></span> <span class='ocrx_word' id='word_1_291' title='bbox 963 2156 1016 2210; x_wconf 93' lang='lat' dir='ltr'><strong>in</strong></span> <span class='ocrx_word' id='word_1_292' title='bbox 1060 2155 1214 2211; x_wconf 89' lang='lat' dir='ltr'><strong>vobis</strong></span> <span class='ocrx_word' id='word_1_293' title='bbox 1247 2171 1426 2211; x_wconf 90' lang='lat' dir='ltr'><strong>sermo</strong></span> <span class='ocrx_word' id='word_1_294' title='bbox 1452 2156 1851 2212; x_wconf 84' lang='lat' dir='ltr'><strong>exhortationis</strong></span> <span class='ocrx_word' id='word_1_295' title='bbox 1882 2157 1949 2213; x_wconf 91' lang='lat' dir='ltr'><strong>ad</strong></span> 
     </span>
    </p>
   </div>
   <div class='ocr_carea' id='block_1_38' title="bbox 346 2247 1946 2321">
    <p class='ocr_par' dir='ltr' id='par_1_38' title="bbox 346 2247 1946 2321">
     <span class='ocr_line' id='line_1_38' title="bbox 346 2247 1946 2321; baseline 0.003 -19"><span class='ocrx_word' id='word_1_296' title='bbox 346 2248 587 2320; x_wconf 89' lang='lat' dir='ltr'><strong>plebem,</strong></span> <span class='ocrx_word' id='word_1_297' title='bbox 643 2247 825 2304; x_wconf 89' lang='lat' dir='ltr'><strong>dicite.</strong></span> <span class='ocrx_word' id='word_1_298' title='bbox 882 2249 1126 2321; x_wconf 89' lang='lat' dir='ltr'><strong>Surgens</strong></span> <span class='ocrx_word' id='word_1_299' title='bbox 1174 2260 1358 2306; x_wconf 91' lang='lat' dir='ltr'><strong>autem</strong></span> <span class='ocrx_word' id='word_1_300' title='bbox 1407 2251 1625 2317; x_wconf 88' lang='lat' dir='ltr'><strong>Paulus,</strong></span> <span class='ocrx_word' id='word_1_301' title='bbox 1678 2261 1732 2307; x_wconf 91' lang='lat' dir='ltr'><strong>et</strong></span> <span class='ocrx_word' id='word_1_302' title='bbox 1784 2266 1946 2306; x_wconf 91' lang='lat' dir='ltr'><strong>manu</strong></span> 
     </span>
    </p>
   </div>
   <div class='ocr_carea' id='block_1_39' title="bbox 346 2325 1951 2414">
    <p class='ocr_par' dir='ltr' id='par_1_39' title="bbox 346 2325 1951 2414">
     <span class='ocr_line' id='line_1_39' title="bbox 346 2325 1951 2414; baseline 0.002 -19"><span class='ocrx_word' id='word_1_303' title='bbox 346 2341 626 2395; x_wconf 91' lang='lat' dir='ltr'><strong>silentium</strong></span> <span class='ocrx_word' id='word_1_304' title='bbox 657 2340 927 2406; x_wconf 89' lang='lat' dir='ltr'><strong>indicens,</strong></span> <span class='ocrx_word' id='word_1_305' title='bbox 951 2343 1027 2396; x_wconf 90' lang='lat' dir='ltr'><strong>ait</strong></span> <span class='ocrx_word' id='word_1_306' title='bbox 1052 2360 1063 2396; x_wconf 88' lang='lat'><strong>:</strong></span> <span class='ocrx_word' id='word_1_307' title='bbox 1089 2341 1199 2397; x_wconf 86' lang='lat' dir='ltr'><strong>Viri</strong></span> <span class='ocrx_word' id='word_1_308' title='bbox 1234 2325 1595 2409; x_wconf 46' lang='lat' dir='ltr'><strong>lsraelitar,&#39;et</strong></span> <span class='ocrx_word' id='word_1_309' title='bbox 1625 2344 1713 2414; x_wconf 88' lang='lat' dir='ltr'><strong>qui</strong></span> <span class='ocrx_word' id='word_1_310' title='bbox 1746 2343 1951 2398; x_wconf 89' lang='lat' dir='ltr'><strong>timetis</strong></span> 
     </span>
    </p>
   </div>
   <div class='ocr_carea' id='block_1_40' title="bbox 351 2434 1955 2508">
    <p class='ocr_par' dir='ltr' id='par_1_40' title="bbox 351 2434 1955 2508">
     <span class='ocr_line' id='line_1_40' title="bbox 351 2434 1955 2508; baseline 0.002 -21"><span class='ocrx_word' id='word_1_311' title='bbox 351 2434 547 2500; x_wconf 90' lang='lat' dir='ltr'><strong>Deum,</strong></span> <span class='ocrx_word' id='word_1_312' title='bbox 593 2434 776 2490; x_wconf 87' lang='lat' dir='ltr'><strong>audite</strong></span> <span class='ocrx_word' id='word_1_313' title='bbox 803 2451 818 2491; x_wconf 93' lang='lat'><strong>:</strong></span> <span class='ocrx_word' id='word_1_314' title='bbox 850 2435 995 2491; x_wconf 89' lang='lat' dir='ltr'><strong>Deus</strong></span> <span class='ocrx_word' id='word_1_315' title='bbox 1028 2436 1201 2506; x_wconf 84' lang='lat' dir='ltr'><strong>plebis</strong></span> <span class='ocrx_word' id='word_1_316' title='bbox 1230 2436 1395 2492; x_wconf 89' lang='lat' dir='ltr'><strong>Israel</strong></span> <span class='ocrx_word' id='word_1_317' title='bbox 1442 2438 1605 2508; x_wconf 90' lang='lat' dir='ltr'><strong>elegit</strong></span> <span class='ocrx_word' id='word_1_318' title='bbox 1638 2449 1820 2507; x_wconf 89' lang='lat' dir='ltr'><strong>patres</strong></span> <span class='ocrx_word' id='word_1_319' title='bbox 1856 2454 1955 2492; x_wconf 90' lang='lat' dir='ltr'><strong>no-</strong></span> 
     </span>
    </p>
   </div>
   <div class='ocr_carea' id='block_1_41' title="bbox 348 2529 1952 2599">
    <p class='ocr_par' dir='ltr' id='par_1_41' title="bbox 348 2529 1952 2599">
     <span class='ocr_line' id='line_1_41' title="bbox 348 2529 1952 2599; baseline 0.003 -17"><span class='ocrx_word' id='word_1_320' title='bbox 348 2536 520 2597; x_wconf 90' lang='lat' dir='ltr'><strong>stros,</strong></span> <span class='ocrx_word' id='word_1_321' title='bbox 544 2537 598 2584; x_wconf 90' lang='lat' dir='ltr'><strong>et</strong></span> <span class='ocrx_word' id='word_1_322' title='bbox 622 2529 837 2599; x_wconf 89' lang='lat' dir='ltr'><strong>plebem</strong></span> <span class='ocrx_word' id='word_1_323' title='bbox 863 2529 1124 2585; x_wconf 81' lang='lat' dir='ltr'><strong>exultavit</strong></span> <span class='ocrx_word' id='word_1_324' title='bbox 1145 2545 1268 2585; x_wconf 91' lang='lat' dir='ltr'><strong>cum</strong></span> <span class='ocrx_word' id='word_1_325' title='bbox 1293 2541 1474 2586; x_wconf 80' lang='lat' dir='ltr'><strong>essent</strong></span> <span class='ocrx_word' id='word_1_326' title='bbox 1498 2532 1695 2587; x_wconf 68' lang='lat' dir='ltr'><strong>incola:</strong></span> <span class='ocrx_word' id='word_1_327' title='bbox 1725 2534 1776 2587; x_wconf 93' lang='lat' dir='ltr'><strong>in</strong></span> <span class='ocrx_word' id='word_1_328' title='bbox 1812 2542 1952 2587; x_wconf 87' lang='lat' dir='ltr'><strong>terra</strong></span> 
     </span>
    </p>
   </div>
   <div class='ocr_carea' id='block_1_42' title="bbox 350 2619 1956 2694">
    <p class='ocr_par' dir='ltr' id='par_1_42' title="bbox 350 2619 1956 2694">
     <span class='ocr_line' id='line_1_42' title="bbox 350 2619 1956 2694; baseline 0.001 -16"><span class='ocrx_word' id='word_1_329' title='bbox 350 2619 593 2694; x_wconf 66' lang='lat' dir='ltr'><strong>Egypti,</strong></span> <span class='ocrx_word' id='word_1_330' title='bbox 648 2632 704 2677; x_wconf 89' lang='lat' dir='ltr'><strong>et</strong></span> <span class='ocrx_word' id='word_1_331' title='bbox 739 2622 792 2677; x_wconf 95' lang='lat' dir='ltr'><strong>in</strong></span> <span class='ocrx_word' id='word_1_332' title='bbox 824 2622 1053 2678; x_wconf 90' lang='lat' dir='ltr'><strong>brachio</strong></span> <span class='ocrx_word' id='word_1_333' title='bbox 1099 2624 1317 2679; x_wconf 86' lang='lat' dir='ltr'><strong>excelso</strong></span> <span class='ocrx_word' id='word_1_334' title='bbox 1345 2624 1529 2681; x_wconf 87' lang='lat' dir='ltr'><strong>eduxit</strong></span> <span class='ocrx_word' id='word_1_335' title='bbox 1560 2640 1654 2680; x_wconf 92' lang='lat' dir='ltr'><strong>cos</strong></span> <span class='ocrx_word' id='word_1_336' title='bbox 1685 2640 1750 2680; x_wconf 84' lang='lat' dir='ltr'><strong>ex</strong></span> <span class='ocrx_word' id='word_1_337' title='bbox 1785 2640 1869 2689; x_wconf 85' lang='lat' dir='ltr'><strong>ea,</strong></span> <span class='ocrx_word' id='word_1_338' title='bbox 1901 2634 1956 2680; x_wconf 92' lang='lat' dir='ltr'><strong>et</strong></span> 
     </span>
    </p>
   </div>
   <div class='ocr_carea' id='block_1_43' title="bbox 350 2714 1957 2787">
    <p class='ocr_par' dir='ltr' id='par_1_43' title="bbox 350 2714 1957 2787">
     <span class='ocr_line' id='line_1_43' title="bbox 350 2714 1957 2787; baseline 0.002 -17"><span class='ocrx_word' id='word_1_339' title='bbox 350 2729 449 2785; x_wconf 86' lang='lat' dir='ltr'><strong>per</strong></span> <span class='ocrx_word' id='word_1_340' title='bbox 469 2714 825 2786; x_wconf 86' lang='lat' dir='ltr'><strong>quadraginta</strong></span> <span class='ocrx_word' id='word_1_341' title='bbox 849 2731 1117 2770; x_wconf 90' lang='lat' dir='ltr'><strong>annorum</strong></span> <span class='ocrx_word' id='word_1_342' title='bbox 1144 2725 1356 2787; x_wconf 90' lang='lat' dir='ltr'><strong>tempus</strong></span> <span class='ocrx_word' id='word_1_343' title='bbox 1375 2733 1558 2772; x_wconf 84' lang='lat' dir='ltr'><strong>mores</strong></span> <span class='ocrx_word' id='word_1_344' title='bbox 1581 2734 1768 2773; x_wconf 90' lang='lat' dir='ltr'><strong>eorum</strong></span> <span class='ocrx_word' id='word_1_345' title='bbox 1794 2719 1957 2773; x_wconf 88' lang='lat' dir='ltr'><strong>susti-</strong></span> 
     </span>
    </p>
   </div>
   <div class='ocr_carea' id='block_1_44' title="bbox 352 2807 1957 2881">
    <p class='ocr_par' dir='ltr' id='par_1_44' title="bbox 352 2807 1957 2881">
     <span class='ocr_line' id='line_1_44' title="bbox 352 2807 1957 2881; baseline 0.002 -20"><span class='ocrx_word' id='word_1_346' title='bbox 352 2808 475 2862; x_wconf 90' lang='lat' dir='ltr'><strong>nuit</strong></span> <span class='ocrx_word' id='word_1_347' title='bbox 526 2807 581 2862; x_wconf 92' lang='lat' dir='ltr'><strong>in</strong></span> <span class='ocrx_word' id='word_1_348' title='bbox 629 2809 867 2863; x_wconf 85' lang='lat' dir='ltr'><strong>deserto.</strong></span> <span class='ocrx_word' id='word_1_349' title='bbox 923 2808 993 2864; x_wconf 87' lang='lat' dir='ltr'><strong>Et</strong></span> <span class='ocrx_word' id='word_1_350' title='bbox 1051 2809 1341 2865; x_wconf 75' lang='lat' dir='ltr'><strong>destruens</strong></span> <span class='ocrx_word' id='word_1_351' title='bbox 1398 2819 1594 2881; x_wconf 82' lang='lat' dir='ltr'><strong>gentes</strong></span> <span class='ocrx_word' id='word_1_352' title='bbox 1645 2817 1854 2879; x_wconf 90' lang='lat' dir='ltr'><strong>septem</strong></span> <span class='ocrx_word' id='word_1_353' title='bbox 1902 2810 1957 2864; x_wconf 92' lang='lat' dir='ltr'><strong>in</strong></span> 
     </span>
    </p>
   </div>
   <div class='ocr_carea' id='block_1_45' title="bbox 355 2899 1956 2969">
    <p class='ocr_par' dir='ltr' id='par_1_45' title="bbox 355 2899 1956 2969">
     <span class='ocr_line' id='line_1_45' title="bbox 355 2899 1956 2969; baseline 0.003 -17"><span class='ocrx_word' id='word_1_354' title='bbox 355 2908 501 2953; x_wconf 89' lang='lat' dir='ltr'><strong>terra</strong></span> <span class='ocrx_word' id='word_1_355' title='bbox 548 2899 829 2969; x_wconf 90' lang='lat' dir='ltr'><strong>Chanaan,</strong></span> <span class='ocrx_word' id='word_1_356' title='bbox 872 2912 1019 2956; x_wconf 87' lang='lat' dir='ltr'><strong>sorte</strong></span> <span class='ocrx_word' id='word_1_357' title='bbox 1064 2902 1336 2956; x_wconf 88' lang='lat' dir='ltr'><strong>distribuit</strong></span> <span class='ocrx_word' id='word_1_358' title='bbox 1369 2902 1449 2957; x_wconf 87' lang='lat' dir='ltr'><strong>eis</strong></span> <span class='ocrx_word' id='word_1_359' title='bbox 1492 2914 1689 2957; x_wconf 87' lang='lat' dir='ltr'><strong>terram</strong></span> <span class='ocrx_word' id='word_1_360' title='bbox 1733 2918 1956 2969; x_wconf 91' lang='lat' dir='ltr'><strong>eorum,</strong></span> 
     </span>
    </p>
   </div>
   <div class='ocr_carea' id='block_1_46' title="bbox 358 2994 1957 3066">
    <p class='ocr_par' dir='ltr' id='par_1_46' title="bbox 358 2994 1957 3066">
     <span class='ocr_line' id='line_1_46' title="bbox 358 2994 1957 3066; baseline 0 -19"><span class='ocrx_word' id='word_1_361' title='bbox 358 2994 511 3064; x_wconf 89' lang='lat' dir='ltr'><strong>quasi</strong></span> <span class='ocrx_word' id='word_1_362' title='bbox 562 3002 687 3064; x_wconf 87' lang='lat' dir='ltr'><strong>post</strong></span> <span class='ocrx_word' id='word_1_363' title='bbox 731 2994 1158 3065; x_wconf 88' lang='lat' dir='ltr'><strong>quadringentos</strong></span> <span class='ocrx_word' id='word_1_364' title='bbox 1204 3002 1261 3050; x_wconf 94' lang='lat' dir='ltr'><strong>et</strong></span> <span class='ocrx_word' id='word_1_365' title='bbox 1303 2995 1693 3066; x_wconf 89' lang='lat' dir='ltr'><strong>quinquaginta</strong></span> <span class='ocrx_word' id='word_1_366' title='bbox 1747 3009 1957 3049; x_wconf 88' lang='lat' dir='ltr'><strong>annos:</strong></span> 
     </span>
    </p>
   </div>
   <div class='ocr_carea' id='block_1_47' title="bbox 357 3085 1961 3159">
    <p class='ocr_par' dir='ltr' id='par_1_47' title="bbox 357 3085 1961 3159">
     <span class='ocr_line' id='line_1_47' title="bbox 357 3085 1961 3159; baseline -0.001 -17"><span class='ocrx_word' id='word_1_367' title='bbox 357 3094 564 3156; x_wconf 87' lang='lat' dir='ltr'><strong>etpost</strong></span> <span class='ocrx_word' id='word_1_368' title='bbox 615 3085 729 3142; x_wconf 87' lang='lat' dir='ltr'><strong>haec</strong></span> <span class='ocrx_word' id='word_1_369' title='bbox 769 3086 922 3142; x_wconf 90' lang='lat' dir='ltr'><strong>dedit</strong></span> <span class='ocrx_word' id='word_1_370' title='bbox 958 3087 1171 3157; x_wconf 89' lang='lat' dir='ltr'><strong>judices</strong></span> <span class='ocrx_word' id='word_1_371' title='bbox 1222 3104 1394 3159; x_wconf 89' lang='lat' dir='ltr'><strong>usque</strong></span> <span class='ocrx_word' id='word_1_372' title='bbox 1446 3089 1511 3143; x_wconf 91' lang='lat' dir='ltr'><strong>ad</strong></span> <span class='ocrx_word' id='word_1_373' title='bbox 1560 3088 1780 3143; x_wconf 84' lang='lat' dir='ltr'><strong>Samuel</strong></span> <span class='ocrx_word' id='word_1_374' title='bbox 1836 3103 1961 3158; x_wconf 92' lang='lat' dir='ltr'><strong>pro-</strong></span> 
     </span>
    </p>
   </div>
   <div class='ocr_carea' id='block_1_48' title="bbox 2052 1872 3652 1946">
    <p class='ocr_par' dir='ltr' id='par_1_48' title="bbox 2052 1872 3652 1946">
     <span class='ocr_line' id='line_1_48' title="bbox 2052 1872 3652 1946; baseline -0.001 -17"><span class='ocrx_word' id='word_1_375' title='bbox 2052 1876 2217 1930; x_wconf 86' lang='lat' dir='ltr'><strong>verba</strong></span> <span class='ocrx_word' id='word_1_376' title='bbox 2245 1874 2383 1930; x_wconf 67' lang='lat' dir='ltr'><strong>haec.</strong></span> <span class='ocrx_word' id='word_1_377' title='bbox 2416 1872 2659 1944; x_wconf 88' lang='lat' dir='ltr'><strong>Cumque</strong></span> <span class='ocrx_word' id='word_1_378' title='bbox 2687 1873 2913 1930; x_wconf 89' lang='lat' dir='ltr'><strong>dimissa</strong></span> <span class='ocrx_word' id='word_1_379' title='bbox 2940 1882 3087 1929; x_wconf 91' lang='lat' dir='ltr'><strong>esset</strong></span> <span class='ocrx_word' id='word_1_380' title='bbox 3130 1888 3401 1946; x_wconf 83' lang='lat' dir='ltr'><strong>synagoga</strong></span> <span class='ocrx_word' id='word_1_381' title='bbox 3421 1916 3435 1940; x_wconf 96' lang='lat'><strong>,</strong></span> <span class='ocrx_word' id='word_1_382' title='bbox 3482 1875 3652 1930; x_wconf 86' lang='lat' dir='ltr'><strong>secuti</strong></span> 
     </span>
    </p>
   </div>
   <div class='ocr_carea' id='block_1_49' title="bbox 2052 1966 3751 2035">
    <p class='ocr_par' dir='ltr' id='par_1_49' title="bbox 2052 1966 3751 2035">
     <span class='ocr_line' id='line_1_49' title="bbox 2052 1966 3751 2035; baseline 0.001 -14"><span class='ocrx_word' id='word_1_383' title='bbox 2052 1976 2180 2022; x_wconf 88' lang='lat' dir='ltr'><strong>sunt</strong></span> <span class='ocrx_word' id='word_1_384' title='bbox 2234 1967 2387 2022; x_wconf 89' lang='lat' dir='ltr'><strong>multi</strong></span> <span class='ocrx_word' id='word_1_385' title='bbox 2438 1966 2791 2034; x_wconf 63' lang='lat' dir='ltr'><strong>Iudaeorum,</strong></span> <span class='ocrx_word' id='word_1_386' title='bbox 2847 1975 2902 2023; x_wconf 91' lang='lat' dir='ltr'><strong>et</strong></span> <span class='ocrx_word' id='word_1_387' title='bbox 2953 1966 3247 2023; x_wconf 87' lang='lat' dir='ltr'><strong>colentium</strong></span> <span class='ocrx_word' id='word_1_388' title='bbox 3298 1968 3652 2035; x_wconf 80' lang='lat' dir='ltr'><strong>advenarum,</strong></span> <span class='ocrx_word' id='word_1_389' title='bbox 3740 1976 3751 1981; x_wconf 76' lang='lat'><em>‘</em></span> 
     </span>
    </p>
   </div>
   <div class='ocr_carea' id='block_1_50' title="bbox 2052 2060 3656 2131">
    <p class='ocr_par' dir='ltr' id='par_1_50' title="bbox 2052 2060 3656 2131">
     <span class='ocr_line' id='line_1_50' title="bbox 2052 2060 3656 2131; baseline 0.002 -16"><span class='ocrx_word' id='word_1_390' title='bbox 2052 2060 2282 2115; x_wconf 88' lang='lat' dir='ltr'><strong>Paulum</strong></span> <span class='ocrx_word' id='word_1_391' title='bbox 2312 2069 2367 2115; x_wconf 93' lang='lat' dir='ltr'><strong>et</strong></span> <span class='ocrx_word' id='word_1_392' title='bbox 2394 2060 2724 2129; x_wconf 90' lang='lat' dir='ltr'><strong>Barnabam,</strong></span> <span class='ocrx_word' id='word_1_393' title='bbox 2757 2060 2848 2130; x_wconf 92' lang='lat' dir='ltr'><strong>qui</strong></span> <span class='ocrx_word' id='word_1_394' title='bbox 2888 2060 3180 2131; x_wconf 90' lang='lat' dir='ltr'><strong>loquentes</strong></span> <span class='ocrx_word' id='word_1_395' title='bbox 3211 2060 3513 2116; x_wconf 89' lang='lat' dir='ltr'><strong>suadebant</strong></span> <span class='ocrx_word' id='word_1_396' title='bbox 3543 2062 3656 2131; x_wconf 89' lang='lat' dir='ltr'><strong>eis,</strong></span> 
     </span>
    </p>
   </div>
   <div class='ocr_carea' id='block_1_51' title="bbox 2054 2152 3658 2224">
    <p class='ocr_par' dir='ltr' id='par_1_51' title="bbox 2054 2152 3658 2224">
     <span class='ocr_line' id='line_1_51' title="bbox 2054 2152 3658 2224; baseline 0 -16"><span class='ocrx_word' id='word_1_397' title='bbox 2054 2161 2115 2208; x_wconf 94' lang='lat' dir='ltr'><strong>ut</strong></span> <span class='ocrx_word' id='word_1_398' title='bbox 2137 2162 2521 2223; x_wconf 89' lang='lat' dir='ltr'><strong>permanerent</strong></span> <span class='ocrx_word' id='word_1_399' title='bbox 2543 2152 2596 2208; x_wconf 91' lang='lat' dir='ltr'><strong>in</strong></span> <span class='ocrx_word' id='word_1_400' title='bbox 2625 2153 2796 2224; x_wconf 88' lang='lat' dir='ltr'><strong>gratia</strong></span> <span class='ocrx_word' id='word_1_401' title='bbox 2828 2153 2944 2208; x_wconf 89' lang='lat' dir='ltr'><strong>Dei.</strong></span> <span class='ocrx_word' id='word_1_402' title='bbox 2972 2154 3233 2224; x_wconf 88' lang='lat' dir='ltr'><strong>Sequenti</strong></span> <span class='ocrx_word' id='word_1_403' title='bbox 3265 2169 3397 2209; x_wconf 90' lang='lat' dir='ltr'><strong>vero</strong></span> <span class='ocrx_word' id='word_1_404' title='bbox 3428 2153 3658 2209; x_wconf 88' lang='lat' dir='ltr'><strong>sabbato</strong></span> 
     </span>
    </p>
   </div>
   <div class='ocr_carea' id='block_1_52' title="bbox 2056 2245 3653 2316">
    <p class='ocr_par' dir='ltr' id='par_1_52' title="bbox 2056 2245 3653 2316">
     <span class='ocr_line' id='line_1_52' title="bbox 2056 2245 3653 2316; baseline -0.001 -15"><span class='ocrx_word' id='word_1_405' title='bbox 2056 2261 2193 2316; x_wconf 90' lang='lat' dir='ltr'><strong>pene</strong></span> <span class='ocrx_word' id='word_1_406' title='bbox 2224 2246 2473 2301; x_wconf 88' lang='lat' dir='ltr'><strong>universa</strong></span> <span class='ocrx_word' id='word_1_407' title='bbox 2523 2247 2715 2300; x_wconf 89' lang='lat' dir='ltr'><strong>civitas</strong></span> <span class='ocrx_word' id='word_1_408' title='bbox 2758 2245 3011 2301; x_wconf 91' lang='lat' dir='ltr'><strong>convenit</strong></span> <span class='ocrx_word' id='word_1_409' title='bbox 3038 2245 3227 2301; x_wconf 91' lang='lat' dir='ltr'><strong>audire</strong></span> <span class='ocrx_word' id='word_1_410' title='bbox 3269 2246 3495 2302; x_wconf 89' lang='lat' dir='ltr'><strong>verbum</strong></span> <span class='ocrx_word' id='word_1_411' title='bbox 3538 2246 3653 2301; x_wconf 92' lang='lat' dir='ltr'><strong>Dei.</strong></span> 
     </span>
    </p>
   </div>
   <div class='ocr_carea' id='block_1_53' title="bbox 2066 2338 3658 2409">
    <p class='ocr_par' dir='ltr' id='par_1_53' title="bbox 2066 2338 3658 2409">
     <span class='ocr_line' id='line_1_53' title="bbox 2066 2338 3658 2409; baseline 0.003 -18"><span class='ocrx_word' id='word_1_412' title='bbox 2066 2340 2325 2396; x_wconf 88' lang='lat' dir='ltr'><strong>Videntes</strong></span> <span class='ocrx_word' id='word_1_413' title='bbox 2368 2348 2549 2396; x_wconf 91' lang='lat' dir='ltr'><strong>autem</strong></span> <span class='ocrx_word' id='word_1_414' title='bbox 2599 2339 2790 2395; x_wconf 86' lang='lat' dir='ltr'><strong>turbas</strong></span> <span class='ocrx_word' id='word_1_415' title='bbox 2818 2339 3013 2408; x_wconf 83' lang='lat' dir='ltr'><strong>Judaei,</strong></span> <span class='ocrx_word' id='word_1_416' title='bbox 3043 2340 3238 2409; x_wconf 90' lang='lat' dir='ltr'><strong>repleti</strong></span> <span class='ocrx_word' id='word_1_417' title='bbox 3270 2350 3395 2396; x_wconf 82' lang='lat' dir='ltr'><strong>sunt</strong></span> <span class='ocrx_word' id='word_1_418' title='bbox 3421 2338 3561 2409; x_wconf 76' lang='lat' dir='ltr'><strong>zelo,</strong></span> <span class='ocrx_word' id='word_1_419' title='bbox 3603 2351 3658 2398; x_wconf 91' lang='lat' dir='ltr'><strong>et</strong></span> 
     </span>
    </p>
   </div>
   <div class='ocr_carea' id='block_1_54' title="bbox 2054 2432 3658 2505">
    <p class='ocr_par' dir='ltr' id='par_1_54' title="bbox 2054 2432 3658 2505">
     <span class='ocr_line' id='line_1_54' title="bbox 2054 2432 3658 2505; baseline 0.002 -17"><span class='ocrx_word' id='word_1_420' title='bbox 2054 2432 2504 2489; x_wconf 89' lang='lat' dir='ltr'><strong>contradicebant</strong></span> <span class='ocrx_word' id='word_1_421' title='bbox 2523 2434 2630 2501; x_wconf 91' lang='lat' dir='ltr'><strong>his,</strong></span> <span class='ocrx_word' id='word_1_422' title='bbox 2654 2450 2774 2505; x_wconf 88' lang='lat' dir='ltr'><strong>quae</strong></span> <span class='ocrx_word' id='word_1_423' title='bbox 2795 2450 2824 2489; x_wconf 91' lang='lat' dir='ltr'><strong>a</strong></span> <span class='ocrx_word' id='word_1_424' title='bbox 2851 2434 3017 2489; x_wconf 89' lang='lat' dir='ltr'><strong>Paulo</strong></span> <span class='ocrx_word' id='word_1_425' title='bbox 3038 2434 3384 2503; x_wconf 89' lang='lat' dir='ltr'><strong>dicebantur,</strong></span> <span class='ocrx_word' id='word_1_426' title='bbox 3405 2435 3658 2505; x_wconf 78' lang='lat' dir='ltr'><strong>blasphe-</strong></span> 
     </span>
    </p>
   </div>
   <div class='ocr_carea' id='block_1_55' title="bbox 2057 2527 3659 2584">
    <p class='ocr_par' dir='ltr' id='par_1_55' title="bbox 2057 2527 3659 2584">
     <span class='ocr_line' id='line_1_55' title="bbox 2057 2527 3659 2584; baseline 0.001 -3"><span class='ocrx_word' id='word_1_427' title='bbox 2057 2535 2292 2583; x_wconf 88' lang='lat' dir='ltr'><strong>mantes.</strong></span> <span class='ocrx_word' id='word_1_428' title='bbox 2313 2527 2464 2582; x_wconf 85' lang='lat' dir='ltr'><strong>Tunc</strong></span> <span class='ocrx_word' id='word_1_429' title='bbox 2476 2535 2785 2582; x_wconf 87' lang='lat' dir='ltr'><strong>constanter</strong></span> <span class='ocrx_word' id='word_1_430' title='bbox 2800 2527 2996 2583; x_wconf 92' lang='lat' dir='ltr'><strong>Paulus</strong></span> <span class='ocrx_word' id='word_1_431' title='bbox 3014 2528 3356 2584; x_wconf 89' lang='lat' dir='ltr'><strong>etBarnabas</strong></span> <span class='ocrx_word' id='word_1_432' title='bbox 3375 2527 3659 2584; x_wconf 82' lang='lat' dir='ltr'><strong>dixerunt:</strong></span> 
     </span>
    </p>
   </div>
   <div class='ocr_carea' id='block_1_56' title="bbox 2060 2620 3655 2692">
    <p class='ocr_par' dir='ltr' id='par_1_56' title="bbox 2060 2620 3655 2692">
     <span class='ocr_line' id='line_1_56' title="bbox 2060 2620 3655 2692; baseline 0.002 -17"><span class='ocrx_word' id='word_1_433' title='bbox 2060 2620 2230 2676; x_wconf 79' lang='lat' dir='ltr'><strong>Vobis</strong></span> <span class='ocrx_word' id='word_1_434' title='bbox 2286 2620 2575 2691; x_wconf 88' lang='lat' dir='ltr'><strong>oportebat</strong></span> <span class='ocrx_word' id='word_1_435' title='bbox 2632 2620 2863 2690; x_wconf 90' lang='lat' dir='ltr'><strong>primum</strong></span> <span class='ocrx_word' id='word_1_436' title='bbox 2908 2620 3056 2692; x_wconf 89' lang='lat' dir='ltr'><strong>loqui</strong></span> <span class='ocrx_word' id='word_1_437' title='bbox 3101 2622 3326 2678; x_wconf 91' lang='lat' dir='ltr'><strong>verbum</strong></span> <span class='ocrx_word' id='word_1_438' title='bbox 3384 2622 3478 2678; x_wconf 90' lang='lat' dir='ltr'><strong>Dei</strong></span> <span class='ocrx_word' id='word_1_439' title='bbox 3512 2639 3526 2682; x_wconf 86' lang='lat'><strong>:</strong></span> <span class='ocrx_word' id='word_1_440' title='bbox 3557 2621 3655 2678; x_wconf 90' lang='lat' dir='ltr'><strong>sed</strong></span> 
     </span>
    </p>
   </div>
   <div class='ocr_carea' id='block_1_57' title="bbox 2058 2711 3661 2786">
    <p class='ocr_par' dir='ltr' id='par_1_57' title="bbox 2058 2711 3661 2786">
     <span class='ocr_line' id='line_1_57' title="bbox 2058 2711 3661 2786; baseline 0.002 -19"><span class='ocrx_word' id='word_1_441' title='bbox 2058 2713 2313 2782; x_wconf 90' lang='lat' dir='ltr'><strong>quoniam</strong></span> <span class='ocrx_word' id='word_1_442' title='bbox 2354 2711 2621 2782; x_wconf 91' lang='lat' dir='ltr'><strong>repellitis</strong></span> <span class='ocrx_word' id='word_1_443' title='bbox 2665 2713 2828 2781; x_wconf 89' lang='lat' dir='ltr'><strong>illud,</strong></span> <span class='ocrx_word' id='word_1_444' title='bbox 2872 2722 2928 2770; x_wconf 89' lang='lat' dir='ltr'><strong>et</strong></span> <span class='ocrx_word' id='word_1_445' title='bbox 2968 2714 3219 2786; x_wconf 88' lang='lat' dir='ltr'><strong>indignos</strong></span> <span class='ocrx_word' id='word_1_446' title='bbox 3266 2729 3364 2770; x_wconf 85' lang='lat' dir='ltr'><strong>vos</strong></span> <span class='ocrx_word' id='word_1_447' title='bbox 3404 2714 3661 2785; x_wconf 89' lang='lat' dir='ltr'><strong>judicatis</strong></span> 
     </span>
    </p>
   </div>
   <div class='ocr_carea' id='block_1_58' title="bbox 2060 2808 3656 2880">
    <p class='ocr_par' dir='ltr' id='par_1_58' title="bbox 2060 2808 3656 2880">
     <span class='ocr_line' id='line_1_58' title="bbox 2060 2808 3656 2880; baseline 0.003 -19"><span class='ocrx_word' id='word_1_448' title='bbox 2060 2815 2279 2862; x_wconf 57' lang='lat' dir='ltr'><strong>acterna:</strong></span> <span class='ocrx_word' id='word_1_449' title='bbox 2307 2808 2463 2875; x_wconf 65' lang='lat' dir='ltr'><strong>vitae,</strong></span> <span class='ocrx_word' id='word_1_450' title='bbox 2495 2823 2625 2863; x_wconf 91' lang='lat' dir='ltr'><strong>ecce</strong></span> <span class='ocrx_word' id='word_1_451' title='bbox 2655 2810 3021 2863; x_wconf 85' lang='lat' dir='ltr'><strong>convertimur</strong></span> <span class='ocrx_word' id='word_1_452' title='bbox 3050 2810 3115 2864; x_wconf 88' lang='lat' dir='ltr'><strong>ad</strong></span> <span class='ocrx_word' id='word_1_453' title='bbox 3144 2817 3354 2880; x_wconf 88' lang='lat' dir='ltr'><strong>gentes.</strong></span> <span class='ocrx_word' id='word_1_454' title='bbox 3390 2810 3480 2867; x_wconf 90' lang='lat' dir='ltr'><strong>Sic</strong></span> <span class='ocrx_word' id='word_1_455' title='bbox 3511 2811 3656 2866; x_wconf 89' lang='lat' dir='ltr'><strong>enim</strong></span> 
     </span>
    </p>
   </div>
   <div class='ocr_carea' id='block_1_59' title="bbox 2062 2901 3657 2977">
    <p class='ocr_par' dir='ltr' id='par_1_59' title="bbox 2062 2901 3657 2977">
     <span class='ocr_line' id='line_1_59' title="bbox 2062 2901 3657 2977; baseline 0.004 -22"><span class='ocrx_word' id='word_1_456' title='bbox 2062 2901 2313 2972; x_wconf 88' lang='lat' dir='ltr'><strong>praecepit</strong></span> <span class='ocrx_word' id='word_1_457' title='bbox 2340 2902 2497 2958; x_wconf 91' lang='lat' dir='ltr'><strong>nobis</strong></span> <span class='ocrx_word' id='word_1_458' title='bbox 2522 2903 2781 2958; x_wconf 91' lang='lat' dir='ltr'><strong>Dominus</strong></span> <span class='ocrx_word' id='word_1_459' title='bbox 2802 2920 2813 2955; x_wconf 92' lang='lat'><strong>:</strong></span> <span class='ocrx_word' id='word_1_460' title='bbox 2834 2903 2994 2970; x_wconf 86' lang='lat' dir='ltr'><strong>Posui</strong></span> <span class='ocrx_word' id='word_1_461' title='bbox 3021 2912 3071 2959; x_wconf 94' lang='lat' dir='ltr'><strong>te</strong></span> <span class='ocrx_word' id='word_1_462' title='bbox 3099 2904 3149 2958; x_wconf 94' lang='lat' dir='ltr'><strong>in</strong></span> <span class='ocrx_word' id='word_1_463' title='bbox 3175 2904 3348 2959; x_wconf 92' lang='lat' dir='ltr'><strong>lucem</strong></span> <span class='ocrx_word' id='word_1_464' title='bbox 3393 2906 3657 2977; x_wconf 83' lang='lat' dir='ltr'><strong>gentium,</strong></span> 
     </span>
    </p>
   </div>
   <div class='ocr_carea' id='block_1_60' title="bbox 2064 2995 3662 3068">
    <p class='ocr_par' dir='ltr' id='par_1_60' title="bbox 2064 2995 3662 3068">
     <span class='ocr_line' id='line_1_60' title="bbox 2064 2995 3662 3068; baseline 0.004 -18"><span class='ocrx_word' id='word_1_465' title='bbox 2064 3004 2121 3050; x_wconf 91' lang='lat' dir='ltr'><strong>ut</strong></span> <span class='ocrx_word' id='word_1_466' title='bbox 2148 2997 2225 3051; x_wconf 90' lang='lat' dir='ltr'><strong>sis</strong></span> <span class='ocrx_word' id='word_1_467' title='bbox 2256 2996 2308 3050; x_wconf 95' lang='lat' dir='ltr'><strong>in</strong></span> <span class='ocrx_word' id='word_1_468' title='bbox 2337 2995 2563 3052; x_wconf 92' lang='lat' dir='ltr'><strong>salutem</strong></span> <span class='ocrx_word' id='word_1_469' title='bbox 2588 3012 2761 3068; x_wconf 89' lang='lat' dir='ltr'><strong>usque</strong></span> <span class='ocrx_word' id='word_1_470' title='bbox 2781 2996 2850 3052; x_wconf 90' lang='lat' dir='ltr'><strong>ad</strong></span> <span class='ocrx_word' id='word_1_471' title='bbox 2877 3006 3179 3053; x_wconf 85' lang='lat' dir='ltr'><strong>extremum</strong></span> <span class='ocrx_word' id='word_1_472' title='bbox 3209 3009 3389 3054; x_wconf 83' lang='lat' dir='ltr'><strong>terrae.</strong></span> <span class='ocrx_word' id='word_1_473' title='bbox 3416 2998 3662 3056; x_wconf 84' lang='lat' dir='ltr'><strong>Audien-</strong></span> 
     </span>
    </p>
   </div>
   <div class='ocr_carea' id='block_1_61' title="bbox 2065 3090 3665 3162">
    <p class='ocr_par' dir='ltr' id='par_1_61' title="bbox 2065 3090 3665 3162">
     <span class='ocr_line' id='line_1_61' title="bbox 2065 3090 3665 3162; baseline 0.004 -18"><span class='ocrx_word' id='word_1_474' title='bbox 2065 3100 2147 3144; x_wconf 91' lang='lat' dir='ltr'><strong>tes</strong></span> <span class='ocrx_word' id='word_1_475' title='bbox 2176 3098 2357 3145; x_wconf 90' lang='lat' dir='ltr'><strong>autem</strong></span> <span class='ocrx_word' id='word_1_476' title='bbox 2386 3098 2579 3162; x_wconf 85' lang='lat' dir='ltr'><strong>gentes</strong></span> <span class='ocrx_word' id='word_1_477' title='bbox 2604 3091 2805 3160; x_wconf 75' lang='lat' dir='ltr'><strong>gavisae</strong></span> <span class='ocrx_word' id='word_1_478' title='bbox 2844 3100 3004 3160; x_wconf 88' lang='lat' dir='ltr'><strong>sunt,</strong></span> <span class='ocrx_word' id='word_1_479' title='bbox 3038 3099 3092 3146; x_wconf 92' lang='lat' dir='ltr'><strong>et</strong></span> <span class='ocrx_word' id='word_1_480' title='bbox 3132 3090 3513 3162; x_wconf 88' lang='lat' dir='ltr'><strong>gloriﬁcabant</strong></span> <span class='ocrx_word' id='word_1_481' title='bbox 3539 3110 3665 3150; x_wconf 89' lang='lat' dir='ltr'><strong>ver-</strong></span> 
     </span>
    </p>
   </div>
   <div class='ocr_carea' id='block_1_62' title="bbox 360 3165 3665 3257">
    <p class='ocr_par' dir='ltr' id='par_1_62' title="bbox 360 3165 3665 3257">
     <span class='ocr_line' id='line_1_62' title="bbox 360 3165 3665 3257; baseline 0.003 -22"><span class='ocrx_word' id='word_1_482' title='bbox 360 3182 605 3253; x_wconf 86' lang='lat' dir='ltr'><strong>phetam.</strong></span> <span class='ocrx_word' id='word_1_483' title='bbox 658 3182 730 3237; x_wconf 87' lang='lat' dir='ltr'><strong>Et</strong></span> <span class='ocrx_word' id='word_1_484' title='bbox 766 3183 962 3238; x_wconf 83' lang='lat' dir='ltr'><strong>exinde</strong></span> <span class='ocrx_word' id='word_1_485' title='bbox 1008 3183 1425 3252; x_wconf 87' lang='lat' dir='ltr'><strong>postulaverunt</strong></span> <span class='ocrx_word' id='word_1_486' title='bbox 1470 3199 1651 3254; x_wconf 89' lang='lat' dir='ltr'><strong>regem</strong></span> <span class='ocrx_word' id='word_1_487' title='bbox 1682 3202 1692 3236; x_wconf 89' lang='lat'><strong>:</strong></span> <span class='ocrx_word' id='word_1_488' title='bbox 1721 3190 1775 3238; x_wconf 92' lang='lat' dir='ltr'><strong>ct</strong></span> <span class='ocrx_word' id='word_1_489' title='bbox 1814 3182 1965 3237; x_wconf 90' lang='lat' dir='ltr'><strong>dedit</strong></span> <span class='ocrx_word' id='word_1_490' title='bbox 1988 3165 2033 3229; x_wconf 69' lang='grc' dir='ltr'>Ο</span> <span class='ocrx_word' id='word_1_491' title='bbox 2068 3183 2195 3237; x_wconf 90' lang='lat' dir='ltr'><strong>bum</strong></span> <span class='ocrx_word' id='word_1_492' title='bbox 2229 3183 2484 3238; x_wconf 91' lang='lat' dir='ltr'><strong>Domini:</strong></span> <span class='ocrx_word' id='word_1_493' title='bbox 2520 3192 2574 3238; x_wconf 92' lang='lat' dir='ltr'><strong>et</strong></span> <span class='ocrx_word' id='word_1_494' title='bbox 2598 3183 2949 3239; x_wconf 90' lang='lat' dir='ltr'><strong>crediderunt</strong></span> <span class='ocrx_word' id='word_1_495' title='bbox 2981 3174 3251 3256; x_wconf 76' lang='lat' dir='ltr'><strong>quotquot</strong></span> <span class='ocrx_word' id='word_1_496' title='bbox 3277 3194 3434 3241; x_wconf 89' lang='lat' dir='ltr'><strong>erant</strong></span> <span class='ocrx_word' id='word_1_497' title='bbox 3457 3202 3665 3257; x_wconf 72' lang='lat' dir='ltr'><strong>pmor-</strong></span> 
     </span>
    </p>
   </div>
   <div class='ocr_carea' id='block_1_63' title="bbox 367 3274 1955 3345">
    <p class='ocr_par' dir='ltr' id='par_1_63' title="bbox 367 3274 1955 3345">
     <span class='ocr_line' id='line_1_63' title="bbox 367 3274 1955 3345; baseline 0 -17"><span class='ocrx_word' id='word_1_498' title='bbox 367 3274 477 3329; x_wconf 89' lang='lat' dir='ltr'><strong>illis</strong></span> <span class='ocrx_word' id='word_1_499' title='bbox 511 3274 653 3330; x_wconf 88' lang='lat' dir='ltr'><strong>Deus</strong></span> <span class='ocrx_word' id='word_1_500' title='bbox 681 3274 807 3331; x_wconf 86' lang='lat' dir='ltr'><strong>Saul</strong></span> <span class='ocrx_word' id='word_1_501' title='bbox 838 3274 1008 3329; x_wconf 85' lang='lat' dir='ltr'><strong>ﬁlium</strong></span> <span class='ocrx_word' id='word_1_502' title='bbox 1035 3274 1146 3341; x_wconf 89' lang='lat' dir='ltr'><strong>Cis,</strong></span> <span class='ocrx_word' id='word_1_503' title='bbox 1174 3276 1346 3330; x_wconf 88' lang='lat' dir='ltr'><strong>virum</strong></span> <span class='ocrx_word' id='word_1_504' title='bbox 1379 3276 1448 3330; x_wconf 89' lang='lat' dir='ltr'><strong>de</strong></span> <span class='ocrx_word' id='word_1_505' title='bbox 1478 3277 1619 3330; x_wconf 88' lang='lat' dir='ltr'><strong>tribu</strong></span> <span class='ocrx_word' id='word_1_506' title='bbox 1654 3275 1955 3345; x_wconf 87' lang='lat' dir='ltr'><strong>Bcnjamin,</strong></span> 
     </span>
    </p>
   </div>
   <div class='ocr_carea' id='block_1_64' title="bbox 362 3368 1964 3438">
    <p class='ocr_par' dir='ltr' id='par_1_64' title="bbox 362 3368 1964 3438">
     <span class='ocr_line' id='line_1_64' title="bbox 362 3368 1964 3438; baseline 0.002 -17"><span class='ocrx_word' id='word_1_507' title='bbox 362 3368 523 3423; x_wconf 89' lang='lat' dir='ltr'><strong>anuis</strong></span> <span class='ocrx_word' id='word_1_508' title='bbox 576 3368 956 3438; x_wconf 84' lang='lat' dir='ltr'><strong>quadraginta.</strong></span> <span class='ocrx_word' id='word_1_509' title='bbox 1016 3368 1082 3424; x_wconf 86' lang='lat' dir='ltr'><strong>Et</strong></span> <span class='ocrx_word' id='word_1_510' title='bbox 1129 3379 1309 3426; x_wconf 92' lang='lat' dir='ltr'><strong>amoto</strong></span> <span class='ocrx_word' id='word_1_511' title='bbox 1360 3370 1473 3437; x_wconf 90' lang='lat' dir='ltr'><strong>illo,</strong></span> <span class='ocrx_word' id='word_1_512' title='bbox 1523 3370 1807 3425; x_wconf 88' lang='lat' dir='ltr'><strong>suscitavit</strong></span> <span class='ocrx_word' id='word_1_513' title='bbox 1856 3369 1964 3425; x_wconf 90' lang='lat' dir='ltr'><strong>illis</strong></span> 
     </span>
    </p>
   </div>
   <div class='ocr_carea' id='block_1_65' title="bbox 372 3461 1961 3533">
    <p class='ocr_par' dir='ltr' id='par_1_65' title="bbox 372 3461 1961 3533">
     <span class='ocr_line' id='line_1_65' title="bbox 372 3461 1961 3533; baseline 0 -17"><span class='ocrx_word' id='word_1_514' title='bbox 372 3461 546 3518; x_wconf 89' lang='lat' dir='ltr'><strong>David</strong></span> <span class='ocrx_word' id='word_1_515' title='bbox 600 3479 782 3533; x_wconf 85' lang='lat' dir='ltr'><strong>regem</strong></span> <span class='ocrx_word' id='word_1_516' title='bbox 817 3482 830 3517; x_wconf 93' lang='lat'><strong>:</strong></span> <span class='ocrx_word' id='word_1_517' title='bbox 863 3463 949 3518; x_wconf 90' lang='lat' dir='ltr'><strong>cui</strong></span> <span class='ocrx_word' id='word_1_518' title='bbox 1001 3464 1368 3519; x_wconf 88' lang='lat' dir='ltr'><strong>testimonium</strong></span> <span class='ocrx_word' id='word_1_519' title='bbox 1420 3465 1733 3533; x_wconf 75' lang='lat' dir='ltr'><strong>perhibetis,</strong></span> <span class='ocrx_word' id='word_1_520' title='bbox 1786 3464 1961 3519; x_wconf 89' lang='lat' dir='ltr'><strong>dixit:</strong></span> 
     </span>
    </p>
   </div>
   <div class='ocr_carea' id='block_1_66' title="bbox 366 3555 1966 3623">
    <p class='ocr_par' dir='ltr' id='par_1_66' title="bbox 366 3555 1966 3623">
     <span class='ocr_line' id='line_1_66' title="bbox 366 3555 1966 3623; baseline 0 -11"><span class='ocrx_word' id='word_1_521' title='bbox 366 3556 563 3612; x_wconf 84' lang='lat' dir='ltr'><strong>Inveni</strong></span> <span class='ocrx_word' id='word_1_522' title='bbox 614 3556 780 3611; x_wconf 88' lang='lat' dir='ltr'><strong>David</strong></span> <span class='ocrx_word' id='word_1_523' title='bbox 834 3555 1001 3612; x_wconf 88' lang='lat' dir='ltr'><strong>filium</strong></span> <span class='ocrx_word' id='word_1_524' title='bbox 1057 3556 1232 3623; x_wconf 75' lang='lat' dir='ltr'><strong>Iesse,</strong></span> <span class='ocrx_word' id='word_1_525' title='bbox 1291 3558 1466 3613; x_wconf 90' lang='lat' dir='ltr'><strong>virum</strong></span> <span class='ocrx_word' id='word_1_526' title='bbox 1519 3558 1814 3613; x_wconf 90' lang='lat' dir='ltr'><strong>secundum</strong></span> <span class='ocrx_word' id='word_1_527' title='bbox 1872 3574 1966 3613; x_wconf 90' lang='lat' dir='ltr'><strong>cor</strong></span> 
     </span>
    </p>
   </div>
   <div class='ocr_carea' id='block_1_67' title="bbox 367 3650 1967 3721">
    <p class='ocr_par' dir='ltr' id='par_1_67' title="bbox 367 3650 1967 3721">
     <span class='ocr_line' id='line_1_67' title="bbox 367 3650 1967 3721; baseline 0.001 -15"><span class='ocrx_word' id='word_1_528' title='bbox 367 3666 583 3719; x_wconf 90' lang='lat' dir='ltr'><strong>meum,</strong></span> <span class='ocrx_word' id='word_1_529' title='bbox 638 3651 730 3721; x_wconf 89' lang='lat' dir='ltr'><strong>qui</strong></span> <span class='ocrx_word' id='word_1_530' title='bbox 780 3650 940 3706; x_wconf 79' lang='lat' dir='ltr'><strong>faciet</strong></span> <span class='ocrx_word' id='word_1_531' title='bbox 989 3666 1181 3707; x_wconf 89' lang='lat' dir='ltr'><strong>omnes</strong></span> <span class='ocrx_word' id='word_1_532' title='bbox 1220 3651 1527 3707; x_wconf 89' lang='lat' dir='ltr'><strong>voluntates</strong></span> <span class='ocrx_word' id='word_1_533' title='bbox 1578 3666 1747 3708; x_wconf 91' lang='lat' dir='ltr'><strong>meas.</strong></span> <span class='ocrx_word' id='word_1_534' title='bbox 1798 3651 1967 3721; x_wconf 83' lang='lat' dir='ltr'><strong>Hujus</strong></span> 
     </span>
    </p>
   </div>
   <div class='ocr_carea' id='block_1_68' title="bbox 370 3744 1970 3815">
    <p class='ocr_par' dir='ltr' id='par_1_68' title="bbox 370 3744 1970 3815">
     <span class='ocr_line' id='line_1_68' title="bbox 370 3744 1970 3815; baseline 0 -16"><span class='ocrx_word' id='word_1_535' title='bbox 370 3744 518 3799; x_wconf 88' lang='lat' dir='ltr'><strong>Deus</strong></span> <span class='ocrx_word' id='word_1_536' title='bbox 565 3758 633 3798; x_wconf 83' lang='lat' dir='ltr'><strong>ex</strong></span> <span class='ocrx_word' id='word_1_537' title='bbox 688 3744 901 3799; x_wconf 90' lang='lat' dir='ltr'><strong>semine</strong></span> <span class='ocrx_word' id='word_1_538' title='bbox 947 3744 1244 3800; x_wconf 90' lang='lat' dir='ltr'><strong>secundum</strong></span> <span class='ocrx_word' id='word_1_539' title='bbox 1302 3746 1722 3815; x_wconf 88' lang='lat' dir='ltr'><strong>promissionem</strong></span> <span class='ocrx_word' id='word_1_540' title='bbox 1783 3744 1970 3800; x_wconf 86' lang='lat' dir='ltr'><strong>eduxit</strong></span> 
     </span>
    </p>
   </div>
   <div class='ocr_carea' id='block_1_69' title="bbox 371 3835 1972 3907">
    <p class='ocr_par' dir='ltr' id='par_1_69' title="bbox 371 3835 1972 3907">
     <span class='ocr_line' id='line_1_69' title="bbox 371 3835 1972 3907; baseline 0 -16"><span class='ocrx_word' id='word_1_541' title='bbox 371 3835 537 3892; x_wconf 89' lang='lat' dir='ltr'><strong>Israel</strong></span> <span class='ocrx_word' id='word_1_542' title='bbox 568 3835 894 3891; x_wconf 87' lang='lat' dir='ltr'><strong>salvatorem</strong></span> <span class='ocrx_word' id='word_1_543' title='bbox 939 3835 1124 3893; x_wconf 83' lang='lat' dir='ltr'><strong>Jesum</strong></span> <span class='ocrx_word' id='word_1_544' title='bbox 1146 3879 1159 3902; x_wconf 94' lang='lat'><strong>,</strong></span> <span class='ocrx_word' id='word_1_545' title='bbox 1193 3837 1526 3907; x_wconf 88' lang='lat' dir='ltr'><strong>praedicante</strong></span> <span class='ocrx_word' id='word_1_546' title='bbox 1564 3836 1777 3893; x_wconf 85' lang='lat' dir='ltr'><strong>Joanne</strong></span> <span class='ocrx_word' id='word_1_547' title='bbox 1799 3879 1812 3904; x_wconf 96' lang='lat'><strong>,</strong></span> <span class='ocrx_word' id='word_1_548' title='bbox 1846 3846 1972 3892; x_wconf 92' lang='lat' dir='ltr'><strong>ante</strong></span> 
     </span>
    </p>
   </div>
   <div class='ocr_carea' id='block_1_70' title="bbox 370 3929 1974 4005">
    <p class='ocr_par' dir='ltr' id='par_1_70' title="bbox 370 3929 1974 4005">
     <span class='ocr_line' id='line_1_70' title="bbox 370 3929 1974 4005; baseline 0.002 -20"><span class='ocrx_word' id='word_1_549' title='bbox 370 3929 568 3987; x_wconf 79' lang='lat' dir='ltr'><strong>faciem</strong></span> <span class='ocrx_word' id='word_1_550' title='bbox 597 3930 864 3986; x_wconf 89' lang='lat' dir='ltr'><strong>adventus</strong></span> <span class='ocrx_word' id='word_1_551' title='bbox 896 3932 1014 4001; x_wconf 87' lang='lat' dir='ltr'><strong>ejus</strong></span> <span class='ocrx_word' id='word_1_552' title='bbox 1037 3973 1052 4000; x_wconf 95' lang='lat'><strong>,</strong></span> <span class='ocrx_word' id='word_1_553' title='bbox 1089 3932 1419 4003; x_wconf 89' lang='lat' dir='ltr'><strong>baptismum</strong></span> <span class='ocrx_word' id='word_1_554' title='bbox 1452 3935 1792 4005; x_wconf 63' lang='lat' dir='ltr'><strong>paenitentia:</strong></span> <span class='ocrx_word' id='word_1_555' title='bbox 1826 3934 1974 3991; x_wconf 91' lang='lat' dir='ltr'><strong>omni</strong></span> 
     </span>
    </p>
   </div>
   <div class='ocr_carea' id='block_1_71' title="bbox 370 4022 1972 4095">
    <p class='ocr_par' dir='ltr' id='par_1_71' title="bbox 370 4022 1972 4095">
     <span class='ocr_line' id='line_1_71' title="bbox 370 4022 1972 4095; baseline 0.004 -18"><span class='ocrx_word' id='word_1_556' title='bbox 370 4024 578 4094; x_wconf 85' lang='lat' dir='ltr'><strong>populo</strong></span> <span class='ocrx_word' id='word_1_557' title='bbox 607 4022 795 4079; x_wconf 89' lang='lat' dir='ltr'><strong>Israel.</strong></span> <span class='ocrx_word' id='word_1_558' title='bbox 829 4022 963 4079; x_wconf 93' lang='lat' dir='ltr'><strong>Cum</strong></span> <span class='ocrx_word' id='word_1_559' title='bbox 992 4024 1245 4095; x_wconf 90' lang='lat' dir='ltr'><strong>impleret</strong></span> <span class='ocrx_word' id='word_1_560' title='bbox 1273 4035 1455 4083; x_wconf 90' lang='lat' dir='ltr'><strong>autem</strong></span> <span class='ocrx_word' id='word_1_561' title='bbox 1485 4028 1723 4083; x_wconf 89' lang='lat' dir='ltr'><strong>Joannes</strong></span> <span class='ocrx_word' id='word_1_562' title='bbox 1756 4043 1972 4084; x_wconf 92' lang='lat' dir='ltr'><strong>cursum</strong></span> 
     </span>
    </p>
   </div>
   <div class='ocr_carea' id='block_1_72' title="bbox 370 4116 1973 4186">
    <p class='ocr_par' dir='ltr' id='par_1_72' title="bbox 370 4116 1973 4186">
     <span class='ocr_line' id='line_1_72' title="bbox 370 4116 1973 4186; baseline 0.001 -13"><span class='ocrx_word' id='word_1_563' title='bbox 370 4131 559 4186; x_wconf 81' lang='lat' dir='ltr'><strong>suum,</strong></span> <span class='ocrx_word' id='word_1_564' title='bbox 584 4116 835 4173; x_wconf 90' lang='lat' dir='ltr'><strong>dicebat:</strong></span> <span class='ocrx_word' id='word_1_565' title='bbox 866 4118 1034 4183; x_wconf 84' lang='lat' dir='ltr'><strong>Quem</strong></span> <span class='ocrx_word' id='word_1_566' title='bbox 1060 4133 1149 4172; x_wconf 92' lang='lat' dir='ltr'><strong>me</strong></span> <span class='ocrx_word' id='word_1_567' title='bbox 1170 4118 1512 4175; x_wconf 89' lang='lat' dir='ltr'><strong>arbitramini</strong></span> <span class='ocrx_word' id='word_1_568' title='bbox 1541 4134 1693 4186; x_wconf 90' lang='lat' dir='ltr'><strong>esse,</strong></span> <span class='ocrx_word' id='word_1_569' title='bbox 1725 4136 1832 4177; x_wconf 93' lang='lat' dir='ltr'><strong>non</strong></span> <span class='ocrx_word' id='word_1_570' title='bbox 1855 4136 1973 4175; x_wconf 92' lang='lat' dir='ltr'><strong>sum</strong></span> 
     </span>
    </p>
   </div>
   <div class='ocr_carea' id='block_1_73' title="bbox 374 4210 1977 4284">
    <p class='ocr_par' dir='ltr' id='par_1_73' title="bbox 374 4210 1977 4284">
     <span class='ocr_line' id='line_1_73' title="bbox 374 4210 1977 4284; baseline 0.002 -18"><span class='ocrx_word' id='word_1_571' title='bbox 374 4226 511 4281; x_wconf 88' lang='lat' dir='ltr'><strong>ego,</strong></span> <span class='ocrx_word' id='word_1_572' title='bbox 546 4210 641 4266; x_wconf 89' lang='lat' dir='ltr'><strong>sed</strong></span> <span class='ocrx_word' id='word_1_573' title='bbox 672 4225 800 4266; x_wconf 86' lang='lat' dir='ltr'><strong>ecce</strong></span> <span class='ocrx_word' id='word_1_574' title='bbox 841 4211 993 4266; x_wconf 89' lang='lat' dir='ltr'><strong>venit</strong></span> <span class='ocrx_word' id='word_1_575' title='bbox 1021 4219 1142 4281; x_wconf 88' lang='lat' dir='ltr'><strong>post</strong></span> <span class='ocrx_word' id='word_1_576' title='bbox 1168 4228 1288 4283; x_wconf 92' lang='lat' dir='ltr'><strong>me,</strong></span> <span class='ocrx_word' id='word_1_577' title='bbox 1321 4214 1476 4281; x_wconf 90' lang='lat' dir='ltr'><strong>cujus</strong></span> <span class='ocrx_word' id='word_1_578' title='bbox 1503 4230 1607 4268; x_wconf 88' lang='lat' dir='ltr'><strong>non</strong></span> <span class='ocrx_word' id='word_1_579' title='bbox 1637 4229 1755 4269; x_wconf 91' lang='lat' dir='ltr'><strong>sum</strong></span> <span class='ocrx_word' id='word_1_580' title='bbox 1787 4213 1977 4284; x_wconf 91' lang='lat' dir='ltr'><strong>dignus</strong></span> 
     </span>
    </p>
   </div>
   <div class='ocr_carea' id='block_1_74' title="bbox 376 4304 1979 4379">
    <p class='ocr_par' dir='ltr' id='par_1_74' title="bbox 376 4304 1979 4379">
     <span class='ocr_line' id='line_1_74' title="bbox 376 4304 1979 4379; baseline 0.001 -19"><span class='ocrx_word' id='word_1_581' title='bbox 376 4305 751 4361; x_wconf 85' lang='lat' dir='ltr'><strong>caleeamenta</strong></span> <span class='ocrx_word' id='word_1_582' title='bbox 778 4304 971 4375; x_wconf 91' lang='lat' dir='ltr'><strong>pedum</strong></span> <span class='ocrx_word' id='word_1_583' title='bbox 999 4306 1228 4362; x_wconf 89' lang='lat' dir='ltr'><strong>solvere.</strong></span> <span class='ocrx_word' id='word_1_584' title='bbox 1263 4306 1374 4362; x_wconf 89' lang='lat' dir='ltr'><strong>Viri</strong></span> <span class='ocrx_word' id='word_1_585' title='bbox 1396 4306 1613 4375; x_wconf 84' lang='lat' dir='ltr'><strong>fratres,</strong></span> <span class='ocrx_word' id='word_1_586' title='bbox 1643 4307 1735 4363; x_wconf 90' lang='lat' dir='ltr'><strong>ﬁlii</strong></span> <span class='ocrx_word' id='word_1_587' title='bbox 1763 4309 1979 4379; x_wconf 89' lang='lat' dir='ltr'><strong>generis</strong></span> 
     </span>
    </p>
   </div>
   <div class='ocr_carea' id='block_1_75' title="bbox 376 4398 1983 4468">
    <p class='ocr_par' dir='ltr' id='par_1_75' title="bbox 376 4398 1983 4468">
     <span class='ocr_line' id='line_1_75' title="bbox 376 4398 1983 4468; baseline 0.001 -14"><span class='ocrx_word' id='word_1_588' title='bbox 376 4398 678 4463; x_wconf 86' lang='lat' dir='ltr'><strong>Abraham,</strong></span> <span class='ocrx_word' id='word_1_589' title='bbox 708 4407 763 4454; x_wconf 92' lang='lat' dir='ltr'><strong>et</strong></span> <span class='ocrx_word' id='word_1_590' title='bbox 788 4399 879 4468; x_wconf 89' lang='lat' dir='ltr'><strong>qui</strong></span> <span class='ocrx_word' id='word_1_591' title='bbox 914 4399 968 4454; x_wconf 92' lang='lat' dir='ltr'><strong>in</strong></span> <span class='ocrx_word' id='word_1_592' title='bbox 1012 4399 1163 4456; x_wconf 88' lang='lat' dir='ltr'><strong>vobis</strong></span> <span class='ocrx_word' id='word_1_593' title='bbox 1208 4400 1401 4456; x_wconf 89' lang='lat' dir='ltr'><strong>timent</strong></span> <span class='ocrx_word' id='word_1_594' title='bbox 1430 4401 1636 4457; x_wconf 90' lang='lat' dir='ltr'><strong>Deum:</strong></span> <span class='ocrx_word' id='word_1_595' title='bbox 1669 4402 1819 4457; x_wconf 91' lang='lat' dir='ltr'><strong>vobis</strong></span> <span class='ocrx_word' id='word_1_596' title='bbox 1861 4417 1983 4456; x_wconf 91' lang='lat' dir='ltr'><strong>ver-</strong></span> 
     </span>
    </p>
   </div>
   <div class='ocr_carea' id='block_1_76' title="bbox 380 4492 1982 4564">
    <p class='ocr_par' dir='ltr' id='par_1_76' title="bbox 380 4492 1982 4564">
     <span class='ocr_line' id='line_1_76' title="bbox 380 4492 1982 4564; baseline 0.001 -16"><span class='ocrx_word' id='word_1_597' title='bbox 380 4493 510 4549; x_wconf 87' lang='lat' dir='ltr'><strong>bum</strong></span> <span class='ocrx_word' id='word_1_598' title='bbox 538 4492 728 4549; x_wconf 89' lang='lat' dir='ltr'><strong>salutis</strong></span> <span class='ocrx_word' id='word_1_599' title='bbox 760 4493 918 4564; x_wconf 85' lang='lat' dir='ltr'><strong>hujus</strong></span> <span class='ocrx_word' id='word_1_600' title='bbox 950 4494 1174 4549; x_wconf 91' lang='lat' dir='ltr'><strong>missum</strong></span> <span class='ocrx_word' id='word_1_601' title='bbox 1214 4503 1315 4550; x_wconf 92' lang='lat' dir='ltr'><strong>cst.</strong></span> <span class='ocrx_word' id='word_1_602' title='bbox 1349 4495 1449 4564; x_wconf 85' lang='lat' dir='ltr'><strong>Qui</strong></span> <span class='ocrx_word' id='word_1_603' title='bbox 1491 4496 1635 4551; x_wconf 92' lang='lat' dir='ltr'><strong>enim</strong></span> <span class='ocrx_word' id='word_1_604' title='bbox 1669 4496 1982 4551; x_wconf 89' lang='lat' dir='ltr'><strong>habitabant</strong></span> 
     </span>
    </p>
   </div>
   <div class='ocr_carea' id='block_1_77' title="bbox 2068 3276 3668 3335">
    <p class='ocr_par' dir='ltr' id='par_1_77' title="bbox 2068 3276 3668 3335">
     <span class='ocr_line' id='line_1_77' title="bbox 2068 3276 3668 3335; baseline 0.003 -4"><span class='ocrx_word' id='word_1_605' title='bbox 2068 3276 2239 3331; x_wconf 88' lang='lat' dir='ltr'><strong>dinatl</strong></span> <span class='ocrx_word' id='word_1_606' title='bbox 2293 3277 2361 3331; x_wconf 88' lang='lat' dir='ltr'><strong>ad</strong></span> <span class='ocrx_word' id='word_1_607' title='bbox 2421 3276 2587 3331; x_wconf 89' lang='lat' dir='ltr'><strong>vitam</strong></span> <span class='ocrx_word' id='word_1_608' title='bbox 2641 3286 2923 3332; x_wconf 68' lang='lat' dir='ltr'><strong>aeternam.</strong></span> <span class='ocrx_word' id='word_1_609' title='bbox 2968 3278 3437 3334; x_wconf 89' lang='lat' dir='ltr'><strong>Dissemiuabatur</strong></span> <span class='ocrx_word' id='word_1_610' title='bbox 3487 3288 3668 3335; x_wconf 91' lang='lat' dir='ltr'><strong>autem</strong></span> 
     </span>
    </p>
   </div>
   <div class='ocr_carea' id='block_1_78' title="bbox 2068 3370 3673 3444">
    <p class='ocr_par' dir='ltr' id='par_1_78' title="bbox 2068 3370 3673 3444">
     <span class='ocr_line' id='line_1_78' title="bbox 2068 3370 3673 3444; baseline 0.004 -19"><span class='ocrx_word' id='word_1_611' title='bbox 2068 3371 2296 3427; x_wconf 89' lang='lat' dir='ltr'><strong>verbum</strong></span> <span class='ocrx_word' id='word_1_612' title='bbox 2356 3370 2574 3426; x_wconf 91' lang='lat' dir='ltr'><strong>Domini</strong></span> <span class='ocrx_word' id='word_1_613' title='bbox 2632 3387 2728 3441; x_wconf 91' lang='lat' dir='ltr'><strong>per</strong></span> <span class='ocrx_word' id='word_1_614' title='bbox 2778 3372 3087 3428; x_wconf 88' lang='lat' dir='ltr'><strong>universam</strong></span> <span class='ocrx_word' id='word_1_615' title='bbox 3140 3372 3443 3444; x_wconf 86' lang='lat' dir='ltr'><strong>regionem.</strong></span> <span class='ocrx_word' id='word_1_616' title='bbox 3499 3375 3673 3431; x_wconf 67' lang='lat' dir='ltr'><strong>Judaei</strong></span> 
     </span>
    </p>
   </div>
   <div class='ocr_carea' id='block_1_79' title="bbox 2069 3464 3667 3535">
    <p class='ocr_par' dir='ltr' id='par_1_79' title="bbox 2069 3464 3667 3535">
     <span class='ocr_line' id='line_1_79' title="bbox 2069 3464 3667 3535; baseline 0.003 -18"><span class='ocrx_word' id='word_1_617' title='bbox 2069 3472 2249 3519; x_wconf 90' lang='lat' dir='ltr'><strong>autem</strong></span> <span class='ocrx_word' id='word_1_618' title='bbox 2270 3465 2685 3520; x_wconf 86' lang='lat' dir='ltr'><strong>concitaverunt</strong></span> <span class='ocrx_word' id='word_1_619' title='bbox 2706 3464 2963 3520; x_wconf 91' lang='lat' dir='ltr'><strong>mulieres</strong></span> <span class='ocrx_word' id='word_1_620' title='bbox 2988 3464 3296 3535; x_wconf 88' lang='lat' dir='ltr'><strong>religiosas,</strong></span> <span class='ocrx_word' id='word_1_621' title='bbox 3316 3474 3372 3519; x_wconf 89' lang='lat' dir='ltr'><strong>et</strong></span> <span class='ocrx_word' id='word_1_622' title='bbox 3389 3464 3667 3535; x_wconf 85' lang='lat' dir='ltr'><strong>honestas,</strong></span> 
     </span>
    </p>
   </div>
   <div class='ocr_carea' id='block_1_80' title="bbox 2070 3559 3673 3631">
    <p class='ocr_par' dir='ltr' id='par_1_80' title="bbox 2070 3559 3673 3631">
     <span class='ocr_line' id='line_1_80' title="bbox 2070 3559 3673 3631; baseline -0.001 -15"><span class='ocrx_word' id='word_1_623' title='bbox 2070 3569 2123 3616; x_wconf 91' lang='lat' dir='ltr'><strong>et</strong></span> <span class='ocrx_word' id='word_1_624' title='bbox 2153 3560 2360 3631; x_wconf 88' lang='lat' dir='ltr'><strong>primos</strong></span> <span class='ocrx_word' id='word_1_625' title='bbox 2403 3559 2665 3629; x_wconf 88' lang='lat' dir='ltr'><strong>civitatis,</strong></span> <span class='ocrx_word' id='word_1_626' title='bbox 2714 3568 2769 3615; x_wconf 90' lang='lat' dir='ltr'><strong>et</strong></span> <span class='ocrx_word' id='word_1_627' title='bbox 2807 3559 3190 3615; x_wconf 84' lang='lat' dir='ltr'><strong>excitaverunt</strong></span> <span class='ocrx_word' id='word_1_628' title='bbox 3233 3560 3673 3630; x_wconf 90' lang='lat' dir='ltr'><strong>persecutionem</strong></span> 
     </span>
    </p>
   </div>
   <div class='ocr_carea' id='block_1_81' title="bbox 2072 3651 3674 3723">
    <p class='ocr_par' dir='ltr' id='par_1_81' title="bbox 2072 3651 3674 3723">
     <span class='ocr_line' id='line_1_81' title="bbox 2072 3651 3674 3723; baseline -0.001 -16"><span class='ocrx_word' id='word_1_629' title='bbox 2072 3653 2125 3707; x_wconf 93' lang='lat' dir='ltr'><strong>in</strong></span> <span class='ocrx_word' id='word_1_630' title='bbox 2160 3653 2383 3707; x_wconf 86' lang='lat' dir='ltr'><strong>Paulum</strong></span> <span class='ocrx_word' id='word_1_631' title='bbox 2432 3661 2489 3707; x_wconf 87' lang='lat' dir='ltr'><strong>ct</strong></span> <span class='ocrx_word' id='word_1_632' title='bbox 2514 3651 2822 3707; x_wconf 88' lang='lat' dir='ltr'><strong>Barnabam</strong></span> <span class='ocrx_word' id='word_1_633' title='bbox 2871 3668 2887 3707; x_wconf 91' lang='lat'><strong>:</strong></span> <span class='ocrx_word' id='word_1_634' title='bbox 2919 3659 2976 3708; x_wconf 89' lang='lat' dir='ltr'><strong>et</strong></span> <span class='ocrx_word' id='word_1_635' title='bbox 3007 3652 3288 3723; x_wconf 87' lang='lat' dir='ltr'><strong>ejecerunt</strong></span> <span class='ocrx_word' id='word_1_636' title='bbox 3314 3667 3412 3709; x_wconf 91' lang='lat' dir='ltr'><strong>eos</strong></span> <span class='ocrx_word' id='word_1_637' title='bbox 3444 3652 3512 3707; x_wconf 91' lang='lat' dir='ltr'><strong>de</strong></span> <span class='ocrx_word' id='word_1_638' title='bbox 3552 3651 3674 3706; x_wconf 86' lang='lat' dir='ltr'><strong>ﬁni-</strong></span> 
     </span>
    </p>
   </div>
   <div class='ocr_carea' id='block_1_82' title="bbox 2076 3745 3677 3816">
    <p class='ocr_par' dir='ltr' id='par_1_82' title="bbox 2076 3745 3677 3816">
     <span class='ocr_line' id='line_1_82' title="bbox 2076 3745 3677 3816; baseline 0.001 -16"><span class='ocrx_word' id='word_1_639' title='bbox 2076 3745 2174 3800; x_wconf 88' lang='lat' dir='ltr'><strong>bus</strong></span> <span class='ocrx_word' id='word_1_640' title='bbox 2205 3746 2341 3801; x_wconf 90' lang='lat' dir='ltr'><strong>suis.</strong></span> <span class='ocrx_word' id='word_1_641' title='bbox 2373 3748 2440 3800; x_wconf 87' lang='lat' dir='ltr'><strong>At</strong></span> <span class='ocrx_word' id='word_1_642' title='bbox 2469 3745 2571 3811; x_wconf 91' lang='lat' dir='ltr'><strong>illi,</strong></span> <span class='ocrx_word' id='word_1_643' title='bbox 2608 3760 2849 3801; x_wconf 81' lang='lat' dir='ltr'><strong>excusso</strong></span> <span class='ocrx_word' id='word_1_644' title='bbox 2878 3745 3100 3814; x_wconf 88' lang='lat' dir='ltr'><strong>pulvere</strong></span> <span class='ocrx_word' id='word_1_645' title='bbox 3127 3745 3327 3816; x_wconf 91' lang='lat' dir='ltr'><strong>pedum</strong></span> <span class='ocrx_word' id='word_1_646' title='bbox 3360 3745 3414 3800; x_wconf 92' lang='lat' dir='ltr'><strong>in</strong></span> <span class='ocrx_word' id='word_1_647' title='bbox 3442 3760 3561 3810; x_wconf 91' lang='lat' dir='ltr'><strong>eos,</strong></span> <span class='ocrx_word' id='word_1_648' title='bbox 3584 3759 3677 3801; x_wconf 89' lang='lat' dir='ltr'><strong>ve-</strong></span> 
     </span>
    </p>
   </div>
   <div class='ocr_carea' id='block_1_83' title="bbox 2082 3839 3673 3912">
    <p class='ocr_par' dir='ltr' id='par_1_83' title="bbox 2082 3839 3673 3912">
     <span class='ocr_line' id='line_1_83' title="bbox 2082 3839 3673 3912; baseline 0 -17"><span class='ocrx_word' id='word_1_649' title='bbox 2082 3848 2277 3895; x_wconf 90' lang='lat' dir='ltr'><strong>nerunt</strong></span> <span class='ocrx_word' id='word_1_650' title='bbox 2309 3839 2572 3894; x_wconf 89' lang='lat' dir='ltr'><strong>Iconium.</strong></span> <span class='ocrx_word' id='word_1_651' title='bbox 2605 3839 2869 3909; x_wconf 89' lang='lat' dir='ltr'><strong>Discipuli</strong></span> <span class='ocrx_word' id='word_1_652' title='bbox 2899 3854 3114 3911; x_wconf 91' lang='lat' dir='ltr'><strong>quoque</strong></span> <span class='ocrx_word' id='word_1_653' title='bbox 3160 3839 3509 3912; x_wconf 86' lang='lat' dir='ltr'><strong>replebantur</strong></span> <span class='ocrx_word' id='word_1_654' title='bbox 3537 3855 3673 3911; x_wconf 83' lang='lat' dir='ltr'><strong>gau-</strong></span> 
     </span>
    </p>
   </div>
   <div class='ocr_carea' id='block_1_84' title="bbox 2076 3933 2753 4003">
    <p class='ocr_par' dir='ltr' id='par_1_84' title="bbox 2076 3933 2753 4003">
     <span class='ocr_line' id='line_1_84' title="bbox 2076 3933 2753 4003; baseline -0.004 -13"><span class='ocrx_word' id='word_1_655' title='bbox 2076 3935 2188 4000; x_wconf 89' lang='lat' dir='ltr'><strong>dio,</strong></span> <span class='ocrx_word' id='word_1_656' title='bbox 2219 3941 2277 3989; x_wconf 90' lang='lat' dir='ltr'><strong>et</strong></span> <span class='ocrx_word' id='word_1_657' title='bbox 2302 3933 2513 4003; x_wconf 84' lang='lat' dir='ltr'><strong>Spiritu</strong></span> <span class='ocrx_word' id='word_1_658' title='bbox 2542 3941 2753 3988; x_wconf 88' lang='lat' dir='ltr'><strong>saneto.</strong></span> 
     </span>
    </p>
   </div>
   <div class='ocr_carea' id='block_1_85' title="bbox 2150 4025 3663 4099">
    <p class='ocr_par' dir='ltr' id='par_1_85' title="bbox 2150 4025 3663 4099">
     <span class='ocr_line' id='line_1_85' title="bbox 2150 4025 3663 4099; baseline 0.001 -18"><span class='ocrx_word' id='word_1_659' title='bbox 2150 4027 2301 4099; x_wconf 73' lang='grc' dir='ltr'><strong>[ϐαρ.</strong></span> <span class='ocrx_word' id='word_1_660' title='bbox 2338 4025 2505 4097; x_wconf 81' lang='lat' dir='ltr'><strong>XIV.]</strong></span> <span class='ocrx_word' id='word_1_661' title='bbox 2556 4027 2777 4083; x_wconf 87' lang='lat' dir='ltr'><strong>Factum</strong></span> <span class='ocrx_word' id='word_1_662' title='bbox 2820 4036 2904 4083; x_wconf 87' lang='lat' dir='ltr'><strong>est</strong></span> <span class='ocrx_word' id='word_1_663' title='bbox 2937 4034 3119 4089; x_wconf 82' lang='lat' dir='ltr'><strong>autem</strong></span> <span class='ocrx_word' id='word_1_664' title='bbox 3159 4026 3365 4096; x_wconf 87' lang='lat' dir='ltr'><strong>lconii,</strong></span> <span class='ocrx_word' id='word_1_665' title='bbox 3411 4035 3469 4082; x_wconf 92' lang='lat' dir='ltr'><strong>ut</strong></span> <span class='ocrx_word' id='word_1_666' title='bbox 3497 4026 3663 4083; x_wconf 91' lang='lat' dir='ltr'><strong>simul</strong></span> 
     </span>
    </p>
   </div>
   <div class='ocr_carea' id='block_1_86' title="bbox 2081 4110 3682 4193">
    <p class='ocr_par' dir='ltr' id='par_1_86' title="bbox 2081 4110 3682 4193">
     <span class='ocr_line' id='line_1_86' title="bbox 2081 4110 3682 4193; baseline -0.002 -14"><span class='ocrx_word' id='word_1_667' title='bbox 2081 4123 2375 4179; x_wconf 89' lang='lat' dir='ltr'><strong>introirent</strong></span> <span class='ocrx_word' id='word_1_668' title='bbox 2421 4121 2475 4177; x_wconf 90' lang='lat' dir='ltr'><strong>in</strong></span> <span class='ocrx_word' id='word_1_669' title='bbox 2522 4137 2847 4193; x_wconf 88' lang='lat' dir='ltr'><strong>synagogam</strong></span> <span class='ocrx_word' id='word_1_670' title='bbox 2876 4110 3682 4191; x_wconf 38' lang='lat' dir='ltr'><strong>JudmorumfetJoqucren-</strong></span> 
     </span>
    </p>
   </div>
   <div class='ocr_carea' id='block_1_87' title="bbox 2085 4210 3684 4295">
    <p class='ocr_par' dir='ltr' id='par_1_87' title="bbox 2085 4210 3684 4295">
     <span class='ocr_line' id='line_1_87' title="bbox 2085 4210 3684 4295; baseline -0.002 -23"><span class='ocrx_word' id='word_1_671' title='bbox 2085 4229 2189 4284; x_wconf 91' lang='lat' dir='ltr'><strong>tur,</strong></span> <span class='ocrx_word' id='word_1_672' title='bbox 2249 4217 2324 4273; x_wconf 91' lang='lat' dir='ltr'><strong>ita</strong></span> <span class='ocrx_word' id='word_1_673' title='bbox 2378 4224 2436 4270; x_wconf 90' lang='lat' dir='ltr'><strong>ut</strong></span> <span class='ocrx_word' id='word_1_674' title='bbox 2481 4215 2730 4271; x_wconf 87' lang='lat' dir='ltr'><strong>crederet</strong></span> <span class='ocrx_word' id='word_1_675' title='bbox 2774 4213 3090 4270; x_wconf 75' lang='lat' dir='ltr'><strong>Iudaeorum</strong></span> <span class='ocrx_word' id='word_1_676' title='bbox 3129 4221 3185 4268; x_wconf 92' lang='lat' dir='ltr'><strong>et</strong></span> <span class='ocrx_word' id='word_1_677' title='bbox 3235 4210 3551 4295; x_wconf 82' lang='lat' dir='ltr'><strong>Graecorum</strong></span> <span class='ocrx_word' id='word_1_678' title='bbox 3590 4228 3684 4269; x_wconf 91' lang='lat' dir='ltr'><strong>co-</strong></span> 
     </span>
    </p>
   </div>
   <div class='ocr_carea' id='block_1_88' title="bbox 2086 4292 3684 4380">
    <p class='ocr_par' dir='ltr' id='par_1_88' title="bbox 2086 4292 3684 4380">
     <span class='ocr_line' id='line_1_88' title="bbox 2086 4292 3684 4380; baseline -0.002 -16"><span class='ocrx_word' id='word_1_679' title='bbox 2086 4309 2235 4380; x_wconf 87' lang='lat' dir='ltr'><strong>piosa</strong></span> <span class='ocrx_word' id='word_1_680' title='bbox 2267 4308 2574 4364; x_wconf 81' lang='lat' dir='ltr'><strong>multitudo.</strong></span> <span class='ocrx_word' id='word_1_681' title='bbox 2648 4307 2751 4376; x_wconf 85' lang='lat' dir='ltr'><strong>Qui</strong></span> <span class='ocrx_word' id='word_1_682' title='bbox 2780 4321 2915 4363; x_wconf 91' lang='lat' dir='ltr'><strong>vero</strong></span> <span class='ocrx_word' id='word_1_683' title='bbox 2948 4306 3210 4363; x_wconf 90' lang='lat' dir='ltr'><strong>increduli</strong></span> <span class='ocrx_word' id='word_1_684' title='bbox 3238 4292 3457 4362; x_wconf 86' lang='lat' dir='ltr'><strong>fuerunt</strong></span> <span class='ocrx_word' id='word_1_685' title='bbox 3486 4292 3684 4373; x_wconf 56' lang='lat' dir='ltr'><strong>Judaei,</strong></span> 
     </span>
    </p>
   </div>
   <div class='ocr_carea' id='block_1_89' title="bbox 2085 4399 3693 4471">
    <p class='ocr_par' dir='ltr' id='par_1_89' title="bbox 2085 4399 3693 4471">
     <span class='ocr_line' id='line_1_89' title="bbox 2085 4399 3693 4471; baseline -0.005 -10"><span class='ocrx_word' id='word_1_686' title='bbox 2085 4406 2488 4461; x_wconf 85' lang='lat' dir='ltr'><strong>suscitaverunt</strong></span> <span class='ocrx_word' id='word_1_687' title='bbox 2512 4446 2527 4471; x_wconf 93' lang='lat'><strong>,</strong></span> <span class='ocrx_word' id='word_1_688' title='bbox 2586 4413 2639 4458; x_wconf 90' lang='lat' dir='ltr'><strong>et</strong></span> <span class='ocrx_word' id='word_1_689' title='bbox 2669 4402 2734 4456; x_wconf 92' lang='lat' dir='ltr'><strong>ad</strong></span> <span class='ocrx_word' id='word_1_690' title='bbox 2774 4401 3111 4457; x_wconf 87' lang='lat' dir='ltr'><strong>iracundiam</strong></span> <span class='ocrx_word' id='word_1_691' title='bbox 3140 4399 3550 4456; x_wconf 88' lang='lat' dir='ltr'><strong>concitaverunt</strong></span> <span class='ocrx_word' id='word_1_692' title='bbox 3573 4399 3693 4454; x_wconf 90' lang='lat' dir='ltr'><strong>ani-</strong></span> 
     </span>
    </p>
   </div>
   <div class='ocr_carea' id='block_1_90' title="bbox 2092 4491 3690 4567">
    <p class='ocr_par' dir='ltr' id='par_1_90' title="bbox 2092 4491 3690 4567">
     <span class='ocr_line' id='line_1_90' title="bbox 2092 4491 3690 4567; baseline -0.003 -17"><span class='ocrx_word' id='word_1_693' title='bbox 2092 4512 2207 4551; x_wconf 91' lang='lat' dir='ltr'><strong>mas</strong></span> <span class='ocrx_word' id='word_1_694' title='bbox 2236 4494 2480 4567; x_wconf 90' lang='lat' dir='ltr'><strong>gentium</strong></span> <span class='ocrx_word' id='word_1_695' title='bbox 2513 4494 2775 4549; x_wconf 85' lang='lat' dir='ltr'><strong>adversus</strong></span> <span class='ocrx_word' id='word_1_696' title='bbox 2806 4491 3025 4546; x_wconf 88' lang='lat' dir='ltr'><strong>fratres.</strong></span> <span class='ocrx_word' id='word_1_697' title='bbox 3082 4491 3252 4548; x_wconf 85' lang='lat' dir='ltr'><strong>Multo</strong></span> <span class='ocrx_word' id='word_1_698' title='bbox 3284 4492 3444 4562; x_wconf 90' lang='lat' dir='ltr'><strong>igitur</strong></span> <span class='ocrx_word' id='word_1_699' title='bbox 3478 4499 3690 4559; x_wconf 90' lang='lat' dir='ltr'><strong>tempo-</strong></span> 
     </span>
    </p>
   </div>
   <div class='ocr_carea' id='block_1_91' title="bbox 380 4568 3691 4661">
    <p class='ocr_par' dir='ltr' id='par_1_91' title="bbox 380 4568 3691 4661">
     <span class='ocr_line' id='line_1_91' title="bbox 380 4568 3691 4661; baseline -0.002 -18"><span class='ocrx_word' id='word_1_700' title='bbox 380 4587 706 4655; x_wconf 86' lang='lat' dir='ltr'><strong>Jerusalem,</strong></span> <span class='ocrx_word' id='word_1_701' title='bbox 753 4597 808 4642; x_wconf 90' lang='lat' dir='ltr'><strong>et</strong></span> <span class='ocrx_word' id='word_1_702' title='bbox 857 4588 1125 4659; x_wconf 91' lang='lat' dir='ltr'><strong>principes</strong></span> <span class='ocrx_word' id='word_1_703' title='bbox 1167 4589 1316 4658; x_wconf 87' lang='lat' dir='ltr'><strong>ejus,</strong></span> <span class='ocrx_word' id='word_1_704' title='bbox 1364 4588 1506 4644; x_wconf 92' lang='lat' dir='ltr'><strong>hunc</strong></span> <span class='ocrx_word' id='word_1_705' title='bbox 1550 4590 1880 4661; x_wconf 86' lang='lat' dir='ltr'><strong>ignorantes,</strong></span> <span class='ocrx_word' id='word_1_706' title='bbox 1929 4568 2060 4645; x_wconf 89' lang='lat' dir='ltr'><strong>etD</strong></span> <span class='ocrx_word' id='word_1_707' title='bbox 2088 4604 2147 4644; x_wconf 93' lang='lat' dir='ltr'><strong>re</strong></span> <span class='ocrx_word' id='word_1_708' title='bbox 2197 4587 2460 4643; x_wconf 89' lang='lat' dir='ltr'><strong>demorati</strong></span> <span class='ocrx_word' id='word_1_709' title='bbox 2511 4592 2674 4651; x_wconf 89' lang='lat' dir='ltr'><strong>sunt,</strong></span> <span class='ocrx_word' id='word_1_710' title='bbox 2727 4583 3052 4639; x_wconf 88' lang='lat' dir='ltr'><strong>ﬁducialiter</strong></span> <span class='ocrx_word' id='word_1_711' title='bbox 3081 4592 3305 4654; x_wconf 88' lang='lat' dir='ltr'><strong>agentes</strong></span> <span class='ocrx_word' id='word_1_712' title='bbox 3351 4583 3404 4637; x_wconf 94' lang='lat' dir='ltr'><strong>in</strong></span> <span class='ocrx_word' id='word_1_713' title='bbox 3440 4583 3691 4647; x_wconf 90' lang='lat' dir='ltr'><strong>Domino,</strong></span> 
     </span>
    </p>
   </div>
   <div class='ocr_carea' id='block_1_92' title="bbox 382 4680 1984 4754">
    <p class='ocr_par' dir='ltr' id='par_1_92' title="bbox 382 4680 1984 4754">
     <span class='ocr_line' id='line_1_92' title="bbox 382 4680 1984 4754; baseline 0.001 -19"><span class='ocrx_word' id='word_1_714' title='bbox 382 4696 552 4738; x_wconf 83' lang='lat' dir='ltr'><strong>voces</strong></span> <span class='ocrx_word' id='word_1_715' title='bbox 577 4680 991 4751; x_wconf 89' lang='lat' dir='ltr'><strong>prophetarum,</strong></span> <span class='ocrx_word' id='word_1_716' title='bbox 1024 4698 1143 4753; x_wconf 88' lang='lat' dir='ltr'><strong>quae</strong></span> <span class='ocrx_word' id='word_1_717' title='bbox 1167 4698 1263 4753; x_wconf 90' lang='lat' dir='ltr'><strong>per</strong></span> <span class='ocrx_word' id='word_1_718' title='bbox 1293 4697 1455 4738; x_wconf 90' lang='lat' dir='ltr'><strong>omne</strong></span> <span class='ocrx_word' id='word_1_719' title='bbox 1481 4683 1766 4738; x_wconf 90' lang='lat' dir='ltr'><strong>sabbatum</strong></span> <span class='ocrx_word' id='word_1_720' title='bbox 1798 4683 1984 4754; x_wconf 75' lang='lat' dir='ltr'><strong>legun-</strong></span> 
     </span>
    </p>
   </div>
   <div class='ocr_carea' id='block_1_93' title="bbox 388 4775 1987 4848">
    <p class='ocr_par' dir='ltr' id='par_1_93' title="bbox 388 4775 1987 4848">
     <span class='ocr_line' id='line_1_93' title="bbox 388 4775 1987 4848; baseline -0.002 -16"><span class='ocrx_word' id='word_1_721' title='bbox 388 4784 501 4848; x_wconf 90' lang='lat' dir='ltr'><strong>tur,</strong></span> <span class='ocrx_word' id='word_1_722' title='bbox 530 4775 838 4846; x_wconf 89' lang='lat' dir='ltr'><strong>judicantes</strong></span> <span class='ocrx_word' id='word_1_723' title='bbox 869 4776 1230 4847; x_wconf 87' lang='lat' dir='ltr'><strong>impleverunt</strong></span> <span class='ocrx_word' id='word_1_724' title='bbox 1256 4794 1267 4830; x_wconf 91' lang='lat'><strong>:</strong></span> <span class='ocrx_word' id='word_1_725' title='bbox 1292 4785 1347 4831; x_wconf 91' lang='lat' dir='ltr'><strong>et</strong></span> <span class='ocrx_word' id='word_1_726' title='bbox 1370 4776 1575 4831; x_wconf 89' lang='lat' dir='ltr'><strong>nullam</strong></span> <span class='ocrx_word' id='word_1_727' title='bbox 1597 4790 1816 4839; x_wconf 89' lang='lat' dir='ltr'><strong>causam</strong></span> <span class='ocrx_word' id='word_1_728' title='bbox 1842 4792 1987 4832; x_wconf 89' lang='lat' dir='ltr'><strong>mor-</strong></span> 
     </span>
    </p>
   </div>
   <div class='ocr_carea' id='block_1_94' title="bbox 388 4870 1985 4941">
    <p class='ocr_par' dir='ltr' id='par_1_94' title="bbox 388 4870 1985 4941">
     <span class='ocr_line' id='line_1_94' title="bbox 388 4870 1985 4941; baseline -0.001 -14"><span class='ocrx_word' id='word_1_729' title='bbox 388 4871 461 4927; x_wconf 89' lang='lat' dir='ltr'><strong>tis</strong></span> <span class='ocrx_word' id='word_1_730' title='bbox 486 4871 827 4926; x_wconf 90' lang='lat' dir='ltr'><strong>invenientes</strong></span> <span class='ocrx_word' id='word_1_731' title='bbox 857 4870 913 4925; x_wconf 93' lang='lat' dir='ltr'><strong>in</strong></span> <span class='ocrx_word' id='word_1_732' title='bbox 944 4886 1040 4937; x_wconf 91' lang='lat' dir='ltr'><strong>eo,</strong></span> <span class='ocrx_word' id='word_1_733' title='bbox 1072 4872 1346 4941; x_wconf 90' lang='lat' dir='ltr'><strong>petierunt</strong></span> <span class='ocrx_word' id='word_1_734' title='bbox 1376 4886 1403 4924; x_wconf 92' lang='lat' dir='ltr'><strong>a</strong></span> <span class='ocrx_word' id='word_1_735' title='bbox 1438 4871 1632 4937; x_wconf 87' lang='lat' dir='ltr'><strong>Pilato,</strong></span> <span class='ocrx_word' id='word_1_736' title='bbox 1676 4880 1734 4926; x_wconf 91' lang='lat' dir='ltr'><strong>ut</strong></span> <span class='ocrx_word' id='word_1_737' title='bbox 1776 4873 1985 4927; x_wconf 85' lang='lat' dir='ltr'><strong>interli-</strong></span> 
     </span>
    </p>
   </div>
   <div class='ocr_carea' id='block_1_95' title="bbox 390 4966 1990 5038">
    <p class='ocr_par' dir='ltr' id='par_1_95' title="bbox 390 4966 1990 5038">
     <span class='ocr_line' id='line_1_95' title="bbox 390 4966 1990 5038; baseline -0.001 -16"><span class='ocrx_word' id='word_1_738' title='bbox 390 4974 583 5023; x_wconf 90' lang='lat' dir='ltr'><strong>cerent</strong></span> <span class='ocrx_word' id='word_1_739' title='bbox 611 4982 757 5023; x_wconf 89' lang='lat' dir='ltr'><strong>eum.</strong></span> <span class='ocrx_word' id='word_1_740' title='bbox 778 4966 1025 5038; x_wconf 87' lang='lat' dir='ltr'><strong>Cumque</strong></span> <span class='ocrx_word' id='word_1_741' title='bbox 1054 4967 1745 5036; x_wconf 66' lang='lat' dir='ltr'><strong>consummassentpmnia,</strong></span> <span class='ocrx_word' id='word_1_742' title='bbox 1781 4983 1900 5038; x_wconf 88' lang='lat' dir='ltr'><strong>quae</strong></span> <span class='ocrx_word' id='word_1_743' title='bbox 1922 4966 1990 5021; x_wconf 87' lang='lat' dir='ltr'><strong>de</strong></span> 
     </span>
    </p>
   </div>
   <div class='ocr_carea' id='block_1_96' title="bbox 394 5060 1998 5133">
    <p class='ocr_par' dir='ltr' id='par_1_96' title="bbox 394 5060 1998 5133">
     <span class='ocr_line' id='line_1_96' title="bbox 394 5060 1998 5133; baseline 0 -17"><span class='ocrx_word' id='word_1_744' title='bbox 394 5074 463 5116; x_wconf 91' lang='lat' dir='ltr'><strong>eo</strong></span> <span class='ocrx_word' id='word_1_745' title='bbox 505 5061 706 5131; x_wconf 85' lang='lat' dir='ltr'><strong>scripta</strong></span> <span class='ocrx_word' id='word_1_746' title='bbox 747 5072 924 5129; x_wconf 88' lang='lat' dir='ltr'><strong>erant,</strong></span> <span class='ocrx_word' id='word_1_747' title='bbox 958 5060 1297 5133; x_wconf 87' lang='lat' dir='ltr'><strong>deponentes</strong></span> <span class='ocrx_word' id='word_1_748' title='bbox 1324 5076 1449 5117; x_wconf 88' lang='lat' dir='ltr'><strong>eum</strong></span> <span class='ocrx_word' id='word_1_749' title='bbox 1496 5060 1563 5117; x_wconf 93' lang='lat' dir='ltr'><strong>de</strong></span> <span class='ocrx_word' id='word_1_750' title='bbox 1596 5061 1761 5132; x_wconf 89' lang='lat' dir='ltr'><strong>ligno,</strong></span> <span class='ocrx_word' id='word_1_751' title='bbox 1797 5075 1998 5131; x_wconf 87' lang='lat' dir='ltr'><strong>posue-</strong></span> 
     </span>
    </p>
   </div>
   <div class='ocr_carea' id='block_1_97' title="bbox 396 5152 1997 5208">
    <p class='ocr_par' dir='ltr' id='par_1_97' title="bbox 396 5152 1997 5208">
     <span class='ocr_line' id='line_1_97' title="bbox 396 5152 1997 5208; baseline -0.001 -1"><span class='ocrx_word' id='word_1_752' title='bbox 396 5158 528 5207; x_wconf 88' lang='lat' dir='ltr'><strong>runt</strong></span> <span class='ocrx_word' id='word_1_753' title='bbox 555 5166 681 5207; x_wconf 91' lang='lat' dir='ltr'><strong>eum</strong></span> <span class='ocrx_word' id='word_1_754' title='bbox 722 5152 775 5207; x_wconf 90' lang='lat' dir='ltr'><strong>in</strong></span> <span class='ocrx_word' id='word_1_755' title='bbox 806 5160 1187 5208; x_wconf 91' lang='lat' dir='ltr'><strong>monumento.</strong></span> <span class='ocrx_word' id='word_1_756' title='bbox 1224 5153 1366 5207; x_wconf 90' lang='lat' dir='ltr'><strong>Deus</strong></span> <span class='ocrx_word' id='word_1_757' title='bbox 1404 5166 1533 5207; x_wconf 86' lang='lat' dir='ltr'><strong>vero</strong></span> <span class='ocrx_word' id='word_1_758' title='bbox 1566 5152 1842 5208; x_wconf 86' lang='lat' dir='ltr'><strong>suscitavit</strong></span> <span class='ocrx_word' id='word_1_759' title='bbox 1872 5167 1997 5206; x_wconf 92' lang='lat' dir='ltr'><strong>eum</strong></span> 
     </span>
    </p>
   </div>
   <div class='ocr_carea' id='block_1_98' title="bbox 398 5242 2002 5315">
    <p class='ocr_par' dir='ltr' id='par_1_98' title="bbox 398 5242 2002 5315">
     <span class='ocr_line' id='line_1_98' title="bbox 398 5242 2002 5315; baseline -0.001 -17"><span class='ocrx_word' id='word_1_760' title='bbox 398 5258 431 5298; x_wconf 90' lang='lat' dir='ltr'><strong>a</strong></span> <span class='ocrx_word' id='word_1_761' title='bbox 464 5244 697 5301; x_wconf 89' lang='lat' dir='ltr'><strong>mortuis</strong></span> <span class='ocrx_word' id='word_1_762' title='bbox 740 5244 1031 5315; x_wconf 87' lang='lat' dir='ltr'><strong>tcrtiadic</strong></span> <span class='ocrx_word' id='word_1_763' title='bbox 1063 5261 1078 5304; x_wconf 84' lang='lat'><strong>:</strong></span> <span class='ocrx_word' id='word_1_764' title='bbox 1111 5246 1200 5315; x_wconf 92' lang='lat' dir='ltr'><strong>qui</strong></span> <span class='ocrx_word' id='word_1_765' title='bbox 1243 5245 1391 5301; x_wconf 91' lang='lat' dir='ltr'><strong>visus</strong></span> <span class='ocrx_word' id='word_1_766' title='bbox 1419 5255 1503 5300; x_wconf 92' lang='lat' dir='ltr'><strong>est</strong></span> <span class='ocrx_word' id='word_1_767' title='bbox 1532 5259 1626 5315; x_wconf 88' lang='lat' dir='ltr'><strong>per</strong></span> <span class='ocrx_word' id='word_1_768' title='bbox 1653 5242 1771 5299; x_wconf 91' lang='lat' dir='ltr'><strong>dies</strong></span> <span class='ocrx_word' id='word_1_769' title='bbox 1799 5244 2002 5299; x_wconf 90' lang='lat' dir='ltr'><strong>multos</strong></span> 
     </span>
    </p>
   </div>
   <div class='ocr_carea' id='block_1_99' title="bbox 402 5335 2005 5411">
    <p class='ocr_par' dir='ltr' id='par_1_99' title="bbox 402 5335 2005 5411">
     <span class='ocr_line' id='line_1_99' title="bbox 402 5335 2005 5411; baseline -0.001 -18"><span class='ocrx_word' id='word_1_770' title='bbox 402 5337 513 5406; x_wconf 86' lang='lat' dir='ltr'><strong>his,</strong></span> <span class='ocrx_word' id='word_1_771' title='bbox 545 5338 635 5409; x_wconf 89' lang='lat' dir='ltr'><strong>qui</strong></span> <span class='ocrx_word' id='word_1_772' title='bbox 664 5338 823 5393; x_wconf 89' lang='lat' dir='ltr'><strong>simul</strong></span> <span class='ocrx_word' id='word_1_773' title='bbox 851 5339 1215 5411; x_wconf 87' lang='lat' dir='ltr'><strong>ascenderant</strong></span> <span class='ocrx_word' id='word_1_774' title='bbox 1240 5353 1362 5394; x_wconf 90' lang='lat' dir='ltr'><strong>cum</strong></span> <span class='ocrx_word' id='word_1_775' title='bbox 1395 5354 1459 5395; x_wconf 93' lang='lat' dir='ltr'><strong>eo</strong></span> <span class='ocrx_word' id='word_1_776' title='bbox 1483 5338 1551 5394; x_wconf 92' lang='lat' dir='ltr'><strong>de</strong></span> <span class='ocrx_word' id='word_1_777' title='bbox 1579 5338 1803 5393; x_wconf 68' lang='lat' dir='ltr'><strong>Galilaaa</strong></span> <span class='ocrx_word' id='word_1_778' title='bbox 1830 5337 1884 5391; x_wconf 90' lang='lat' dir='ltr'><strong>in</strong></span> <span class='ocrx_word' id='word_1_779' title='bbox 1912 5335 2005 5392; x_wconf 87' lang='lat' dir='ltr'><strong>Je-</strong></span> 
     </span>
    </p>
   </div>
   <div class='ocr_carea' id='block_1_100' title="bbox 378 5431 2001 5511">
    <p class='ocr_par' dir='ltr' id='par_1_100' title="bbox 378 5431 2001 5511">
     <span class='ocr_line' id='line_1_100' title="bbox 378 5431 2001 5511; baseline -0.001 -24"><span class='ocrx_word' id='word_1_780' title='bbox 378 5431 676 5511; x_wconf 62' lang='lat' dir='ltr'><strong>rusalem;</strong></span> <span class='ocrx_word' id='word_1_781' title='bbox 705 5432 797 5502; x_wconf 91' lang='lat' dir='ltr'><strong>qui</strong></span> <span class='ocrx_word' id='word_1_782' title='bbox 828 5447 1001 5503; x_wconf 91' lang='lat' dir='ltr'><strong>usque</strong></span> <span class='ocrx_word' id='word_1_783' title='bbox 1024 5448 1167 5489; x_wconf 93' lang='lat' dir='ltr'><strong>nunc</strong></span> <span class='ocrx_word' id='word_1_784' title='bbox 1188 5442 1314 5488; x_wconf 91' lang='lat' dir='ltr'><strong>sunt</strong></span> <span class='ocrx_word' id='word_1_785' title='bbox 1344 5440 1508 5489; x_wconf 83' lang='lat' dir='ltr'><strong>testes</strong></span> <span class='ocrx_word' id='word_1_786' title='bbox 1534 5431 1651 5504; x_wconf 90' lang='lat' dir='ltr'><strong>ejus</strong></span> <span class='ocrx_word' id='word_1_787' title='bbox 1673 5431 1740 5487; x_wconf 93' lang='lat' dir='ltr'><strong>ad</strong></span> <span class='ocrx_word' id='word_1_788' title='bbox 1769 5431 2001 5502; x_wconf 90' lang='lat' dir='ltr'><strong>plebem.</strong></span> 
     </span>
    </p>
   </div>
   <div class='ocr_carea' id='block_1_101' title="bbox 409 5530 2010 5602">
    <p class='ocr_par' dir='ltr' id='par_1_101' title="bbox 409 5530 2010 5602">
     <span class='ocr_line' id='line_1_101' title="bbox 409 5530 2010 5602; baseline -0.001 -15"><span class='ocrx_word' id='word_1_789' title='bbox 409 5531 480 5587; x_wconf 85' lang='lat' dir='ltr'><strong>Et</strong></span> <span class='ocrx_word' id='word_1_790' title='bbox 509 5546 609 5587; x_wconf 91' lang='lat' dir='ltr'><strong>nos</strong></span> <span class='ocrx_word' id='word_1_791' title='bbox 644 5531 800 5587; x_wconf 87' lang='lat' dir='ltr'><strong>vobis</strong></span> <span class='ocrx_word' id='word_1_792' title='bbox 842 5532 1226 5588; x_wconf 88' lang='lat' dir='ltr'><strong>annuntiamus</strong></span> <span class='ocrx_word' id='word_1_793' title='bbox 1256 5547 1409 5599; x_wconf 91' lang='lat' dir='ltr'><strong>eam,</strong></span> <span class='ocrx_word' id='word_1_794' title='bbox 1437 5547 1558 5602; x_wconf 83' lang='lat' dir='ltr'><strong>quae</strong></span> <span class='ocrx_word' id='word_1_795' title='bbox 1589 5530 1654 5587; x_wconf 92' lang='lat' dir='ltr'><strong>ad</strong></span> <span class='ocrx_word' id='word_1_796' title='bbox 1686 5540 1871 5602; x_wconf 89' lang='lat' dir='ltr'><strong>patres</strong></span> <span class='ocrx_word' id='word_1_797' title='bbox 1914 5545 2010 5585; x_wconf 86' lang='lat' dir='ltr'><strong>no-</strong></span> 
     </span>
    </p>
   </div>
   <div class='ocr_carea' id='block_1_102' title="bbox 409 5624 2010 5696">
    <p class='ocr_par' dir='ltr' id='par_1_102' title="bbox 409 5624 2010 5696">
     <span class='ocr_line' id='line_1_102' title="bbox 409 5624 2010 5696; baseline -0.001 -15"><span class='ocrx_word' id='word_1_798' title='bbox 409 5636 556 5682; x_wconf 88' lang='lat' dir='ltr'><strong>stros</strong></span> <span class='ocrx_word' id='word_1_799' title='bbox 588 5626 878 5695; x_wconf 90' lang='lat' dir='ltr'><strong>promissio</strong></span> <span class='ocrx_word' id='word_1_800' title='bbox 909 5626 1047 5683; x_wconf 86' lang='lat' dir='ltr'><strong>facta</strong></span> <span class='ocrx_word' id='word_1_801' title='bbox 1073 5637 1157 5682; x_wconf 88' lang='lat' dir='ltr'><strong>est</strong></span> <span class='ocrx_word' id='word_1_802' title='bbox 1184 5647 1194 5680; x_wconf 86' lang='lat'><strong>:</strong></span> <span class='ocrx_word' id='word_1_803' title='bbox 1220 5626 1476 5696; x_wconf 86' lang='lat' dir='ltr'><strong>quoniam</strong></span> <span class='ocrx_word' id='word_1_804' title='bbox 1506 5626 1645 5681; x_wconf 92' lang='lat' dir='ltr'><strong>hanc</strong></span> <span class='ocrx_word' id='word_1_805' title='bbox 1669 5626 1814 5682; x_wconf 92' lang='lat' dir='ltr'><strong>Deus</strong></span> <span class='ocrx_word' id='word_1_806' title='bbox 1839 5624 2010 5680; x_wconf 88' lang='lat' dir='ltr'><strong>adim-</strong></span> 
     </span>
    </p>
   </div>
   <div class='ocr_carea' id='block_1_103' title="bbox 414 5719 2013 5790">
    <p class='ocr_par' dir='ltr' id='par_1_103' title="bbox 414 5719 2013 5790">
     <span class='ocr_line' id='line_1_103' title="bbox 414 5719 2013 5790; baseline -0.001 -15"><span class='ocrx_word' id='word_1_807' title='bbox 414 5720 585 5790; x_wconf 87' lang='lat' dir='ltr'><strong>plevit</strong></span> <span class='ocrx_word' id='word_1_808' title='bbox 616 5721 744 5777; x_wconf 82' lang='lat' dir='ltr'><strong>filiis</strong></span> <span class='ocrx_word' id='word_1_809' title='bbox 788 5722 1016 5789; x_wconf 90' lang='lat' dir='ltr'><strong>nostris,</strong></span> <span class='ocrx_word' id='word_1_810' title='bbox 1070 5722 1408 5779; x_wconf 87' lang='lat' dir='ltr'><strong>resuscitans</strong></span> <span class='ocrx_word' id='word_1_811' title='bbox 1451 5720 1673 5789; x_wconf 78' lang='lat' dir='ltr'><strong>Iesum,</strong></span> <span class='ocrx_word' id='word_1_812' title='bbox 1704 5721 1845 5776; x_wconf 91' lang='lat' dir='ltr'><strong>sicut</strong></span> <span class='ocrx_word' id='word_1_813' title='bbox 1873 5730 1929 5775; x_wconf 93' lang='lat' dir='ltr'><strong>et</strong></span> <span class='ocrx_word' id='word_1_814' title='bbox 1960 5719 2013 5774; x_wconf 91' lang='lat' dir='ltr'><strong>in</strong></span> 
     </span>
    </p>
   </div>
   <div class='ocr_carea' id='block_1_104' title="bbox 417 5810 2014 5886">
    <p class='ocr_par' dir='ltr' id='par_1_104' title="bbox 417 5810 2014 5886">
     <span class='ocr_line' id='line_1_104' title="bbox 417 5810 2014 5886; baseline -0.002 -13"><span class='ocrx_word' id='word_1_815' title='bbox 417 5810 638 5873; x_wconf 82' lang='lat' dir='ltr'><strong>Psaltno</strong></span> <span class='ocrx_word' id='word_1_816' title='bbox 665 5813 909 5872; x_wconf 86' lang='lat' dir='ltr'><strong>secundo</strong></span> <span class='ocrx_word' id='word_1_817' title='bbox 954 5813 1216 5885; x_wconf 86' lang='lat' dir='ltr'><strong>scriptum</strong></span> <span class='ocrx_word' id='word_1_818' title='bbox 1263 5822 1389 5871; x_wconf 90' lang='lat' dir='ltr'><strong>est:</strong></span> <span class='ocrx_word' id='word_1_819' title='bbox 1423 5812 1595 5872; x_wconf 81' lang='lat' dir='ltr'><strong>Filius</strong></span> <span class='ocrx_word' id='word_1_820' title='bbox 1642 5828 1798 5871; x_wconf 86' lang='lat' dir='ltr'><strong>meus</strong></span> <span class='ocrx_word' id='word_1_821' title='bbox 1844 5828 1904 5870; x_wconf 92' lang='lat' dir='ltr'><strong>cs</strong></span> <span class='ocrx_word' id='word_1_822' title='bbox 1935 5821 2014 5886; x_wconf 89' lang='lat' dir='ltr'><strong>tu,</strong></span> 
     </span>
    </p>
   </div>
   <div class='ocr_carea' id='block_1_105' title="bbox 2088 4674 3697 4749">
    <p class='ocr_par' dir='ltr' id='par_1_105' title="bbox 2088 4674 3697 4749">
     <span class='ocr_line' id='line_1_105' title="bbox 2088 4674 3697 4749; baseline -0.004 -14"><span class='ocrx_word' id='word_1_823' title='bbox 2088 4680 2461 4737; x_wconf 89' lang='lat' dir='ltr'><strong>testimonium</strong></span> <span class='ocrx_word' id='word_1_824' title='bbox 2490 4677 2811 4749; x_wconf 90' lang='lat' dir='ltr'><strong>perhibente</strong></span> <span class='ocrx_word' id='word_1_825' title='bbox 2840 4676 3008 4732; x_wconf 91' lang='lat' dir='ltr'><strong>verbo</strong></span> <span class='ocrx_word' id='word_1_826' title='bbox 3037 4676 3226 4747; x_wconf 66' lang='lat' dir='ltr'><strong>gratiae</strong></span> <span class='ocrx_word' id='word_1_827' title='bbox 3255 4691 3367 4731; x_wconf 88' lang='lat' dir='ltr'><strong>suae</strong></span> <span class='ocrx_word' id='word_1_828' title='bbox 3389 4716 3402 4742; x_wconf 93' lang='lat'><strong>,</strong></span> <span class='ocrx_word' id='word_1_829' title='bbox 3433 4674 3595 4730; x_wconf 87' lang='lat' dir='ltr'><strong>dante</strong></span> <span class='ocrx_word' id='word_1_830' title='bbox 3620 4674 3697 4729; x_wconf 91' lang='lat' dir='ltr'><strong>si-</strong></span> 
     </span>
    </p>
   </div>
   <div class='ocr_carea' id='block_1_106' title="bbox 2088 4770 3695 4847">
    <p class='ocr_par' dir='ltr' id='par_1_106' title="bbox 2088 4770 3695 4847">
     <span class='ocr_line' id='line_1_106' title="bbox 2088 4770 3695 4847; baseline -0.003 -17"><span class='ocrx_word' id='word_1_831' title='bbox 2088 4792 2189 4847; x_wconf 90' lang='lat' dir='ltr'><strong>gna</strong></span> <span class='ocrx_word' id='word_1_832' title='bbox 2219 4787 2272 4832; x_wconf 91' lang='lat' dir='ltr'><strong>et</strong></span> <span class='ocrx_word' id='word_1_833' title='bbox 2299 4774 2542 4847; x_wconf 90' lang='lat' dir='ltr'><strong>prodigia</strong></span> <span class='ocrx_word' id='word_1_834' title='bbox 2567 4773 2680 4828; x_wconf 82' lang='lat' dir='ltr'><strong>ﬁeri</strong></span> <span class='ocrx_word' id='word_1_835' title='bbox 2731 4786 2828 4842; x_wconf 90' lang='lat' dir='ltr'><strong>per</strong></span> <span class='ocrx_word' id='word_1_836' title='bbox 2868 4786 3059 4827; x_wconf 92' lang='lat' dir='ltr'><strong>manus</strong></span> <span class='ocrx_word' id='word_1_837' title='bbox 3106 4786 3317 4826; x_wconf 89' lang='lat' dir='ltr'><strong>eorum.</strong></span> <span class='ocrx_word' id='word_1_838' title='bbox 3375 4770 3555 4826; x_wconf 87' lang='lat' dir='ltr'><strong>Divisa</strong></span> <span class='ocrx_word' id='word_1_839' title='bbox 3607 4778 3695 4827; x_wconf 87' lang='lat' dir='ltr'><strong>est</strong></span> 
     </span>
    </p>
   </div>
   <div class='ocr_carea' id='block_1_107' title="bbox 2091 4862 3698 4934">
    <p class='ocr_par' dir='ltr' id='par_1_107' title="bbox 2091 4862 3698 4934">
     <span class='ocr_line' id='line_1_107' title="bbox 2091 4862 3698 4934; baseline -0.004 -10"><span class='ocrx_word' id='word_1_840' title='bbox 2091 4879 2270 4924; x_wconf 92' lang='lat' dir='ltr'><strong>autem</strong></span> <span class='ocrx_word' id='word_1_841' title='bbox 2318 4865 2604 4923; x_wconf 93' lang='lat' dir='ltr'><strong>multitudo</strong></span> <span class='ocrx_word' id='word_1_842' title='bbox 2644 4865 2884 4921; x_wconf 87' lang='lat' dir='ltr'><strong>civitatis</strong></span> <span class='ocrx_word' id='word_1_843' title='bbox 2924 4882 2937 4918; x_wconf 92' lang='lat'><strong>:</strong></span> <span class='ocrx_word' id='word_1_844' title='bbox 2971 4873 3027 4921; x_wconf 90' lang='lat' dir='ltr'><strong>et</strong></span> <span class='ocrx_word' id='word_1_845' title='bbox 3047 4865 3264 4934; x_wconf 85' lang='lat' dir='ltr'><strong>quidam</strong></span> <span class='ocrx_word' id='word_1_846' title='bbox 3294 4862 3511 4934; x_wconf 92' lang='lat' dir='ltr'><strong>quidem</strong></span> <span class='ocrx_word' id='word_1_847' title='bbox 3539 4872 3698 4919; x_wconf 90' lang='lat' dir='ltr'><strong>erant</strong></span> 
     </span>
    </p>
   </div>
   <div class='ocr_carea' id='block_1_108' title="bbox 2093 4953 3697 5029">
    <p class='ocr_par' dir='ltr' id='par_1_108' title="bbox 2093 4953 3697 5029">
     <span class='ocr_line' id='line_1_108' title="bbox 2093 4953 3697 5029; baseline -0.005 -12"><span class='ocrx_word' id='word_1_848' title='bbox 2093 4976 2219 5017; x_wconf 92' lang='lat' dir='ltr'><strong>cum</strong></span> <span class='ocrx_word' id='word_1_849' title='bbox 2244 4959 2467 5026; x_wconf 84' lang='lat' dir='ltr'><strong>Iudaeis,</strong></span> <span class='ocrx_word' id='word_1_850' title='bbox 2498 4957 2722 5029; x_wconf 86' lang='lat' dir='ltr'><strong>quidam</strong></span> <span class='ocrx_word' id='word_1_851' title='bbox 2753 4971 2882 5013; x_wconf 89' lang='lat' dir='ltr'><strong>vero</strong></span> <span class='ocrx_word' id='word_1_852' title='bbox 2910 4971 3030 5011; x_wconf 92' lang='lat' dir='ltr'><strong>cum</strong></span> <span class='ocrx_word' id='word_1_853' title='bbox 3066 4957 3371 5027; x_wconf 89' lang='lat' dir='ltr'><strong>Apostolis.</strong></span> <span class='ocrx_word' id='word_1_854' title='bbox 3425 4953 3562 5011; x_wconf 90' lang='lat' dir='ltr'><strong>Cum</strong></span> <span class='ocrx_word' id='word_1_855' title='bbox 3595 4970 3697 5010; x_wconf 91' lang='lat' dir='ltr'><strong>au-</strong></span> 
     </span>
    </p>
   </div>
   <div class='ocr_carea' id='block_1_109' title="bbox 2103 5049 3697 5124">
    <p class='ocr_par' dir='ltr' id='par_1_109' title="bbox 2103 5049 3697 5124">
     <span class='ocr_line' id='line_1_109' title="bbox 2103 5049 3697 5124; baseline -0.005 -12"><span class='ocrx_word' id='word_1_856' title='bbox 2103 5067 2211 5113; x_wconf 92' lang='lat' dir='ltr'><strong>tem</strong></span> <span class='ocrx_word' id='word_1_857' title='bbox 2255 5056 2428 5112; x_wconf 90' lang='lat' dir='ltr'><strong>factus</strong></span> <span class='ocrx_word' id='word_1_858' title='bbox 2467 5061 2615 5110; x_wconf 88' lang='lat' dir='ltr'><strong>esset</strong></span> <span class='ocrx_word' id='word_1_859' title='bbox 2659 5053 2897 5124; x_wconf 90' lang='lat' dir='ltr'><strong>impetus</strong></span> <span class='ocrx_word' id='word_1_860' title='bbox 2940 5050 3231 5107; x_wconf 87' lang='lat' dir='ltr'><strong>Gentilium</strong></span> <span class='ocrx_word' id='word_1_861' title='bbox 3285 5058 3339 5105; x_wconf 90' lang='lat' dir='ltr'><strong>et</strong></span> <span class='ocrx_word' id='word_1_862' title='bbox 3384 5049 3697 5105; x_wconf 73' lang='lat' dir='ltr'><strong>Iudaeorum</strong></span> 
     </span>
    </p>
   </div>
   <div class='ocr_carea' id='block_1_110' title="bbox 2103 5141 3705 5221">
    <p class='ocr_par' dir='ltr' id='par_1_110' title="bbox 2103 5141 3705 5221">
     <span class='ocr_line' id='line_1_110' title="bbox 2103 5141 3705 5221; baseline -0.006 -15"><span class='ocrx_word' id='word_1_863' title='bbox 2103 5167 2225 5207; x_wconf 88' lang='lat' dir='ltr'><strong>cum</strong></span> <span class='ocrx_word' id='word_1_864' title='bbox 2255 5148 2597 5221; x_wconf 89' lang='lat' dir='ltr'><strong>principibus</strong></span> <span class='ocrx_word' id='word_1_865' title='bbox 2628 5148 2765 5214; x_wconf 92' lang='lat' dir='ltr'><strong>suis,</strong></span> <span class='ocrx_word' id='word_1_866' title='bbox 2818 5154 2878 5200; x_wconf 91' lang='lat' dir='ltr'><strong>ut</strong></span> <span class='ocrx_word' id='word_1_867' title='bbox 2903 5143 3250 5199; x_wconf 89' lang='lat' dir='ltr'><strong>contumeliis</strong></span> <span class='ocrx_word' id='word_1_868' title='bbox 3277 5141 3594 5209; x_wconf 86' lang='lat' dir='ltr'><strong>aftieerent,</strong></span> <span class='ocrx_word' id='word_1_869' title='bbox 3650 5150 3705 5198; x_wconf 90' lang='lat' dir='ltr'><strong>et</strong></span> 
     </span>
    </p>
   </div>
   <div class='ocr_carea' id='block_1_111' title="bbox 2105 5235 3706 5317">
    <p class='ocr_par' dir='ltr' id='par_1_111' title="bbox 2105 5235 3706 5317">
     <span class='ocr_line' id='line_1_111' title="bbox 2105 5235 3706 5317; baseline -0.006 -16"><span class='ocrx_word' id='word_1_870' title='bbox 2105 5246 2411 5317; x_wconf 90' lang='lat' dir='ltr'><strong>lapidarent</strong></span> <span class='ocrx_word' id='word_1_871' title='bbox 2436 5258 2553 5309; x_wconf 91' lang='lat' dir='ltr'><strong>eos,</strong></span> <span class='ocrx_word' id='word_1_872' title='bbox 2587 5240 2956 5310; x_wconf 89' lang='lat' dir='ltr'><strong>intelligentes</strong></span> <span class='ocrx_word' id='word_1_873' title='bbox 2975 5235 3337 5307; x_wconf 89' lang='lat' dir='ltr'><strong>confugerunt</strong></span> <span class='ocrx_word' id='word_1_874' title='bbox 3364 5235 3431 5291; x_wconf 89' lang='lat' dir='ltr'><strong>ad</strong></span> <span class='ocrx_word' id='word_1_875' title='bbox 3457 5235 3706 5291; x_wconf 89' lang='lat' dir='ltr'><strong>civitates</strong></span> 
     </span>
    </p>
   </div>
   <div class='ocr_carea' id='block_1_112' title="bbox 2112 5327 3705 5412">
    <p class='ocr_par' dir='ltr' id='par_1_112' title="bbox 2112 5327 3705 5412">
     <span class='ocr_line' id='line_1_112' title="bbox 2112 5327 3705 5412; baseline -0.009 -16"><span class='ocrx_word' id='word_1_876' title='bbox 2112 5338 2427 5412; x_wconf 86' lang='lat' dir='ltr'><strong>Lycaoniae,</strong></span> <span class='ocrx_word' id='word_1_877' title='bbox 2475 5334 2722 5406; x_wconf 86' lang='lat' dir='ltr'><strong>Lystram</strong></span> <span class='ocrx_word' id='word_1_878' title='bbox 2750 5374 2765 5401; x_wconf 94' lang='lat'><strong>,</strong></span> <span class='ocrx_word' id='word_1_879' title='bbox 2821 5338 2876 5387; x_wconf 93' lang='lat' dir='ltr'><strong>et</strong></span> <span class='ocrx_word' id='word_1_880' title='bbox 2901 5329 3115 5386; x_wconf 89' lang='lat' dir='ltr'><strong>Derben</strong></span> <span class='ocrx_word' id='word_1_881' title='bbox 3143 5373 3158 5397; x_wconf 92' lang='lat'><strong>,</strong></span> <span class='ocrx_word' id='word_1_882' title='bbox 3209 5334 3267 5384; x_wconf 90' lang='lat' dir='ltr'><strong>et</strong></span> <span class='ocrx_word' id='word_1_883' title='bbox 3292 5327 3602 5385; x_wconf 90' lang='lat' dir='ltr'><strong>universam</strong></span> <span class='ocrx_word' id='word_1_884' title='bbox 3650 5327 3705 5383; x_wconf 91' lang='lat' dir='ltr'><strong>in</strong></span> 
     </span>
    </p>
   </div>
   <div class='ocr_carea' id='block_1_113' title="bbox 2111 5420 3709 5500">
    <p class='ocr_par' dir='ltr' id='par_1_113' title="bbox 2111 5420 3709 5500">
     <span class='ocr_line' id='line_1_113' title="bbox 2111 5420 3709 5500; baseline -0.008 -10"><span class='ocrx_word' id='word_1_885' title='bbox 2111 5434 2338 5490; x_wconf 89' lang='lat' dir='ltr'><strong>circuitu</strong></span> <span class='ocrx_word' id='word_1_886' title='bbox 2366 5430 2670 5500; x_wconf 90' lang='lat' dir='ltr'><strong>regionem,</strong></span> <span class='ocrx_word' id='word_1_887' title='bbox 2722 5434 2778 5483; x_wconf 91' lang='lat' dir='ltr'><strong>et</strong></span> <span class='ocrx_word' id='word_1_888' title='bbox 2809 5424 2881 5480; x_wconf 91' lang='lat' dir='ltr'><strong>ibi</strong></span> <span class='ocrx_word' id='word_1_889' title='bbox 2909 5422 3350 5493; x_wconf 87' lang='lat' dir='ltr'><strong>evangelizantes</strong></span> <span class='ocrx_word' id='word_1_890' title='bbox 3378 5431 3556 5481; x_wconf 86' lang='lat' dir='ltr'><strong>erant.</strong></span> <span class='ocrx_word' id='word_1_891' title='bbox 3638 5420 3709 5477; x_wconf 87' lang='lat' dir='ltr'><strong>Et</strong></span> 
     </span>
    </p>
   </div>
   <div class='ocr_carea' id='block_1_114' title="bbox 2114 5513 3711 5601">
    <p class='ocr_par' dir='ltr' id='par_1_114' title="bbox 2114 5513 3711 5601">
     <span class='ocr_line' id='line_1_114' title="bbox 2114 5513 3711 5601; baseline -0.011 -15"><span class='ocrx_word' id='word_1_892' title='bbox 2114 5528 2328 5601; x_wconf 92' lang='lat' dir='ltr'><strong>quidam</strong></span> <span class='ocrx_word' id='word_1_893' title='bbox 2355 5526 2439 5581; x_wconf 81' lang='lat' dir='ltr'><strong>vir</strong></span> <span class='ocrx_word' id='word_1_894' title='bbox 2468 5522 2682 5594; x_wconf 83' lang='lat' dir='ltr'><strong>Lystris</strong></span> <span class='ocrx_word' id='word_1_895' title='bbox 2714 5519 2962 5575; x_wconf 85' lang='lat' dir='ltr'><strong>inﬁrmus</strong></span> <span class='ocrx_word' id='word_1_896' title='bbox 2996 5514 3226 5587; x_wconf 90' lang='lat' dir='ltr'><strong>pedibus</strong></span> <span class='ocrx_word' id='word_1_897' title='bbox 3256 5514 3513 5584; x_wconf 90' lang='lat' dir='ltr'><strong>sedebat,</strong></span> <span class='ocrx_word' id='word_1_898' title='bbox 3562 5513 3711 5571; x_wconf 88' lang='lat' dir='ltr'><strong>clau-</strong></span> 
     </span>
    </p>
   </div>
   <div class='ocr_carea' id='block_1_115' title="bbox 2116 5607 3713 5681">
    <p class='ocr_par' dir='ltr' id='par_1_115' title="bbox 2116 5607 3713 5681">
     <span class='ocr_line' id='line_1_115' title="bbox 2116 5607 3713 5681; baseline -0.01 -3"><span class='ocrx_word' id='word_1_899' title='bbox 2116 5622 2215 5678; x_wconf 91' lang='lat' dir='ltr'><strong>dus</strong></span> <span class='ocrx_word' id='word_1_900' title='bbox 2245 5636 2311 5676; x_wconf 85' lang='lat' dir='ltr'><strong>ex</strong></span> <span class='ocrx_word' id='word_1_901' title='bbox 2343 5627 2496 5673; x_wconf 90' lang='lat' dir='ltr'><strong>utero</strong></span> <span class='ocrx_word' id='word_1_902' title='bbox 2528 5613 2717 5670; x_wconf 89' lang='lat' dir='ltr'><strong>matris</strong></span> <span class='ocrx_word' id='word_1_903' title='bbox 2748 5628 2889 5678; x_wconf 90' lang='lat' dir='ltr'><strong>suae,</strong></span> <span class='ocrx_word' id='word_1_904' title='bbox 2942 5609 3033 5681; x_wconf 92' lang='lat' dir='ltr'><strong>qui</strong></span> <span class='ocrx_word' id='word_1_905' title='bbox 3066 5623 3363 5681; x_wconf 89' lang='lat' dir='ltr'><strong>numquam</strong></span> <span class='ocrx_word' id='word_1_906' title='bbox 3399 5607 3713 5665; x_wconf 86' lang='lat' dir='ltr'><strong>ambulave-</strong></span> 
     </span>
    </p>
   </div>
   <div class='ocr_carea' id='block_1_116' title="bbox 2118 5701 3714 5776">
    <p class='ocr_par' dir='ltr' id='par_1_116' title="bbox 2118 5701 3714 5776">
     <span class='ocr_line' id='line_1_116' title="bbox 2118 5701 3714 5776; baseline -0.009 -5"><span class='ocrx_word' id='word_1_907' title='bbox 2118 5726 2219 5771; x_wconf 90' lang='lat' dir='ltr'><strong>rat.</strong></span> <span class='ocrx_word' id='word_1_908' title='bbox 2275 5714 2374 5769; x_wconf 88' lang='lat' dir='ltr'><strong>llic</strong></span> <span class='ocrx_word' id='word_1_909' title='bbox 2421 5709 2625 5766; x_wconf 89' lang='lat' dir='ltr'><strong>audivit</strong></span> <span class='ocrx_word' id='word_1_910' title='bbox 2674 5706 2901 5763; x_wconf 90' lang='lat' dir='ltr'><strong>Paulum</strong></span> <span class='ocrx_word' id='word_1_911' title='bbox 2952 5705 3291 5776; x_wconf 87' lang='lat' dir='ltr'><strong>loquentem.</strong></span> <span class='ocrx_word' id='word_1_912' title='bbox 3354 5701 3459 5772; x_wconf 87' lang='lat' dir='ltr'><strong>Qui</strong></span> <span class='ocrx_word' id='word_1_913' title='bbox 3486 5701 3714 5760; x_wconf 85' lang='lat' dir='ltr'><strong>intuitus</strong></span> 
     </span>
    </p>
   </div>
   <div class='ocr_carea' id='block_1_117' title="bbox 2121 5793 3718 5881">
    <p class='ocr_par' dir='ltr' id='par_1_117' title="bbox 2121 5793 3718 5881">
     <span class='ocr_line' id='line_1_117' title="bbox 2121 5793 3718 5881; baseline -0.009 -12"><span class='ocrx_word' id='word_1_914' title='bbox 2121 5825 2277 5881; x_wconf 89' lang='lat' dir='ltr'><strong>cum,</strong></span> <span class='ocrx_word' id='word_1_915' title='bbox 2331 5816 2387 5865; x_wconf 90' lang='lat' dir='ltr'><strong>et</strong></span> <span class='ocrx_word' id='word_1_916' title='bbox 2413 5804 2606 5864; x_wconf 86' lang='lat' dir='ltr'><strong>videns</strong></span> <span class='ocrx_word' id='word_1_917' title='bbox 2633 5801 2765 5875; x_wconf 89' lang='lat' dir='ltr'><strong>quia</strong></span> <span class='ocrx_word' id='word_1_918' title='bbox 2792 5800 2957 5860; x_wconf 89' lang='lat' dir='ltr'><strong>ﬁdem</strong></span> <span class='ocrx_word' id='word_1_919' title='bbox 2994 5796 3256 5869; x_wconf 83' lang='lat' dir='ltr'><strong>haberet,</strong></span> <span class='ocrx_word' id='word_1_920' title='bbox 3302 5803 3362 5855; x_wconf 90' lang='lat' dir='ltr'><strong>ut</strong></span> <span class='ocrx_word' id='word_1_921' title='bbox 3392 5794 3576 5855; x_wconf 82' lang='lat' dir='ltr'><strong>salvus</strong></span> <span class='ocrx_word' id='word_1_922' title='bbox 3614 5793 3718 5869; x_wconf 46' lang='lat' dir='ltr'><strong>tie:</strong></span> 
     </span>
    </p>
   </div>
  </div>
