4166 6336
534 325 639 382 707

1555 309 1614 374 S.
1655 309 2038 376 HIERONYMI
2077 309 2312 371 DlVlNA
2353 307 2834 370 BIBLIO'I’HECA.

3725 300 3832 367 108

535 444 638 506 ret,
656 433 794 491 dixit
814 446 1012 506 magna
1030 444 1196 490 voce:
1224 429 1397 504 Surge
1420 444 1584 503 super
1612 431 1775 502 pedes
1793 439 1912 486 tuos
1935 437 2138 486 rectus.
2165 429 2219 492 Α
2245 443 2349 501 que
2376 444 2597 486 servare
2624 430 2802 500 legem
2832 424 3026 500 Moysi.
3077 425 3569 498 Conveneruntque
3599 425 3836 496 apostoli

534 531 601 586 Et
653 528 932 596 exsilivit,
965 537 1017 583 et
1043 527 1378 590 ambulabat.
1458 525 1654 582 Turba:
1691 533 1870 583 autem
1897 539 2020 582 cum
2058 524 2140 578 vi-

533 624 742 679 dissent
761 623 909 694 quod
938 621 1140 678 fecerat
1162 620 1384 685 Paulus,
1410 619 1731 678 levaverunt
1755 633 1938 675 vocem
1961 631 2137 685 suam,

533 717 840 788 Lycaonice
888 717 1136 773 dicentes
1181 715 1314 772 :Dii
1369 713 1580 770 similes
1631 714 1754 769 facti
1804 712 2137 781 hominibus,

533 810 938 868 descenderunt
964 809 1030 865 ad
1059 823 1180 866 nos.
1211 808 1281 866 Et
1301 809 1570 865 vocabam
1597 807 1900 864 Barnabam
1923 807 2136 876 Jovem,

533 905 760 962 Paulum
814 920 942 960 vero
987 903 1352 960 Mercurium:
1400 902 1657 974 quoniam
1707 901 1824 972 ipse
1871 911 1990 959 erat
2029 901 2140 958 dux

532 998 706 1056 verbi.
780 996 1048 1054 Sacerdos
1077 1010 1292 1066 quoque
1321 994 1494 1064 Jovis,
1524 995 1618 1065 qui
1650 1005 1766 1050 erat
1793 1002 1921 1052 ante
1945 994 2139 1061 civita-

532 1099 638 1148 tem
661 1133 675 1159 ,
725 1099 910 1145 tauros
955 1099 1008 1145 et
1047 1104 1280 1144 coronas
1312 1097 1437 1145 aute
1473 1089 1670 1159 januas
1698 1088 1954 1156 all‘erens,
2010 1105 2136 1146 cum

533 1182 750 1254 populis
775 1182 994 1237 volebat
1023 1182 1358 1238 sacrificare.
1391 1181 1547 1249 Quod
1580 1181 1668 1237 ubi
1697 1181 1988 1238 audierunt
2015 1196 2141 1254 apo-

529 1275 686 1344 stoli,
742 1273 1017 1337 Barnabas
1069 1285 1124 1334 et
1174 1274 1406 1343 Paulus,
1456 1275 1748 1331 conscissis
1781 1274 1980 1332 tunicis
2011 1275 2128 1331 suis

533 1367 857 1424 cxsilierunt
887 1368 940 1423 in
974 1367 1157 1424 turbas
1178 1409 1196 1435 ,
1248 1368 1572 1436 clamantes,
1603 1377 1659 1424 et
1684 1367 1962 1425 dicentes:
1997 1367 2134 1436 Viri,

533 1461 665 1532 quid
724 1461 839 1518 haec
888 1460 1104 1518 facitis?
1148 1472 1202 1518 et
1227 1477 1329 1518 nos
1357 1460 1623 1518 mortales
1654 1476 1879 1528 sumus,
1929 1461 2138 1518 similes

536 1553 713 1621 vobis,
743 1553 1012 1621 homines,
1045 1554 1430 1614 annuntiantes
1456 1554 1611 1613 vobis
1636 1555 1706 1610 ab
1727 1553 1814 1610 his
1834 1556 1988 1610 vanis
2009 1570 2140 1610 cou-

538 1648 678 1704 verti
707 1648 774 1708 ad
807 1648 977 1706 Deum
1009 1648 1210 1717 vivum,
1271 1650 1364 1721 qui
1393 1648 1521 1706 fecit
1548 1648 1771 1718 cmlum,
1829 1657 1886 1706 et
1913 1659 2135 1717 terram,

529 1751 584 1800 et
610 1758 763 1800 mare
789 1750 844 1799 et
874 1742 1054 1800 omnia
1083 1759 1206 1815 qua:
1235 1744 1287 1799 in
1314 1743 1394 1798 eis
1422 1752 1550 1799 sunt
1577 1759 1593 1799 :
1624 1758 1746 1814 quae
1801 1743 1856 1798 in
1912 1752 2136 1814 praeter-

2239 531 2293 576 et
2340 521 2588 577 seniores
2628 521 2814 578 videre
2848 521 2917 578 de
2945 519 3114 577 verbo
3146 520 3265 576 hoc.
3318 519 3454 576 Cum
3495 529 3677 574 autem
3730 535 3838 574 ma-

2239 629 2346 686 gna
2378 615 2711 685 conquisitio
2739 615 2914 683 ﬁeret,
2949 629 3182 686 surgens
3212 614 3407 671 Petrus
3439 613 3576 670 dixit
3605 613 3671 669 ad
3703 629 3834 669 eos:

2239 707 2353 764 Viri
2396 707 2596 764 fratres
2615 751 2630 776 ,
2679 725 2774 765 vos
2803 709 2954 766 scitis
2979 709 3234 782 quoniam
3277 709 3346 764 ab
3376 709 3616 780 antiquis
3641 708 3838 765 diebus

2239 803 2381 860 Deus
2410 804 2464 860 in
2493 805 2650 861 nobis
2680 804 2872 877 elegit,
2921 820 3019 875 per
3068 817 3132 859 os
3181 819 3360 860 meum
3408 803 3597 859 audire
3644 813 3838 874 gentes

2238 899 2467 953 verbum
2518 898 2822 970 Evangelii,
2869 907 2924 954 et
2951 901 3196 954 credere.
3276 899 3342 952 Et
3373 898 3460 968 qui
3486 897 3638 953 novit
3667 897 3838 952 corda

2240 993 2410 1059 Deus,
2461 993 2831 1049 testimonium
2881 991 3192 1064 perhibuit,
3231 991 3368 1048 dans
3421 991 3531 1047 illis
3577 991 3841 1062 Spiritum

2239 1097 2523 1156 sanctum,
2569 1089 2711 1143 sicut
2761 1098 2817 1143 et
2875 1088 3061 1156 nobis,
3108 1096 3165 1144 et
3192 1087 3329 1143 nihil
3383 1087 3640 1143 discrevit
3693 1087 3840 1142 inter

2239 1196 2339 1236 nos
2386 1191 2442 1238 et
2488 1182 2643 1246 illos,
2699 1181 2803 1239 lide
2849 1183 3139 1252 purificans
3182 1181 3350 1237 corda
3397 1197 3610 1237 eorum.
3681 1179 3842 1237 Nunc

2239 1290 2370 1344 ergo
2419 1275 2550 1346 quid
2598 1276 2818 1332 tentatis
2869 1275 3080 1342 Deum,
3127 1276 3410 1346 imponere
3448 1275 3636 1347 iugum
3675 1288 3842 1346 super

2239 1368 2482 1424 cervices
2507 1367 2936 1438 discipulorum,
2992 1368 3136 1440 quod
3183 1385 3362 1440 neque
3411 1377 3596 1439 patres
3641 1365 3837 1435 nostri,

2241 1476 2416 1531 neque
2455 1477 2554 1517 nos
2597 1471 2812 1533 portare
2845 1461 3154 1533 potuimus?
3209 1462 3318 1520 Sed
3348 1477 3446 1532 per
3470 1460 3697 1532 gratiam
3728 1459 3839 1515 Do-

2251 1555 2384 1610 mini
2413 1554 2540 1610 Jesu
2567 1552 2766 1611 Christi
2799 1555 3073 1612 credimus
3101 1555 3331 1624 salvari,
3380 1555 3842 1626 quemadmodum

2241 1657 2296 1704 et
2339 1647 2438 1703 illi.
2518 1648 2709 1705 Tacuit
2769 1660 2949 1706 autem
3017 1650 3194 1706 omnis
3257 1650 3577 1707 multitudo:
3642 1658 3698 1705 et
3737 1665 3840 1704 au-

2243 1741 2465 1797 diebant
2523 1742 2825 1798 Barnabam
2886 1753 2943 1800 et
3003 1744 3263 1812 Paulum,
3309 1753 3596 1800 narrantes
3638 1753 3841 1814 quanta

531 1834 629 1891 itis
674 1836 1126 1907 generationibus
1173 1835 1382 1893 dimisit
1431 1851 1626 1892 omnes
1673 1844 1864 1906 gentes
1924 1834 2136 1905 ingredi
2169 1827 2216 1888 Β
2245 1835 2386 1892 Deus
2418 1836 2639 1893 fecisset
2667 1839 2820 1909 signa
2865 1847 2917 1894 et
2959 1838 3204 1909 prodigia
3254 1840 3306 1894 in
3330 1839 3581 1911 gentibus
3603 1854 3702 1910 per
3720 1853 3839 1894 eos.

533 1927 647 1986 vias
691 1944 838 1985 suas.
895 1929 961 1986 Et
999 1928 1219 2000 quidem
1269 1943 1377 1986 non
1414 1929 1532 1985 sine
1577 1929 1894 1985 testimonio
1933 1937 2137 1986 semet-

532 2023 707 2094 ipsum
730 2024 973 2095 reliquit,
1005 2023 1352 2082 benefaciens
1375 2025 1444 2084 de
1465 2023 1626 2091 caelo,
1656 2024 1793 2080 dans
1835 2024 2045 2095 pluvias
2079 2030 2137 2080 et

537 2129 782 2190 tempora
823 2119 1133 2188 fructifera,
1182 2121 1418 2191 impleas
1466 2120 1588 2176 cibo
1635 2128 1690 2174 et
1733 2120 1919 2176 latitia
1967 2117 2134 2175 corda

531 2224 742 2270 nostra.
785 2213 857 2270 Et
888 2213 1003 2274 haec
1031 2213 1300 2282 dicentes,
1333 2214 1422 2268 vix
1454 2213 1781 2270 sedaveruut
1802 2212 2020 2281 turbas,
2064 2227 2136 2267 ne

535 2307 638 2364 sibi
682 2307 1049 2366 immolarent.
1103 2306 1549 2377 Supervenerunt
1583 2315 1764 2362 autem
1805 2304 2025 2376 quidam
2065 2304 2134 2360 ab

535 2401 824 2460 Antiochia
877 2411 934 2458 et
980 2401 1165 2459 Iconio
1212 2401 1417 2459 Judazi:
1469 2410 1526 2458 et
1549 2400 1828 2472 persuasis
1861 2400 2034 2456 turbis
2057 2400 2136 2456 la-

538 2493 896 2566 pidantesque
917 2495 1180 2561 Paulum,
1217 2504 1502 2552 traxerunt
1523 2507 1675 2551 extra
1697 2493 1995 2561 civitatem,
2019 2494 2135 2549 cxi-

535 2588 819 2652 stimantes
865 2605 988 2646 eum
1021 2599 1294 2646 mortuum
1335 2604 1477 2646 esse.
1528 2587 2002 2645 Circumdantibus
2036 2601 2133 2643 au-

533 2688 642 2744 tem
693 2698 815 2740 eum
866 2682 1169 2752 discipulis,
1217 2698 1447 2755 surgens
1480 2682 1703 2738 intravit
1732 2682 2046 2746 civitatem,
2082 2689 2137 2735 et

537 2785 757 2846 postera
799 2776 890 2834 die
922 2777 1196 2847 profectus
1237 2784 1323 2834 est
1363 2792 1488 2832 cum
1532 2776 1780 2834 Barnaba
1821 2776 1874 2830 in
1897 2774 2131 2831 Derben.

531 2868 778 2941 Cumque
809 2871 1273 2942 evangelizassent
1299 2870 1505 2926 civitati
1541 2869 1656 2938 illi,
1719 2879 1774 2928 et
1817 2868 2134 2925 docuissent

536 2965 755 3032 multos,
801 2966 1005 3022 reversi
1055 2973 1182 3022 sunt
1223 2965 1512 3038 Lystram,
1555 2972 1612 3022 et
1630 2963 1896 3033 lconium,
1945 2972 2001 3018 et
2019 2961 2134 3018 An-

538 3056 816 3124 tiochiam,
842 3057 1232 3122 confirmantes
1256 3058 1469 3114 animas
1493 3057 1882 3129 discipulorum
1903 3097 1916 3121 ,
1939 3055 2138 3111 exhor-

537 3159 848 3222 tantesque,
891 3162 950 3207 ut
974 3162 1358 3222 permanerent
1383 3155 1437 3208 in
1460 3152 1566 3209 fide
1601 3172 1614 3207 :
1657 3150 1996 3222 etquoniam
2038 3165 2134 3218 per

2243 1929 2309 1984 Et
2339 1942 2620 2000 postquam
2655 1940 2979 2001 tacuerunt,
3018 1932 3302 2003 respondit
3325 1931 3588 2002 Jacobus,
3618 1932 3839 1988 dicens:

2241 2023 2354 2078 Viri
2382 2023 2603 2093 fratres,
2633 2024 2818 2081 audite
2845 2041 2951 2082 me.
3001 2025 3187 2082 Simon
3220 2027 3458 2083 narravit
3487 2025 3845 2098 quemadmo-

2238 2115 2365 2172 dum
2398 2117 2630 2188 primum
2664 2117 2804 2174 Deus
2833 2118 3075 2176 visitavit
3104 2133 3322 2176 sumere
3365 2135 3433 2176 ex
3460 2118 3713 2190 gentibus
3745 2133 3844 2190 po-

2241 2211 2421 2280 pulum
2470 2211 2674 2266 nomini
2716 2225 2836 2267 suo.
2889 2210 2956 2266 Et
2991 2211 3117 2267 huic
3145 2211 3481 2268 concordant
3510 2212 3670 2267 verba
3704 2226 3841 2280 pro-

2239 2305 2557 2376 phetarum,
2610 2305 2752 2380 sicut
2797 2305 3055 2378 scriptum
3107 2317 3188 2361 est
3223 2323 3236 2361 :
3269 2307 3398 2363 Post
3423 2306 3542 2362 haec
3569 2315 3841 2375 revertar,

2239 2409 2296 2455 et
2335 2399 2676 2456 remdificabo
2721 2399 3130 2456 tabernaculum
3161 2400 3363 2467 David,
3418 2400 3560 2472 quod
3602 2399 3840 2456 decidit:

2238 2502 2294 2550 et
2321 2491 2498 2548 diruta
2529 2494 2649 2565 ejus
2681 2493 3047 2560 reaedificabo,
3080 2502 3135 2550 et
3184 2495 3386 2566 erigam
3435 2492 3595 2550 illud:
3651 2502 3708 2548 ut
3757 2507 3845 2548 re-

2238 2587 2457 2658 quirant
2485 2588 2672 2643 caeteri
2704 2586 2983 2643 hominum
3014 2587 3302 2644 Dominum
3327 2629 3342 2655 ,
3399 2595 3452 2642 et
3477 2600 3666 2642 omnes
3705 2601 3840 2657 gen-

2242 2691 2342 2747 tes,
2389 2697 2551 2751 super
2581 2696 2715 2752 quas
2746 2682 3056 2738 invocatum
3089 2688 3173 2736 est
3203 2695 3398 2736 nomen
3431 2694 3613 2736 meum
3635 2721 3650 2745 ,
3708 2677 3843 2734 dicit

2243 2776 2498 2832 Dominus
2523 2776 2730 2832 faciens
2760 2775 2894 2831 hazc.
2965 2775 3162 2830 Notum
3196 2791 3225 2830 a
3255 2774 3458 2831 saeculo
3497 2783 3582 2829 est
3610 2771 3844 2828 Domine

2237 2883 2374 2940 opus
2413 2885 2590 2924 suum.
2657 2868 2886 2939 Propter
2917 2867 3060 2938 quod
3090 2885 3190 2939 ego
3219 2868 3427 2938 judico,
3480 2882 3591 2921 non
3633 2865 3846 2937 inquie-

2243 2962 2341 3017 tari
2368 2977 2462 3017 eos
2490 2962 2579 3033 qui
2611 2977 2677 3018 ex
2705 2961 2957 3032 gentibus
2995 2969 3386 3016 convertentur
3414 2959 3480 3014 ad
3510 2958 3680 3034 Deum
3703 2999 3719 3026 ,
3744 2957 3843 3013 sed

2249 3055 2488 3110 scribere
2519 3056 2584 3109 ad
2611 3069 2735 3119 eos,
2786 3063 2849 3110 ut
2873 3054 3174 3110 abstineant
3215 3069 3276 3110 se
3306 3069 3337 3110 a
3367 3050 3845 3109 contaminationi-

2241 3149 2342 3206 bus
2399 3149 2844 3217 simulacrorum,
2901 3160 2954 3204 et
3005 3150 3380 3214 fornicatione,
3416 3158 3441 3185 ⁸
3492 3157 3548 3204 et
3603 3145 3845 3203 suffoca-

537 3242 737 3298 multas
784 3243 1167 3299 tribulationcs
1203 3253 1419 3314 oportet
1461 3258 1561 3299 nos
1594 3241 1802 3298 intrare
1835 3242 1887 3296 in
1914 3256 2136 3312 regnum
2167 3229 2213 3294 C
2253 3242 2341 3311 tis,
2392 3250 2447 3298 et
2492 3245 2771 3314 sanguine.
2839 3242 3049 3314 Moyses
3078 3241 3222 3298 enim
3277 3258 3307 3297 a
3338 3241 3677 3312 temporibus
3703 3239 3844 3296 anti-

533 3334 656 3391 Dei.
701 3335 770 3390 Et
791 3351 914 3394 cum
939 3337 1351 3394 constituissent
1373 3338 1476 3393 illis
1499 3354 1593 3407 per
1614 3336 1854 3407 singulas
1873 3337 2136 3393 ecclesias

539 3428 913 3501 presbyteros,
961 3439 1017 3490 et
1049 3439 1300 3491 orassent
1319 3430 1914 3501 cumjejunationibus,
1980 3445 2134 3486 eom-

533 3521 926 3582 mendaverunt
969 3539 1063 3580 eos
1111 3525 1382 3590 Domino,
1443 3524 1496 3579 in
1547 3539 1710 3595 quem
1765 3523 2133 3580 crediderunt.

535 3615 1018 3688 Transeuntesque
1049 3617 1306 3674 Pisidiam
1326 3659 1341 3683 ,
1367 3627 1637 3673 venerunt
1661 3619 1711 3672 in
1735 3616 2134 3688 Pamphyliam,

542 3717 600 3765 et
640 3710 922 3781 loquentes
964 3709 1188 3770 verbum
1233 3709 1448 3768 Domini
1507 3709 1560 3764 in
1601 3710 1789 3780 Perge,
1833 3709 2131 3766 descende-

537 3803 741 3858 runtin
766 3802 1052 3860 Attaliam:
1103 3812 1160 3860 et
1185 3801 1312 3860 inde
1339 3803 1726 3874 navigaverunt
1763 3801 2134 3868 Antiochiam,

529 3895 674 3952 unde
696 3907 853 3954 erant
875 3883 1063 3951 traditi
1084 3896 1272 3966 gratiae
1301 3896 1391 3952 Dei
1420 3937 1434 3960 ,
1481 3895 1533 3950 in
1557 3911 1693 3965 opus
1714 3894 1860 3966 quod
1892 3895 2138 3964 comple-

449 4037 460 4054 κ
539 4000 758 4046 verunt.
837 3991 974 4046 Cum
1030 3997 1222 4046 ‘autem
1277 3992 1586 4058 venissent,
1628 3998 1683 4046 et
1714 3999 2140 4061 congregassent

528 4084 842 4150 ecclesiam,
877 4084 1186 4148 retulerunt
1215 4094 1416 4154 quanta
1444 4083 1664 4141 fecisset
1689 4085 1832 4140 Deus
1854 4099 1979 4140 cum
2007 4084 2134 4156 illis,

530 4185 588 4236 et
624 4178 750 4249 quia
789 4177 1131 4248 aperuissent
1164 4177 1415 4248 gentibus
1461 4180 1666 4233 ostium
1717 4177 1862 4233 fidei.
1937 4178 2128 4234 Morati

534 4282 660 4328 sunt
682 4280 862 4328 autem
891 4279 1106 4342 tempus
1127 4287 1237 4327 non
1264 4271 1536 4328 modicum
1561 4288 1682 4327 cum
1709 4272 2011 4342 discipulis.

610 4361 764 4434 [Cap.
791 4361 935 4432 XV.]
969 4363 1034 4419 Et
1058 4363 1275 4434 quidam
1299 4366 1698 4421 descendentes
1719 4365 1787 4422 de
1806 4364 2014 4433 Iudaea,
2041 4365 2140 4421 do-

535 4453 980 4516 cebantfratres:
1025 4456 1159 4523 Quia
1203 4457 1306 4514 nisi
1347 4458 1811 4515 circumcidamini
1836 4459 2136 4514 secundum

536 4561 748 4608 morem
773 4547 980 4620 Moysi,
1005 4563 1114 4606 non
1140 4549 1368 4620 potestis
1388 4551 1609 4607 salvari.
1651 4549 1816 4607 Facta
1843 4565 1972 4622 ergo
1993 4551 2139 4607 sedi-

2241 3334 2363 3407 qnis
2409 3335 2667 3391 habetin
2706 3335 2933 3406 singulis
2976 3336 3290 3391 civitatibus
3334 3336 3425 3407 qui
3459 3334 3760 3405 praedicent
3789 3335 3845 3389 in

2249 3431 2564 3501 synagogis,
2611 3429 2700 3485 ubi
2754 3447 2848 3501 per
2890 3445 3054 3486 omne
3094 3430 3376 3486 sabbatum
3414 3429 3632 3501 legitur.
3688 3429 3845 3486 Tunc

2241 3522 2446 3592 placuit
2498 3523 2756 3594 apostolis
2776 3567 2790 3593 ,
2851 3532 2904 3578 et
2931 3523 3234 3579 senioribus
3263 3537 3383 3577 cum
3409 3523 3557 3578 omni
3587 3519 3844 3590 ecclesia,

2240 3617 2442 3689 eligere
2484 3619 2633 3672 viros
2673 3632 2740 3672 ex
2787 3617 2900 3682 eis,
2959 3628 3012 3672 et
3062 3617 3275 3672 mittere
3325 3614 3668 3671 Antiochiam
3717 3629 3843 3669 cum

2250 3713 2418 3768 Paulo
2447 3721 2499 3768 et
2532 3712 2798 3778 Barnaba,
2825 3710 3016 3768 Judam
3037 3754 3050 3778 ,
3083 3711 3174 3781 qui
3203 3709 3690 3781 cognominabatur
3718 3707 3845 3764 Bar-

2239 3805 2418 3870 sabas,
2461 3815 2516 3860 et
2545 3804 2734 3872 Silam,
2775 3805 2924 3860 viros
2957 3804 3160 3875 primos
3185 3804 3236 3858 in
3263 3801 3547 3869 fratribus,
3591 3800 3842 3858 scriben-

2242 3906 2322 3955 tes
2348 3913 2448 3969 per
2479 3914 2669 3954 manus
2695 3913 2910 3954 eorum.

2309 3992 2610 4061 Aros'rou,
2661 4001 2715 4048 et
2741 3992 2986 4047 seniores
3017 3989 3235 4060 fratres,
3282 3991 3389 4059 his,
3445 3989 3536 4060 qui
3569 3998 3695 4044 sunt
3725 3989 3843 4042 An-

2241 4088 2454 4144 tiochiae
2485 4129 2499 4153 ,
2553 4097 2609 4144 et
2652 4086 2854 4158 Syriae,
2907 4095 2961 4142 et
2987 4085 3231 4154 Ciliciae,
3283 4084 3537 4140 fratribus
3561 4099 3633 4139 ex
3663 4083 3843 4152 genti-

2245 4181 2370 4247 bus,
2402 4181 2654 4236 salutem.
2709 4178 2972 4246 Quoniam
3001 4177 3341 4243 audivimus,
3375 4177 3496 4248 quia
3526 4175 3747 4248 quidam
3771 4189 3843 4230 ex

2241 4275 2398 4332 nobis
2428 4283 2726 4340 exeuntes,
2762 4273 3113 4328 turbaverunt
3143 4289 3238 4328 vos
3267 4273 3446 4327 verbis
3465 4314 3479 4338 ,
3523 4277 3840 4328 evertentes

2239 4371 2446 4426 animas
2487 4377 2743 4436 vestras,
2782 4368 2979 4439 quibus
3023 4384 3130 4423 non
3178 4367 3587 4423 mandavimus:
3639 4365 3844 4435 placuit

2241 4465 2398 4521 nobis
2427 4464 2674 4520 collectis
2717 4465 2770 4519 in
2804 4480 3005 4531 unum,
3057 4465 3256 4536 eligere
3293 4465 3462 4530 viros,
3521 4473 3576 4520 et
3613 4463 3843 4518 mittere

2243 4559 2310 4615 ad
2358 4575 2478 4629 vos,
2528 4573 2652 4614 cum
2682 4557 3022 4614 charissimis
3055 4558 3252 4614 nostris
3279 4557 3526 4612 Barnaba
3563 4564 3618 4612 et
3648 4555 3838 4621 Paulo,

533 4642 679 4704 tione
722 4658 830 4700 non
864 4644 1088 4701 minima
1130 4643 1298 4701 Paulo
1323 4653 1381 4702 et
1411 4646 1676 4702 Barnaba:
1705 4646 1968 4704 adversus
1991 4647 2130 4714 illos,
2161 4632 2212 4694 θ
2237 4651 2572 4720 hominibus,
2602 4653 2692 4723 qui
2717 4650 3062 4707 tradiderunt
3089 4651 3296 4706 animas
3326 4663 3457 4705 suas
3485 4663 3587 4722 pro
3615 4648 3840 4704 nomine

533 4745 841 4794 statuerunt
885 4747 944 4794 ut
988 4739 1351 4797 escenderent
1395 4740 1598 4797 Paulus
1643 4751 1698 4798 et
1743 4743 2040 4812 Barnabas,
2081 4751 2134 4798 et

533 4831 754 4902 quidam
801 4832 892 4892 alii
931 4847 1000 4890 ex
1039 4833 1180 4901 aliis,
1222 4833 1290 4890 ad
1312 4835 1587 4906 apostolos
1607 4843 1662 4892 et
1691 4835 2050 4908 Presbyteros
2079 4836 2134 4892 in

535 4925 838 4986 Jerusalem
857 4969 873 4994 ,
921 4941 1086 4999 super
1116 4926 1216 4984 hac
1242 4929 1566 5000 quaestione.
1641 4929 1722 4986 llli
1750 4945 1882 5003 ergo
1912 4929 2132 4987 deducti

531 5018 600 5082 ab
645 5018 877 5078 ecclesia
907 5064 922 5088 ,
993 5020 1404 5090 pertransibant
1469 5021 1763 5078 Phoenicen
1831 5031 1888 5081 et
1942 5022 2134 5080 Sama-

532 5111 698 5180 riam,
753 5123 1043 5193 narrantes
1096 5115 1512 5178 conversionem
1559 5115 1842 5186 gentium:
1887 5125 1941 5173 et
1971 5116 2140 5173 facie-

533 5207 667 5262 bant
695 5206 951 5278 gaudium
983 5223 1241 5280 magnum
1269 5209 1524 5265 omnibus
1554 5208 1834 5266 fratribus.
1880 5210 2016 5268 Cum
2046 5227 2141 5267 au-

540 5306 650 5360 tem
676 5301 959 5358 venissent
983 5300 1400 5376 Jerosolymam,
1430 5304 1671 5374 suscepti
1695 5312 1826 5360 sunt
1854 5305 1923 5361 ab
1953 5305 2139 5362 eccle-

529 5393 646 5461 sia,
707 5402 762 5454 et
807 5393 874 5452 ab
915 5395 1210 5464 apostolis,
1265 5406 1322 5453 et
1374 5395 1706 5464 senioribus,
1754 5399 2141 5455 annuntiantes

521 5492 730 5557 quanta
761 5484 909 5544 Deus
935 5485 1158 5546 fecisset
1179 5503 1304 5545 cum
1332 5488 1460 5544 illis.
1534 5487 1908 5548 Surrexerunt
1950 5501 2132 5548 autem

525 5577 750 5648 quidam
765 5578 832 5638 de
853 5577 1055 5640 haeresi
1087 5580 1506 5653 pharisznorung
1521 5583 1610 5654 qui
1635 5583 2014 5652 crediderunt,
2047 5585 2134 5640 di-

527 5679 749 5734 centes:
779 5671 917 5740 Quia
949 5683 1165 5748 oportet
1195 5675 1512 5732 circumcidi
1533 5690 1650 5746 eos,
1682 5677 1979 5750 praecipere
2001 5691 2136 5750 quo-

601 5795 630 5828 α
663 5786 801 5844 lliud
832 5800 879 5864 et
925 5790 1195 5864 stt/facetis
1225 5798 1478 5864 _te_statur
1535 5801 1721 5850 noster
1771 5791 2129 5864 Hieronymus

515 5856 834 5924 (Idumam.
863 5862 917 5922 in
937 5856 1106 5934 Epist.
1124 5859 1434 5920 adﬁalatas
1459 5877 1579 5935 cap,
1607 5879 1659 5933 v,
1687 5877 1836 5920 vers.
1869 5864 1926 5933 ἓ,
1953 5856 2007 5922 iit
2033 5863 2122 5921 ali-

2238 4745 2450 4802 Domini
2485 4744 2656 4801 nostri
2691 4744 2818 4801 Jesu
2865 4743 3090 4801 Christi.
3145 4743 3388 4800 Misimus
3412 4757 3543 4814 ergo
3565 4741 3760 4799 Judam
3786 4751 3846 4798 et

2236 4837 2445 4907 Silam,
2500 4839 2595 4910 qui
2642 4848 2698 4894 et
2746 4836 2853 4906 ipsi
2908 4836 3066 4894 vobis
3113 4837 3296 4894 verbis
3341 4835 3586 4894 referent
3623 4834 3840 4893 eadem.

2240 4930 2428 4988 Visum
2457 4931 2714 4987 estenim
2745 4928 2975 5000 Spiritui
3001 4921 3213 4995 sancto.
3264 4938 3320 4987 et
3365 4931 3550 4994 nobis.
3593 4929 3734 4986 nihil
3760 4929 3847 4986 ul-

2238 5033 2323 5080 tra
2356 5023 2638 5095 imponere
2666 5022 2820 5079 vobis
2845 5022 3029 5078 oneris
3057 5037 3220 5094 quam
3249 5022 3367 5079 haec
3397 5025 3739 5080 necessaria:
3784 5031 3848 5078 ut

2239 5116 2559 5174 abstineatis
2597 5131 2693 5172 vos
2722 5115 2793 5172 ab
2823 5115 3116 5172 immolatis
3151 5116 3591 5184 simulacrorum,
3635 5123 3692 5172 et
3713 5130 3846 5172 san-

2239 5209 2424 5280 guine,
2477 5216 2535 5266 et
2571 5208 2856 5279 sulfocato,
2909 5217 2967 5266 et
3004 5209 3398 5278 fornicatione;
3453 5225 3483 5265 a
3513 5210 3713 5282 quibus
3742 5223 3843 5266 cu-

2241 5301 2545 5358 stodientes
2581 5315 2701 5371 vos,
2760 5301 2901 5360 bene
2933 5303 3123 5375 agetis.
3201 5302 3412 5361 Valete.
3470 5303 3554 5359 Illi
3590 5302 3848 5374 ergoadi-

2242 5393 2428 5461 missi,
2498 5393 2899 5452 descenderunt
2962 5395 3344 5453 Antiochiam:
3410 5405 3466 5453 et
3513 5405 3850 5468 congregata

2241 5487 2610 5556 multitudine,
2640 5489 2979 5546 tradiderunt
3010 5489 3326 5562 epistolam.
3398 5489 3576 5558 Quam
3606 5503 3735 5545 cum
3765 5488 3853 5545 le-

2237 5581 2465 5652 gissent,
2489 5581 2661 5652 gavisi
2690 5592 2818 5639 sunt
2846 5597 3011 5654 super
3033 5583 3434 5640 consolatione.
3467 5581 3638 5640 Iudas
3664 5591 3853 5639 autem

2239 5687 2295 5734 et
2333 5678 2502 5746 Silas,
2555 5689 2610 5734 et
2653 5677 2756 5751 ipsi
2787 5695 2912 5736 cum
2947 5687 3130 5738 essent
3176 5679 3481 5751 prophetae,
3535 5677 3708 5735 verbo
3730 5677 3851 5750 plu-

2237 5801 2628 5884 5192‘._‘a_"__‘f!'9-
2646 5796 3064 5884 ,,9xf=e.rleribu§
3089 5795 3358 5884 ,πέδιίηξειλ
3378 5803 3520 5884 re!!!
3535 5803 3748 5884 Aeetam
3792 5803 3853 5856 ει

2234 5863 2422 5922 Graeca
2447 5865 2693 5937 quaedam
2719 5863 2939 5940 optimae
2966 5875 3108 5926 notae
3127 5882 3248 5938 quae
3268 5866 3403 5929 illud
3425 5865 3699 5928 nesciunt.
