4166 6336
326 364 432 423 709

1401 359 1632 432 [LIBER
1674 357 1962 419 ACTUUM
2000 358 2538 422 arosroconuu.

3527 372 3633 428 710

322 481 464 534 rimo
525 478 788 534 consolati
847 486 972 532 sunt
1035 476 1263 545 fratres,
1335 488 1391 534 et
1435 477 1915 535 confirmaverunt.
1944 475 2186 538 Anobis
2225 482 2294 538 ad
2334 483 2664 551 orationem,
2724 485 2962 555 puellam
3010 487 3300 558 quamdam
3343 487 3632 545 habentem

324 571 491 627 Facto
539 583 719 626 autem
770 572 842 627 ibi
893 571 1168 643 aliquanto
1218 580 1486 643 tempore,
1534 572 1746 628 dimissi
1796 580 1923 627 sunt

321 681 445 721 cum
477 680 610 735 pace
638 680 668 720 a
698 664 987 732 fratribus,
1021 666 1088 721 ad
1115 679 1210 720 eos
1237 663 1329 736 qui
1360 665 1622 722 miserant
1651 665 1792 720 illos.
1831 663 1924 719 Vi-

323 775 444 816 sum
474 770 556 816 est
585 771 766 816 autem
798 760 924 816 Silae
957 759 1028 816 ibi
1058 775 1374 816 remanere:
1432 759 1599 816 ludas
1630 769 1809 814 autem
1835 773 1924 812 so-

320 855 411 910 lus
441 854 575 910 abiit
601 852 930 910 Jerusalem.
984 853 1182 908 Paulus
1207 862 1390 908 autem
1423 863 1476 907 et
1503 852 1779 906 Barnabas
1832 850 1924 906 de-

321 946 683 1003 morabantur
710 947 1018 1003 Antiochiae
1043 992 1057 1017 ,
1111 945 1402 1012 docentes,
1453 954 1508 1000 et
1549 944 1924 1015 evangelizan-
1966 976 1970 986 -

322 1050 407 1098 tes
438 1057 561 1095 cum
587 1041 709 1096 aliis
740 1040 989 1109 pluribus
1015 1039 1242 1094 verbum
1274 1039 1509 1094 Domini.
1568 1038 1695 1093 Post
1722 1037 1928 1106 aliquot

321 1143 504 1189 autem
532 1133 673 1200 dies,
703 1133 836 1189 dixit
865 1133 930 1188 ad
953 1133 1258 1190 Barnabam
1287 1133 1488 1188 Paulus
1517 1151 1529 1186 :
1563 1131 1926 1188 Revertentes

321 1225 608 1281 visitemus
640 1224 842 1282 fratres
873 1240 971 1295 per
1001 1225 1284 1281 universas
1314 1225 1592 1292 civitates,
1642 1223 1699 1278 in
1728 1221 1925 1292 quibus

320 1318 743 1389 prtedicavitnus
769 1318 994 1375 verbum
1019 1317 1256 1387 Domini,
1289 1317 1563 1390 quomodo
1583 1331 1645 1373 se
1668 1315 1922 1372 habeant.

324 1416 603 1474 Barnabas
638 1426 816 1474 autem
851 1417 1070 1474 volebat
1112 1432 1298 1474 secum
1347 1431 1623 1473 assumere
1667 1426 1724 1473 et
1761 1417 1927 1473 Joan-

325 1527 484 1579 nem,
539 1514 632 1584 qui
683 1512 1176 1585 cognominabatur
1215 1512 1451 1568 Mareus.
1511 1510 1711 1566 Paulus
1741 1519 1923 1566 autem

327 1605 556 1677 rogabat
583 1620 707 1661 eum
759 1604 842 1677 (ut
873 1606 962 1676 qui
990 1605 1333 1661 discessisset
1358 1604 1428 1661 ab
1454 1605 1533 1660 eis
1559 1604 1628 1660 de
1656 1603 1927 1677 Pamphy-

321 1696 424 1765 lia,
472 1707 531 1754 et
558 1711 664 1753 non
699 1698 834 1754 isset
866 1711 988 1753 cum
1018 1700 1097 1754 eis
1125 1698 1178 1753 in
1209 1697 1370 1768 opus)
1417 1713 1530 1753 non
1583 1697 1785 1755 debere
1836 1713 1927 1754 re-

324 1792 455 1863 cipi.
516 1791 680 1847 Facta
716 1801 802 1848 est
836 1799 1022 1848 autem
1062 1790 1352 1858 dissensio,
1395 1792 1464 1847 ita
1492 1800 1552 1846 ut
1576 1790 1923 1847 discederent

2025 574 2272 646 Spiritum
2301 575 2600 648 Pythonem
2631 577 2856 635 obviare
2878 579 3055 646 nobis,
3081 595 3202 649 quae
3228 591 3492 652 quaestum
3521 596 3637 637 ma-

2025 682 2189 740 gnum
2224 670 2516 739 praestabat
2537 669 2774 728 dominis
2801 671 2915 728 suis
2934 672 3252 729 divinando.
3286 674 3412 730 llaec
3439 675 3635 731 subse-

2027 771 2149 816 cuta
2178 760 2428 831 Paulum,
2461 769 2517 818 et
2546 779 2667 834 nos,
2701 764 2975 822 clamabat
2999 765 3186 822 dicens
3215 782 3229 821 :
3262 766 3354 822 Isti
3388 765 3638 822 homines

2028 857 2168 910 servi
2221 854 2317 910 Dei
2359 855 2561 912 excelsi
2612 866 2760 925 sunt,
2815 859 2905 928 qui
2954 859 3280 914 annuutiant
3308 859 3462 915 vobis
3492 858 3634 915 viam

2027 948 2239 1003 salutis.
2271 949 2384 1006 lloc
2405 959 2584 1006 autem
2614 949 2848 1007 faciebat
2867 953 3050 1009 multis
3071 953 3285 1010 diebus.
3314 954 3510 1010 Dolens
3542 971 3637 1010 au-

2030 1050 2136 1098 tem
2169 1043 2387 1113 Paulus,
2431 1053 2486 1101 et
2515 1061 2836 1114 conversus,
2880 1049 3095 1120 Spiritui
3140 1050 3273 1106 dixit
3308 1067 3324 1106 :
3367 1051 3635 1121 Praecipio

2028 1135 2126 1192 tibi
2151 1137 2202 1190 in
2234 1138 2457 1194 nomine
2479 1138 2608 1194 Jesu
2637 1140 2837 1197 Christi
2868 1143 3021 1197 exire
3049 1143 3118 1198 ab
3143 1160 3227 1199 ea.
3263 1143 3332 1198 Et
3373 1144 3514 1200 exiit
3544 1159 3638 1200 ea-

2027 1228 2152 1286 dem
2187 1229 2343 1287 hora.
2383 1233 2639 1290 Videntes
2667 1243 2849 1290 autem
2882 1236 3089 1292 domini
3117 1238 3256 1309 ejus,
3298 1239 3425 1309 quia
3468 1240 3638 1296 exivit

2029 1335 2154 1393 spes
2179 1335 2418 1393 quaestus
2443 1341 2653 1394 eorum,
2681 1329 3158 1399 apprehendentes
3207 1331 3436 1387 Paulum
3472 1341 3522 1388 et
3552 1331 3634 1389 Si-

2027 1416 2134 1473 lam
2170 1419 2545 1490 perduxerunt
2578 1422 2633 1478 in
2664 1421 2840 1480 forum
2886 1426 2953 1480 ad
2987 1427 3280 1499 principes,
3315 1436 3370 1482 et
3401 1427 3636 1485 offeren-

2027 1519 2112 1568 tes
2131 1527 2226 1570 eos
2257 1514 2662 1587 magistratibus
2690 1517 2950 1574 dixerunt
2984 1537 2996 1571 :
3029 1519 3093 1574 Hi
3137 1518 3385 1576 homines
3412 1529 3637 1576 contur-

2028 1603 2159 1661 bant
2187 1605 2459 1663 civitatem
2489 1617 2752 1677 nostram,
2781 1623 2902 1665 cum
2929 1611 3039 1664 sint
3075 1609 3248 1666 ,ἰυόωί
3285 1630 3297 1665 :
3334 1620 3389 1666 et
3417 1627 3631 1667 annun-

2029 1699 2165 1754 tiant
2203 1715 2431 1769 morem,
2465 1717 2622 1773 quem
2654 1717 2763 1758 non
2795 1703 2919 1758 licet
2949 1703 3106 1759 nobis
3133 1703 3434 1774 suscipere,
3463 1719 3639 1775 neque

2030 1794 2228 1859 facere,
2262 1811 2385 1852 eum
2414 1797 2583 1853 simus
2609 1797 2865 1854 Romani.
2900 1799 2969 1853 Et
2994 1803 3236 1854 cucurrit
3264 1800 3418 1870 plebs
3448 1799 3640 1855 adver—

321 1887 392 1943 ab
435 1887 705 1954 invicem,
751 1896 807 1943 et
848 1887 1124 1943 Barnabas
1168 1887 1386 1958 quidem
1427 1897 1707 1958 assumpto
1737 1885 1918 1943 Marco
1944 1879 1996 1942 B
2023 1900 2114 1941 sus
2144 1903 2243 1943 eos
2277 1905 2290 1941 :
2326 1899 2380 1945 et
2410 1891 2776 1960 magistratus,
2817 1891 3004 1947 scissis
3038 1891 3234 1947 tunicis
3274 1906 3491 1960 eorum,
3519 1892 3635 1962 jus-

323 1981 608 2052 navigaret
631 1982 888 2053 Cyprum.
953 1981 1154 2036 Paulus
1197 1995 1328 2037 vero
1371 1979 1546 2036 electo
1587 1980 1698 2037 Sila
1743 1979 1922 2050 profe-

319 2084 442 2130 ctus
467 2082 584 2140 est,
635 2069 863 2129 traditus
891 2074 1080 2146 gratiae
1108 2073 1206 2130 Dei
1235 2088 1263 2127 a
1293 2071 1579 2128 fratribus.
1624 2071 1920 2128 Perambu-

320 2169 471 2226 labat
493 2176 674 2223 autem
702 2165 939 2240 Syriam,
997 2175 1054 2223 et
1078 2165 1346 2237 Ciliciam,
1391 2165 1721 2223 confirmans
1750 2164 1924 2220 eccle-

332 2264 472 2323 sias:
525 2262 846 2334 praecipiens
884 2262 1162 2320 cuStodire
1197 2271 1470 2334 praecepta
1511 2259 1920 2335 Apostolorum,

325 2364 380 2412 et
403 2356 703 2412 seniorum.

392 2445 549 2521 [Cap.
567 2447 737 2521 XVI.]
755 2449 1009 2506 Pervenit
1033 2457 1212 2506 autem
1237 2448 1474 2517 Derben,
1491 2458 1548 2506 et
1568 2449 1838 2522 Lystram.
1857 2449 1925 2504 Et

327 2557 457 2600 ecce
483 2542 785 2614 discipulus
817 2542 1034 2614 quidam
1062 2551 1177 2598 erat
1217 2541 1290 2598 ibi
1319 2543 1540 2598 nomine
1579 2543 1922 2609 Timotheus,

321 2637 469 2694 filius
505 2637 752 2694 mulieris
791 2646 817 2675 ι
859 2636 1062 2693 Judaeae
1098 2635 1311 2701 fidelis,
1359 2645 1512 2706 patre
1543 2636 1752 2708 gentili.
1791 2637 1926 2693 Huic

323 2730 702 2788 testimonium
730 2731 931 2786 bonum
959 2729 1283 2800 reddebant,
1315 2731 1410 2801 qui
1441 2732 1493 2786 in
1525 2729 1738 2803 Lystris
1767 2739 1926 2786 erant

321 2835 378 2883 et
427 2827 612 2881 leonio
656 2826 871 2881 fratres.
948 2824 1101 2880 l-lune
1138 2824 1310 2879 voluit
1339 2825 1538 2881 Paulus
1574 2840 1757 2881 secum
1802 2840 1926 2894 pro-

330 2918 539 2974 ficisci:
584 2927 638 2975 et
669 2932 955 2974 assumens
991 2917 1517 2984 circumciditeum,
1571 2925 1790 2988 propter
1832 2915 1927 2972 Ju-

327 3012 478 3069 daeos
502 3012 596 3082 qui
627 3021 783 3068 erant
810 3012 864 3066 in
893 3011 1002 3067 illis
1028 3011 1187 3066 locis.
1219 2995 1225 2999 ’
1257 3010 1514 3068 Sciebant
1550 3010 1692 3067 enim
1734 3025 1926 3066 omnes

319 3105 464 3177 quod
493 3116 650 3177 pater
682 3105 804 3176 ejus
828 3113 948 3160 erat
971 3103 1212 3175 gentilis.
1260 3101 1394 3159 Cum
1432 3111 1615 3159 autem
1650 3112 1927 3172 pertrans-

319 3199 468 3256 irent
517 3199 831 3266 civitatem,
880 3197 1171 3253 tradebant
1206 3198 1286 3254 eis
1321 3197 1596 3254 custodire
1647 3196 1920 3269 dogmata,

2025 1993 2213 2038 serunt
2243 1997 2341 2038 eos
2371 1983 2534 2053 virgis
2556 1984 2708 2039 caedi.
2746 1984 2811 2039 Et
2837 2000 2958 2040 cum
2988 1986 3186 2041 multas
3209 1985 3393 2057 plagas
3424 1988 3504 2042 eis
3531 1984 3636 2039 im-

2025 2075 2356 2144 posuissent,
2396 2076 2662 2131 miserunt
2691 2091 2787 2132 cus
2819 2078 2873 2131 in
2915 2092 3216 2146 carcerem,
3262 2077 3642 2148 praecipientes

2025 2167 2275 2234 custodi,
2311 2168 2385 2222 'ut
2415 2165 2702 2238 diligenter
2747 2169 3050 2224 custodiret
3077 2183 3195 2224 eos.
3238 2168 3342 2237 Qui
3372 2185 3498 2225 eum
3531 2169 3640 2224 tale

2026 2271 2358 2332 praeceptum
2387 2262 2712 2333 accepisset,
2745 2265 2886 2320 misit
2922 2279 3016 2320 eos
3059 2265 3112 2319 in
3159 2265 3474 2321 interiorem
3517 2280 3638 2320 ear-

2026 2370 2230 2422 cerem,
2271 2365 2328 2411 et
2356 2355 2520 2426 pedes
2560 2371 2747 2412 eorum
2797 2357 3019 2413 strinxit
3047 2357 3215 2428 ligno.
3251 2358 3423 2413 Media
3457 2368 3638 2413 autem

2027 2460 2208 2520 nocte,
2241 2451 2440 2507 Paulus
2481 2460 2536 2508 et
2578 2452 2720 2508 Silas
2749 2464 2990 2521 orantes,
3021 2452 3320 2508 laudabant
3350 2453 3518 2508 Deum
3549 2471 3562 2507 :
3589 2461 3643 2509 et

2025 2543 2316 2600 audiebant
2355 2561 2470 2612 eos,
2506 2547 2599 2617 qui
2648 2546 2701 2601 in
2757 2547 3000 2602 custodia
3039 2557 3216 2603 erant.
3269 2547 3464 2603 Subito
3513 2563 3642 2603 vero

2029 2645 2369 2694 terrmmotus
2393 2638 2567 2695 factus
2588 2647 2672 2696 est
2695 2656 2943 2712 magnus,
2974 2642 3044 2696 ita
3070 2652 3128 2697 ut
3151 2652 3504 2700 moverentur
3525 2642 3646 2698 fun-

2026 2730 2279 2788 damenta
2297 2733 2563 2790 carceris.
2594 2733 2662 2788 Et
2684 2737 2863 2790 statim
2888 2745 3080 2806 aperta
3099 2745 3228 2792 sunt
3255 2737 3436 2792 omnia
3463 2737 3600 2793 ostia
3625 2753 3640 2793 :

2027 2833 2084 2880 et
2125 2825 2505 2881 universorum
2538 2827 2752 2883 vincula
2795 2829 2973 2882 soluta
3015 2813 3162 2884 sunt.
3205 2827 3639 2901 Expergefaetus

2026 2927 2206 2976 autem
2236 2929 2421 2976 custos
2451 2920 2714 2988 careeris,
2748 2931 2801 2977 et
2831 2921 3020 2977 videns
3040 2923 3235 2993 januas
3265 2932 3482 2993 apertas
3517 2928 3644 2978 c’ar-

2027 3013 2189 3078 ceris,
2218 3014 2505 3085 evaginato
2532 3014 2715 3084 gladio
2768 3015 2983 3071 volebat
3031 3030 3091 3071 se
3134 3015 3464 3084 interficere,
3494 3016 3644 3072 aesti-

2027 3121 2185 3162 mans
2222 3106 2424 3178 fugisse
2463 3107 2696 3162 vinctos.
2729 3105 3000 3163 Clamavit
3048 3122 3230 3164 autem
3282 3109 3481 3165 Paulus
3512 3123 3645 3164 voce

2028 3216 2246 3273 magna,
2284 3202 2520 3258 dicens:
2581 3201 2726 3257 Nihil
2792 3203 2884 3258 tibi
2939 3203 3067 3258 mali
3111 3201 3347 3260 feceris:
3406 3202 3645 3261 universi

320 3308 446 3364 quae
495 3301 650 3348 erant
701 3291 917 3348 decreta
972 3292 1041 3345 ab
1073 3292 1347 3362 Apostolis
1377 3301 1433 3349 et
1465 3293 1796 3362 senioribus,
1833 3292 1925 3365 qui
1952 3269 2000 3336 ο
2031 3269 2178 3351 enim
2211 3269 2302 3350 hic
2327 3310 2533 3349 sumus.
2565 3294 2853 3366 Petitoque
2884 3297 3108 3364 lumine,
3141 3297 3506 3368 introgressus
3530 3305 3643 3352 est:

329 3396 490 3445 erant
511 3386 890 3458 Jerosolymis.
929 3387 996 3441 Et
1017 3385 1264 3443 ecclesia:
1286 3387 1506 3458 quidem
1528 3388 1930 3443 confirmaban-

325 3489 415 3537 tur
437 3480 569 3546 fide,
615 3491 668 3536 et
691 3480 1042 3536 abundabant
1065 3495 1293 3535 numero
1313 3479 1578 3552 quotidie.
1610 3481 1894 3537 Transeun
1913 3512 1930 3522 -

329 3583 420 3632 tes
451 3584 633 3631 autem
661 3573 954 3647 Phrygiam
978 3614 993 3642 ,
1033 3582 1090 3631 et
1131 3573 1360 3630 Galatiae
1406 3574 1684 3646 regionem
1707 3617 1722 3644 ,
1769 3574 1932 3631 vetati

329 3678 463 3724 sunt
505 3683 538 3723 a
585 3669 789 3739 Spiritu
834 3677 1023 3724 sancto
1063 3668 1212 3740 loqui
1260 3668 1488 3724 verbum
1536 3669 1633 3725 Dei
1679 3669 1733 3724 in
1775 3668 1930 3729 Asia.

324 3759 463 3818 Cum
497 3764 776 3819 venissent
819 3771 1000 3818 autem
1034 3763 1088 3817 in
1125 3762 1391 3833 Mysiam,
1424 3761 1704 3818 tentabant
1748 3761 1828 3818 ire
1879 3762 1932 3817 in

329 3855 635 3928 Bithyniam
665 3873 679 3909 :
709 3865 763 3913 et
806 3871 911 3912 non
946 3856 1190 3926 permisit
1221 3871 1316 3911 eos
1353 3855 1574 3927 spiritus
1605 3855 1760 3911 Jesu.
1799 3857 1934 3912 Cum

331 3962 512 4008 autem
554 3951 978 4022 pertransissent
1021 3950 1265 4022 Mysiam,
1319 3950 1721 4007 descenderunt
1770 3949 1938 4006 Troa-

332 4047 456 4104 dem
489 4064 503 4101 :
547 4057 603 4102 et
634 4046 770 4102 visio
817 4062 915 4118 per
961 4053 1178 4103 noctem
1212 4047 1379 4102 Paulo
1424 4056 1639 4102 ostensa
1669 4055 1752 4102 est
1797 4065 1810 4103 :
1842 4046 1940 4104 Vir

335 4146 559 4203 Macedo
589 4145 806 4218 quidam
840 4155 957 4202 erat
989 4157 1158 4214 stans,
1193 4154 1248 4201 et
1273 4145 1577 4216 deprecans
1606 4160 1753 4216 eum,
1783 4153 1838 4200 et
1859 4143 1941 4199 di-

334 4256 502 4297 cens:
525 4239 821 4295 Transiens
847 4240 900 4294 in
931 4239 1326 4306 Macedoniam,
1358 4239 1558 4311 adjnva
1589 4254 1709 4295 nos.
1749 4238 1816 4295 Ut
1844 4254 1941 4294 au—

336 4343 446 4390 tem
475 4334 653 4389 visum
682 4331 834 4398 vidit,
863 4334 1044 4387 statim
1072 4333 1416 4404 qumsivimus
1447 4332 1722 4404 proficisci
1745 4333 1796 4387 in
1827 4331 1940 4386 Ma-

336 4428 646 4499 cedoniam,
685 4429 820 4485 certi
854 4427 981 4483 facti
1012 4427 1154 4499 quod
1185 4437 1434 4484 vocasset
1470 4443 1571 4484 nos
1602 4430 1744 4486 Deus
1775 4444 1943 4486 evan-

337 4523 576 4594 gelizare
603 4523 701 4577 eis.
733 4521 1055 4591 Navigantes
1077 4531 1257 4578 autem
1288 4539 1317 4577 a
1340 4521 1574 4592 Troade,
1607 4531 1758 4580 recto
1781 4538 1946 4580 cursu

340 4619 592 4674 venimus
635 4616 1084 4685 Samothraciam,
1128 4627 1184 4673 et
1213 4619 1455 4689 sequenti
1500 4619 1588 4673 die
1617 4618 1894 4690 Neapolim
1926 4635 1942 4687 ;

2032 3399 2086 3446 et
2111 3387 2462 3446 tremefactus
2499 3389 2736 3460 procidit
2766 3389 2936 3445 Paulo
2984 3398 3039 3445 et
3068 3389 3195 3447 Silae
3235 3389 3301 3445 ad
3339 3389 3504 3461 pedes
3534 3408 3547 3446 :
3593 3398 3649 3446 et

2037 3483 2344 3552 producens
2371 3498 2466 3538 eos
2493 3481 2663 3552 foras,
2714 3485 2829 3538 ait:
2867 3483 3099 3551 Domini,
3132 3483 3260 3554 qttid
3308 3500 3393 3538 me
3433 3492 3652 3555 oportet

2035 3576 2234 3642 facere,
2254 3585 2314 3631 ut
2340 3575 2523 3631 salvus
2552 3575 2716 3630 fiant?
2747 3575 2818 3630 At
2839 3577 2914 3632 illi
2940 3577 3197 3632 dixerunt
3223 3593 3238 3631 :
3261 3574 3437 3633 Crede
3467 3576 3521 3631 in
3543 3578 3650 3634 Do-

2036 3668 2245 3724 minum
2273 3667 2458 3724 Jesum
2484 3684 2498 3722 :
2526 3679 2581 3724 et
2613 3669 2794 3724 salvus
2826 3669 2937 3724 eris
2990 3679 3068 3736 tu,
3097 3675 3153 3723 et
3195 3667 3393 3724 domus
3425 3677 3539 3724 tua.
3583 3670 3651 3724 Et

2036 3759 2202 3817 locuti
2245 3768 2375 3816 sunt
2405 3761 2455 3816 ei
2503 3760 2725 3815 verbum
2783 3760 3025 3826 Domini,
3072 3776 3197 3816 cum
3257 3761 3514 3817 omnibus
3559 3760 3653 3833 qui

2039 3863 2194 3911 erant
2222 3853 2274 3910 in
2312 3854 2474 3910 domo
2505 3855 2646 3923 ejus.
2697 3854 2764 3909 Et
2809 3855 3008 3910 tollens
3038 3870 3131 3911 cos
3173 3855 3226 3910 in
3257 3855 3348 3911 illa
3388 3855 3520 3912 hora
3548 3872 3648 3912 no-

2039 3949 2164 4016 ctis,
2207 3949 2339 4003 lavit
2376 3949 2556 4020 plagas
2591 3963 2776 4004 eorum
2810 3966 2825 4003 :
2869 3959 2922 4004 et
2950 3949 3255 4020 baptizatus
3286 3959 3371 4006 est
3418 3952 3555 4022 ipse,
3587 3963 3642 4008 et

2041 4044 2217 4097 omnis
2241 4041 2435 4098 domus
2462 4042 2582 4112 ejus
2609 4043 2890 4098 continuo.
2917 4042 3162 4114 Cumque
3184 4044 3532 4115 perduxisset
3553 4061 3649 4103 eos

2042 4135 2096 4190 in
2136 4133 2357 4190 domum
2388 4150 2563 4201 suam,
2594 4139 2843 4206 apposuit
2874 4136 2952 4191 eis
3002 4151 3269 4208 mensam,
3325 4145 3380 4193 et
3434 4139 3650 4194 laetatus

2045 4237 2128 4285 est
2156 4242 2279 4283 cum
2313 4228 2457 4284 omni
2487 4227 2650 4284 domo
2691 4244 2791 4284 sua
2838 4229 3067 4285 credens
3118 4229 3248 4287 Deo.
3285 4231 3350 4286 Et
3381 4246 3504 4287 cum
3533 4231 3656 4288 dies

2046 4320 2220 4378 factus
2257 4331 2422 4390 esset,
2464 4324 2734 4379 miserunt
2779 4323 3128 4395 magistratus
3171 4324 3412 4392 lictores,
3465 4325 3652 4382 dicen-

2048 4429 2166 4473 tes:
2213 4417 2434 4473 Dimitte
2465 4417 2712 4474 homines
2743 4417 2885 4475 illos.
2920 4418 3200 4475 Nuntiavit
3243 4429 3425 4477 autem
3469 4431 3654 4477 custos

2047 4512 2286 4568 carceris
2312 4512 2481 4568 verba
2512 4512 2627 4568 base
2659 4512 2826 4568 Paulo
2861 4529 2874 4566 :
2903 4511 3042 4579 Quia
3071 4513 3336 4568 miserunt
3380 4514 3657 4584 magistra-

2050 4614 2161 4674 tus,
2184 4615 2244 4662 ttt
2269 4605 2656 4662 dimittamiui:
2691 4623 2834 4664 nunc
2876 4608 3039 4679 igitur
3068 4617 3350 4676 exeuntes,
3385 4609 3457 4664 ite
3482 4609 3534 4664 in
3558 4625 3656 4681 pa-

343 4719 398 4766 et
432 4710 560 4767 inde
588 4710 889 4780 Philippos,
934 4680 1170 4783 quaeest
1203 4680 1374 4780 prima
1415 4712 1584 4782 partis
1613 4680 1945 4770 Macedoniae
1969 4680 2026 4743 Β
2049 4718 2133 4759 εει
2181 4701 2378 4758 Ρθυιυε
2405 4713 2585 4758 amem
2614 4701 2749 4757 ἀῖκίῐ
2785 4703 2865 4759 eis
2907 4721 2919 4758 ε
2958 4703 3142 4758 (333505
3172 4717 3272 4758 ηοε
3304 4702 3537 4773 Pumice,
3569 4680 3656 4759 ίη·

342 4803 557 4870 civitas,
599 4804 830 4859 colonia.
875 4803 1103 4859 Eramus
1147 4814 1329 4860 autem
1362 4805 1415 4858 in
1459 4804 1561 4860 hac
1590 4806 1722 4861 urbe
1755 4805 1948 4864 diebus

344 4899 573 4968 aliquot,
602 4897 968 4954 conferentes.
1019 4897 1113 4952 Die
1143 4905 1319 4952 autem
1354 4898 1710 4955 sabbatorum
1741 4901 1948 4972 egressi

345 5008 534 5048 sumus
557 4991 703 5047 foras
726 5003 936 5064 portam
967 4991 1117 5062 juxta
1145 4990 1368 5060 flumen,
1399 4993 1486 5048 ubi
1517 4993 1802 5051 videbatur
1829 5011 1952 5053 ora-

346 5087 424 5140 tio
445 5099 616 5142 esse:
670 5092 725 5140 et
764 5083 1016 5140 sedentes
1047 5084 1404 5156 loquebamur
1451 5085 1787 5159 mulieribus,
1830 5105 1952 5161 qua:

347 5189 737 5238 convenerant.
769 5181 838 5236 Et
864 5180 1109 5251 qumdatn
1141 5181 1335 5237 mulier
1357 5183 1576 5240 nomine
1598 5183 1787 5257 Lydia,
1823 5199 1949 5255 pur-

347 5276 566 5348 puraria
607 5275 844 5332 civitatis
874 5275 1355 5346 Tltyatirenorum,
1400 5277 1584 5332 colens
1629 5277 1818 5342 Deum,
1852 5293 1949 5333 au-

349 5371 484 5425 divit
515 5388 527 5423 :
561 5370 718 5438 cujus
747 5369 1006 5425 Dominus
1034 5369 1246 5439 aperuit
1269 5384 1363 5425 cor
1384 5369 1668 5428 intendere
1703 5371 1805 5438 his,
1833 5389 1953 5442 quae

348 5463 674 5520 dicebantur
703 5478 731 5516 a
773 5462 963 5518 Paulo.
995 5462 1127 5518 Cttm
1161 5470 1341 5518 autem
1395 5463 1662 5534 baptizata
1695 5478 1860 5533 esset,
1901 5475 1958 5522 et

351 5558 549 5613 domus
578 5557 717 5627 ejus,
759 5556 1044 5624 deprecata
1073 5564 1156 5611 est
1196 5555 1382 5612 dicens
1410 5575 1423 5612 :
1471 5557 1526 5615 Si
1553 5558 1838 5630 judicastis
1868 5577 1955 5619 me

352 5650 572 5708 fidelem
623 5650 852 5706 Domino
880 5664 1024 5715 esse,
1067 5649 1290 5704 introile
1318 5650 1370 5706 in
1401 5649 1621 5708 domum
1670 5670 1868 5722 meam,
1901 5666 1956 5712 et

352 5754 593 5801 manete.
623 5744 686 5799 Et
734 5744 913 5814 coegit
942 5758 1062 5798 nos.
1097 5741 1321 5800 Factum
1356 5755 1440 5801 est
1489 5754 1671 5804 autem
1702 5750 1957 5807 euntibus

357 5935 374 5959 ,
433 5873 489 5959 η,
502 5863 1228 5959 Yttriantuquemadmot‘lum
1257 5866 1335 5959 'in.
1367 5865 1774 5959 ϐιοωροιχήρας
1795 5910 1837 5959 ,Α
1859 5884 1959 5940 pro

377 5933 612 6000 ιουδαίας
637 5976 651 6002 ,
712 5933 805 5992 ἰαί
829 5943 886 5993 et
923 5937 976 5992 in
1028 5936 1216 5995 Latina
1257 5933 1715 6010 Interpretationi:
1751 5933 1973 6002 veteres

2050 4795 2356 4864 demnatos,
2389 4794 2640 4850 homines
2659 4795 2945 4867 jRomanos
2981 4797 3246 4854 miserunt
3273 4797 3328 4852 in
3353 4811 3655 4867 carcerem,

2051 4899 2105 4946 et
2136 4905 2280 4946 nunc
2307 4889 2520 4946 occulte
2558 4903 2656 4945 nos
2701 4889 2968 4960 ejiciunt?
2993 4890 3113 4946 Non
3143 4892 3213 4948 ita
3242 4907 3254 4945 :
3285 4889 3382 4948 sed
3407 4892 3654 4959 veniant,

2053 4984 2229 5055 etipsi
2257 4998 2356 5039 nos
2383 4983 2626 5054 ejiciant.
2659 4981 3059 5040 Nuntiaverunt
3101 4994 3285 5041 autem
3337 4985 3659 5055 magistrati-

2055 5079 2156 5135 bus
2186 5078 2404 5136 lictores
2434 5079 2598 5136 verba
2631 5080 2768 5136 haec.
2799 5079 3252 5153 Timueruntque,
3293 5081 3478 5138 audito
3512 5082 3657 5153 quod

2055 5171 2287 5229 Romani
2317 5181 2503 5229 essent
2534 5189 2549 5229 :
2589 5182 2645 5230 et
2674 5174 2952 5230 venientes
2984 5175 3258 5246 deprecati
3299 5187 3425 5233 sunt
3454 5192 3572 5246 eos,
3605 5188 3664 5235 et

2053 5265 2347 5324 educentes
2371 5267 2652 5338 rogabant,
2681 5277 2739 5322 ut
2759 5267 3149 5339 egrederentur
3170 5269 3238 5326 de
3261 5270 3410 5326 urbe.
3437 5269 3659 5328 Exeun-

2060 5377 2142 5425 tes
2168 5376 2348 5422 autem
2381 5364 2449 5420 de
2485 5377 2724 5428 carcere,
2759 5363 3172 5422 introieruntad
3199 5365 3425 5440 Lydiam
3460 5389 3474 5426 :
3507 5378 3561 5426 et
3591 5370 3662 5426 vi-

2062 5465 2136 5520 sis
2166 5460 2444 5526 fratribus,
2475 5457 2741 5513 consolati
2765 5464 2890 5513 sunt
2910 5472 3028 5528 eos,
3053 5466 3111 5515 et
3139 5459 3371 5531 profecti
3402 5471 3551 5517 sunt.

2134 5555 2289 5629 [Cap.
2319 5552 2511 5624 XVlH
2553 5551 2684 5609 Cum
2713 5559 2892 5608 autem
2935 5553 3407 5622 perambulassent
3439 5557 3666 5629 Amphi-

2062 5649 2253 5720 polim,
2299 5656 2355 5704 et
2381 5644 2746 5718 Apolloniam,
2773 5655 3044 5702 venerunt
3075 5644 3540 5715 Thessalonicam,
3577 5651 3664 5708 ubi

2063 5755 2183 5808 erat
2213 5755 2484 5818 synagoga
2516 5738 2846 5796 Judaeorum.
2880 5738 3189 5797 Secundum
3221 5743 3666 5801 consuetudinem

2069 5867 2190 5938 libri
2213 5868 2530 5938 vidumpro
2547 5864 2783 5938 ludicre,
2808 5872 2865 5938 et
2908 5864 3268 5938 Hieronymus
3309 5864 3525 5938 quidem
3555 5865 3670 5935 ipse

2081 5937 2138 5998 in
2161 5940 2334 6015 Epist.
2364 5933 2445 5999 ad
2457 5933 2821 6014 Augustinum
2848 5933 3140 5996 lectionem
3163 5948 3283 5996 eam
3307 5933 3567 6007 praetulit.
