4166 6336
548 334 647 392 711
1547 341 1607 397 S.
1651 335 2034 396 lllERONYMl
2078 329 2316 390 DlVlNA
2353 333 2838 395 BIBLIOTHECA.
3748 339 3854 394 7l‘2

544 461 728 508 autem
777 450 979 507 Paulus
1024 450 1268 508 introivit
1293 451 1360 508 ad
1383 467 1499 522 eos,
1534 463 1589 509 et
1635 470 1730 524 per
1771 453 1991 508 sabbata
2037 451 2138 507 tria
2168 445 2218 506 A
2249 446 2550 506 inhabitare
2596 465 2761 522 super
2793 447 3107 505 universam
3140 448 3332 505 faciem
3365 456 3547 520 terrae,
3595 449 3870 507 definiens

543 543 847 602 disserebat
873 543 951 600 eis
977 543 1044 599 de
1074 544 1390 614 Scripturis,
1434 545 1755 616 adaperiens
1784 555 1838 602 et
1865 546 2148 614 insinuans
2251 548 2453 597 statuta
2493 551 2763 612 tempora,
2812 550 2869 598 et
2911 542 3174 598 terminos
3235 542 3590 598 habitationis
3646 557 3863 610 eorum,

537 637 664 707 quia
688 636 961 712 Christum
994 637 1231 708 oportuit
1269 638 1396 708 pati,
1418 650 1472 694 et
1501 629 1781 710 resurgere
1813 655 1840 692 a
1872 641 2098 693 mortuis
2129 654 2142 690 :
2251 649 2504 704 quaerere
2532 635 2723 703 Deum,
2775 636 2822 690 si
2865 635 3008 692 forte
3045 644 3336 693 attrectent
3379 651 3502 694 eum
3522 677 3537 703 ,
3569 645 3664 692 aut
3713 638 3870 693 inve-

538 740 593 788 cl
613 731 1136 807 quiahicestJesus
1164 732 1439 802 Christus,
1461 717 1629 804 quem
1649 747 1750 804 ego
1771 737 2034 788 annuntio
2051 749 2145 787 vo-
2253 725 2435 792 niant,
2455 728 2710 798 quamvis
2733 743 2838 782 non
2863 728 3022 800 longe
3049 727 3204 782 sitab
3236 744 3566 799 unoquoque
3593 737 3872 784 nostrum.

539 825 644 882 bis.
677 826 742 881 Et
769 825 989 897 quidam
1019 840 1090 882 ex
1117 825 1196 881 eis
1223 825 1577 881 crediderunt
1602 867 1616 890 ,
1650 832 1708 880 et
1736 823 1975 893 adjuncti
2019 832 2148 879 sunt
2253 817 2311 873 ln
2342 818 2462 888 ipso
2483 819 2628 874 enim
2659 821 2911 888 vivimus,
2941 830 2998 877 et
3017 836 3328 890 movemur,
3358 830 3416 876 et
3444 836 3634 878 sumus
3662 838 3678 880 :
3725 823 3882 879 sicut

539 920 708 976 Paulo
738 919 1446 986 etSilte,etdecolentibus
1465 918 1869 990 gentilibusque
1901 917 2145 972 tnnltitu-
2249 922 2305 968 et
2351 913 2570 983 quidam
2605 928 2910 972 vestrorum
2974 928 3254 987 poetarum
3309 916 3566 974 dixerunt
3611 933 3627 972 :
3689 917 3878 990 Ipsius
3917 987 3946 1004 ν
4031 976 4036 979 ,

539 1013 611 1069 (10
633 1029 848 1087 magna,
885 1023 940 1070 et
966 1014 1223 1069 mulieres
1253 1013 1464 1069 nobiles
1508 1029 1614 1067 non
1661 1027 1862 1082 panem.
1891 1012 2146 1080 Zelantes
2250 1005 2398 1061 enim
2428 1014 2484 1062 et
2508 1023 2680 1079 genus
2711 1024 2919 1064 sumus.
2970 1011 3153 1067 Genus
3194 1026 3325 1083 ergo
3351 1026 3473 1068 cum
3509 1012 3705 1068 .simns
3747 1013 3873 1082 Dei,

535 1107 923 1174 autemJudaei,
947 1116 1404 1177 assumentesque
1433 1106 1501 1162 de
1531 1107 1692 1177 vulgo
1713 1105 1861 1162 viros
1881 1105 2142 1176 quosdam
2251 1113 2360 1154 non
2388 1101 2649 1156 debemus
2675 1103 2972 1171 aestimare,
3002 1120 3134 1160 auro
3165 1112 3259 1160 aut
3283 1115 3531 1177 argento,
3557 1116 3652 1162 aut
3674 1106 3876 1181 lapidi,

542 1201 738 1267 malos,
760 1209 816 1273 et
845 1201 1000 1255 turba
1021 1200 1182 1268 facta,
1212 1200 1624 1256 concitaverunt
1645 1198 1920 1255 civitatem
1949 1216 1960 1252 :
1986 1209 2038 1253 et
2059 1215 2144 1253 as-
2251 1193 2545 1263 sculptura:
2565 1195 2699 1250 artis
2722 1204 2781 1252 et
2804 1197 3153 1268 cogitationis
3176 1198 3437 1266 hominis,
3462 1198 3712 1255 divinum
3745 1214 3879 1257 esse

537 1294 795 1350 sistentes
816 1293 996 1349 domui
1036 1293 1257 1349 Jasonis
1285 1293 1608 1364 qua-rebant
1632 1308 1729 1348 eos
1761 1292 2059 1362 producere
2094 1295 2145 1346 in
2249 1287 2450 1343 simile.
2486 1288 2553 1343 Et
2581 1296 2827 1360 tempora
2866 1291 3084 1362 quidem
3128 1291 3290 1362 hujus
3334 1291 3658 1364 ignorantiae
3686 1293 3884 1365 despi-

538 1388 822 1459 populum.
857 1389 1080 1444 Etcum
1135 1403 1242 1443 non
1299 1390 1636 1444 invenissent
1688 1401 1805 1454 eos,
1859 1388 2148 1442 trahebant
2251 1381 2404 1435 ciens
2461 1382 2626 1450 Deus,
2685 1398 2828 1439 nunc
2856 1385 3141 1441 annuntiat
3194 1385 3524 1453 hominibus,
3562 1396 3623 1442 ut
3679 1403 3879 1444 omnes

535 1481 792 1538 Jasonem
847 1492 901 1537 et
928 1482 1195 1553 quosdam
1223 1481 1420 1537 fratres
1471 1482 1538 1536 ad
1572 1481 1844 1552 principes
1886 1479 2141 1545 civitatis,
2253 1474 2452 1546 ubique
2482 1477 2860 1546 paenitentiam
2893 1488 3075 1550 agant,
3117 1493 3184 1534 eo
3213 1479 3360 1551 quod
3387 1479 3580 1536 statuit
3614 1481 3760 1537 diem
3813 1482 3879 1537 in

533 1574 831 1632 clamantes
865 1574 1174 1644 :Quoniam
1205 1574 1282 1641 hi,
1311 1574 1400 1646 qui
1426 1576 1615 1630 urbem
1632 1574 1933 1639 concitant,
1963 1580 2018 1629 et
2041 1572 2146 1629 huc
2250 1582 2359 1634 quo
2396 1567 2740 1636 iudicaturus
2784 1579 2869 1625 est
2925 1572 3116 1627 Orbem
3145 1570 3200 1626 in
3252 1571 3532 1640 aequitate,
3565 1571 3620 1626 in
3653 1573 3791 1640 viro,
3816 1571 3878 1628 in

540 1677 829 1734 venerunt,
874 1684 1010 1740 quos
1050 1669 1288 1739 suscepit
1330 1668 1520 1733 .Iason,
1553 1678 1606 1723 et
1645 1667 1698 1722 hi
1730 1682 1922 1722 omnes
1949 1678 2144 1721 contra
2249 1675 2358 1731 quo
2379 1662 2590 1726 statuit,
2617 1662 2780 1718 iidem
2810 1663 3061 1733 praebens
3083 1664 3363 1733 omnibus,
3395 1665 3667 1720 suscitans
3691 1681 3815 1722 eum
3838 1682 3879 1721 a

538 1763 757 1819 decreta
792 1763 1029 1820 Caesaris
1060 1763 1281 1830 faciunt,
1321 1779 1506 1834 regem
1546 1763 1711 1818 alium
1739 1762 1984 1817 dicentes
2024 1776 2146 1817 esse
2249 1758 2501 1813 mortuis.
2531 1756 2664 1814 Cum
2695 1758 2979 1817 audissent
3009 1769 3189 1816 autem
3229 1760 3690 1818 resurrectionem
3720 1777 3873 1817 mor-

539 1859 748 1915 .lesutn.
784 1857 1213 1914 Concitaverunt
1237 1866 1416 1913 autem
1447 1858 1680 1928 plebem,
1705 1868 1758 1912 et
1780 1857 2052 1927 principes
2076 1856 2150 1909 ci-
2181 1845 2231 1906 B
2258 1859 2498 1918 tuorum,
2541 1853 2761 1924 quidam
2817 1854 3034 1926 quidem
3087 1854 3412 1924 irridebant,
3469 1854 3687 1926 quidam
3740 1871 3878 1912 vero

536 1948 718 2005 vitatis
743 1949 1030 2006 audientes
1081 1949 1217 2006 haec.
1254 1949 1322 2004 Et
1355 1957 1574 2020 accepta
1607 1949 1980 2005 satisfactione
2013 1965 2039 2001 a
2066 1948 2154 2003 .la-
2260 1945 2514 2000 dixerunt
2543 1963 2554 1997 :
2604 1945 2900 2002 Audiemus
2949 1957 3001 2004 te
3029 1947 3099 2004 de
3139 1948 3242 2004 hoc
3272 1949 3490 2004 iterum.
3548 1947 3641 2004 Sic
3673 1948 3877 2004 Paulus

538 2057 693 2110 sone,
726 2051 782 2098 et
802 2057 834 2097 a
858 2042 1093 2107 caeteris,
1127 2043 1447 2098 dimiserunt
1473 2057 1586 2098 eos.
1622 2042 1840 2098 Fratres
1868 2058 2000 2097 vvro
2025 2059 2154 2099 con-
2258 2037 2427 2092 exivit
2447 2037 2515 2093 de
2536 2039 2715 2094 medio
2737 2055 2948 2094 eorum.
2981 2041 3211 2109 Quidam
3236 2057 3374 2098 vero
3395 2041 3501 2097 viri
3524 2041 3878 2098 adhaerentes

543 2135 725 2190 festim
768 2152 870 2206 per
901 2145 1114 2192 noctem
1157 2136 1485 2192 dimiserunt
1528 2136 1753 2191 Paulum
1787 2145 1844 2192 et
1891 2137 2060 2193 Silam
2098 2139 2150 2193 in
2257 2127 2329 2197 ei,
2362 2129 2716 2186 crediderunt
2748 2149 2760 2184 ε
2792 2133 2847 2187 in
2878 2132 3075 2203 quibus
3103 2143 3159 2188 et
3179 2133 3474 2207 Dionysius
3519 2135 3870 2206 Areopasiu.

543 2229 813 2285 Berream.
856 2230 957 2298 Qui
989 2245 1110 2286 cum
1140 2231 1440 2296 venissent,
1493 2230 1542 2284 in
1576 2245 1904 2302 synagogam
1934 2232 2152 2290 Judteo-
2257 2231 2314 2279 οι
2341 2224 2539 2280 mUiiel‘
2561 2225 2780 2282 nomine
2812 2228 3080 2295 Damalis.
3105 2237 3162 2286 ei
3183 2229 3274 2284 alii
3295 2243 3416 2285 cum
3439 2230 3542 2286 Ois-

548 2336 672 2376 rum
702 2321 1048 2378 introierunt.
1099 2322 1165 2377 Hi
1194 2335 1372 2378 autem
1405 2336 1561 2380 erant
1606 2325 1910 2383 nobiliores
1941 2343 2151 2397 eorum,

2331 2315 2484 2389 [Cap.
2517 2316 2733 2390 XVIll.]
2777 2319 2904 2374 Post
2930 2319 3047 2376 hate
3067 2335 3322 2390 egressus
3351 2322 3420 2377 ab
3455 2322 3686 2378 Athenis
3717 2323 3875 2380 venit

541 2415 634 2486 qui
655 2424 784 2472 sunt
805 2416 1233 2483 Thessalonicte,
1267 2420 1357 2488 qui
1381 2432 1741 2491 susceperunt
1769 2421 2001 2476 verbum
2029 2437 2154 2477 cum
2258 2412 2600 2482 Corinlhllm,
2627 2423 2682 2469 θι
2710 2413 2992 2470 ίηνεηίθυε
3022 2415 3312 2486 quemdam
3349 2417 3602 2494 διιάπιξῐη
3647 2417 3874 2475 nomine

544 2509 697 2565 omni
751 2509 1035 2578 aviditate,
1085 2511 1330 2581 quotidie
1380 2520 1688 2568 scrutantes
1731 2513 2068 2584 Scripturas,
2109 2515 2154 2570 si
2258 2504 2841 2576 Aquilam.Puuticum
2867 2524 3093 2581 genere,
3127 2509 3219 2580 qui
3245 2526 3416 2582 nuper
3437 2511 3752 2567 venerata!)
3770 2511 3874 2567 Ita-

540 2602 659 2658 haec
689 2602 761 2657 ita
793 2617 852 2658 se
879 2602 1164 2659 haberent.
1195 2604 1260 2659 Et
1287 2605 1440 2660 multi
1473 2604 1689 2676 quidem
1719 2605 2067 2664 crediderunt
2089 2624 2153 2663 ex
2260 2601 2350 2666 lia.
2380 2609 2437 2657 et
2464 2601 2764 2659 Priscillam
2794 2620 3017 2660 uxorem
3069 2604 3187 2675 ejus
3233 2604 3324 2678 (eo
3346 2605 3490 2676 quod
3520 2606 3874 2678 praecepisset

553 2697 658 2766 eis,
686 2706 743 2754 et
784 2697 1074 2754 mulierum
1102 2700 1387 2770 gentilium
1419 2700 1792 2768 honestarum,
1836 2703 2016 2774 etgviri
2047 2719 2157 2760 non
2259 2694 2516 2754 Claudius
2547 2697 2832 2754 discedere
2869 2713 3058 2754 omnes
3085 2699 3302 2756 Judaeos
3325 2715 3354 2753 a
3376 2700 3595 2772 Roma),
3633 2702 3867 2758 accessit

541 2791 720 2864 pauci.
765 2793 902 2848 Cum
928 2802 1106 2850 autem
1139 2796 1521 2866 cognovissent
1551 2796 1601 2850 in
1645 2796 2036 2853 Thessalonica
2063 2797 2158 2854 Ju-
2259 2791 2325 2847 ad
2367 2806 2484 2848 eos.
2519 2791 2588 2847 Et
2630 2792 2754 2862 quia
2801 2792 3047 2863 ejusdem
3077 2803 3198 2848 erat
3227 2793 3380 2861 artis,
3419 2793 3674 2849 manebat
3721 2793 3864 2864 apud

540 2885 664 2953 dati,
695 2886 816 2956 quia
849 2895 906 2942 et
936 2887 1141 2944 Bercete
1185 2887 1529 2956 praedicatum
1561 2899 1645 2946 est
1671 2905 1698 2944 a
1733 2890 1900 2946 Paulo
1929 2894 2154 2948 verbum
2260 2901 2377 2953 eos,
2409 2895 2466 2941 et
2514 2885 2842 2956 operabatur
2888 2886 3068 2958 (erant
3103 2893 3282 2942 autem
3318 2885 3730 2943 δοθηοῐαειοΐῖω
3775 2900 3872 2940 δι”

543 2978 662 3044 Dei,
712 2988 982 3035 venerunt
1033 2989 1088 3035 et
1142 2978 1266 3035 illuc
1318 2991 1728 3038 commoventes
1772 2990 1828 3040 et
1875 2983 2156 3042 turbantes
2263 2977 2378 3050 HS).
2407 2978 2475 3033 Et
2511 2978 2822 3049 disputabat
2853 2977 2906 3032 in
2938 2993 3211 3050 synagoga
3242 2993 3340 3050 per
3365 2993 3529 3035 omne
3557 2978 3870 3054 sabbatum.

543 3069 967 3128 multitudinem.
1019 3072 1322 3143 Statimque
1371 3083 1498 3129 tunc
1559 3074 1783 3130 Paulum
1831 3074 2159 3132 dimiserunt
2263 3069 2618 3140 interponens
2660 3085 2856 3126 nomen
2901 3069 3114 3140 meitti
3160 3069 3312 3138 Jesu,
3365 3069 3733 3140 suadebatque
3783 3069 3874 3125 Ju-

541 3163 758 3232 fratres,
786 3176 842 3219 ut
869 3167 971 3220 iret
1001 3180 1169 3236 usque
1193 3165 1260 3219 ad
1287 3180 1437 3222 mare
1471 3185 1480 3220 :
1515 3166 1655 3223 Silas
1677 3179 1856 3224 autem
1886 3179 1941 3226 et
1968 3169 2156 3226 Timo-
2269 3161 2428 3228 dacis,
2456 3173 2517 3218 et
2535 3161 2760 3219 Graecis.
2817 3162 2952 3218 Cum
2998 3163 3277 3218 venissent
3315 3171 3496 3220 autem
3527 3166 3596 3218 de
3625 3161 3876 3218 Macedo-

545 3256 704 3312 theus
736 3266 1122 3314 remanserunt
1167 3258 1262 3312 ibi.
1296 3259 1397 3324 Qui
1429 3269 1611 3314 autem
1643 3259 1989 3318 deducebant
2022 3261 2160 3317 Pau-
2185 3236 2234 3302 (ἶ
2267 3255 2353 3310 nia
2417 3255 2556 3311 Silas
2631 3266 2688 3310 et
2770 3254 3113 3325 Timotheus,
3194 3254 3432 3311 instabat
3496 3253 3664 3310 verbo
3723 3254 3870 3310 Pau~

547 3349 683 3417 lum,
720 3351 1091 3429 perduxerunt
1119 3366 1241 3407 eum
1295 3365 1464 3423 usque
1512 3353 1782 3420 Athenas,
1836 3365 1892 3410 et
1937 3364 2161 3426 accepto
2266 3349 2369 3414 lus,
2399 3350 2697 3404 testificans
2725 3348 2933 3405 Judaeis
2979 3363 3102 3405 esse
3147 3348 3423 3405 Christum
3473 3347 3684 3405 Jesnm.
3727 3349 3872 3404 Con-

546 3443 801 3499 mandato
827 3444 895 3498 ab
925 3459 990 3499 eo
1013 3443 1078 3500 ad
1108 3444 1276 3502 Silam
1310 3456 1360 3500 et
1394 3445 1764 3515 Timotheum,
1797 3455 1856 3503 ut
1881 3463 2046 3520 quam
2073 3463 2163 3504 ce-
2268 3444 2658 3501 tradicentibus
2687 3454 2865 3502 autem
2898 3446 2978 3501 eis
3001 3487 3015 3511 ,
3054 3453 3108 3501 et
3143 3444 3675 3517 blasphemantibus,
3705 3459 3873 3501 excu-

543 3537 732 3592 leriter
759 3538 1007 3594 venirent
1029 3536 1094 3592 ad
1125 3537 1299 3606 illum,
1325 3538 1551 3608 profecti
1577 3547 1723 3594 sunt.
1753 3540 1951 3596 Paulus
1980 3552 2160 3599 autem
2267 3537 2404 3591 lieus
2445 3537 2765 3594 vestimenta
2811 3553 2906 3592 sua
2934 3579 2950 3609 ,
2990 3537 3129 3593 dixit
3154 3538 3220 3608 ad
3247 3552 3343 3594 eos
3375 3556 3389 3592 :
3423 3537 3656 3608 Sanguis
3687 3547 3872 3594 vester

544 3646 668 3687 cum
721 3631 960 3688 Athenis
1008 3647 1104 3688 eos
1147 3641 1509 3702 exspectaret,
1554 3634 1884 3690 incitabatur
1937 3635 2161 3707 spiritus
2264 3645 2427 3699 Super
2444 3638 2607 3700 caput
2637 3629 3170 3686 vesumuzmundus
3207 3645 3332 3700 ego,
3361 3645 3430 3686 ex
3459 3629 3563 3686 hoc
3584 3630 3651 3686 ad
3676 3640 3868 3703 gentes

543 3725 661 3796 ejus
717 3726 773 3782 in
819 3727 960 3796 ipso,
1009 3725 1200 3782 videns
1232 3726 1552 3782 idololatria:
1585 3728 1822 3784 deditam
1860 3729 2157 3788 civitatem.
2265 3722 2477 3778 vadam-
2514 3723 2579 3777 Ει
2604 3723 2844 3794 migrans
2874 3722 3039 3791 inde,
3086 3723 3308 3780 iutraVit
3347 3725 3398 3779 in
3430 3725 3653 3781 domum
3684 3725 3871 3796 cuius-

542 3821 868 3892 Disputabat
897 3821 1060 3892 igitur
1089 3822 1143 3876 in
1175 3835 1448 3893 synagoga
1483 3837 1604 3877 cum
1637 3821 1863 3891 Judteis,
1897 3831 1954 3880 et
1974 3824 2162 3881 colen-
2263 3814 2410 3881 dam,
2441 3816 2660 3872 nomine
2689 3816 2796 3872 Titi
2821 3816 2978 3887 justi,
3005 3817 3236 3874 colentis
3265 3817 3458 3885 Deum,
3487 3818 3644 3889 cujus
3667 3817 3867 3876 domus

541 3915 709 3982 tibus,
747 3923 806 3973 et
835 3915 886 3970 in
907 3913 1050 3981 foro,
1073 3930 1174 3985 per
1197 3929 1388 3970 omnes
1415 3914 1557 3984 dies,
1591 3917 1659 3971 ad
1688 3931 1782 3972 eos
1801 3917 2155 3986 quiaderant.
2264 3917 2383 3965 erat
2403 3910 2694 3980 conjuncta
2725 3925 3038 3983 synagogas.
3065 3911 3294 3983 Crispus
3322 3922 3500 3970 autem
3543 3913 3868 3987 archisyna-

547 4008 780 4077 Quidam
812 4018 994 4066 autem
1040 4009 1297 4079 Epicurei
1356 4016 1413 4066 et
1447 4008 1614 4080 Stoici
1648 4009 1960 4081 philosophi
1988 4009 2160 4066 disse-
2261 4019 2432 4075 gogus
2455 4003 2685 4060 credidit
2710 4003 2945 4060 Domino
2966 4019 3088 4061 cum
3109 4007 3256 4061 omni
3280 4005 3443 4063 domo
3463 4021 3565 4064 sua
3596 4016 3690 4064 :et
3711 4007 3868 4063 multi

549 4101 744 4158 rebant
774 4116 900 4157 cum
935 4117 1023 4169 eo,
1055 4111 1110 4158 et
1134 4101 1355 4172 quidam
1387 4101 1686 4168 dicebant:
1737 4102 1877 4172 Quid
1923 4102 2039 4158 vult
2081 4117 2160 4158 se-
2261 4097 2665 4176 Corinthiorum
2707 4099 2990 4156 audientes
3039 4100 3356 4168 credebant,
3403 4113 3463 4159 et
3516 4102 3868 4175 baptizaban-

539 4195 894 4252 miniverbius
921 4196 1008 4252 hic
1035 4195 1267 4253 dicere?
1293 4195 1401 4251 Alii
1427 4211 1560 4262 vero
1589 4215 1602 4250 :
1637 4195 1912 4254 Novorum
1944 4196 2155 4254 dacmo-
2260 4199 2370 4262 tur.
2397 4191 2543 4246 Dixit
2561 4202 2743 4248 autem
2773 4183 3212 4274 Dominus'ttocte
3241 4210 3335 4266 per
3368 4195 3635 4252 visionem
3664 4196 3860 4272 Paulo:

540 4289 756 4347 niorum
781 4289 998 4346 videtur
1018 4290 1366 4344 annuntiator
1400 4303 1522 4344 esse
1549 4307 1560 4342 :
1593 4289 1719 4360 quia
1747 4289 1956 4358 Jesum,
1990 4298 2044 4346 et
2073 4305 2158 4346 re-
2261 4283 2351 4354 Nli
2374 4283 2592 4352 timere,
2611 4285 2705 4342 scd
2733 4271 3058 4357 loquere..et
3102 4302 3169 4344 ne
3201 4296 3385 4344 taceas
3415 4306 3432 4366 εἴ
3459 4271 3864 4362 ρτοριθτνίιυοά

539 4385 934 4441 surrectionem
972 4384 1328 4457 annuntiabat
1365 4383 1465 4439 eis.
1497 4382 1564 4438 Et
1588 4382 1992 4454 apprehensum
2031 4399 2154 4440 eum
2260 4393 2361 4450 ego
2400 4393 2520 4434 sum
2549 4387 2728 4435 tecum
2759 4388 2852 4436 :et
2887 4394 3046 4436 nemo
3088 4385 3393 4451 apponetnr
3425 4381 3545 4451 tibi,
3576 4392 3634 4437 ut
3669 4392 3866 4456 noceat

541 4479 607 4534 ad
631 4478 972 4550 Areopagum
1003 4476 1301 4550 duxerunt,
1325 4547 1330 4550 .
1357 4476 1606 4550 dicentes
1639 4492 1651 4530 :
1685 4475 1983 4550 Possumus
2013 4478 2156 4534 scire
2261 4480 2314 4529 te
2346 4491 2358 4526 :
2391 4472 2648 4544 quoniam
2692 4474 2926 4558 populus
2974 4484 3056 4532 est
3096 4476 3230 4532 mihi
3264 4478 3464 4534 multus
3496 4478 3548 4534 in
3580 4477 3684 4534 hac
3723 4479 3861 4535 civi-

539 4590 658 4644 quae
681 4582 763 4629 est
790 4573 907 4650 haec
947 4588 1084 4628 nova
1122 4588 1243 4645 quae
1290 4587 1318 4626 a
1361 4581 1413 4628 te
1453 4572 1672 4644 dicitur,
1705 4571 1985 4644 doctrina?
2014 4587 2151 4646 nova
2185 4631 2231 4650 λ
2261 4578 2390 4629 tate.
2421 4568 2572 4627 Sedit
2600 4559 2779 4626 autem
2821 4570 2892 4626 ibi
2919 4585 3123 4626 annum
3158 4579 3215 4627 et
3251 4586 3346 4628 sex
3372 4587 3586 4628 menses
3611 4613 3626 4640 ,
3661 4573 3864 4628 docens

537 4668 681 4748 enim
709 4644 954 4740 quaedam
1001 4667 1171 4722 infers
1219 4665 1443 4742 auribus
1472 4665 1694 4738 DOSif‘iS.
1729 4665 2150 4738 Volumusergo
2257 4651 2400 4734 apud
2443 4678 2539 4719 eos
2567 4653 2807 4748 verbum
2856 4664 2973 4720 Dei.
3016 4664 3263 4722 Gallione
3312 4677 3492 4722 autem
3538 4666 3864 4746 proconsule

538 4743 681 4819 scire
705 4762 961 4834 quidnam
1007 4762 1175 4818 velint
1216 4761 1333 4818 haec
1377 4776 1520 4832 esse.
1554 4761 1940 4834 (Athenienses
1967 4771 2150 4816 autem
2252 4759 2498 4842 Achaiae,
2529 4743 2947 4842 insurrexerunt
2969 4774 3080 4836 uno
3110 4759 3293 4816 animo
3321 4759 3494 4816 Judaei
3525 4762 3576 4815 in
3609 4743 3861 4840 Paullum,

535 4871 752 4924 omnes,
783 4865 839 4912 et
866 4855 1092 4912 advenae
1125 4855 1388 4929 hospites,
1412 4855 1479 4911 ad
1514 4855 1650 4910 nihil
1680 4855 1829 4912 aliud
1859 4856 2144 4929 vacabant,
2258 4864 2312 4910 et
2339 4840 2680 4936 add‘userunt
2705 4871 2830 4911 eum
2859 4855 2926 4910 ad
2959 4854 3218 4922 tribunal,
3244 4856 3493 4923 dicentes
3519 4875 3531 4911 :
3563 4857 3702 4936 Quia
3728 4872 3860 4914 con-

535 4949 637 5004 nisi
661 4957 756 5004 aut
781 4948 984 5018 dicere,
1015 4957 1109 5005 aut
1130 4948 1321 5004 audire
1341 4948 1546 5023 aliquid
1575 4949 1753 5020 novi.)
1777 4949 1939 5005 Stans
1969 4960 2149 5021 autem
2251 4957 2339 5020 tra
2367 4933 2542 5028 legem
2568 4949 3306 5028 hic.persuadethominibus
3334 4950 3522 5007 colere
3551 4933 3744 5006 Deum.
3772 4951 3860 5005 ln-

533 5039 736 5099 Paulus
783 5042 838 5098 in
879 5041 1059 5098 medio
1105 5042 1397 5113 Areopagi,
1449 5022 1565 5097 ait:
1597 5042 1712 5114 Viri
1760 5041 2145 5117 Athenienses,
2250 5027 2492 5112 cipiente
2526 5022 2712 5098 autem
2747 5022 2918 5096 Paulo
2940 5022 3158 5111 aperire
3183 5057 3264 5111 os,
3307 5041 3451 5096 dixit
3482 5041 3662 5098 Gallio
3697 5041 3764 5096 ad
3793 5041 3864 5097 Ju

539 5153 638 5210 per
671 5139 854 5195 omnia
880 5139 1032 5210 quasi
1061 5136 1556 5208 superstitiosiores
1581 5151 1676 5212 vos
1712 5136 1886 5209 video.
1915 5138 2148 5210 ,Prtcter:
2249 5135 2402 5210 dac'os
2431 5154 2443 5190 :
2491 5136 2549 5193 Si
2575 5136 2793 5216 quidem
2815 5143 2963 5194 esset
2993 5127 3240 5206 iniquum
3271 5133 3494 5207 aliquid,
3527 5145 3620 5190 aut
3649 5134 3860 5191 facinus

537 5228 656 5288 iens
710 5232 892 5299 enim,
935 5240 992 5287 et
1033 5230 1223 5287 videns
1263 5230 1557 5286 simulacra
1613 5240 1817 5297 vestra,
1868 5230 2050 5288 inveni
2084 5241 2153 5302 et
2253 5229 2586 5300 pessimum,
2614 5214 2786 5286 oviri
2828 5227 3039 5296 Judaei,
3090 5237 3237 5286 recte
3262 5245 3360 5284 vos
3405 5229 3757 5284 sustinerem.
3803 5229 3860 5286 Si

535 5341 710 5395 aram,
747 5325 929 5397 inqua
959 5325 1224 5398 scriptum
1252 5331 1373 5379 erat
1403 5341 1416 5378 :
1451 5323 1643 5395 Ignoto
1671 5323 1802 5379 Deo.
1839 5323 1994 5394 Quod
2019 5341 2150 5397 ergo
2253 5339 2384 5381 vero
2419 5325 2750 5396 qumstiones
2796 5332 2924 5403 sunt
2971 5323 3042 5379 de
3080 5323 3268 5391 verbo,
3316 5331 3373 5378 et
3419 5322 3755 5389 nominibus,
3807 5330 3863 5379 et

537 5421 855 5491 ignorantes
885 5420 1088 5488 colitis,
1123 5420 1228 5475 hoc
1257 5433 1358 5491 ego
1381 5418 1646 5476 annuntio
1667 5419 1839 5477 vobis.
1871 5420 2031 5491 Deus,
2058 5421 2148 5492 qui
2252 5417 2372 5489 lege
2395 5426 2595 5484 vestra,
2622 5433 2717 5472 vos
2747 5417 2847 5488 ipsi
2875 5415 3144 5473 videritis.
3175 5415 3346 5471 iudex
3375 5429 3477 5487 ego
3505 5415 3700 5470 borum
3732 5415 3860 5470 nolo

533 5493 667 5573 fecit
690 5514 973 5585 mundum,
1004 5525 1058 5570 et
1089 5514 1270 5570 omnia
1303 5529 1424 5586 qum
1449 5516 1501 5570 in
1531 5529 1600 5570 eo
1623 5523 1774 5580 sunt,
1827 5513 1916 5569 hic
1951 5515 2075 5570 cceli
2097 5523 2154 5571 et
2247 5527 2394 5580 esse.
2417 5513 2484 5568 Et
2510 5513 2737 5568 minavit
2765 5527 2861 5568 eos
2882 5527 2911 5567 a
2943 5511 3225 5567 tribunali.
3249 5509 3738 5581 Apprehendentes
3764 5526 3860 5564 au-

533 5620 695 5667 teme
747 5625 870 5665 cum
914 5610 986 5664 sit
1023 5608 1310 5685 Dominus,
1343 5624 1451 5664 non
1483 5609 1537 5664 in
1576 5607 1902 5664 manufactis
1934 5607 2150 5676 templis
2253 5614 2360 5661 tem
2393 5619 2582 5661 omnes
2612 5603 2936 5660 Sosthenem
2970 5602 3267 5676 principem
3301 5616 3590 5675 synagoga:
3614 5645 3629 5667 ,
3663 5617 3860 5672 percn-

529 5706 760 5772 habitat,
795 5719 895 5761 nec
941 5703 1193 5759 manibus
1229 5702 1482 5759 humanis
1509 5702 1707 5759 colitur
1753 5702 2005 5772 indigens
2045 5701 2146 5755 ali-
2256 5703 2462 5760 tiebant
2501 5717 2627 5759 eum
2669 5711 2797 5758 ante
2834 5700 3071 5758 tribunal
3102 5717 3116 5752 :
3142 5708 3198 5756 et
3231 5699 3367 5755 nihil
3406 5714 3595 5756 eorum
3619 5697 3857 5767 Gallioni

525 5815 658 5874 quo,
689 5813 812 5857 cum
840 5799 956 5871 ipse
983 5797 1077 5854 det
1098 5796 1354 5854 omnibus
1382 5797 1578 5865 vitam,
1619 5804 1676 5852 et
1705 5795 2146 5864 inspirationem,
2257 5811 2400 5854 curae
2425 5806 2562 5854 erat.
2599 5795 2802 5851 Paulus
2831 5809 2963 5852 vero
2991 5809 3116 5850 cum
3141 5792 3322 5850 adhuc
3355 5791 3710 5849 sustinuisset
3739 5789 3858 5845 dies

541 5902 598 5955 et
625 5895 846 5955 omnia:
876 5889 1116 5966 fecitque
1160 5907 1229 5952 ex
1281 5905 1391 5949 uno
1441 5905 1605 5951 omne
1649 5903 1822 5964 genus
1867 5887 2148 5949 hominum
2259 5879 2490 5960 multos,
2521 5890 2779 5949 fratribus
2809 5888 3166 5959 valefaciens,
3214 5887 3487 5960 navigavit
3526 5885 3584 5944 in
3609 5884 3852 5958 Syriam,
