4166 6336
300 339 411 397 ’115

1413 337 1612 396 LIBER
1655 336 1939 397 ACTL‘UM
1981 331 2509 399 APOSTOLORUM.

3503 337 3609 396 7M

302 458 382 530 (et
407 472 531 514 cum
575 471 642 514 eo
669 455 910 514 Priscilla
935 501 948 527 ,
991 465 1047 512 et
1082 456 1300 530 Aquila)
1327 458 1416 528 qui
1460 458 1559 514 sibi
1586 457 1891 513 totonderat
1919 464 1970 519 Α
1995 457 2144 521 Jesu,
2170 458 2444 514 dicentes:
2480 453 2684 525 Adjuro
2714 465 2807 511 vos
2835 465 2932 524 per
2968 452 3174 518 Iesum,
3221 467 3380 524 quem
3408 451 3608 510 Paulus

304 551 358 606 in
406 550 673 606 Cenchris
701 562 868 621 caput
903 572 915 607 :
962 549 1196 606 habebat
1232 549 1372 606 enim
1405 561 1611 606 votum.
1647 551 1902 607 Devenit-

303 659 409 714 que
433 642 746 713 Ephesum,
780 653 834 700 et
867 643 985 698 illos
1015 643 1084 699 ibi
1118 644 1360 713 reliquit.
1393 643 1510 715 Ipse
1533 661 1665 700 vero
1697 645 1908 715 ingres-

303 751 398 792 sus
418 752 784 809 synagogam,
815 737 1133 808 disputabat
1159 755 1280 793 eum
1311 738 1536 794 Judaeis.
1569 739 1904 810 Rogantibns

305 841 488 886 autem
515 831 620 897 eis,
649 841 709 886 ut
737 831 986 902 ampliori
1027 822 1277 902 tempore
1319 842 1596 899 maneret,
1627 847 1733 888 non
1774 847 1904 887 cou-

305 925 497 993 seusit,
544 925 640 982 sed
669 925 1020 993 valelaciens,
1052 936 1106 982 et
1135 927 1364 982 dicens:
1409 925 1608 983 lterum
1661 937 1906 982 revertar

307 1016 377 1077 ad
422 1032 552 1089 vos,
607 1018 719 1074 Deo
762 1019 1002 1087 volente,
1037 1019 1314 1090 profectus
1347 1028 1430 1076 est
1465 1020 1532 1076 ab
1564 1018 1806 1090 Epheso.
1839 1019 1908 1074 Et

305 1111 644 1169 descendens
683 1111 1013 1178 Caesaream,
1047 1113 1315 1180 ascendit,
1349 1121 1403 1170 et
1429 1115 1684 1170 salutavit
1714 1113 1904 1170 Eccle-

304 1207 464 1272 siam,
487 1217 544 1262 et
568 1208 856 1264 descendit
881 1208 1248 1264 Antiochiam.
1277 1209 1344 1263 Et
1371 1208 1514 1265 facto
1535 1209 1607 1264 ibi
1631 1210 1909 1280 aliquanto

309 1311 558 1371 tempore
587 1300 861 1371 Profectus
886 1309 1006 1366 est,
1032 1301 1412 1371 perambulans
1441 1316 1507 1356 ex
1531 1301 1723 1356 ordine
1749 1301 1909 1356 Gala-

309 1392 467 1449 ticam
515 1393 828 1464 regiOucm,
869 1403 925 1448 et
970 1393 1295 1466 Phrygiam,
1349 1394 1679 1448 confirmans
1720 1407 1908 1448 omnes

303 1485 626 1557 discipulos.
662 1485 885 1542 Judzens
917 1497 1096 1542 autem
1147 1487 1394 1557 quidam,
1429 1487 1622 1555 Apollo
1656 1489 1905 1554 nomine,

303 1579 713 1636 Alexandrinus
741 1595 942 1652 genere
965 1623 979 1647 ,
1013 1581 1096 1635 vir
1123 1581 1390 1650 el0quens
1412 1619 1428 1647 ,
1473 1580 1697 1636 devenit
1727 1579 1910 1650 Ephe-

307 1691 467 1742 sum,
499 1686 692 1746 potens
741 1675 794 1730 in
822 1676 1142 1746 Scripturis.
1185 1675 1283 1730 llic
1322 1685 1441 1732 erat
1485 1676 1712 1732 edoctus
1761 1675 1906 1730 viam

305 1768 519 1825 Domini
559 1785 574 1824 :
605 1779 661 1825 et
705 1768 918 1825 fervens
963 1769 1157 1838 spiritu
1193 1769 1513 1838 loquebatur
1538 1811 1552 1834 ,
1585 1781 1638 1823 et
1680 1768 1912 1824 docebat

2010 551 2286 623 praedicat.
2325 551 2497 606 Erant
2526 558 2701 604 autem
2730 548 2944 619 quidam
2977 547 3147 603 Judaei
3179 547 3364 604 Scevae
3405 548 3605 618 princi-

2013 646 2092 718 pis
2125 648 2464 704 sacerdotum
2497 657 2701 718 septem
2733 646 2857 711 filii,
2916 644 3007 717 qui
3042 644 3146 699 hoc
3179 644 3468 699 faciebant.
3500 643 3606 699 Rc-

2012 741 2286 811 spondens
2314 750 2493 798 autem
2533 741 2756 810 Spiritus
2797 755 3046 810 nequam,
3091 737 3225 792 dixit
3262 737 3342 792 eis
3373 753 3384 790 :
3417 737 3602 792 Jesnm

2014 835 2158 903 novi,
2191 845 2242 889 et
2274 835 2496 892 Paulum
2526 836 2639 891 seio
2673 853 2685 889 :
2719 849 2816 890 vos
2854 841 3030 888 autem
3059 833 3150 904 qui
3177 832 3350 887 estis?
3384 832 3448 886 Et
3477 829 3606 885 insi-

2013 927 2149 984 liens
2173 928 2224 984 in
2247 945 2342 985 eos
2371 929 2556 996 homo,
2591 929 2641 983 in
2670 945 2779 1000 quo
2801 937 2916 984 erat
2937 925 3261 980 daunonium
3287 924 3600 993 pessimum,

2015 1029 2070 1077 et
2109 1021 2424 1077 dominatus
2465 1023 2770 1087 amborum,
2806 1019 3032 1076 invaluit
3083 1029 3270 1074 contra
3301 1033 3416 1085 eos,
3449 1017 3519 1070 ita
3549 1028 3608 1070 ut

2014 1114 2176 1181 nudi,
2207 1125 2262 1171 et
2292 1116 2562 1172 vulnerati
2605 1114 2902 1186 effugerent
2930 1112 2996 1168 de
3027 1111 3188 1167 domo
3234 1110 3343 1164 illa.
3375 1110 3485 1165 lloe
3516 1126 3612 1163 au-

2017 1214 2123 1264 tem
2150 1217 2336 1263 notum
2365 1207 2561 1264 factum
2595 1217 2678 1265 est
2707 1207 2956 1264 omnibus
2985 1205 3207 1271 Juda-is,
3239 1216 3400 1276 atque
3431 1204 3578 1274 genti
3597 1233 3611 1242 -

2015 1301 2179 1369 libus,
2214 1303 2303 1374 qui
2331 1302 2645 1358 habitabant
2681 1302 2880 1373 Ephesi
2914 1320 2926 1355 :
2957 1310 3010 1356 et
3039 1301 3238 1356 cecidit
3267 1300 3426 1354 timor
3451 1313 3613 1368 super

2016 1408 2207 1450 omnes
2253 1395 2396 1464 illos,
2430 1404 2484 1450 et
2512 1396 2956 1465 magnifieabatur
2987 1410 3182 1450 nomen
3215 1393 3425 1448 Domini
3457 1391 3609 1448 Jesu.

2018 1487 2275 1558 Multique
2317 1488 2653 1544 credentium
2685 1489 2975 1544 veniebant
2999 1530 3011 1554 ,
3043 1487 3386 1550 confitentes,
3430 1495 3484 1541 et
3511 1501 3613 1540 ano

2018 1581 2329 1636 nuntiantes
2373 1591 2524 1637 actus
2574 1597 2722 1638 suos.
2772 1592 2797 1620 τι
2839 1581 2986 1637 Multi
3039 1590 3217 1637 autem
3263 1598 3330 1636 ex
3370 1581 3470 1646 eis,
3523 1581 3613 1649 qui

2016 1672 2228 1728 fuerant
2269 1674 2485 1730 curiosa
2517 1675 2749 1740 sectati,
2779 1675 3124 1729 contulerunt
3167 1673 3353 1740 libros,
3385 1684 3439 1728 et
3461 1689 3616 1727 com-

2014 1764 2306 1822 bussernnt
2345 1782 2530 1822 coram
2563 1767 2813 1823 omnibus
2848 1784 2861 1821 :
2893 1776 2945 1823 et
2976 1767 3302 1838 computatis
3342 1766 3524 1836 pretiis.
3553 1765 3620 1820 il-

304 1863 594 1933 diligenter
611 1877 675 1919 ea
702 1878 824 1934 quae
853 1871 982 1918 sunt
1008 1861 1160 1928 Jesu,
1193 1863 1374 1918 sciens
1407 1870 1614 1917 tantum
1644 1862 1907 1932 baptisma
1939 1861 1990 1923 B
2018 1858 2212 1927 lorum,
2261 1860 2590 1916 invenerunt
2636 1863 2915 1929 pecuniam
2959 1860 3306 1916 denariorum
3355 1863 3621 1932 quinqua-

304 1955 556 2012 Joannis.
591 1957 686 2011 llic
721 1971 854 2028 ergo
902 1956 1068 2026 (erepit
1103 1955 1428 2010 ﬁducialiter
1454 1970 1617 2025 agere
1659 1953 1713 2008 in
1752 1969 1913 2025 syna-

303 2063 462 2120 goga.
511 2047 687 2117 Quem
739 2064 861 2105 cum
905 2049 1141 2104 audisset
1189 2047 1437 2104 Priscilla
1463 2057 1518 2103 et
1561 2047 1782 2118 Aquila,
1827 2061 1913 2101 as-

306 2151 658 2213 sumpsernnt
729 2158 896 2209 eum,
961 2151 1018 2196 et
1072 2141 1388 2214 diligentius
1438 2149 1810 2212 exposuerunt
1861 2141 1912 2195 ei

307 2235 450 2290 viam
480 2235 715 2291 Domini.
740 2234 875 2291 Cum
899 2243 1080 2291 autem
1110 2234 1273 2289 vellet
1296 2233 1374 2289 ire
1401 2234 1682 2300 Achaiam,
1715 2232 1914 2289 exhor-

309 2329 406 2384 tati
447 2329 643 2384 fratres
669 2374 682 2397 ,
731 2329 1072 2398 scripserunt
1110 2327 1428 2397 discipulis,
1471 2337 1530 2381 ut
1575 2309 1916 2396 susciperent

307 2435 456 2477 eum.
501 2420 604 2489 Qui
653 2435 774 2475 cum
807 2421 1084 2488 venisset,
1117 2421 1348 2475 contulit
1389 2419 1618 2474 tnultum
1666 2419 1751 2473 bis
1776 2460 1790 2484 ,
1822 2419 1914 2489 qui

309 2514 695 2572 crediderant.
741 2514 1107 2571 Vehementer
1149 2515 1294 2569 enim
1331 2512 1551 2569 Judaeos
1602 2513 1917 2569 revincebat

308 2607 523 2679 publice
545 2649 560 2674 ,
621 2608 914 2665 ostendens
953 2623 1052 2678 per
1083 2607 1420 2679 Scripturas,
1471 2623 1592 2663 esse
1628 2606 1912 2662 Christum

311 2701 525 2758 Jesnm.

382 2795 534 2868 [ϐαρ.
572 2793 741 2866 XIX.]
771 2795 994 2853 Factum
1024 2806 1108 2853 est
1135 2806 1319 2853 autem
1347 2839 1362 2864 ,
1395 2810 1518 2852 cum
1551 2796 1747 2866 Apollo
1770 2803 1921 2852 esset

308 2887 583 2955 Corinthi,
607 2898 667 2946 ut
685 2891 906 2958 Paulus,
931 2892 1241 2963 peragratis
1261 2879 1634 2962 superioribus
1653 2893 1916 2962 partibus,

310 2987 526 3041 veniret
553 2986 827 3056 Ephesum
851 3030 866 3055 ,
891 2997 947 3042 et
976 2987 1250 3044 inveniret
1277 2986 1540 3059 quosdam
1572 2986 1871 3057 discipulos
1899 3002 1916 3046 ς

311 3079 561 3151 dixitque
582 3081 648 3136 ad
677 3096 773 3138 eos
798 3098 813 3137 :
842 3081 901 3138 Si
928 3082 1194 3153 Spiritum
1223 3092 1472 3139 sanctum
1494 3081 1781 3153 accepistis
1801 3097 1921 3137 cre-

312 3173 548 3230 dentes?
576 3175 743 3230 Atilli
770 3175 1114 3231 dixeruntad
1149 3191 1272 3231 eum
1305 3194 1318 3231 τ
1352 3176 1459 3233 Sed
1487 3191 1688 3247 neque,
1723 3176 1768 3232 si
1795 3175 1920 3246 Spi-

2015 1951 2160 2023 ginta
2191 1952 2438 2009 millium.
2474 1953 2551 2008 lta
2599 1953 2812 2010 fortiter
2836 1953 3116 2010 crescebat
3145 1954 3366 2009 verbum
3409 1953 3527 2019 Dei,
3567 1962 3624 2007 et

2016 2046 2457 2103 confirmabatur.
2490 2046 2584 2102 llis
2611 2058 2792 2101 autem
2822 2047 3050 2118 expletis
3073 2092 3086 2116 ,
3115 2046 3396 2117 proposuit
3427 2046 3622 2102 Paulus

2019 2136 2070 2191 in
2113 2136 2352 2208 Spiritu,
2383 2139 2610 2194 transita
2645 2140 2957 2195 Macedonia
3001 2147 3056 2194 et
3099 2137 3326 2208 Achaia,
3359 2140 3438 2195 ire
3470 2139 3623 2196 Jeru-

2019 2231 2310 2303 solytnam,
2368 2232 2606 2288 dicens:
2657 2233 2920 2299 Quoniam
2970 2241 3257 2303 postquam
3317 2230 3472 2287 fuero
3529 2231 3624 2294 ibi,

2018 2334 2233 2396 oportet
2252 2341 2336 2382 me
2362 2334 2419 2382 et
2442 2327 2666 2381 Romam
2693 2325 2894 2381 videre.
2921 2325 3140 2382 Mittens
3162 2333 3344 2381 autem
3379 2325 3623 2380 inMace-

2019 2418 2236 2474 doniam
2285 2418 2421 2474 duos
2447 2436 2511 2475 ex
2551 2419 2984 2475 ministrantibus
3020 2420 3143 2489 sibi,
3168 2419 3538 2488 Timotheum,
3571 2429 3627 2474 et

2019 2516 2296 2585 Erastum,
2339 2521 2454 2588 ipse
2503 2521 2770 2575 remansit
2814 2519 2880 2575 ad
2917 2530 3126 2590 tempus
3172 2521 3226 2575 in
3273 2521 3423 2578 Asia.
3461 2522 3625 2577 Fat-ta

2020 2619 2104 2666 est
2145 2623 2322 2668 autem
2365 2610 2460 2666 illo
2499 2623 2744 2684 tempore
2776 2615 3008 2669 turbatio
3037 2629 3143 2669 non
3177 2615 3396 2670 minima
3437 2615 3506 2671 de
3538 2618 3626 2670 via

2021 2704 2256 2759 Domini.
2290 2705 2595 2760 Demetrius
2637 2707 2780 2761 enim
2824 2707 3042 2778 quidam
3093 2707 3332 2773 nomine,
3379 2717 3628 2780 argenta-

2022 2801 2154 2866 rius,
2205 2798 2409 2853 faciens
2436 2799 2580 2854 aedes
2609 2809 2897 2871 argenteas
2929 2801 3131 2868 Diante,
3177 2801 3470 2871 prtestabat
3494 2803 3628 2856 arti-

2021 2892 2213 2948 ficibus
2254 2908 2360 2948 non
2392 2893 2663 2949 modicum
2691 2905 2961 2964 quaestum
2990 2913 3002 2948 :
3036 2910 3173 2966 quos
3202 2911 3507 2952 convocans
3534 2937 3548 2963 ,
3574 2908 3629 2952 ct

2022 3000 2118 3042 cos
2145 2985 2232 3057 qui
2267 2986 2575 3055 hujusmodi
2614 2997 2766 3043 erant
2799 2989 3057 3058 opifices,
3082 2989 3214 3045 dixit
3249 3008 3262 3044 :
3293 2989 3442 3060 Viri,
3475 2991 3624 3047 scitis

2021 3081 2146 3152 quia
2184 3085 2250 3136 de
2279 3080 2382 3136 hoc
2411 3082 2639 3137 artificio
2670 3092 2754 3138 est
2783 3083 2936 3138 nobis
2964 3085 3252 3155 acquisitio
3286 3105 3296 3138 :
3322 3094 3374 3141 et
3403 3086 3622 3153 videtis,

2022 3184 2077 3230 et
2102 3174 2329 3241 auditis,
2358 3176 2484 3246 quia
2523 3191 2627 3232 non
2671 3176 2852 3232 solum
2895 3177 3096 3247 Ephesi
3127 3219 3140 3244 ,
3171 3178 3264 3233 sed
3294 3193 3427 3248 pene
3459 3181 3622 3235 totius

314 3266 455 3322 ritus
495 3278 718 3323 sanctus
752 3278 856 3335 est,
891 3268 1221 3325 audivimus.
1245 3269 1343 3325 llle
1379 3284 1511 3326 vero
1549 3269 1623 3324 ait
1653 3287 1666 3322 :
1713 3269 1769 3323 In
1807 3283 1915 3340 quo
1943 3255 1990 3320 Ο
2020 3268 2195 3335 Asia),
2227 3269 2424 3325 Paulus
2469 3269 2556 3324 hic
2601 3271 2836 3325 suadens
2867 3271 3067 3327 avertit
3109 3272 3334 3327 multam
3383 3273 3618 3339 turbam,

313 3372 445 3430 ergo
474 3359 736 3430 baptizati
772 3361 1074 3430 estis?Qui
1101 3361 1357 3418 dixerunt
1391 3381 1400 3416 :
1439 3362 1496 3417 ln
1535 3362 1760 3418 Joannis
1789 3363 1920 3433 bap-

316 3455 553 3510 tismate.
595 3455 742 3511 Dixit
805 3467 986 3514 autem
1040 3459 1283 3514 Paulus:
1338 3459 1578 3516 Joannes
1625 3459 1922 3530 baptizavit

318 3547 591 3618 baptismo
624 3550 966 3619 paenitentiae
995 3553 1250 3623 populum
1273 3595 1287 3619 ,
1313 3553 1502 3610 dicens
1527 3571 1540 3608 :
1574 3553 1629 3608 ln
1657 3570 1804 3623 eum,
1827 3556 1918 3626 qui

315 3649 579 3698 venturus
613 3653 756 3699 esset
798 3654 918 3714 post
967 3645 1174 3716 ipsum,
1209 3657 1268 3702 ut
1312 3648 1634 3717 crederent,
1671 3629 1772 3704 hoc
1809 3659 1916 3716 est,

317 3736 372 3791 in
400 3735 610 3792 Jesum.
647 3737 740 3792 llis
775 3739 996 3804 auditis,
1033 3740 1288 3809 baptizati
1321 3749 1448 3794 sunt
1485 3742 1536 3795 in
1567 3741 1788 3797 nomine
1816 3741 1921 3797 Do-

316 3831 458 3886 mini
501 3829 650 3886 Jesu.
677 3833 741 3887 Et
773 3847 893 3888 cum
925 3833 1275 3904 imposuisset
1306 3835 1409 3890 illis
1453 3850 1644 3890 manus
1686 3835 1916 3906 Paulus,

318 3927 474 3982 venit
501 3925 741 3997 Spiritus
765 3936 985 3983 sanctus
1011 3943 1176 3998 super
1198 3943 1315 3994 eos,
1338 3937 1394 3983 et
1420 3929 1784 4000 loquebantur
1813 3930 1919 3983 lin-

316 4019 437 4090 guis
459 4065 473 4089 ,
503 4030 557 4075 et
586 4019 1000 4090 prophetabant.
1039 4020 1204 4075 Erant
1232 4030 1416 4076 autem
1448 4036 1640 4076 omnes
1668 4020 1771 4076 viri
1806 4021 1921 4078 fere

318 4111 628 4168 duodecim.
653 4112 1028 4184 lntrogressns
1043 4123 1225 4168 autem
1254 4127 1611 4185 synagogam,
1631 4127 1755 4168 cum
1787 4112 1924 4167 fidu-

318 4205 400 4262 cia
431 4205 752 4276 loquebatur
773 4221 869 4277 per
893 4216 1002 4262 tres
1035 4219 1271 4272 menses,
1296 4207 1579 4276 diSpntans
1607 4217 1662 4262 et
1687 4205 1924 4262 suadens

320 4297 386 4354 de
409 4313 586 4370 regno
623 4298 742 4353 Dei.
785 4298 918 4354 Cum
957 4308 1142 4354 autem
1174 4299 1393 4369 quidam
1427 4299 1843 4366 indurarentur,
1869 4309 1924 4355 et

322 4406 429 4447 non
473 4390 798 4457 crederent,
848 4393 1237 4450 maledicentes
1285 4395 1424 4450 viam
1475 4395 1690 4450 Domini
1735 4409 1922 4450 coram

322 4483 692 4551 multitudine,
722 4483 1015 4560 discedens
1042 4485 1112 4540 ab
1137 4485 1239 4555 eis,
1271 4488 1576 4557 segregavit
1602 4486 1922 4557 discipulos,

323 4577 572 4651 quotidie
599 4577 883 4648 disputans
922 4577 976 4634 in
1013 4577 1202 4634 schola
1232 4580 1448 4650 tyranni
1480 4579 1784 4650 cujusdam.
1809 4578 1926 4634 lloc

2022 3361 2252 3418 dicens:
2299 3363 2552 3433 quoniam
2600 3379 2708 3418 non
2741 3373 2866 3418 sunt
2911 3363 3010 3431 dii,
3051 3363 3142 3434 qui
3177 3364 3422 3420 manibus
3461 3365 3620 3420 fiunt.

2021 3458 2138 3513 Non
2191 3459 2363 3513 solum
2413 3469 2594 3514 autem
2628 3457 2744 3514 haec
2785 3457 3178 3528 periclitabitur
3207 3458 3364 3514 nobis
3406 3474 3532 3529 pars
3570 3459 3622 3513 in

2024 3552 2457 3622 redargntionem
2487 3551 2674 3606 venire
2695 3593 2708 3617 ,
2740 3551 2835 3606 sed
2874 3550 2898 3588 δ
2931 3559 2982 3606 et
3021 3566 3232 3622 magnae
3275 3551 3456 3606 Dianm
3489 3563 3625 3606 tem-

2023 3650 2168 3720 plum
2203 3649 2254 3702 in
2291 3647 2516 3702 nihilum
2549 3647 2886 3717 reputabitur
2909 3689 2923 3713 ,
2958 3647 3055 3702 sed
3084 3658 3137 3703 et
3165 3648 3374 3704 destrui
3401 3646 3624 3718 incipiet

2024 3743 2276 3812 majestas
2300 3741 2438 3812 ejus,
2465 3756 2622 3812 quam
2655 3751 2762 3797 tota
2794 3743 2940 3807 Asia,
2966 3752 3017 3797 et
3050 3743 3198 3797 orbis
3220 3742 3368 3797 colit.
3402 3742 3496 3796 llis
3526 3758 3624 3797 au-

2023 3835 2152 3890 ditis
2176 3877 2190 3900 ,
2226 3833 2417 3904 repleti
2463 3844 2588 3890 sunt
2632 3834 2731 3902 ira,
2777 3845 2830 3889 et
2861 3835 3304 3890 exclamaverunt
3331 3835 3574 3892 dicentes
3605 3854 3617 3888 :

2023 3927 2212 3997 Magna
2263 3926 2427 3981 Diana
2491 3925 2871 3997 Ephesiorum.
2922 3926 2992 3982 Et
3041 3928 3262 3997 impleta
3299 3937 3385 3983 est
3433 3929 3625 3983 civitas

2025 4018 2368 4086 confusione,
2398 4031 2452 4074 et
2481 4020 2739 4088 impetum
2769 4019 3014 4074 fecerunt
3042 4034 3148 4075 uno
3180 4021 3360 4076 animo
3389 4022 3442 4076 in
3475 4020 3625 4077 thea-

2028 4123 2192 4180 trum,
2224 4122 2379 4184 rapto
2406 4113 2542 4170 Gaio
2581 4125 2638 4170 et
2665 4113 2948 4170 Aristarco
2977 4115 3380 4182 Macedonibus,
3411 4117 3626 4171 comiti-

2027 4207 2126 4262 bus
2160 4207 2329 4262 Pauli.
2357 4207 2526 4262 Paulo
2556 4217 2732 4262 autem
2762 4208 2973 4262 volente
3014 4209 3218 4263 intrare
3257 4207 3310 4262 in
3340 4208 3624 4278 populum,

2029 4317 2134 4356 non
2160 4301 2524 4372 permiserunt
2551 4300 2822 4371 discipuli.
2849 4300 3078 4367 Quidam
3107 4310 3289 4357 autem
3320 4301 3455 4357 etde
3482 4301 3626 4357 Asiae

2031 4392 2365 4464 principibus
2391 4438 2404 4464 ,
2433 4394 2523 4464 qui
2553 4404 2710 4449 erant
2736 4393 2892 4448 amici
2923 4393 3042 4464 ejus
3069 4435 3082 4460 ,
3117 4395 3380 4451 miserunt
3408 4393 3475 4448 ad
3502 4410 3627 4450 eum

2030 4496 2282 4558 rogantes
2307 4528 2322 4554 ,
2350 4503 2416 4542 ne
2445 4502 2503 4542 se
2525 4487 2677 4542 daret
2706 4488 2758 4542 in
2798 4486 3066 4542 theatrum
3101 4504 3114 4540 :
3149 4487 3239 4542 alii
3266 4500 3445 4544 autem
3481 4486 3627 4542 aliud

2030 4581 2355 4636 clamabant.
2391 4581 2520 4635 Erat
2565 4580 2709 4634 enim
2757 4580 2989 4636 ecclesia
3039 4579 3309 4634 confusa:
3354 4589 3409 4633 et
3443 4579 3627 4648 plures

323 4682 506 4730 autem
552 4674 749 4730 factum
797 4683 881 4730 est
935 4689 1032 4744 per
1082 4673 1398 4742 biennium,
1444 4673 1516 4728 ita
1573 4682 1632 4728 ut
1683 4661 1882 4728 omnes
1906 4715 1922 4741 ,
1952 4643 2008 4705 D
2037 4674 2347 4729 nesciebant
2383 4688 2489 4742 qua
2517 4687 2582 4727 ex
2615 4688 2775 4728 causa
2805 4673 3210 4729 convenissent.
3242 4673 3318 4728 De
3349 4673 3502 4728 turba
3531 4689 3630 4728 au-

231 4777 236 4782 ‘
325 4767 415 4838 qui
469 4767 786 4822 habitabant
828 4769 880 4821 in
931 4766 1090 4831 Asia,
1128 4766 1380 4822 audirent
1418 4766 1645 4821 verbum
1688 4765 1922 4831 Domini,

325 4859 501 4916 Judaei
539 4869 701 4930 atque
741 4859 992 4931 gentiles.
1027 4859 1366 4931 Virtutesque
1399 4875 1504 4915 non
1536 4861 1807 4932 quaslibet
1847 4859 1925 4914 fa-

326 4955 506 5011 ciebat
547 4955 691 5011 Deus
718 4971 813 5026 per
844 4971 1066 5011 manum
1101 4940 1398 5011 Pauliz‘ita
1442 4963 1498 5009 ut
1546 4954 1707 5010 etiam
1761 4969 1927 5022 super

329 5049 618 5122 languidos
639 5049 986 5107 deferrentur
1011 5066 1039 5105 a
1077 5065 1310 5120 corpore
1339 5049 1455 5120 ejus
1478 5048 1715 5115 sudaria,
1739 5057 1795 5104 et
1841 5062 1927 5103 sc-

331 5142 625 5210 micinctia,
657 5151 710 5198 et
736 5142 1061 5200 recedebant
1088 5143 1158 5198 ab
1178 5141 1257 5198 eis
1286 5143 1594 5212 languorcs,
1622 5150 1679 5198 et
1702 5141 1926 5212 spiritus

332 5251 561 5308 nequam
602 5237 1039 5308 egrediebantur.
1072 5235 1440 5291 Tentavernnt
1487 5244 1668 5290 autem
1710 5235 1926 5306 quidam

331 5341 386 5388 et
409 5331 478 5387 de
506 5330 968 5386 circumeuntibns
999 5329 1202 5386 Juda-is
1229 5329 1535 5393 exorcistis,
1569 5327 1818 5384 invocare
1841 5342 1934 5383 su-

333 5439 430 5495 per
458 5440 576 5492 eo<,
604 5425 694 5496 qui
719 5425 988 5481 habebant
1014 5423 1235 5495 spiritus
1267 5423 1459 5488 malos,
1493 5437 1689 5478 nomen
1720 5421 1933 5476 Domini

406 5591 435 5620 ⁸
463 5589 691 5660 Propius
712 5588 788 5660 ad
815 5588 1062 5660 Graecum
1092 5587 1173 5660 Sa
1197 5585 1474 5660 Inter-pres
1501 5586 1556 5660 in
1579 5582 1740 5660 Prmf.
1765 5582 1927 5638 Com-

337 5672 505 5717 ment.
538 5656 592 5714 iti
624 5659 796 5728 Epist.
830 5659 896 5713 ad
927 5658 1128 5728 Ephes.
1164 5658 1292 5728 legit
1316 5676 1328 5713 :
1352 5656 1588 5712 Plurimi
1614 5672 1817 5726 quoque
1845 5671 1934 5710 eo-

336 5749 473 5800 rum,
503 5732 592 5803 qui
620 5734 824 5785 curiosa
853 5740 1136 5802 gesserant,
1167 5739 1541 5799 comportautes
1585 5729 1764 5794 libras,
1798 5742 1938 5803 com-

339 5799 608 5860 busscrunt
638 5819 815 5857 coram
856 5799 1091 5856 omnibus
1116 5843 1131 5868 ,
1164 5811 1211 5874 et
1251 5799 1939 5874 computarcnmtpretium

338 5891 512 5934 eorum
537 5915 554 5944 ,
595 5884 642 5930 et
671 5876 967 5929 invenerunt
997 5873 1196 5946 argenti
1225 5870 1602 5944 quinquaginta
1632 5871 1818 5926 millia.
1855 5870 1945 5925 Sic

647 5971 921 6033 Ρλτιιοι..
964 5968 1206 6032 ΧΧΙΧ.

2037 4773 2144 4820 tem
2191 4764 2542 4820 detraxerunt
2584 4763 2985 4831 Alexandrum,
3026 4765 3454 4835 pr0pellentibus
3499 4779 3627 4820 eum

2035 4859 2260 4915 Judazis.
2312 4859 2618 4915 Alexander
2644 4868 2822 4914 autem
2847 4901 2860 4925 ,
2895 4876 3054 4915 manu
3087 4861 3303 4915 silentio
3333 4859 3624 4930 postulato,

2035 4953 2253 5009 volebat
2295 4952 2526 5007 reddere
2577 4953 2843 5006 rationem
2889 4953 3107 5023 populo.
3141 4953 3309 5020 Quem
3341 4961 3399 5007 ut
3427 4967 3630 5024 cogno-

2038 5055 2235 5102 verunt
2284 5045 2530 5101 Judaeum
2569 5060 2712 5110 esse,
2756 5062 2857 5100 vox
2892 5046 3030 5100 facta
3083 5062 3188 5100 una
3230 5055 3314 5101 est
3359 5046 3622 5113 omnium,

2038 5142 2190 5212 quasi
2241 5156 2336 5212 per
2382 5142 2542 5196 horas
2596 5141 2730 5196 duas
2760 5141 3108 5195 clamantium
3155 5159 3164 5191 :

2041 5233 2426 5304 Ephesiorum.
2461 5233 2527 5287 Et
2557 5248 2680 5287 cum
2709 5232 2952 5287 sedasset
2989 5231 3165 5286 scriba
3199 5231 3379 5286 turbas
3405 5271 3420 5296 ,
3449 5229 3587 5285 dixit
3615 5247 3630 5283 :

2042 5326 2155 5382 Viri
2199 5326 2458 5397 Ephesii,
2498 5325 2618 5396 quis
2661 5327 2803 5380 enim
2833 5333 2916 5380 est
2961 5323 3269 5392 hominum,
3299 5323 3392 5395 qui
3433 5324 3638 5379 nesciat

2045 5417 2401 5489 Ephesiorum
2430 5417 2702 5472 civitatem
2735 5415 3016 5472 cultricem
3041 5430 3164 5472 esse
3188 5430 3398 5486 magna:
3429 5415 3634 5483 Dianae,
3681 5465 3692 5478 κ

2035 5588 2263 5655 potenter
2281 5577 2487 5655 verbum
2505 5577 2714 5632 Domini
2734 5577 3010 5655 crescebat,
3028 5587 3076 5655 et
3093 5575 3504 5655 confortalmtur,
3523 5584 3634 5631 etc.

2112 5650 2139 5689 ι)
2185 5651 2382 5706 lterum
2417 5650 2608 5705 Grmcn
2653 5648 2894 5718 pressius
2937 5649 3066 5718 legit
3112 5647 3311 5702 ibidem
3352 5647 3411 5703 S.
3467 5647 3638 5702 luter-

2045 5737 2191 5793 prcs,
2218 5721 2286 5776 Et
2309 5737 2509 5792 magna:
2530 5717 2662 5776 Detur
2680 5721 2928 5791 templum
2950 5717 3138 5793 Dialia:
3159 5719 3210 5772 in
3239 5719 3460 5772 nihilum
3488 5735 3642 5790 repu-

2050 5792 2260 5860 tabitur,
2280 5793 2572 5847 destruetur
2583 5809 2782 5864 quoque
2810 5792 3111 5862 magnitudo
3132 5793 3268 5861 ejus,
3282 5807 3436 5861 quam
3460 5801 3646 5844 cuncta

2054 5866 2200 5934 Asia,
2229 5874 2274 5920 et
2305 5865 2566 5921 universus
2597 5864 2734 5919 orbis
2759 5864 2902 5928 colit,
2933 5873 3039 5920 etc.

3360 5956 3438 6018 9.3

3219 5140 3404 5210 Magna
3460 5141 3630 5194 Diana
3713 5195 3718 5199 _
