4166 6336
491 324 598 381 ’115
1492 312 1548 370 S.
1596 308 1976 371 HIERONYMI
2016 306 2249 366 DIVINA
2291 308 2752 370 BlBLlOTHISCA
3686 304 3801 364 716

489 442 745 510 Iovisque
772 435 937 508 prolis
958 435 980 488 ?
1001 432 1134 492 Cum
1159 447 1289 506 ergo
1312 432 1395 489 his
1421 432 1724 488 contradici
1754 446 1860 487 non
1888 429 2083 501 possit,
2115 433 2164 492 Α

2272 434 2421 490 simul
2465 441 2675 497 essent,
2726 412 2972 486 dixit‘eis
3004 447 3014 482 :
3049 424 3161 482 Vos
3199 427 3349 483 scitis
3397 439 3423 479 a
3459 427 3630 495 prima
3679 426 3791 485 die,

493 541 709 604 Oportet
756 546 854 587 vos
907 529 1129 586 sedatos
1179 541 1322 593 esse,
1370 534 1424 581 et
1476 525 1610 579 nihil
1661 532 1865 580 temere
1901 535 2084 592 agere.

2272 544 2300 583 a
2330 529 2610 598 ingressus
2641 540 2761 580 sum
2791 524 2843 578 itt
2869 523 3076 588 Asiam,
3107 520 3343 592 qualiter
3368 519 3645 574 vobiscum
3700 534 3796 586 per

494 625 812 683 Adduxistis
862 622 1010 679 enim
1047 620 1297 677 homines
1345 618 1510 685 istos,
1561 632 1738 687 neque
1777 614 2090 685 sacrilegos,

2273 639 2362 678 tne
2391 631 2606 691 tempus
2651 620 2867 687 fuerim,
2911 617 3160 674 serviens
3209 614 3438 670 Domino
3485 628 3608 668 cum
3646 613 3794 667 omni

493 738 669 794 neque
697 722 1136 792 blasphemautes
1167 716 1333 772 Deam
1363 723 1621 770 vestram.
1655 708 1810 778 Quod
1837 710 1882 763 si
1904 709 2095 764 Deme—

2280 716 2535 779 militatc,
2568 722 2625 768 et
2656 711 2931 782 lacrymis,
2968 718 3025 765 et
3066 707 3477 772 tentationibus,
3512 719 3633 773 quae
3660 703 3793 758 mihi

495 818 652 881 trius,
684 824 738 870 et
767 813 858 884 qui
882 828 1002 867 eum
1032 826 1097 867 eo
1119 818 1246 864 sunt
1274 806 1513 862 artifices
1538 851 1553 872 ,
1585 805 1785 859 habent
1809 801 2095 856 adversum

2272 807 2519 864 eiderunt
2566 823 2630 861 ex
2679 804 2891 860 insidiis
2940 802 3249 859 Judaanrum
3287 818 3302 858 :
3334 798 3609 871 quomodo
3660 797 3795 853 nihil

495 908 733 978 aliquem
777 919 1033 973 causam,
1080 908 1381 957 conventus
1434 901 1682 952 forenses
1728 903 1991 967 aguntur,
2044 898 2101 946 et

2272 900 2565 957 btraxerim
2598 909 2622 935 ἰ
2666 898 2877 953 utilium
2907 943 2919 965 ,
2959 895 3250 963 quominus
3291 893 3673 949 annuntitrem
3706 903 3801 944 vo-

495 1000 850 1073 proconsules
892 1006 1045 1061 sunt,
1093 1001 1347 1051 accusent
1389 991 1640 1047 invicem.
1670 986 1886 1058 Siquid
1918 994 2099 1068 autem
2207 995 2314 1061 bis,
2345 1003 2402 1050 οι
2424 993 2677 1049 docerem
2709 1006 2809 1046 ws
2850 989 3085 1061 publica,
3118 1001 3169 1042 ει
3203 1003 3300 1053 ,ιρι-
3326 986 3516 1041 domos
3539 1028 3553 1051 ,
3607 981 3803 1039 leum-

497 1094 721 1151 alterius
750 1093 826 1146 rei
857 1091 1097 1159 quieritis
1128 1103 1141 1141 :
1172 1088 1224 1141 in
1249 1087 1488 1155 legitima
1512 1082 1745 1138 ecclesia
1769 1080 1969 1152 poterit
1997 1076 2101 1131 ab-
2206 1101 2338 1143 cans
2363 1085 2571 1142 Judmis
2605 1093 2767 1155 atque
2787 1082 3082 1155 gentilibus
3105 1081 3156 1134 in
3192 1080 3364 1134 Deum
3399 1076 3799 1147 tmttisentiam,

498 1189 658 1245 solvi.
716 1184 854 1241 Nam
906 1192 962 1237 et
1023 1182 1395 1251 periclitamur
1452 1178 1605 1247 argui
1661 1174 1948 1231 seditionis
2005 1174 2103 1229 ho-

2299 1179 2460 1237 fidem
2506 1179 2560 1234 in
2591 1178 2881 1233 Dominum
2913 1187 3156 1231 nostrum
3197 1173 3382 1229 Jesnm
3411 1171 3707 1243 Christum.
3739 1169 3806 1222 Et

500 1280 747 1335 dicrnte:
781 1291 901 1331 cum
947 1273 1129 1326 nullus
1153 1269 1423 1334 obnoxius
1461 1269 1533 1323 sit
1565 1268 1658 1338 (de
1689 1280 1797 1338 quo
1827 1263 2104 1335 possimus
2211 1286 2357 1328 nunc
2386 1285 2515 1329 ecce
2551 1271 2809 1342 alligatus
2839 1283 2942 1340 ego
2970 1268 3186 1337 spiritu,
3220 1265 3360 1322 vado
3389 1266 3438 1319 in
3469 1263 3804 1325 Jerusalem;

498 1372 737 1430 reddere
785 1364 1080 1436 rationem)
1138 1377 1443 1421 concursus
1479 1361 1660 1417 istius.
1712 1358 1779 1414 Et
1823 1372 1946 1414 cum
1991 1356 2108 1410 haec
2213 1365 2411 1435 ηυωίη
2441 1380 2505 1422 ea
2555 1374 2781 1421 νοηιυη
2813 1363 2922 1418 sim
2965 1361 3119 1427 mihi,
3172 1361 3430 1431 ignorans
3463 1377 3477 1413 ε
3512 1359 3611 1413 nisi
3659 1355 3807 1428 quod

504 1465 734 1521 dixisset
762 1461 966 1517 dimisit
992 1457 1303 1515 ecclesiam.

2272 1458 2449 1515 tiritus
2485 1466 2706 1514 sanctus
2751 1472 2846 1527 per
2874 1470 3066 1512 omnes
3096 1456 3345 1510 civitates
3375 1451 3509 1507 mihi
3540 1458 3807 1521 protesta-

581 1551 887 1629 lCap.XX.]
909 1553 1203 1621 Postquam
1228 1558 1407 1605 autem
1435 1543 1672 1602 cessavit
1700 1541 1977 1605 tumultus,
2011 1556 2107 1594 vo-

2272 1568 2328 1617 .r,
2358 1552 2548 1609 dicens
2582 1569 2596 1607 :
2632 1552 2885 1623 quoniam
2911 1549 3129 1606 vincula
3164 1558 3218 1604 et
3255 1547 3636 1604 tribulationcs
3658 1544 3815 1601 Jeru-

503 1650 639 1706 catis
662 1647 861 1703 Paulus
888 1642 1198 1713 discipulis,
1223 1651 1278 1696 et
1307 1639 1630 1697 exhortatus
1659 1650 1754 1691 eos
1776 1676 1790 1699 ,
1829 1632 2111 1697 valedixit,
2217 1644 2444 1716 sotymis
2489 1660 2575 1700 me
2610 1652 2852 1699 manem
2885 1642 2988 1697 Sed
3040 1640 3176 1696 ηίιιίι
3220 1639 3411 1695 horum
3440 1652 3636 1694 vereor
3668 1655 3681 1691 ;
3714 1652 3817 1692 περ

506 1753 562 1801 et
586 1740 860 1813 profectus
887 1746 992 1802 est,
1028 1748 1085 1790 ut
1112 1736 1217 1790 iret
1247 1734 1299 1788 in
1337 1728 1735 1787 Macedoniam.
1762 1724 1899 1782 Cum
1929 1735 2114 1781 autem

2277 1739 2362 1791 cio
2391 1737 2627 1792 animam
2662 1751 2837 1791 meam
2887 1735 3265 1805 pretiosiorem
3315 1746 3471 1803 quam
3521 1746 3627 1797 me,
3658 1728 3811 1785 dum-

507 1831 943 1908 perambulasset
972 1841 1155 1901 partes
1187 1825 1328 1890 illas,
1362 1834 1417 1879 et
1446 1822 1769 1879 exhortatus
1794 1834 1889 1874 eos
1921 1816 2115 1872 fuisset
2143 1827 2164 1887 ι

2277 1829 2381 1885 odo
2427 1843 2801 1884 consutntncm
2849 1843 3067 1883 cursum
3112 1842 3316 1890 meum,
3347 1834 3404 1880 et
3456 1823 3814 1880 ministerium

515 1928 687 1983 multo
715 1938 994 1987 sermone,
1024 1922 1173 1975 venit
1204 1918 1270 1973 ad
1295 1915 1562 1972 Graeciam
1593 1930 1607 1968 :
1635 1911 1727 1968 ubi
1749 1926 1872 1967 cum
1904 1910 2121 1965 fecisset
2226 1924 2397 1991 νεισω,
2430 1925 2574 1994 quod
2608 1925 2792 1994 τιορρρί
2835 1937 2863 1977 τι
2900 1922 3129 1978 Domino
3151 1921 3301 1985 ges“,
3339 1918 3821 1976 te.[iﬁcariEvan.

516 2033 731 2076 nienses
766 2029 894 2082 U'eS,
928 2013 1083 2068 f30ld)
1114 2020 1242 2067 Slllll
1366 2009 1577 2063 lilSldl‘d}
1617 2024 1645 2060 3
1666 2005 1869 2062 JUdJJlS
1900 2002 2119 2074 naviga-
2224 2018 2426 2088 geliun]
2453 2018 2643 2089 gruum
2678 2017 2791 2073 Dei.
2829 2017 2897 2071 Et
2920 2031 3065 2071 nunc
3089 2030 3219 2071 cccc
3245 2030 3348 2087 ego
3379 2014 3513 2077 scio,
3545 2014 3673 2084 quia
3701 2028 3821 2069 am.

517 2124 642 2167 turo
670 2111 724 2167 in
752 2107 963 2181 Syriam
998 2121 1013 2163 ;
1046 2103 1338 2171 habuitque
1377 2101 1691 2162 consilium,
1728 2106 1784 2151 ut
1818 2106 2122 2152 revertere-
2227 2111 2366 2180 ριίηε
2393 2125 2500 2166 non
2561 2109 2817 2165 videbitis
2852 2109 3045 2166 faciem
3095 2124 3271 2164 meam
3323 2123 3419 2162 vos
3466 2122 3676 2166 omnem
3710 2118 3825 2175 Ῥω,

519 2216 607 2259 tur
633 2217 732 2273 per
761 2197 1157 2255 Macedoitiam.
1187 2194 1491 2250 Comitatus
1521 2201 1601 2245 cst
1640 2201 1821 2245 autem
1854 2204 1978 2243 eum
2020 2186 2115 2243 So.

2272 2220 2364 2257 nos
2400 2203 2623 2256 transivi
2673 2202 2975 2271 praedicans
3004 2217 3229 2271 regnum
3261 2200 3378 2255 Dei.
3414 2198 3441 2237 ιι
3483 2200 3828 2267 Quapropter

524 2306 676 2368 113W
730 2288 922 2363 Pyrrhi
974 2288 1282 2345 Βθτωθυδίε
1308 2328 1323 2355 ,
1378 2282 1950 2339 ’Ῑίιοδδθιοηίυυίιδὶυιυ
1997 2294 2124 2334 ‘01'0
2229 2306 2507 2351 contestor
2538 2310 2631 2349 vos
2659 2295 2922 2352 hodierna
2949 2294 3061 2362 die,
3095 2294 3223 2362 quia
3248 2292 3485 2348 mundus
3508 2306 3626 2345 sum
3649 2306 3679 2344 a
3703 2304 3830 2344 sau‘

523 2386 874 2445 Aristarchus
893 2426 908 2453 ,
942 2396 996 2441 et
1024 2380 1341 2444 Secundus,
1365 2389 1419 2433 et
1445 2377 1613 2433 Gaius
1642 2376 1927 2443 Derbmns,
1958 2384 2014 2429 et
2038 2372 2126 2428 Τῖ-

2272 2387 2393 2441 uiue
2445 2388 2712 2441 omnium.
2763 2386 2878 2442 Non
2934 2386 3082 2442 enim
3138 2384 3439 2455 subterfugi
3473 2425 3486 2449 ,
3539 2384 3832 2453 quominus

524 2482 819 2539 motheus:
876 2476 1058 2534 Asiani
1098 2491 1231 2532 vero
1261 2472 1534 2545 Tychieus
1584 2480 1637 2527 et
1669 2469 2020 2540 Tr0phintus.
2064 2467 2126 2521 lli

2272 2482 2612 2535 enuntiarem
2662 2497 2823 2536 omne
2863 2481 3153 2536 consilium
3189 2479 3285 2535 Dei
3335 2478 3510 2535 vobis.
3555 2477 3834 2532 Attendite
3904 2498 3910 2505 ν

523 2589 648 2630 eum
701 2570 1130 2642 praecessissent,
1179 2565 1557 2623 sustinuerunt
1603 2578 1701 2619 nos
1729 2561 1943 2617 Troade
1979 2579 1992 2615 :
2030 2574 2130 2617 nos

2272 2573 2411 2637 ubis,
2441 2584 2495 2629 et
2519 2575 2773 2629 universo
2801 2575 2974 2646 gregi,
3009 2576 3062 2628 in
3091 2589 3199 2641 quo
3222 2589 3325 2629 vos
3352 2574 3589 2643 Spiritus
3612 2581 3834 2625 sanctus

521 2683 655 2723 vero
689 2662 1063 2736 navigavimus
1108 2670 1228 2732 post
1254 2659 1373 2715 dies
1404 2662 1740 2730 Azymorutn
1770 2671 1802 2710 a
1839 2652 2129 2725 Philippis,

2275 2668 2744 2738 usuitepiscopos,
2775 2683 2967 2738 regere
2994 2668 3294 2724 Ecclesium
3323 2668 3439 2734 Dei,
3470 2684 3629 2739 quam
3654 2667 3838 2737 aequi-

529 2772 585 2816 et
625 2762 871 2814 venimus
901 2757 970 2812 ad
1002 2771 1096 2811 eos
1128 2754 1395 2811 Troadem
1438 2754 1489 2807 in
1525 2751 1717 2807 diebus
1749 2750 2015 2822 quinque,
2043 2748 2132 2804 ubi

2272 2765 2367 2820 ivit
2395 2763 2659 2833 sanguine
2685 2779 2805 2818 suo.
2836 2763 2955 2833 Ego
2982 2765 3099 2818 scio
3127 2763 3383 2833 quoniam
3415 2761 3695 2817 intrabunt
3717 2771 3838 2832 post

530 2853 795 2910 demorati
829 2865 1016 2906 SUHHIS
1055 2848 1248 2904 diebus
1277 2854 1508 2917 septem.
1542 2845 1662 2902 Una
1714 2853 1896 2900 autem
1926 2844 2135 2898 sabbati
2239 2857 2631 2914 discessiOHeln
2665 2873 2839 2914 meam
3006 2872 3230 2929 rapaces
3254 2858 3307 2912 in
3330 2873 3443 2923 vos,
3480 2870 3587 2911 ηοη
3614 2872 3838 2927 parcen.

531 2962 657 3003 cum
683 2944 1136 3000 convenissemus
1177 2940 1245 2996 ad
1291 2938 1651 3010 frangendum
1685 2952 1906 3009 pauent,
1940 2935 2137 2991 Paulus
2242 2962 2326 3010 res
2354 2953 2523 3024 gregi.
2554 2954 2619 3008 Ει
2651 2968 2720 3008 ex
2753 2953 2905 3009 vobis
2934 2954 3065 3023 ipsis
3096 2962 3399 3023 exsurge",
3427 2952 3527 3007 γετί
3558 2953 3841 3021 loquelam

534 3039 846 3111 disputabat
874 3052 996 3092 cum
1024 3033 1104 3090 eis
1129 3075 1144 3101 ,
1176 3032 1524 3104 profecturus
1550 3032 1604 3087 in
1639 3031 1933 3085 crastinum
1954 3072 1968 3098 ,
2011 3043 2138 3100 pro-
2245 3061 2523 3116 perversa,
2554 3056 2611 3099 υι
2638 3047 2913 3101 abducam
2953 3046 3249 3119 discipulos
3292 3057 3413 3116 post
3444 3059 3526 3100 se.
3562 3025 3845 3115 c‘p,.,,,,.,_.,.

535 3134 813 3204 traxitque
872 3143 1182 3186 sermonem
1242 3142 1413 3199 usque
1479 3125 1532 3181 in
1606 3124 1841 3181 mediam
1897 3134 2136 3181 noctem.
2244 3141 2387 3208 ηυεκι
2439 3140 2678 3210 vigilate,
2744 3141 3007 3197 memoria
3055 3141 3376 3206 τειίηθηιεε,
3441 3140 3698 3208 quoniam
3750 3155 3848 3207 ne,

539 3228 712 3284 Erant
759 3232 942 3279 autem
994 3221 1273 3291 lampades
1324 3218 1560 3290 copiosae
1601 3217 1656 3273 in
1705 3215 2016 3284 caenaculo,
2052 3214 2143 3270 ubi

2277 3231 2543 3287 riennium
2590 3241 2749 3288 nocte
2793 3242 2845 3288 et
2885 3233 2975 3288 die
3012 3248 3121 3288 non
3151 3233 3380 3296 cessavi,
3417 3249 3537 3285 cum
3591 3231 3848 3302 Iacrymis
3936 3228 3939 3229 ⁷

543 3334 763 3377 eramus
796 3316 1132 3387 congregati.
1182 3313 1391 3371 Sedens
1436 3319 1619 3367 autem
1667 3312 1886 3382 quidam
1933 3309 2148 3365 adoles-

2272 3334 2481 3383 nonens
2513 3340 2953 3395 unumquemque
2975 3334 3236 3381 vestrum.
3264 3326 3328 3380 Et
3358 3340 3502 3380 nunc
3521 3325 3848 3380 commendo

546 3429 678 3471 cens
727 3410 951 3467 nomine
980 3408 1260 3481 Eutychus
1298 3423 1462 3479 super
1495 3406 1811 3473 fenestram,
1849 3421 1970 3460 eum
2004 3420 2148 3460 tncr—
2251 3432 2348 3473 vos
2374 3417 2512 3483 Deo,
2541 3429 2593 3471 et
2623 3418 2789 3475 vei-ho
2808 3418 3000 3488 gratiae
3033 3418 3205 3488 ipsius
3225 3418 3317 3488 qui
3342 3428 3539 3489 potens
3564 3428 3647 3472 est
3679 3416 3847 3471 mam.

542 3516 762 3581 geretur
785 3520 975 3561 somno
1015 3504 1192 3575 gravi,
1250 3501 1562 3572 disputante
1606 3500 1699 3555 diu
1735 3497 1922 3565 Paulo,
1956 3498 2149 3554 ductus

549 3615 744 3660 somno
765 3598 965 3655 cecidit
992 3597 1063 3652 de
1090 3597 1249 3652 tertio
1274 3594 1557 3650 cmnaculo
1582 3593 1860 3659 deorsum,
1886 3602 1941 3648 et
1970 3594 2152 3648 subla-

552 3707 638 3753 tus
660 3704 743 3751 est
771 3701 1043 3749 mortuus.
1076 3690 1157 3745 Ad
1182 3704 1343 3761 quem
1373 3705 1494 3743 cum
1528 3686 1902 3743 descendisset
1930 3687 2150 3755 Paulus,

554 3787 804 3847 incubuit
833 3801 997 3858 super
1025 3799 1181 3841 eum:
1216 3782 1608 3853 etcomplexus
1633 3780 1805 3836 dixit:
1830 3779 2008 3836 Nolite
2035 3791 2145 3835 tur-

553 3884 693 3953 bari,
722 3882 903 3938 anima
932 3879 1076 3936 enim
1113 3876 1283 3949 ipsius
1329 3876 1384 3932 in
1425 3876 1545 3946 ipso
1577 3886 1680 3930 est.
1716 3873 2032 3930 Ascendens
2062 3891 2156 3931 att-

552 3989 686 4044 tem,
756 3977 1117 4045 frangensque
1182 3984 1417 4041 panem,
1484 3978 1539 4023 et
1600 3976 1863 4038 gustans,
1916 3972 2158 4039 satisque

562 4071 830 4126 allocutus
898 4081 1071 4138 usque
1146 4065 1198 4120 in
1266 4064 1489 4132 lucem,
1565 4063 1641 4118 sic
1705 4062 1985 4134 profectus
2052 4077 2155 4119 εει.

558 4160 922 4219 Adduxerunt
994 4164 1175 4212 autem
1237 4170 1462 4226 puerum
1499 4138 1844 4219 iviventeut,
1907 4166 1963 4208 et
2030 4171 2157 4209 (:tztt-

561 4253 723 4309 solati
772 4259 902 4306 sunt
956 4261 1062 4304 non
1097 4247 1339 4302 minime.
1388 4244 1501 4303 Nos
1562 4256 1744 4300 autem
1802 4248 2161 4301 ascendentes

568 4361 807 4411 navem,
869 4341 1244 4413 navigavimus
1305 4341 1358 4393 in
1411 4340 1590 4395 Asson
1620 4381 1635 4406 ,
1684 4339 1809 4394 inde
1859 4342 2161 4412 suscepturi

568 4443 795 4501 Paulum
831 4459 842 4494 :
873 4441 952 4495 sic
983 4439 1131 4494 enim
1163 4436 1515 4507 disposuerat
1546 4436 1664 4502 ipse
1703 4451 1799 4507 per
1831 4436 2026 4493 terrain
2064 4439 2166 4494 iter

570 4537 835 4594 facturus.
872 4532 1008 4589 Cum
1037 4540 1216 4587 autem
1249 4529 1599 4586 convenisset
1626 4546 1724 4585 nos
1752 4529 1805 4585 in
1841 4532 2040 4600 Asson,
2080 4548 2165 4603 as-

2253 3524 2402 3572 care,
2428 3520 2485 3566 et
2514 3509 2645 3565 dare
2683 3508 3059 3565 bacreditatem
3107 3510 3163 3565 in
3192 3509 3546 3565 sanctiticatis
3574 3510 3846 3564 omnibus.

2255 3604 2552 3673 Argentum
2587 3612 2641 3657 et
2681 3618 2897 3668 aurum,
2941 3609 3039 3656 aut
3068 3610 3274 3659 vestem
3309 3603 3512 3658 uulhus
3540 3602 3848 3672 concupivi,

2256 3697 2401 3751 sicut
2451 3695 2555 3766 ipsi
2603 3695 2784 3762 scitis;
2831 3696 3089 3765 quoniam
3135 3696 3202 3750 ad
3248 3709 3334 3759 ea,
3375 3709 3502 3766 qua:
3534 3695 3665 3749 mihi
3717 3710 3855 3764 opus

2258 3799 2441 3854 erant,
2470 3800 2527 3844 et
2559 3789 2642 3843 his
2660 3789 2749 3858 qui
2781 3805 2996 3845 mecum
3022 3800 3169 3859 sunt,
3205 3789 3856 3846 ministravcruntmanus

2262 3884 2399 3939 istm.
2430 3881 2629 3939 Omnia
2659 3882 2872 3938 ostendi
2907 3883 3096 3943 vobis,
3130 3883 3388 3953 quoniam
3416 3883 3497 3939 sic
3521 3882 3852 3952 laborantes,

2260 3986 2482 4048 Oportet
2501 3977 2782 4048 suscipere
2812 3976 3078 4043 inﬁrmos,
3111 3992 3173 4033 ac
3209 3978 3527 4034 meminisse
3568 3977 3719 4033 vorbi
3754 3978 3860 4032 Do-

2270 4071 2401 4126 mini
2449 4070 2599 4140 Jesu,
2650 4072 2905 4143 quoniam
2939 4073 3057 4141 ipse
3086 4071 3258 4126 dixit:
3294 4071 3513 4128 Beatius
3555 4080 3642 4127 est
3688 4072 3861 4143 magis

2263 4164 2414 4233 dare,
2447 4180 2607 4235 quam
2636 4165 2912 4234 accipere.
2964 4167 3028 4218 tit
3073 4181 3195 4219 cum
3239 4166 3355 4221 haec
3384 4165 3637 4232 dixisset,
3670 4165 3863 4235 positis

2263 4257 2495 4330 genibus
2516 4259 2630 4313 suis
2655 4258 2830 4315 oravit
2850 4275 2975 4314 cum
3009 4259 3263 4315 omnibus
3290 4259 3417 4314 illis.
3442 4258 3665 4330 Magnus
3679 4270 3860 4315 autem

2264 4350 2424 4408 ﬂetus
2476 4350 2652 4407 factus
2698 4359 2788 4406 est
2826 4353 3069 4407 omnium
3097 4370 3110 4404 :
3142 4362 3199 4408 et
3242 4352 3665 4421 procumbentes
3700 4366 3867 4422 super

2266 4444 2468 4500 collum
2493 4444 2645 4499 Pauli
2677 4444 3065 4499 osculabantur
3089 4459 3238 4514 eum,
3268 4444 3519 4501 dolentes
3547 4445 3781 4500 maxime
3812 4445 3867 4499 in

2270 4538 2462 4607 verbo,
2495 4538 2641 4610 quod
2692 4538 2928 4605 dixerat,
2982 4539 3242 4610 quoniam
3271 4539 3505 4609 amplius
3532 4538 3725 4619 faciem
3750 4538 3868 4609 ejus

554 4618 788 4702 ’sumpto
810 4644 899 4697 eo,
932 4627 1179 4683 venimus
1210 4623 1525 4696 Mitylenen.
1570 4623 1638 4678 Et
1668 4624 1794 4681 inde
1828 4628 2165 4697 navigantes,
2197 4620 2250 4682 D
2275 4646 2383 4686 non
2411 4642 2598 4686 essent
2625 4629 2816 4685 visuri.
2858 4630 2928 4685 Et
2956 4629 3297 4686 deducebant
3327 4647 3450 4685 eum
3482 4632 3549 4686 ad
3578 4618 3791 4687 navem.

570 4725 822 4797 sequenti
856 4722 945 4777 die
963 4722 1210 4776 venimus
1239 4726 1429 4773 contra
1457 4717 1679 4785 Chium,
1703 4729 1757 4774 et
1778 4720 1881 4775 alia
1907 4721 2170 4793 applicui-

571 4832 694 4873 mus
722 4816 966 4882 Samum,
995 4822 1046 4868 et
1072 4811 1316 4882 sequenti
1349 4810 1438 4866 die
1463 4814 1714 4867 venimus
1742 4813 2000 4869 Miletum.
2038 4815 2171 4872 Pro-

575 4913 830 4978 posuerat
870 4903 1013 4959 euim
1062 4901 1263 4956 Paulus
1310 4903 1719 4975 transnavigarc
1761 4904 2053 4976 Ephesum,
2108 4924 2174 4964 ne

578 5016 683 5072 qua
714 5012 862 5053 mora
888 4995 967 5051 illi
998 4993 1151 5050 ﬁeret
1180 4994 1231 5048 in
1266 4994 1413 5049 Asia.
1444 4993 1760 5052 Festinabat
1780 5000 1945 5064 enim,
1980 5002 2024 5055 si
2057 5016 2180 5071 pos-

577 5095 741 5152 sibile
759 5091 859 5148 sibi
888 5098 1054 5156 esset,
1091 5099 1147 5144 ut
1176 5088 1319 5144 diem
1357 5088 1710 5146 Peutccostes
1732 5091 1933 5149 faceret
1953 5094 2171 5151 Jeroso-

578 5189 761 5261 ιγιηίε,
798 5188 838 5239 Α
882 5183 1063 5239 Mileto
1104 5188 1288 5237 autem
1342 5183 1565 5238 mittens
1617 5182 1916 5253 Ephesum,
1969 5188 2178 5244 vocavit

580 5281 821 5352 majores
856 5284 986 5333 natu
1023 5274 1289 5332 ecclesiae.
1325 5274 1424 5343 Qui
1458 5290 1580 5331 cum
1613 5281 1891 5334 venissent
1918 5279 1983 5336 ad
2012 5296 2135 5338 eum
2160 5325 2177 5352 ,

656 5468 679 5496 ι
705 5459 877 5513 Aliter
894 5454 954 5511 S.
981 5455 1095 5525 ipse
1123 5453 1284 5509 Pater
1307 5453 1361 5509 in
1389 5454 1549 5510 modo
1574 5456 1790 5515 laudata
1822 5460 2171 5521 Praefatione:

581 5529 711 5587 nihil
754 5526 1115 5606 subtraxerit»,
1141 5540 1340 5591 eorum,
1382 5542 1498 5606 qua;
1539 5528 2005 5606 vobis‘prodemnt,
2052 5537 2177 5606 quin

579 5600 963 5671 aununtiaretn,
995 5606 1041 5652 et
1082 5596 1548 5671 docerem_pubtice
1571 5610 1619 5655 et
1650 5596 1951 5671 doittestice,
1976 5596 2045 5662 ex
2064 5596 2177 5663 'Ve—

584 5683 728 5738 tere,
758 5681 815 5725 ut
845 5669 1077 5735 videtur,
1102 5667 1291 5723 Latina
1316 5667 1583 5726 Editione.

658 5744 688 5784 ιι
720 5742 867 5816 [dem
892 5749 1054 5816 atque
1084 5738 1280 5816 eodem
1311 5738 1429 5816 loco
1460 5757 1473 5796 :
1504 5739 1727 5813 Propter
1753 5746 1892 5816 quod
1916 5760 2177 5806 contestor

584 5832 671 5872 vos
703 5816 756 5869 in
783 5814 866 5869 die
888 5810 1009 5880 hac,
1041 5812 1164 5883 quia
1193 5809 1417 5866 muttdus
1441 5827 1557 5868 sum
1588 5809 1679 5888 ego
1707 5832 1741 5873 α
1765 5809 2037 5892 "sanguine
2066 5838 2176 5879 om.

2347 4720 2498 4795 [ϐαρ.
2528 4720 2696 4792 ΧΧΙ.]
2727 4721 2861 4778 Cum
2902 4733 3084 4778 autem
3116 4722 3319 4779 faetum
3348 4731 3528 4789 esset,
3565 4736 3620 4777 ut
3653 4724 3873 4794 naviga-
3961 4729 3977 4741 ’

2276 4831 2459 4871 remus
2496 4815 2753 4871 abstracti
2786 4816 2853 4872 ab
2877 4817 2987 4885 eis,
3032 4826 3183 4873 recto
3210 4833 3374 4873 cursu
3407 4817 3650 4874 venimus
3674 4817 3867 4885 Coum,

2277 4922 2332 4966 et
2359 4911 2605 4979 sequenti
2646 4910 2737 4966 die
2777 4910 3050 4975 Rhodum,
3080 4921 3139 4967 et
3168 4911 3294 4968 inde
3337 4912 3607 4968 Pataram.
3643 4913 3710 4968 Et
3747 4927 3873 4969 cum

2280 5002 2677 5057 invenissemus
2708 5017 2900 5058 navem
2944 5002 3388 5060 transfretantem
3435 5004 3487 5059 in
3535 5005 3873 5071 Phoenicem,

2280 5095 2643 5151 ascendentes
2681 5095 3075 5166 navigavimus.
3126 5096 3261 5151 Cum
3292 5099 3740 5167 apparuissemus
3778 5115 3879 5154 au-

2280 5197 2389 5245 tem
2417 5190 2630 5261 Cypro,
2666 5188 3038 5259 relinquentes
3069 5204 3189 5244 eam
3223 5189 3292 5244 ad
3318 5191 3617 5257 sinistram,
3654 5194 3881 5264 naviga-

2283 5285 2458 5339 vimus
2480 5282 2529 5337 in
2561 5282 2799 5353 Syriam,
2831 5289 2888 5338 et
2932 5282 3180 5339 venimus
3211 5283 3416 5356 Tyrum
3443 5304 3456 5340 :
3504 5286 3577 5342 ibi
3607 5287 3752 5343 enim
3782 5304 3883 5344 na-

2280 5466 2441 5539 uium.
2485 5463 2608 5519 Non
2651 5464 2786 5539 enim
2813 5466 3049 5539 subtrqxt'
3085 5472 3361 5539 quominus
3399 5477 3761 5532 annuutiarem
3793 5496 3887 5534 oo-

2279 5536 2356 5592 bis
2379 5553 2578 5591 omnem
2607 5535 2923 5591 voluntatem
2953 5537 3070 5605 Dei,
3087 5535 3193 5597 etc.

2354 5619 2376 5648 ο
2408 5606 2583 5688 Atque
2609 5607 2741 5688 _lta:c_
2765 5608 2908 5664 idem
2945 5626 2961 5665 :
2996 5609 3329 5688 Quapropter
3367 5616 3574 5688 t'igilate
3601 5624 3891 5679 recordan-

2280 5688 2372 5760 tes,
2404 5683 2528 5750 quia
2555 5681 2773 5765 triennio
2799 5690 2953 5765 nocte
2988 5699 3048 5737 ac
3072 5683 3164 5765 ldie
3192 5681 3299 5765 rion
3335 5681 3527 5765 cessavi
3565 5708 3683 5745 cum
3718 5696 3891 5765 lacry-

2280 5750 2380 5834 mi_s_
2397 5766 2632 5834 monere,
2667 5761 2771 5834 etc.
2799 5750 2957 5834 Tum,
2974 5755 3140 5834 uerbo.
3151 5760 3340 5834 gratim
3356 5761 3469 5831 ejus
3493 5765 3584 5833 qui
3602 5774 3783 5834 potens
3809 5750 3891 5821 est

2279 5820 2565 5892 aediﬁcare,
2588 5820 2634 5878 ct
2657 5822 2780 5882 dare
2802 5821 2941 5881 vobis
2965 5820 3340 5886 hereditatem.
