4166 6336
397 314 500 370 Ήτ

1499 320 1557 372 Ll
1571 319 1699 372 BER
1746 323 1780 370 Α
1792 317 1920 374 CTU
1933 318 2020 372 υλι
2067 321 2101 370 Α
2116 319 2327 374 [’05th
2340 317 2517 373 LORU
2529 320 2594 374 Μ.

3587 319 3690 373 7l8

397 434 481 486 vis
515 431 827 502 expositura
859 443 980 489 eral
1005 448 1162 489 onus.
1195 434 1432 488 Inventis
1473 445 1653 488 autem
1683 435 1984 504 diSi-ipnlis,
2024 436 2066 496 A
2099 436 2182 489 hic
2216 447 2292 490 cst
2341 436 2524 501 Immo,
2556 438 2645 507 qui
2691 438 2951 492 adversus
2993 437 3271 505 populum,
3315 445 3369 490 et
3412 437 3608 505 legem,
3639 448 3692 492 et

396 529 696 581 mansimn:
747 527 820 580 ibi
870 526 1058 581 diebus
1106 537 1357 597 septem:
1407 528 1497 599 qui
1528 529 1692 582 Paulo
1739 529 1993 583 dicebant

397 635 495 690 per
528 620 788 689 Spiritum
819 635 885 676 ne
915 619 1235 675 ascenderet
1264 619 1684 692 .lerosolymam.
1714 621 1780 674 Et
1809 620 1991 690 exple-

398 714 468 769 tis
500 713 696 768 diebus
727 712 952 784 profeCIi
1004 714 1232 778 ibamus,
1263 714 1654 768 deducentibus
1683 729 1782 767 nos
1813 714 1990 766 omni-

397 807 497 863 bus
521 823 639 861 cum
665 807 924 862 uxoribus
964 816 1012 859 el
1050 805 1173 860 li'iis
1206 821 1374 875 usque
1417 806 1565 861 foras
1593 807 1893 874 civitatem,
1938 816 1993 862 et

399 901 594 971 positis
623 899 849 971 genibus
877 902 929 956 in
965 901 1168 963 littore,
1203 902 1498 958 oravimus.
1531 901 1593 956 Et
1629 917 1752 957 cum
1788 902 1993 958 valefe-

401 995 666 1049 cissemus
715 995 970 1062 invicem,
1023 997 1368 1051 ascendimus
1416 1013 1608 1054 navem
1647 1016 1658 1051 :
1691 998 1764 1053 illi
1815 1009 1990 1054 autem

399 1089 678 1142 redierunt
709 1089 761 1142 in
805 1103 924 1144 sna.
967 1089 1076 1144 Nos
1113 1106 1242 1147 vero
1292 1092 1636 1163 navigatione
1682 1093 1928 1162 expleta,
1963 1109 1992 1147 a

398 1183 545 1254 Tyro
574 1184 957 1239 descendimus
987 1185 1378 1241 Ptolemaidam
1413 1207 1422 1240 :
1455 1198 1508 1242 et
1533 1187 1780 1242 salutatis
1812 1187 1997 1241 fratri-

398 1275 518 1341 bus,
560 1279 858 1332 mansimus
886 1278 978 1333 die
1024 1294 1126 1333 una
1160 1280 1300 1348 apud
1334 1281 1477 1335 illos.
1533 1283 1648 1335 Alia
1697 1291 1875 1336 autem
1905 1281 1994 1336 die

399 1366 654 1436 profemi,
709 1369 956 1422 venimus
985 1368 1312 1425 Caesaream.
1359 1373 1424 1426 Et
1471 1375 1734 1428 intrantes
1774 1372 1992 1427 domum

395 1455 631 1529 Philippi
687 1462 1058 1531 evangelistie,
1117 1465 1210 1534 qui
1263 1476 1380 1521 erat
1428 1481 1567 1521 unus
1617 1465 1685 1522 de
1743 1475 1993 1535 septem,

396 1556 701 1611 mansimus
738 1557 806 1611 ad
842 1575 988 1613 eum.
1025 1559 1158 1616 Huic
1198 1570 1377 1615 autem
1408 1571 1562 1616 erant
1591 1572 1823 1632 quatuor
1872 1563 1996 1617 lilia:

397 1646 637 1718 virgines
670 1649 1081 1720 prophetantes.
1117 1653 1183 1706 Et
1211 1669 1332 1709 eum
1372 1671 1709 1708 moraremur
1748 1669 1844 1723 per
1881 1653 1996 1708 dies

395 1741 624 1812 aliquot,
658 1746 1214 1815 supervenitquidam
1247 1763 1274 1800 a
1323 1746 1507 1801 Judtea
1554 1747 1852 1818 propheta,
1901 1762 1996 1800 no-

2098 531 2273 585 locum
2307 533 2472 596 hunc,
2504 546 2697 586 omnes
2727 531 2924 601 ubique
2953 530 3188 597 docens,
3220 531 3438 600 insuper
3468 541 3523 586 et
3561 549 3689 600 gen.

2097 627 2220 682 tiles
2269 626 2481 680 induxit
2533 627 2585 680 io
2628 627 2911 696 templum,
2964 634 3018 680 et
3056 625 3553 678 vialavitsanctum
3613 626 3691 677 lo-

2095 732 2216 772 cum
2274 718 2456 772 istum.
2512 717 2769 773 Viderant
2817 718 2958 772 enim
2994 716 3348 785 Trophimttm
3395 715 3688 785 Ephesium

2095 809 2148 863 in
2182 810 2396 864 civitate
2435 826 2554 864 cmn
2610 810 2750 878 ipso,
2785 824 2941 876 quem
2994 809 3405 862 testimaverunt
3436 807 3690 876 quoniam

2097 904 2148 956 in
2184 901 2442 973 templum
2485 901 2876 958 introduxisset
2928 902 3147 956 Paulus.
3181 901 3568 970 (Iainmotaque
3608 914 3694 956 est.

2095 997 2286 1052 civitas
2312 1006 2444 1061 tota,
2479 1008 2530 1051 et
2565 996 2705 1051 facta
2737 1000 2820 1051 est
2847 996 3136 1050 concursio
3165 995 3371 1065 pepuli.
3403 994 3472 1048 Et
3499 1009 3694 1064 appre-

2098 1091 2402 1147 hendentes
2445 1092 2700 1157 Paulum,
2736 1091 3024 1147 trahebant
3049 1107 3170 1146 eum
3203 1101 3358 1146 extra
3388 1090 3646 1159 templum
3676 1107 3687 1141 :

2097 1195 2150 1239 et
2177 1185 2361 1238 statim
2380 1186 2578 1240 clausae
2602 1194 2727 1240 sunt
2743 1185 2946 1255 janum.
2966 1186 3343 1252 Qnterentibus
3361 1195 3541 1238 autem
3564 1199 3686 1237 eum

2099 1279 2370 1344 occidere,
2399 1280 2699 1333 ntmtiatnm
2725 1289 2810 1334 est
2851 1279 3065 1332 tribuno
3096 1277 3340 1333 cohortis
3371 1295 3381 1328 :
3415 1277 3547 1342 Quia
3583 1283 3690 1330 tota

2099 1370 2448 1425 confunditur
2485 1371 2809 1426 Jeru‘alem.
2837 1371 2936 1439 Qui
2966 1371 3146 1426 statim
3181 1371 3472 1438 assumptis
3504 1367 3692 1422 militi-

2102 1463 2201 1517 bus
2232 1475 2282 1517 et
2306 1464 2717 1520 centurionibus
2745 1507 2758 1529 ,
2796 1464 3039 1519 decurrit
3067 1465 3134 1518 ad
3169 1449 3311 1518 illos.
3337 1462 3437 1529 Qui
3469 1460 3692 1516 cumvi-

2101 1555 2308 1611 dissent
2363 1555 2634 1610 tribunum
2671 1565 2725 1611 et
2769 1555 2998 1624 milites,
3027 1563 3384 1612 cessaverunt
3415 1561 3696 1622 perculere

2105 1648 2347 1702 l’aulnm.
2390 1647 2541 1702 Tunc
2572 1649 2838 1704 accedens
2879 1648 3124 1703 tribunus
3164 1645 3691 1718 apprehenditemn,

2101 1749 2156 1794 et
2195 1740 2356 1810 Ῑιιμείι
2396 1756 2518 1795 eum
2549 1741 2753 1810 alligari
2782 1741 2990 1795 catenis
3018 1739 3228 1794 duabus
3257 1756 3270 1792 :
3300 1747 3355 1794 et
3396 1739 3697 1805 interroga-

398 1835 547 1891 Inine
575 1835 813 1906 Agabus.
844 1837 890 1892 Is
920 1852 1039 1891 cum
1082 1840 1318 1894 venisset
1350 1839 1413 1893 ad
1451 1855 1547 1893 nos
1571 1882 1583 1902 ,
1632 1840 1753 1893 tulit
1801 1855 1992 1894 zonam
2031 1827 2072 1885 Β
2103 1831 2726 1900 hatquisesset,etquid
2749 1831 2987 1886 fecisset.
3009 1833 3111 1885 Alii
3134 1842 3314 1886 autem
3331 1829 3474 1884 aliud
3495 1830 3696 1882 clama—

399 1927 550 1983 Pauli
586 1946 598 1983 :
630 1929 933 2000 ctalligans
959 1931 1057 1984 sibi
1091 1931 1253 2000 laedes
1294 1941 1348 1985 et
1391 1946 1609 1996 manus,
1655 1931 1789 1984 dixit
1824 1948 1838 1982 :
1874 1931 1997 1984 lltee

397 2020 528 2077 dicit
557 2023 790 2092 Spiritus
818 2036 1032 2079 sanctus
1063 2042 1075 2078 :
1109 2027 1293 2082 Virum
1320 2069 1333 2091 ,
1373 2025 1536 2096 'Cujus
1566 2035 1650 2080 est
1680 2042 1812 2080 zona
1859 2026 1994 2092 hinc,

400 2115 479 2171 sic
507 2116 806 2185 alligabunt
836 2120 889 2172 in
919 2118 1218 2174 Jerusalem
1247 2120 1442 2184 Judaei,
1472 2131 1524 2174 et
1552 2120 1762 2174 tradent
1795 2120 1846 2174 in
1882 2135 1996 2173 ma-

402 2225 502 2266 nus
524 2213 786 2281 gentium.
821 2213 973 2278 Quod
999 2228 1122 2268 cum
1147 2213 1510 2280 audissemus,
1533 2215 1860 2282 rogaimllllls
1877 2228 1996 2276 nos,

402 2315 454 2362 et
484 2307 575 2375 qui
610 2307 711 2361 loci
743 2307 884 2361 illius
919 2318 1094 2375 erant,
1124 2325 1190 2362 ne
1219 2308 1539 2364 ascenderet
1567 2309 1998 2378 .lerosolymam:

406 2400 868 2469 Tunc-respondit
897 2402 1111 2466 Paulus,
1147 2413 1199 2456 et
1228 2402 1360 2456 dixit
1389 2421 1398 2454 :
1429 2401 1570 2470 Quid
1593 2401 1768 2456 facitis
1785 2402 1998 2466 flentes,

407 2502 462 2547 et
487 2471 795 2563 affligentes
824 2510 921 2548 eor
949 2495 1162 2548 meum?
1197 2495 1310 2563 Ego
1337 2495 1478 2548 enim
1529 2509 1636 2548 non
1669 2493 1843 2548 solum
1884 2493 2004 2546 alli-

406 2586 542 2658 gari,
573 2587 670 2640 sed
704 2597 760 2641 et.
785 2587 920 2641 mori
947 2589 994 2639 in
1021 2587 1321 2641 Jerusalem
1352 2597 1574 2657 paratus
1611 2601 1753 2648 sum,
1781 2595 2003 2654 propter

409 2694 607 2734 nomen
642 2679 856 2733 Domini
889 2680 1036 2733 J03".
1073 2681 1131 2733 Et
1164 2697 1283 2733 cum
1316 2680 1364 2734 ei
1395 2679 1628 2734 suadere
1663 2694 1766 2732 non
1817 2693 2004 2748 posse-

410 2789 554 2832 tnus,
588 2773 926 2841 quievimus,
977 2772 1220 2827 dientes
1268 2786 1281 2825 :
1337 2771 1549 2824 Domini
1609 2771 1860 2824 voluntas
1892 2770 2000 2822 fiat.

409 2863 539 2920 Post
580 2865 697 2919 dics
744 2874 922 2918 autent
952 2865 1088 2919 istos
1131 2866 1418 2935 praeparati
1448 2907 1460 2930 ,
1492 2863 1920 2918 ascendebamus
1952 2862 2004 2915 in

407 2957 730 3014 Jerusalem.
769 2959 1047 3014 Venerunt
1067 2970 1246 3013 autem
1279 2970 1331 3013 et
1363 2977 1426 3013 ex
1456 2959 1734 3028 discipulis
1763 2973 1792 3012 a
1820 2957 2003 3013 Caesa-

410 3067 499 3108 rea
535 3054 838 3116 nobiscum,
879 3053 1214 3110 adducentes
1245 3069 1427 3110 secum
1465 3056 1600 3123 apud
1635 3069 1796 3124 quem
1821 3051 2007 3122 hospi-

413 3157 673 3213 taremur,
702 3149 1016 3204 Muasonem
1055 3150 1339 3219 quemdam
1388 3147 1672 3220 Cyprium,
1726 3149 2002 3218 antiquum

2107 1927 2233 1981 bant
2265 1926 2315 1979 in
2343 1927 2516 1980 turba.
2545 1926 2606 1980 Et
2637 1941 2756 1980 cum
2792 1940 2896 1980 non
2925 1934 3106 1995 posset
3131 1933 3336 1979 certum
3368 1937 3698 1991 Cognoscere

2107 2035 2215 2086 prte
2241 2019 2492 2086 tumultu,
2522 2020 2685 2088 jussit
2726 2019 2848 2073 duci
2880 2035 3002 2074 cum
3038 2019 3090 2073 in
3122 2030 3319 2074 castra.
3361 2018 3574 2071 Etcum
3611 2032 3700 2070 ve-

2107 2112 2272 2167 nisset
2297 2112 2362 2165 ad
2393 2113 2612 2181 gradus,
2670 2112 2895 2181 contigit
2927 2120 2984 2166 ut
3029 2120 3334 2180 portaretur
3363 2125 3391 2163 a
3439 2109 3699 2163 militibus

2106 2217 2325 2277 propter
2355 2207 2461 2260 vim
2492 2206 2693 2276 p0puli.
2736 2207 3076 2276 Sequebatur
3103 2209 3246 2261 enim
3287 2204 3578 2259 tuultitudo
3611 2221 3700 2272 po-

2107 2300 2239 2369 puli.
2269 2301 2509 2353 clamans
2543 2317 2555 2352 :
2583 2299 2736 2354 Tolle
2753 2299 2983 2354 eum.Et
3009 2314 3131 2353 cum
3151 2301 3410 2369 cmpissct
3439 2301 3614 2353 induci
3652 2301 3702 2351 in

2109 2392 2651 2453 eastraPanlus.dicit
2685 2393 3005 2447 tribuno:Ss
3039 2394 3308 2446 Iicetmilii
3331 2394 3472 2462 loqui
3501 2393 3702 2463 aliquid

2108 2484 2176 2537 ad
2216 2484 2300 2537 te?
2330 2484 2427 2551 Qui
2462 2485 2598 2539 dixit
2630 2503 2640 2537 :
2673 2484 2862 2540 Grtnce
2894 2485 3075 2540 nosti?
3107 2485 3294 2540 Noone
3325 2496 3376 2540 tu
3411 2501 3471 2541 es
3504 2486 3707 2556 (Egyp-

2111 2577 2236 2642 tius,
2255 2577 2343 2640 qui
2376 2575 2614 2631 antehos
2629 2575 2748 2631 dies
2765 2577 3050 2631 tumultutu
3073 2578 3447 2642 concitasti,et
3471 2578 3706 2632 eduxisti

2112 2668 2162 2722 itt
2205 2669 2478 2724 desertum
2511 2680 2744 2740 quatuor
2777 2671 2942 2724 millia
2972 2673 3210 2725 virorum
3239 2673 3558 2726 SiCill'lOI'lllll
3590 2673 3613 2726 ?
3646 2676 3707 2726 lit

2110 2760 2249 2813 dixit.
2289 2763 2354 2814 ad
2402 2779 2524 2816 eutn
2577 2762 2772 2817 Paulus
2808 2807 2811 2811 .
2867 2763 2976 2832 Ego
3011 2763 3173 2816 homo
3214 2779 3332 2817 sum
3371 2764 3589 2832 quidem
3619 2764 3708 2818 Ju-

2109 2852 2260 2906 dtCllS
2287 2869 2314 2906 a
2340 2853 2510 2908 Tarso
2535 2853 2761 2920 Ciliciae,
2789 2869 2893 2909 non
2919 2856 3114 2926 ignotre
3145 2856 3381 2909 civitatis
3406 2857 3706 2925 municeps.

2110 2943 2262 3014 Rogo
2308 2956 2490 2999 autem
2535 2955 2618 3012 te,
2651 2946 2905 3015 permitte
2953 2948 3080 3000 mihi
3119 2947 3264 3016 loqui
3317 2947 3381 3002 ad
3430 2951 3707 3018 pepulnm.

2111 3038 2179 3092 Et
2210 3055 2330 3092 cum
2374 3040 2466 3095 ille
2497 3040 2871 3109 permisisset,
2917 3041 3116 3095 l’aulus
3149 3050 3303 3094 stans
3342 3042 3394 3095 in
3433 3044 3707 3112 gradibus,

2111 3134 2303 3188 annuit
2351 3149 2512 3187 manu
2554 3132 2620 3187 ad
2666 3133 2916 3203 plebem:
2962 3145 3015 3188 ct
3061 3149 3254 3204 magno
3287 3135 3508 3189 silentio
3550 3135 3709 3196 fat-to.

409 3242 748 3314 discipulum.
778 3243 846 3296 Et
875 3262 996 3296 cxzm
1026 3244 1362 3298 venissemus
1391 3243 1811 3314 Jerosolymam,
1833 3242 2004 3296 liben-

2114 3229 2386 3284 allocutus
2411 3239 2491 3283 est
2520 3229 2695 3298 lingua
2723 3227 2974 3293 Hebraea,
3008 3227 3198 3283 dicens
3232 3245 3244 3280 :

408 3342 487 3389 ter
516 3344 856 3405 exceperunt
877 3351 972 3390 nos
995 3335 1488 3405 fratres.Seqnenti
1521 3348 1699 3389 autem
1724 3334 1812 3388 die
1837 3332 2008 3387 intro-

407 3427 519 3486 ibat
541 3430 740 3484 Paulus
766 3431 1043 3484 nobisemn
1077 3429 1140 3483 ad
1167 3428 1448 3491 Iacobum,
1468 3440 1768 3497 omnesque
1792 3424 2004 3480 colleeti

409 3532 538 3578 sunt
565 3524 830 3578 seniores.
865 3524 1009 3591 Quos
1033 3539 1152 3574 cum
1177 3523 1484 3588 salutasset,
1516 3521 1772 3575 narrabat
1794 3534 1886 3586 per
1899 3521 2010 3572 sin-

409 3615 557 3684 gula,
593 3631 713 3684 qua:
743 3616 882 3670 Deus
919 3615 1136 3669 fecisset
1169 3615 1218 3668 in
1250 3614 1500 3685 gentibus
1531 3628 1625 3682 per
1649 3611 2004 3665 ministerium

410 3706 604 3777 ipsius.
644 3709 809 3763 Atilii
840 3724 960 3762 cum
987 3708 1296 3776 audissent,
1338 3707 1756 3776 magnillcabant
1807 3706 2003 3768 Deum,

409 3801 772 3872 dixeruntque
801 3803 848 3857 ei
885 3822 894 3854 ε
935 3803 1130 3869 Vides,
1165 3803 1350 3870 frater,
1385 3811 1514 3871 quot
1558 3801 1727 3854 millia
1777 3807 1902 3853 sunt
1953 3798 2006 3852 in

409 3894 633 3960 Judaeis,
667 3896 754 3965 qui
786 3895 1166 3962 crediderunt,
1211 3905 1265 3950 et
1293 3911 1482 3949 omnes
1511 3896 1858 3948 :eninlatores
1881 3901 2008 3946 sunt

411 3985 569 4057 legis.
605 3988 1101 4044 Audiet-nntautem
1136 3989 1204 4044 de
1237 3997 1313 4054 te,
1346 3988 1471 4058 quia
1495 3988 1887 4042 discessionem
1919 3985 2011 4042 do-

412 4094 536 4136 ceas
569 4098 597 4132 a
624 4079 807 4152 Moyse
827 4081 1141 4152 corum,qui
1168 4097 1263 4152 per
1289 4089 1476 4152 gentes
1500 4081 2004 4149 sunt,Jud.eornm:

411 4172 598 4228 dicens
621 4188 724 4227 nou
746 4174 944 4228 debere
973 4189 1066 4230 eos
1093 4174 1485 4230 circumcidere
1505 4175 1641 4228 filios
1665 4189 1812 4237 suos,
1836 4187 2010 4243 neque

411 4265 714 4322 secundum
746 4269 1193 4322 consuetudinem
1248 4269 1475 4337 ingredi.
1531 4268 1669 4336 Quid
1729 4283 1859 4338 ergo
1891 4269 2009 4322 est?

413 4359 601 4426 utique
655 4369 871 4429 oportet
917 4361 1212 4414 convenire
1271 4361 1675 4415 multitudinem
1720 4377 1732 4413 :
1787 4360 2012 4415 audient

412 4453 557 4505 enim
585 4462 638 4505 te
665 4453 1065 4522 Supervenisse.
1103 4454 1217 4508 Hoc
1248 4468 1379 4524 ergo
1413 4452 1494 4508 fac
1539 4453 1683 4522 quod
1731 4454 1824 4508 tibi
1875 4453 2011 4506 diri-

412 4559 535 4598 mus
561 4563 574 4597 :
607 4545 746 4600 Sunt
773 4546 925 4600 nob's
949 4547 1049 4600 viri
1071 4556 1326 4616 quatuor,
1345 4555 1526 4600 votum
1553 4545 1822 4600 habentes
1849 4561 2012 4615 super

412 4651 495 4693 se.
523 4637 622 4692 His
645 4641 960 4707 assumptis,
987 4639 1264 4693 sanctifica
1290 4648 1342 4694 te
1364 4655 1483 4692 cum
1519 4639 1654 4692 illis:
1683 4647 1736 4692 et
1759 4638 2011 4707 impende

413 4730 467 4786 in
494 4731 626 4797 illis,
662 4740 721 4785 ut
746 4732 936 4787 radant
961 4733 1136 4803 capita
1173 4751 1184 4786 :
1218 4742 1271 4788 et
1311 4734 1482 4787 scient
1515 4747 1708 4785 omnes
1738 4732 1859 4800 quia
1891 4747 2011 4799 quae

414 4824 482 4880 de
505 4834 557 4880 te
588 4825 901 4894 audierunt,
931 4827 1062 4882 falsa
1091 4837 1239 4894 sunt,
1271 4826 1363 4882 sed
1396 4827 1640 4881 ambulas
1682 4836 1735 4880 et
1771 4826 1884 4894 ipse
1913 4839 2008 4878 cu-

414 4918 657 4972 stodiens
709 4920 903 4988 legem.
980 4920 1056 4974 De
1085 4919 1168 4974 his
1227 4930 1404 4974 autem
1439 4962 1454 4985 ,
1522 4919 1610 4987 qui
1659 4917 2012 4973 crediderunt

418 5024 481 5063 cx
509 5011 760 5080 gentibus
785 5056 798 5077 ,
844 5027 942 5066 nos
990 5013 1310 5082 scripsimus
1334 5055 1347 5078 ,
1373 5013 1710 5082 iudicantes,
1743 5021 1800 5064 ut
1841 5011 2011 5066 absti-

420 5111 585 5156 neant
637 5116 694 5157 se
761 5103 829 5157 ab
888 5103 1070 5169 idolis,
1131 5105 1449 5171 immolato,
1505 5118 1556 5161 et
1608 5105 1900 5176 sanguine,
1958 5113 2014 5160 et

417 5195 734 5260 suffocato,
810 5205 864 5250 et
925 5197 1301 5253 fornicatione.
1388 5199 1537 5253 Tunc
1595 5198 1840 5265 Paulus,
1930 5213 2014 5252 as-

419 5289 648 5355 sumptis
681 5288 829 5351 viris,
863 5301 1073 5357 postera
1108 5290 1194 5345 die
1227 5291 1537 5358 purificatus
1559 5306 1682 5346 cmn
1716 5289 1822 5345 illis
1851 5291 2017 5344 intra-

423 5380 496 5434 vit
523 5379 576 5434 in
607 5381 896 5451 templum,
929 5385 1253 5438 annuntians
1283 5384 1645 5454 expleliunem
1678 5384 1883 5439 dierum
1920 5398 2015 5454 pu-

421 5474 763 5543 rificationis,
806 5477 978 5533 donec
1019 5479 1302 5534 ollerretur
1332 5495 1430 5549 pro
1462 5495 1786 5550 unoquoque
1823 5493 2013 5534 eorum

424 5567 646 5621 oblatio.
698 5569 833 5623 Dum
871 5580 1049 5626 autem
1085 5581 1288 5641 septem
1324 5576 1438 5627 dies
1479 5583 2014 5637 consummarentur,

425 5657 477 5711 lti
505 5659 597 5728 qui
637 5659 707 5715 de
753 5660 875 5715 Asia
907 5672 1064 5717 erant
1109 5661 1304 5730 Judaei,
1343 5679 1464 5719 cum
1511 5665 1765 5720 vidissi-nt
1799 5680 1920 5720 eum
1967 5666 2019 5719 in

429 5752 651 5820 templo,
691 5754 1104 5810 concitaverunt
1150 5770 1362 5810 omnem
1409 5759 1682 5826 pupulum,
1717 5769 1768 5812 ct
1819 5760 2020 5828 injece-

426 5855 551 5900 runt
576 5845 627 5900 ei
660 5863 870 5914 manus,
905 5849 1201 5906 clamantes
1237 5868 1248 5903 :
1285 5850 1392 5906 νὶιὶ
1425 5851 1703 5914 l~raelit:e,
1729 5852 1980 5921 adiuvate
2011 5870 2022 5907 :

2187 3321 2336 3393 [ϐαρ.
2382 3320 2571 3391 XXII._|
2610 3320 2718 3374 Viri
2771 3320 2969 3375 fratres
2999 3330 3054 3376 et
3077 3329 3281 3391 patres,
3319 3322 3504 3376 audite
3553 3337 3710 3392 quam

2111 3415 2179 3468 ad
2222 3430 2317 3468 Vos
2363 3430 2509 3469 nunc
2561 3414 2731 3470 reddo
2771 3415 3063 3469 rationem.
3103 3416 3235 3470 Cum
3287 3417 3566 3472 audis:ent
3620 3433 3711 3470 au-

2115 3517 2223 3562 tem
2294 3508 2415 3576 quia
2481 3507 2704 3562 llebra-a
2776 3507 2957 3576 lingua
3027 3510 3342 3576 loqueretur
3407 3508 3474 3562 ad
3547 3509 3710 3573 illos,

2119 3601 2291 3670 magis
2331 3600 2699 3670 pra-stiterunt
2738 3599 3036 3656 silentium.
3083 3601 3148 3655 Et
3185 3601 3313 3662 dicit
3364 3619 3374 3654 :
3434 3601 3547 3672 Ego
3593 3617 3710 3655 sum

2113 3694 2196 3747 vir
2233 3693 2455 3748 Judzeus
2487 3736 2500 3756 ,
2549 3703 2705 3748 natus
2743 3693 2795 3748 in
2829 3694 2998 3748 Tarso
3048 3693 3247 3748 Cilicia:
3276 3737 3289 3759 ,
3335 3699 3569 3748 nutritus
3620 3711 3712 3748 au-

2116 3801 2220 3844 tem
2266 3789 2316 3841 in
2379 3788 2479 3842 ista
2517 3787 2774 3853 civitate,
2827 3801 2986 3841 secus
3043 3785 3209 3854 pedes
3271 3786 3532 3841 Gamaliel
3587 3802 3710 3840 eru-

2112 3883 2259 3938 ditus
2311 3882 2461 3952 juxta
2522 3883 2806 3937 veritatem
2879 3891 3118 3952 paternae
3176 3881 3356 3950 legis,
3430 3883 3714 3935 :emulator

2114 3974 2250 4044 legis
2278 4018 2291 4041 ,
2328 3976 2467 4029 sicut
2509 3982 2563 4028 et
2602 3989 2697 4028 vos
2747 3987 2936 4028 omnes
2988 3975 3118 4029 estis
3168 3973 3329 4028 hodie
3373 3990 3385 4027 :
3430 3974 3521 4044 qui
3574 3973 3711 4029 hanc

2116 4070 2258 4123 viam
2290 4078 2614 4138 persecutus
2642 4082 2760 4121 sum
2792 4082 2960 4137 usque
3001 4066 3066 4121 ad
3115 4078 3368 4133 mortem,
3403 4067 3629 4136 alligans
3659 4079 3713 4122 et

2115 4161 2337 4215 lradcus
2368 4162 2418 4212 in
2447 4159 2727 4214 custodias
2754 4162 2902 4212 viros
2949 4172 3012 4212 ac
3044 4157 3325 4222 mulieres,
3370 4157 3513 4212 sicut
3558 4159 3702 4226 prin~

2117 4271 2243 4326 ccps
2274 4255 2621 4310 Sacerdotum
2655 4254 2784 4308 mihi
2821 4252 3193 4309 testimonium
3219 4251 3417 4317 reddit,
3438 4259 3492 4305 et
3524 4268 3713 4307 omnes

2117 4350 2354 4418 majores
2378 4359 2526 4413 natu,
2551 4366 2578 4402 a
2603 4349 2798 4418 quibus
2821 4359 2874 4402 et
2897 4348 3160 4417 epistolas
3180 4347 3479 4416 accipiens,
3512 4348 3576 4401 ad
3603 4347 3714 4401 fra-

2119 4453 2230 4498 tres
2263 4445 2582 4497 Damascum
2617 4443 2929 4513 pergebam,
2959 4454 3010 4496 ut
3045 4442 3373 4497 adducerem
3412 4442 3537 4498 inde
3561 4444 3713 4498 vinc—

2121 4546 2205 4591 tos
2233 4539 2283 4591 in
2318 4535 2645 4599 Jerusalem,
2679 4545 2735 4590 ιιι
2766 4538 3106 4605 punirentur.
3136 4535 3360 4590 Factum
3388 4545 3471 4590 est
3497 4546 3704 4602 autem,

2116 4640 2282 4687 eunte
2320 4646 2427 4696 me,
2457 4639 2511 4685 et
2551 4630 3026 4700 apprOpioqnante
3073 4629 3336 4683 Damasci)
3381 4629 3554 4683 media
3600 4630 3708 4693 die,

2117 4722 2298 4776 subito
2327 4723 2395 4775 de
2421 4721 2562 4775 ccelo
2587 4720 2944 4775 circutnfulsit
2978 4735 3064 4774 me
3099 4720 3186 4774 lux
3213 4721 3436 4790 capiosa
3478 4740 3489 4773 :
3525 4731 3574 4772 et
3616 4720 3710 4774 de-

2116 4815 2302 4869 cidens
2330 4816 2380 4868 in
2411 4813 2835 4878 terram,audivi
2866 4827 3052 4868 vocem
3077 4812 3350 4870 dicentem
3386 4813 3512 4868 mihi
3543 4832 3552 4865 :
3579 4813 3709 4868 Sau-

2118 4907 2192 4975 le,
2220 4906 2408 4974 Saule,
2431 4908 2561 4978 quid
2596 4921 2683 4962 me
2715 4905 3101 4976 persequeris?
3127 4905 3241 4975 Ego
3272 4916 3452 4960 autem
3485 4922 3714 4974 respou-

2117 5000 2172 5056 di
2203 5019 2216 5056 :
2247 5001 2377 5068 Quis
2415 5016 2494 5066 es,
2536 4999 2806 5054 Domine?
2837 5000 3089 5069 Dixitque
3140 4999 3206 5053 ad
3253 5014 3340 5054 me
3388 5017 3398 5051 :
3441 4999 3552 5068 ligo
3593 5015 3709 5052 sum

2119 5095 2274 5151 Jesns
2304 5094 2645 5163 Nazarrenus,
2681 5111 2840 5166 quem
2878 5104 2930 5149 tu
2957 5094 3324 5165 persequeris.
3361 5095 3423 5148 Et
3451 5095 3541 5164 qui
3595 5110 3707 5147 me-

2121 5211 2242 5252 cum
2274 5207 2448 5260 erant,
2484 5196 2662 5249 lumen
2705 5192 2924 5264 quidem
2975 5191 3253 5256 viderunt,
3291 5205 3479 5245 vocem
3528 5199 3706 5244 autem

2120 5308 2226 5349 n0n
2253 5292 2536 5347 audierunt
2572 5291 2712 5359 ejus,
2739 5287 2831 5359 qui
2863 5288 3185 5357 loquebatur
3214 5300 3446 5340 mecum.
3477 5287 3537 5340 Et
3563 5286 3704 5339 dixi:

2120 5386 2257 5453 Quid
2293 5385 2507 5450 faciam,
2541 5382 2808 5436 Domine?
2839 5380 3096 5433 Dominus
3129 5388 3303 5434 autem
3325 5378 3460 5434 dixit
3487 5379 3552 5433 ad
3585 5395 3706 5434 me:

2123 5481 2364 5548 Surgeus
2386 5477 2519 5532 vade
2556 5477 2871 5530 Damascum
2905 5492 2918 5528 :
2953 5485 3007 5528 et
3038 5474 3107 5530 ibi
3136 5475 3230 5528 tibi
3258 5474 3467 5529 dicetur
3496 5475 3563 5530 de
3591 5491 3708 5528 om-

2127 5573 2306 5638 nibus,
2337 5585 2455 5640 quae
2488 5578 2541 5624 te
2584 5579 2833 5637 Oporteat
2855 5567 3054 5622 facere.
3094 5567 3156 5622 Et
3189 5582 3308 5622 cum
3333 5584 3439 5623 non
3466 5570 3711 5624 viderem

2128 5679 2237 5735 pra:
2274 5661 2520 5717 claritate
2570 5659 2787 5716 luminis
2820 5661 2988 5729 illius,
3019 5661 3084 5715 ad
3130 5677 3345 5715 manum
3388 5662 3652 5718 deductus
3685 5679 3714 5716 a

2129 5755 2439 5824 eomitibus,
2473 5755 2594 5810 veni
2625 5755 2966 5810 Damascum.
3004 5756 3242 5810 Ananias
3268 5764 3444 5812 autem
3472 5757 3714 5826 quidam.

2130 5852 2212 5905 vir
2250 5848 2546 5906 secundum
2595 5851 2765 5918 legem
2806 5847 3176 5904 testimonium
3220 5847 3422 5904 habens
3454 5849 3522 5904 ab
3548 5849 3723 5904 omni-
