4166 6336
465 330 568 387 719

1485 321 1544 378 S.
1585 313 1969 377 lllERONYMI
2010 308 2242 370 DIVINA
2287 311 2763 376 BIBLIOTHECA.

3654 316 3761 375 720

463 446 567 501 bus
592 438 1272 507 cohabitantibusJudaeis,
1309 437 1536 495 veniens
1558 438 1626 494 ad
1650 453 1759 504 me,
1791 444 1848 493 et
1877 442 2065 490 astans
2092 433 2144 493 Α
2171 435 2481 492 multitudo.
2514 438 2794 495 Sadducmi
2817 436 2965 494 enim
2989 435 3196 502 dicunt,
3228 448 3338 493 non
3360 448 3484 492 esse
3514 449 3765 493 resurre-

466 537 605 593 dixit
660 533 795 590 mihi
838 532 1052 590 :Saulc
1103 531 1292 599 frater,
1323 532 1561 603 respice.
1606 532 1675 586 Et
1721 545 1822 601 ego
1868 528 2061 584 eadem

469 631 600 687 hora
650 628 860 700 respexi
911 628 964 682 in
1006 642 1150 683 eum.
1194 626 1264 680 At
1312 625 1403 683 ille
1445 626 1584 681 dixit
1630 642 1659 701 ε-
1677 624 1818 679 Deus
1852 632 2060 692 patrum

465 732 783 781 nostrorum
845 719 1237 792 prmordinavit
1296 727 1390 785 te,
1442 727 1500 773 ut
1552 731 1916 788 cognosceres
1963 731 2062 769 vo-

466 818 732 874 luntatem
774 817 891 887 ejus
924 858 939 883 ,
989 825 1046 873 et
1080 815 1297 872 videres
1323 815 1530 886 justum
1555 857 1571 882 ,
1609 822 1666 869 et
1713 813 1932 869 audires
1970 828 2064 866 vo-

465 929 586 970 cem
612 929 680 970 ex
711 928 808 969 ore
832 912 973 982 ejtts,
1004 911 1125 982 quia
1158 909 1267 964 eris
1291 910 1448 965 tcSIis
1481 908 1629 964 illius
1646 907 1712 962 ad
1742 921 1934 962 omnes
1968 905 2065 960 ho-

460 1006 666 1073 mines,
707 1020 893 1061 eorum
926 1018 1049 1074 qua:
1080 1000 1264 1056 vidisti
1300 1008 1355 1056 et
1400 1000 1619 1055 audisti.
1658 986 1721 1055 Et
1762 1013 1907 1055 nunc
1932 997 2080 1080 quid

470 1099 742 1156 moraris?
786 1099 1055 1168 Exsurge,
1090 1104 1147 1151 et
1194 1095 1492 1166 baptizare,
1537 1104 1593 1151 et
1636 1094 1796 1150 ablue
1845 1103 2064 1162 peccata

469 1206 582 1262 tua,
615 1193 869 1248 invocato
895 1191 1117 1246 nomine
1144 1190 1339 1261 ipsius.
1377 1188 1608 1244 Factum
1642 1198 1726 1243 est
1753 1197 1935 1244 autem
1974 1201 2067 1242 re-

467 1284 699 1341 vertenti
724 1283 856 1338 mihi
890 1284 941 1337 in
965 1282 1293 1349 Jerusalem,
1327 1281 1583 1337 etoranti
1615 1282 1665 1336 in
1698 1280 1925 1351 templo,
1950 1279 2065 1335 ﬁeri

470 1392 558 1432 me
608 1376 661 1432 in
701 1386 926 1446 stupore
979 1375 1210 1439 mentis,
1246 1383 1302 1431 et
1351 1375 1540 1431 videre
1582 1374 1731 1429 illum
1792 1374 2066 1430 dicentem

469 1469 603 1526 mihi
639 1487 651 1523 :
686 1469 930 1536 Festina,
958 1479 1012 1525 et
1037 1470 1124 1524 exi
1157 1468 1417 1525 velociter
1446 1484 1513 1523 ex
1545 1469 1850 1525 Jerusalem
1892 1490 1905 1524 :
1935 1483 2064 1539 quo-

464 1564 614 1619 niam
658 1579 765 1619 nun
814 1562 1079 1632 recipient
1121 1562 1494 1618 testimonium
1549 1571 1699 1615 tuum
1740 1560 1809 1616 de
1852 1575 1958 1615 me.
2006 1560 2071 1615 Et

467 1673 569 1730 ego
590 1658 697 1713 dixi
725 1677 738 1713 :
765 1658 1013 1724 Domine,
1048 1657 1154 1727 ipsi
1188 1657 1370 1713 sciunt
1397 1657 1523 1724 quia
1547 1671 1649 1726 ego
1677 1670 1826 1711 cram
1851 1655 2071 1710 conclu—

466 1753 601 1809 dens
642 1752 694 1807 iu
740 1766 1043 1829 carcerem,
1073 1760 1129 1807 et
1151 1751 1368 1807 cmdeus
1406 1766 1503 1821 per
1533 1764 1836 1821 synagogas
1863 1765 1958 1805 eos
1979 1750 2071 1821 qui

2164 530 2428 597 ctionem,
2452 546 2628 598 neque
2651 532 2940 602 Angelum,
2969 544 3141 601 neque
3163 527 3425 599 Spiritum
3453 545 3467 581 :
3502 527 3762 583 Phariszri

2164 634 2343 680 autem
2371 632 2599 696 utraque
2618 625 2966 681 conﬁtentur.
2994 622 3219 679 Factum
3248 633 3327 678 est
3354 629 3535 677 autem
3559 622 3766 677 clamor

2166 734 2412 787 magnus.
2447 718 2508 773 Et
2541 726 2827 790 surgentes
2856 716 3078 788 quidam
3109 715 3533 784 Pharisaeorum,
3562 730 3767 786 pugna—

2165 807 2294 865 bant
2321 808 2603 865 dicentes:
2633 808 2773 864 Nihil
2799 808 2927 864 mali
2955 807 3257 863 invenimus
3289 807 3343 861 in
3371 806 3592 862 homine
3618 806 3723 861 isto
3748 821 3765 863 :

2165 900 2297 972 quid
2324 901 2368 956 si
2394 902 2631 971 Spiritus
2660 902 2870 958 locutus
2892 911 2976 957 est
3006 901 3079 968 ei,
3110 909 3203 956 aut
3230 899 3510 971 Angelus?
3539 898 3611 954 Et
3639 915 3765 955 cum

2165 1007 2359 1063 magna
2411 994 2681 1059 dissensio
2719 993 2856 1050 facta
2884 1002 3054 1062 esset,
3091 993 3288 1051 timens
3317 992 3563 1049 tribunus
3593 1009 3661 1049 ne
3686 993 3769 1049 di-

2168 1099 2513 1160 scerperetur
2538 1090 2738 1146 Paulus
2769 1090 2837 1145 ab
2860 1089 3014 1160 ipsis,
3043 1088 3209 1157 jussit
3238 1088 3439 1144 milites
3468 1088 3769 1144 descende-

2170 1197 2250 1249 re,
2284 1192 2339 1239 et
2378 1197 2571 1254 rapere
2612 1197 2736 1239 eum
2765 1182 2834 1238 de
2883 1182 3063 1240 medio
3122 1195 3333 1248 eorum,
3385 1195 3450 1236 ac
3495 1180 3770 1237 deducere

2170 1290 2293 1330 eum
2346 1275 2399 1331 in
2451 1285 2650 1332 castra.
2686 1275 2948 1347 Sequenti
2998 1285 3181 1331 autem
3230 1284 3392 1331 nocte
3431 1276 3695 1331 assistens
3716 1272 3769 1330 ei

2174 1368 2458 1434 Dominus,
2488 1370 2569 1425 ait
2600 1388 2612 1424 :
2642 1368 2910 1425 Constans
2939 1379 3060 1425 esto
3091 1388 3104 1425 :
3134 1371 3276 1426 sicut
3318 1372 3464 1426 enim
3506 1370 3765 1425 testiﬁca-

2174 1472 2262 1516 tus
2283 1476 2341 1516 es
2367 1461 2436 1518 de
2463 1476 2549 1517 me
2581 1462 2633 1516 in
2670 1460 3005 1527 Jerusalem,
3037 1461 3116 1516 sic
3144 1471 3197 1516 te
3241 1472 3459 1532 oportet
3500 1471 3553 1516 et
3582 1459 3773 1517 Roma:

2173 1554 2473 1610 teStiﬁcari.
2503 1553 2671 1610 Facta
2694 1564 2877 1611 autem
2908 1554 2995 1610 die
3022 1555 3357 1625 collegerunt
3383 1569 3442 1608 se
3462 1552 3680 1625 quidam
3703 1567 3774 1608 ex

2172 1644 2397 1715 Jttdceis,
2430 1656 2483 1701 et
2514 1646 2857 1702 devoverant
2887 1661 2948 1703 se
2968 1646 3235 1715 dicentes,
3270 1661 3447 1715 neque
3475 1646 3773 1702 manduca-

2178 1752 2348 1809 turos,
2390 1755 2567 1810 neque
2606 1739 2903 1807 bibituros,
2948 1739 3126 1795 donec
3171 1739 3486 1795 occiderent
3522 1739 3773 1794 Paulum.

468 1844 761 1900 credebant
804 1843 858 1899 in
886 1853 937 1900 te
964 1861 977 1897 :
1011 1823 1216 1899 etcum
1245 1815 1807 1914 funderetur'san'gn'is
1835 1815 2070 1911 Stepha—
2104 1815 2149 1876 Β
2178 1833 2348 1888 Erant
2381 1842 2564 1889 autem
2601 1833 2718 1904 plus
2745 1848 2906 1904 quam
2939 1832 3295 1903 quadraginta
3342 1833 3464 1919 viri,
3492 1831 3584 1903 qui
3631 1833 3775 1888 hanc

469 1937 528 1993 ni
552 1939 707 1993 testis
743 1937 845 2003 tui,
878 1951 979 2008 ego
1009 1937 1278 2005 astabam,
1306 1944 1362 1992 et
1389 1935 1826 1999 consentiebam,
1860 1945 1917 1991 et
1946 1949 2071 1990 cus-

467 2030 741 2086 todiebam
773 2029 1090 2085 vestimeuta
1124 2027 1568 2083 interﬁcientium
1602 2028 1775 2083 illum.
1814 2027 1882 2082 Et
1932 2025 2074 2082 dixit

471 2121 539 2178 ad
574 2137 660 2178 me
691 2140 705 2175 :
731 2120 899 2188 Vade,
933 2122 1190 2192 quoniam
1225 2134 1326 2191 ego
1356 2120 1407 2175 in
1445 2120 1696 2176 nationes
1740 2120 1902 2190 longe
1946 2120 2073 2175 mit-

468 2224 581 2270 tam
615 2226 686 2271 te.
709 2213 1015 2270 Attdiebaut
1035 2223 1214 2268 autem
1238 2226 1364 2267 eum
1386 2226 1560 2282 usque
1587 2211 1653 2267 ad
1684 2212 1788 2268 hoc
1815 2210 2065 2280 verbum,

471 2315 529 2363 et
560 2307 882 2362 levaverunt
910 2319 1104 2385 vocem
1140 2318 1294 2359 suam
1322 2302 1573 2360 dicentes
1599 2320 1615 2358 :
1646 2303 1805 2360 Tolle
1832 2302 1907 2377 de
1925 2311 2068 2359 terra

469 2400 782 2471 huiusmodi
813 2419 824 2454 :
855 2414 963 2455 non
985 2400 1133 2455 enim
1158 2399 1240 2454 fas
1260 2406 1345 2455 est
1366 2415 1490 2455 eum
1517 2399 1721 2456 vivere.
1754 2398 2070 2456 Vociferan-

469 2492 618 2548 tibus
650 2500 831 2547 autem
863 2493 965 2559 eis,
993 2502 1046 2548 et
1068 2491 1483 2563 projicientibus
1513 2493 1840 2549 vestimenta
1871 2500 1989 2560 sua,
2016 2501 2073 2550 et

464 2586 748 2654 pulverem
776 2585 1113 2655 jactantibus
1140 2584 1193 2639 in
1223 2598 1432 2651 aerem,
1448 2583 1615 2654 jussit
1638 2585 1891 2640 tribunus
1914 2585 2073 2640 indu-

470 2678 521 2734 ci
553 2694 676 2734 eum
707 2680 760 2735 in
799 2688 999 2748 castra,
1032 2687 1087 2733 et
1120 2677 1353 2750 ﬂagellis
1381 2678 1540 2747 caedi,
1572 2687 1631 2735 et
1653 2680 1896 2750 torqueri
1921 2693 2069 2745 eum,

470 2782 532 2829 ut
571 2774 736 2830 sciret
777 2781 1004 2844 propter
1046 2788 1207 2844 quam
1235 2787 1455 2828 causam
1493 2772 1574 2828 sic
1604 2773 1972 2828 acclamarent
1996 2773 2069 2827 ei.

469 2866 540 2923 Et
575 2881 696 2922 cum
743 2864 1125 2921 astrinxissent
1159 2881 1284 2921 eum
1326 2866 1462 2922 loris
1496 2885 1508 2918 :
1543 2864 1677 2921 dicit
1715 2864 1919 2920 astanti
1969 2862 2074 2919 sibi

470 2957 787 3033 Centurioni
833 2956 1074 3013 Paulus:
1106 2958 1164 3012 Si
1206 2957 1489 3014 hominem
1534 2957 1840 3013 Romanum
1892 2965 1945 3011 et
1992 2956 2074 3010 in-

470 3051 788 3109 demnatum
816 3050 946 3107 licet
971 3049 1124 3107 vobis
1151 3050 1462 3122 ﬂagellarc?
1491 3051 1609 3118 Quo
1637 3050 1841 3114 audito,
1867 3049 2073 3105 Centu-

474 3144 558 3200 rio
585 3144 819 3200 accessit
870 3143 936 3198 ad
983 3141 1287 3210 tribunum,
1319 3153 1374 3199 et
1416 3142 1687 3198 nuntiavit
1725 3142 1796 3208 ei,
1840 3141 2070 3197 dicens:

2173 1926 2606 1997 conjuratiunem
2639 1928 2905 1983 fecerant.
2932 1926 3032 1994 Qui
3073 1935 3429 1982 accesserunt
3464 1925 3533 1980 ad
3572 1925 3774 1994 princi~

2176 2036 2270 2091 pes
2292 2020 2663 2087 sacerdotum,
2694 2029 2749 2075 et
2778 2020 3047 2084 seniores,
3072 2029 3128 2076 et
3156 2019 3409 2076 dixerunt
3436 2036 3449 2074 :
3476 2019 3775 2075 Devmionc

2173 2117 2499 2173 devovimus
2546 2131 2646 2171 nos
2671 2115 2804 2171 nihil
2848 2123 3190 2186 gustaturus,
3233 2114 3411 2171 donec
3458 2113 3773 2170 occidamns

2174 2209 2422 2266 Paulum.
2454 2208 2611 2265 Nunc
2649 2223 2780 2280 ergo
2822 2222 2920 2265 vos
2963 2218 3150 2264 nutum
3202 2207 3363 2265 tacite
3408 2206 3625 2264 tribuno
3648 2222 3774 2263 cum

2175 2304 2430 2368 concilio,
2459 2312 2518 2359 ut
2546 2302 2809 2373 producat
2836 2302 2984 2358 illum
3015 2302 3081 2359 ad
3123 2316 3236 2373 vos,
3269 2310 3545 2372 tamquam
3569 2301 3775 2372 aliquid

2175 2398 2383 2454 certius
2406 2397 2674 2468 cognituri
2699 2397 2766 2453 de
2795 2411 2886 2452 eo.
2915 2396 3025 2452 Nos
3056 2412 3188 2452 vero
3226 2396 3538 2466 priusquam
3574 2412 3776 2467 appro-

2175 2494 2311 2566 piet,
2334 2494 2507 2563 parati
2529 2508 2718 2549 sumus
2738 2493 3045 2549 interﬁcere
3068 2492 3242 2548 illum.
3269 2491 3429 2561 Quod
3448 2507 3568 2549 cum
3593 2491 3779 2548 audis-

2176 2599 2261 2645 set
2296 2587 2438 2644 ﬁlius
2467 2587 2675 2643 sororis
2695 2587 2846 2643 Pauli
2878 2586 3139 2654 insidias,
3178 2587 3356 2655 venit,
3388 2597 3443 2644 et
3471 2585 3693 2642 intravit
3721 2587 3774 2641 in

2175 2689 2376 2749 castra,
2409 2680 2782 2751 nuntiavitque
2815 2679 3004 2736 Paulo.
3040 2680 3250 2737 V'ocans
3274 2689 3454 2736 autem
3482 2679 3683 2736 Paulus
3707 2680 3777 2737 ad

2176 2786 2237 2830 se
2264 2788 2429 2828 unum
2467 2786 2535 2829 ex
2558 2772 3008 2843 Centurionibus,
3033 2775 3106 2829 ait
3144 2773 3601 2831 :Adolesccntem
3634 2775 3778 2830 hunc

2180 2864 2382 2934 perduc
2427 2864 2498 2921 ad
2554 2866 2851 2935 tribunum,
2879 2865 3041 2923 habet
3084 2868 3228 2924 enim
3278 2868 3482 2940 aliquid
3532 2868 3778 2925 indicare

2179 2959 2276 3014 illi.
2307 2958 2373 3013 Et
2393 2958 2485 3013 ille
2506 2959 2721 3030 quidem
2754 2975 3040 3017 assumens
3055 2961 3354 3017 eumduxit
3375 2962 3441 3017 ad
3473 2962 3775 3029 tribunum,

2177 3062 2233 3108 et
2261 3051 2378 3108 ait:
2411 3052 2640 3108 Vinctus
2674 3052 2879 3109 Paulus
2910 3055 3120 3125 rogavit
3159 3070 3247 3110 me
3277 3055 3423 3110 hunc
3456 3044 3779 3111 adolescen-

2182 3155 2289 3203 tem
2332 3146 2631 3217 perducere
2666 3147 2730 3202 ad
2771 3158 2845 3213 te,
2896 3145 3189 3205 habentem
3222 3147 3424 3219 aliquid
3469 3148 3617 3220 loqui
3657 3148 3775 3205 tibi.

473 3234 614 3304 Quid
635 3244 857 3290 acturus
879 3235 970 3289 es?
990 3233 1080 3290 hic
1109 3235 1255 3291 enim
1279 3233 1465 3300 homo,
1496 3234 1630 3290 civis
1658 3234 1937 3289 Romanus
1964 3242 2072 3288 est.

2182 3239 2617 3312 Apprehendens
2648 3248 2828 3297 autem
2861 3242 3108 3297 tribunus
3141 3257 3358 3298 manum
3393 3242 3556 3308 illius,
3587 3256 3777 3299 seces-

478 3326 764 3384 Accedeus
811 3335 993 3381 autem
1027 3326 1274 3382 tribunus
1305 3325 1443 3381 dixit
1491 3326 1566 3382 illi
1600 3343 1612 3379 :
1641 3326 1740 3380 Dic
1769 3324 1902 3380 mihi
1938 3324 1982 3379 si
2016 3335 2072 3379 tu

476 3421 756 3478 Romanus
781 3423 877 3476 es?
904 3421 974 3476 At
1003 3420 1093 3477 ille
1112 3420 1251 3476 dixit
1280 3438 1293 3475 :
1329 3420 1528 3476 Etiam.
1573 3420 1641 3475 Et
1670 3418 1949 3491 respondit
1980 3421 2076 3474 tri-

481 3518 656 3574 bunus
687 3536 700 3572 :
736 3519 849 3589 Ego
876 3518 1044 3574 multa
1088 3533 1300 3573 summa
1349 3516 1667 3572 civilitatem
1716 3517 1856 3571 hanc
1885 3530 2076 3572 conse-

476 3620 638 3667 cutus
667 3610 894 3667 sum.Et
927 3609 1127 3667 Paulus
1158 3609 1236 3664 ait
1264 3626 1276 3663 :
1303 3607 1420 3679 Ego
1448 3617 1632 3665 autem
1664 3617 1719 3664 et
1747 3618 1907 3663 natus
1930 3623 2072 3664 sum.

479 3702 738 3760 Protinus
762 3717 895 3774 ergo
921 3702 1300 3759 discesserunt
1332 3702 1400 3757 ab
1431 3701 1549 3768 illo,
1581 3703 1674 3772 qni
1716 3718 1839 3758 eum
1875 3703 2074 3758 torturi

481 3794 660 3852 erant.
698 3794 970 3850 Tribunus
1007 3808 1226 3865 quoque
1269 3791 1445 3848 timuit
1488 3802 1780 3864 postquam
1832 3794 2075 3859 rescivit,

479 3888 609 3959 quia
657 3887 793 3944 civis
836 3886 1116 3942 Romanus
1141 3895 1306 3954 esset,
1336 3895 1394 3941 et
1430 3885 1558 3956 quia
1607 3885 1884 3956 alligasset
1928 3900 2074 3943 eum.

481 3981 709 4039 Postera
734 3988 912 4036 autem
959 3978 1048 4034 die
1094 3977 1285 4034 volens
1329 3975 1470 4034 scire
1519 3976 1855 4049 diligentius,
1875 3992 1943 4033 ex
1971 3991 2076 4048 qua

483 4088 648 4131 causa
673 4081 1025 4129 accusaretur
1051 4085 1081 4124 a
1111 4068 1336 4135 Judaris,
1364 4070 1530 4125 solvit
1554 4085 1701 4137 cum,
1725 4079 1778 4126 et
1801 4070 1966 4139 jussit
1992 4084 2079 4125 sa-

480 4165 737 4225 cerdotes
760 4163 1074 4230 convenire,
1100 4172 1154 4217 et
1174 4177 1337 4219 omne
1359 4162 1672 4232 concilium,
1697 4170 1752 4219 et
1774 4162 2078 4234 producens

480 4258 734 4326 Paulum,
768 4258 958 4314 statuit
979 4258 1122 4312 inter
1146 4255 1290 4313 illos.

560 4349 714 4422 [Cap.
740 4348 957 4421 XXIIH
984 4348 1278 4406 lntendens
1306 4358 1488 4406 autem
1529 4350 1582 4406 in
1614 4349 1902 4408 concilium
1937 4351 2079 4407 Pau-

487 4445 574 4503 lus
622 4445 744 4500 ait:
777 4443 891 4501 Viri
944 4443 1169 4509 fratres,
1199 4459 1300 4516 ego
1340 4444 1488 4500 omni
1543 4444 1875 4502 conscientia
1938 4445 2078 4502 bona

483 4548 845 4597 conversatus
894 4553 1013 4593 sum
1061 4547 1188 4594 ante
1243 4538 1409 4595 Deum
1454 4553 1625 4610 usque
1664 4538 1719 4594 in
1759 4523 2098 4595 hodiernum

2177 3334 2247 3389 sit
2275 3349 2397 3390 cum
2427 3350 2493 3389 eo
2522 3348 2795 3399 seorsum,
2819 3344 2876 3391 et
2898 3335 3253 3406 interrogavit
3280 3335 3431 3391 illum
3460 3354 3474 3390 :
3500 3335 3644 3405 Quid
3667 3345 3775 3401 est,

2176 3427 2321 3498 quod
2353 3427 2522 3484 habes
2552 3427 2795 3484 indicare
2829 3427 2999 3484 mihi?
3028 3426 3125 3485 Ille
3148 3436 3331 3484 autem
3353 3427 3493 3483 dixit
3524 3444 3540 3482 :
3571 3428 3781 3485 Judazis

2177 3520 2439 3576 convenit
2465 3535 2659 3591 rogare
2691 3529 2764 3587 te,
2800 3530 2859 3576 ut
2889 3522 3124 3577 crastina
3175 3521 3265 3578 die
3312 3520 3586 3592 producas
3636 3521 3779 3577 Pau-

2179 3612 2288 3667 lum
2321 3612 2375 3668 in
2426 3613 2742 3681 concilium,
2766 3613 2922 3684 quasi
2965 3613 3169 3684 aliquid
3210 3614 3415 3671 certius
3466 3614 3777 3687 inquisituri

2181 3704 2293 3760 sint
2322 3705 2391 3762 de
2436 3704 2531 3761 illo
2558 3722 2571 3759 :
2606 3714 2659 3761 tu
2690 3721 2821 3763 vero
2851 3722 2918 3761 ne
2946 3706 3249 3763 credideris
3294 3707 3424 3775 illis,
3450 3707 3783 3765 insidiantur

2180 3798 2327 3854 enim
2350 3796 2402 3853 ei
2430 3813 2501 3853 ex
2526 3799 2608 3854 eis
2636 3798 2736 3853 viri
2758 3799 2993 3869 amplius
3012 3814 3172 3871 quam
3192 3799 3568 3872 quadraginta,
3599 3803 3691 3873 qui
3716 3818 3782 3859 se

2180 3888 2520 3946 devoverent
2540 3905 2647 3946 non
2676 3891 3028 3959 manducare,
3060 3908 3238 3964 neque
3264 3893 3471 3960 bibere,
3497 3893 3674 3952 donec
3696 3895 3781 3951 in.

2184 3982 2451 4040 terﬁciant
2488 3998 2612 4039 cum
2645 4002 2659 4039 :
2692 3995 2745 4039 et
2784 3999 2928 4040 nunc
2978 3985 3152 4052 parati
3200 3996 3348 4051 sunt,
3393 3996 3777 4058 exspectantes

2184 4075 2511 4145 promissum
2546 4085 2716 4131 tuum.
2751 4076 3022 4133 Tribunus
3046 4078 3210 4149 igitur
3227 4079 3780 4139 dimisitadolescen-

2185 4178 2313 4233 tem,
2358 4168 2697 4239 praecipiens,
2733 4184 2802 4225 ne
2841 4170 2930 4226 cui
2982 4171 3323 4243 loqueretur,
3369 4175 3629 4243 quoniam
3664 4175 3782 4233 lucc

2185 4268 2311 4316 nota
2342 4260 2446 4316 sibi
2476 4261 2710 4318 fecisset.
2736 4262 2803 4317 Et
2840 4264 3051 4320 vocatis
3083 4263 3296 4321 duobus
3329 4265 3777 4338 Centurionibus,

2184 4353 2329 4409 dixit
2365 4352 2475 4408 illis
2506 4370 2521 4411 :
2550 4353 2748 4410 Parate
2786 4355 2992 4413 milites
3026 4356 3314 4426 ducentos,
3357 4368 3415 4414 ut
3443 4368 3569 4416 eant
3610 4376 3782 4433 usque

2184 4447 2516 4513 Caesaream,
2541 4456 2598 4505 et
2622 4448 2836 4522 equites
2855 4453 3221 4526 septuaginta,
3255 4464 3310 4511 et
3342 4455 3647 4515 lancearios
3675 4459 3781 4515 du-

2185 4549 2400 4606 centos,
2428 4555 2456 4594 a
2483 4542 2640 4597 tertia
2674 4542 2806 4599 hora
2835 4547 3012 4602 noctis
3046 4562 3060 4600 :
3093 4555 3149 4601 et
3172 4546 3418 4616 jumenta
3451 4562 3779 4622 praeparate,

486 4633 654 4690 diem.
696 4632 954 4703 Princeps
982 4637 1162 4687 autem
1193 4631 1539 4688 sacerdotum
1590 4630 1829 4686 Ananias
1879 4645 2083 4700 przece-
2111 4607 2163 4670 D
2189 4641 2248 4688 ut
2269 4634 2611 4704 imponentes
2634 4636 2886 4707 Paulum,
2915 4641 3128 4697 salvum
3154 4607 3521 4713 perducerent
3545 4607 3610 4703 ad
3634 4607 3782 4704 Feli:

484 4726 567 4799 pit
612 4725 916 4783 astantibus
958 4724 1061 4779 sibi
1109 4730 1395 4793 percutere
1425 4738 1487 4779 os
1527 4722 1666 4794 ejus.
1697 4722 1851 4778 Tunc
1878 4721 2083 4779 Paulus

489 4818 627 4875 dixit
647 4818 714 4874 ad
746 4833 869 4875 eum
896 4835 909 4872 :
937 4815 1211 4872 Percutiet
1240 4826 1291 4871 te
1315 4816 1476 4882 Deus,
1506 4815 1683 4886 paries
1715 4813 1987 4872 dealbate.
2020 4815 2085 4869 Et

492 4922 550 4969 tu
578 4911 777 4969 sedens
793 4909 1005 4982 iudicas
1033 4923 1121 4964 me
1141 4907 1438 4964 secundum
1476 4907 1672 4978 legem,
1701 4915 1756 4963 et
1786 4916 1977 4963 contra
2006 4906 2083 4963 le-

490 5021 611 5078 gem
648 5003 805 5073 jubes
835 5016 922 5058 me
961 4999 1207 5072 percuti?
1240 4998 1308 5055 Et
1353 5000 1444 5070 qui
1495 4999 1744 5055 astabant
1782 4998 2034 5054 dixerunt
2064 5017 2078 5054 :

484 5100 773 5157 Summum
810 5095 1150 5152 sacerdotem
1202 5093 1302 5150 Dei
1343 5092 1667 5149 maledicis?
1711 5091 1860 5147 Dixit
1900 5102 2080 5148 autem

486 5190 689 5248 Paulus
721 5205 737 5244 :
775 5187 1117 5257 Nesciebam,
1172 5187 1392 5256 fratres,
1420 5186 1547 5259 quia
1594 5185 1850 5257 princeps
1890 5195 1974 5241 est
1998 5201 2085 5241 sa-

490 5283 795 5340 cerdotum.
826 5281 1098 5351 Scriptum
1121 5289 1205 5336 est
1230 5280 1374 5336 enim
1407 5297 1421 5333 :
1455 5278 1760 5348 Principem
1788 5279 1971 5349 populi
2005 5280 2079 5334 tui

486 5394 598 5437 non
630 5376 944 5434 maledices.
980 5375 1173 5435 Sciens
1198 5382 1381 5430 autem
1424 5372 1640 5440 Paulus,
1664 5374 1789 5446 quia
1824 5390 1928 5429 una
1956 5389 2082 5446 pars

487 5480 636 5529 esset
658 5470 1102 5534 Sadducaeorum,
1126 5476 1183 5524 et
1228 5466 1400 5524 altera
1445 5466 1867 5538 Phariszeorum,
1891 5469 2077 5525 excla-

485 5565 657 5621 mavit
686 5564 739 5620 in
762 5562 996 5620 concilio
1027 5579 1037 5613 :
1075 5559 1189 5615 Viri
1226 5560 1443 5627 fratres,
1468 5574 1568 5632 ego
1598 5561 1903 5618 Pbarisaaus
1933 5577 2075 5629 sum,

484 5659 631 5716 ﬁlius
660 5658 1086 5722 Pharisaeorum,
1115 5653 1183 5709 de
1205 5668 1303 5726 spe
1328 5663 1384 5711 et
1404 5655 1806 5712 resurrectione
1836 5666 2078 5713 mortuo-

486 5767 606 5808 rum
647 5766 748 5822 egu
772 5749 1007 5819 judicor.
1042 5746 1110 5803 Et
1137 5762 1259 5803 cum
1288 5744 1406 5804 hac
1434 5746 1662 5804 dixisset
1693 5747 1831 5805 facta
1861 5758 1944 5806 est
1965 5749 2077 5805 dis-

484 5844 667 5905 sensio
709 5844 851 5900 inter
874 5839 1176 5900 Pharisacos
1220 5848 1277 5900 et
1322 5839 1674 5909 Sadduca-os,
1702 5847 1757 5897 ct
1784 5839 1962 5900 soluta
1993 5849 2075 5899 est

2185 4741 2301 4782 cem
2331 4728 2637 4798 praesidem.
2676 4730 2905 4803 (Timuit
2923 4735 3067 4790 enim
3100 4743 3159 4791 ut
3188 4736 3331 4794 forte
3360 4751 3623 4810 raperent
3652 4758 3779 4799 eum

2184 4820 2380 4891 Judaei,
2414 4831 2469 4879 et
2499 4823 2833 4896 occiderent,
2863 4838 2919 4883 et
2943 4828 3064 4899 ipse
3092 4839 3279 4900 postea
3301 4834 3630 4891 calumniam
3654 4851 3778 4894 sus-

2187 4913 2407 4980 tiueret,
2460 4923 2731 4989 tamquam
2780 4929 3104 4988 accepturus
3151 4925 3430 4994 pecuniam
3451 4925 3493 5000 ,)
3534 4929 3783 4989 scribens
3836 4989 3842 4993 ι

2184 5007 2468 5078 epistolam
2495 5009 2864 5068 continentem
2891 5012 3006 5070 hinc
3033 5031 3047 5067 :

2257 5100 2528 5160 CLAUDlUS
2552 5104 2779 5178 Lypsias
2798 5108 3007 5177 optimo
3030 5110 3271 5179 prmsidi,
3293 5110 3485 5183 Felici,
3519 5115 3778 5174 salutem.

2190 5193 2374 5250 Virum
2419 5195 2562 5252 lnmc
2607 5198 3065 5269 comprehensum
3095 5217 3125 5256 a
3155 5201 3382 5271 Judaais,
3416 5215 3472 5262 et
3513 5206 3785 5278 incipien-

2189 5296 2296 5344 tem
2328 5288 2557 5346 interﬁci
2585 5291 2656 5346 ab
2688 5292 2789 5357 eis,
2813 5295 3207 5364 superveniens
3237 5311 3360 5354 cum
3404 5301 3646 5356 exercitu
3668 5305 3784 5359 cri-

2185 5382 2299 5453 pui,
2354 5383 2575 5454 cognito
2616 5383 2741 5455 quia
2791 5383 3074 5443 Ronnanus
3116 5396 3219 5444 est.
3268 5389 3580 5464 Valensque
3634 5396 3781 5453 scire

2186 5487 2430 5541 causam,
2465 5490 2624 5545 quam
2665 5475 2998 5544 objiciebant
3026 5479 3125 5549 illi,
3159 5481 3361 5539 deduxi
3393 5500 3518 5541 eum
3564 5486 3617 5541 in
3648 5502 3783 5544 con-

2185 5566 2369 5621 cilium
2406 5581 2616 5623 eorum.
2656 5568 2828 5635 Quem
2862 5569 3040 5627 inveni
3083 5576 3327 5631 accusari
3360 5576 3429 5632 de
3458 5580 3785 5649 qumsnioni-

2184 5659 2287 5715 bus
2308 5659 2442 5731 legis
2469 5659 2729 5731 ipsorum,
2762 5661 2893 5718 nihil
2928 5679 3060 5721 vero
3093 5665 3311 5738 dignum
3346 5678 3522 5727 morte
3545 5680 3641 5727 aut
3663 5674 3783 5728 vin-

2183 5751 2321 5808 culis
2348 5750 2635 5809 habentem
2668 5753 2931 5811 criminis.
2975 5758 3040 5813 Et
3080 5772 3204 5815 cum
3234 5760 3364 5816 mihi
3396 5762 3660 5832 perlatum
3690 5779 3783 5822 es-

2183 5856 2267 5908 set
2296 5847 2363 5907 dc
2390 5846 2624 5920 insidiis,
2653 5864 2786 5923 quas
2818 5864 3148 5924 paraverant
3176 5855 3275 5923 illi,
3307 5856 3429 5915 misi
3451 5873 3576 5915 eum
3604 5858 3670 5916 ad
3702 5868 3780 5934 te,
