4166 6336
375 343 471 401 ’721

1483 349 1686 406 LIBER
1725 348 1904 407 AC'I'U
1917 350 2010 407 UM
2051 351 2575 411 Al’OS'l‘ULORUM.

3573 350 3677 408 72:!

377 464 702 522 denuntians
731 473 785 521 et
803 467 1235 535 accusatoribus,
1257 474 1314 521 ut
1343 464 1528 522 dicant
1555 466 1693 538 apud
1724 466 1964 524 tc.Vale.
1998 471 2044 528 A
2075 468 2387 524 ministrare
2424 468 2491 524 ei.
2531 469 2659 524 Post
2690 469 2898 541 aliquot
2927 477 3106 524 autem
3145 467 3260 523 dies
3307 467 3532 524 veniens
3570 465 3674 522 Fe-

375 557 574 614 Milites
601 573 752 630 ergo,
787 561 1084 616 secundum
1113 568 1442 631 praeceptum
1473 559 1597 625 sibi,
1629 569 1970 614 assumentes

376 649 628 719 Paulum,
657 650 934 708 duxerunt
965 668 1060 718 per
1099 661 1314 707 noctem
1357 652 1410 706 in
1454 651 1866 722 Antipatridem.
1904 649 1972 706 Et

377 752 598 814 postera
625 742 713 798 die
738 743 980 799 dimissis
1019 744 1314 815 equilibus,
1339 755 1400 799 ut
1431 759 1554 798 cum
1592 759 1657 798 eo
1698 744 1860 808 irent,
1885 758 1972 798 re-

377 839 518 893 versi
548 847 677 893 sunt
701 837 768 894 ad
800 847 996 894 castra.
1035 838 1136 908 Qui
1170 855 1292 895 cum
1331 839 1605 895 venissent
1643 838 1970 901 Czrsaream,

379 938 434 984 et
484 928 838 986 tradidissent
888 931 1174 1000 epistolam
1221 931 1465 1002 prtesidi,
1511 940 1820 1007 statuerunt
1848 942 1974 986 ante

380 1023 532 1078 illum
584 1034 639 1079 et
698 1025 947 1082 Paulum.
989 1023 1124 1081 Cum
1154 1025 1380 1096 legisset
1427 1035 1630 1091 autem,
1663 1037 1716 1080 et
1744 1023 1976 1080 interro-

317 1155 320 1157 -
379 1116 645 1187 gassetde
661 1133 764 1188 qua
800 1119 1077 1188 provincia
1096 1127 1241 1176 esset
1279 1135 1292 1173 :
1319 1129 1374 1174 et
1404 1133 1739 1190 cognoscens
1757 1120 1884 1190 quia
1905 1118 1974 1174 de

380 1209 593 1267 Cilicia.
618 1211 846 1268 Audiam
877 1213 1304 1284 te,inquit,eum
1331 1224 1677 1269 accusatores
1713 1214 1786 1268 tui
1817 1226 1975 1267 vene-

381 1303 512 1359 rint.
559 1305 841 1376 Jussitque
893 1307 946 1362 in
987 1307 1245 1376 prtetorio
1275 1305 1506 1362 Herodis
1532 1305 1793 1361 custodiri
1825 1321 1970 1360 eum.

453 1395 605 1468 [ϐαρ.
630 1395 849 1470 XXIV]
873 1397 1002 1453 Post
1029 1397 1270 1470 quinque
1299 1405 1479 1454 autem
1530 1397 1645 1453 dies
1692 1395 1973 1453 descendit

380 1492 636 1561 princeps
681 1490 1027 1547 sacerdotum
1073 1493 1335 1555 Ananias,
1369 1506 1493 1548 cum
1525 1490 1832 1548 senioribus
1859 1489 1974 1561 qni—

381 1581 649 1652 husdam,
693 1593 749 1640 et
795 1583 1039 1640 Tertullo
1086 1585 1320 1657 quodam
1381 1595 1637 1653 oratore,
1685 1585 1776 1656 qui
1828 1585 1976 1640 adic-

380 1689 508 1733 runt
548 1679 837 1749 praesidem
882 1679 1143 1735 adversus
1183 1679 1429 1735 Paulum.
1476 1680 1539 1735 Et
1585 1681 1752 1734 citato
1803 1679 1973 1734 Paulo

379 1773 550 1843 cmpit
595 1786 853 1828 accusare
907 1773 1204 1839 Tertullus,
1235 1772 1427 1829 dicens
1460 1790 1473 1828 :
1504 1772 1640 1828 Cum
1697 1773 1750 1828 in
1807 1772 1972 1827 multa

2079 559 2152 615 lix
2182 577 2303 616 cum
2343 561 2578 617 Drusilla
2618 577 2790 617 uxore
2821 577 2938 626 sua,
2972 577 3093 632 quae
3125 569 3242 616 erat
3269 559 3477 626 .lndra,
3511 573 3674 612 voca-

2075 654 2153 710 vit
2185 656 2503 721 Paulum,et
2534 655 2744 711 audivit
2765 655 2832 712 ab
2860 670 2926 712 eo
2955 654 3142 720 ﬁdem,
3174 668 3296 725 qua:
3322 653 3488 708 estin
3517 651 3674 708 Chri-

2076 759 2218 802 stum
2266 746 2474 803 Jesum.
2521 748 2847 817 Disputanle
2888 756 3069 802 autem
3119 747 3209 801 illo
3248 745 3316 798 de
3350 743 3586 814 justitia,
3615 753 3672 797 et

2076 841 2345 902 castitate,
2380 850 2430 894 et
2460 840 2754 910 dejudicio
2787 839 2992 906 futuro,
3028 837 3374 894 tremefactus
3411 833 3560 891 Felix
3589 851 3676 889 τοι

2077 935 2333 1007 spondit:
2363 934 2515 1004 Quod
2550 949 2693 990 nunc
2723 934 2937 1001 attinet,
2979 934 3113 990 vade
3151 951 3164 989 :
3195 941 3442 1002 tempore
3485 937 3669 985 autem

2077 1037 2382 1100 Opportune
2414 1043 2689 1088 accersam
2725 1037 2797 1083 te.
2827 1028 3000 1083 Simul
3037 1037 3092 1082 et
3118 1039 3368 1096 sperans,
3397 1023 3542 1094 quod
3572 1038 3672 1093 pe-

2077 1123 2234 1179 cunia
2269 1122 2318 1177 ei
2341 1121 2562 1178 daretur
2591 1138 2619 1176 a
2652 1122 2852 1191 Paulo;
2893 1131 3115 1192 propter
3151 1119 3295 1190 quod
3329 1129 3383 1173 et
3415 1117 3676 1188 frequen—

2079 1224 2162 1271 ter
2183 1230 2469 1272 accersens
2501 1230 2648 1280 eum,
2678 1216 3011 1285 loquebatur
3040 1229 3161 1268 cum
3196 1227 3282 1267 eo.
3311 1211 3539 1266 Biennio
3570 1225 3668 1264 au-

2079 1318 2187 1365 tem
2231 1310 2476 1381 expleto,
2539 1309 2749 1379 accepit
2805 1321 3178 1363 successorem
3232 1303 3382 1361 Felix
3431 1302 3672 1358 Portium

2082 1401 2324 1457 Festum.
2382 1401 2582 1456 Volens
2631 1409 2813 1456 autem
2870 1405 3104 1470 gratiam
3158 1407 3417 1469 pra‘stare
3467 1395 3674 1452 ludatis

2079 1495 2252 1562 Felix,
2283 1495 2502 1566 reliquit
2526 1494 2750 1550 Paulum
2784 1495 3040 1549 vinctum.

2153 1592 2306 1665 [ϐαρ.
2328 1589 2523 1657 XXV]
2552 1590 2742 1645 Fesuts
2768 1603 2899 1660 ergo
2936 1603 3056 1644 cum
3091 1587 3333 1643 venisset
3367 1586 3418 1639 in
3450 1584 3674 1653 provin-

2079 1689 2216 1745 ciam
2238 1729 2253 1755 ,
2288 1697 2408 1758 post
2453 1687 2688 1742 triduum
2722 1685 2968 1742 ascendit
3007 1684 3403 1756 Jcrosolytnam
3435 1697 3464 1736 a
3493 1681 3676 1736 Caesa-

2081 1798 2195 1838 rea.
2248 1781 2620 1852 Adieruntque
2677 1795 2801 1835 eum
2855 1779 3130 1850 principes
3189 1776 3567 1840 sacerdotum,
3625 1784 3680 1828 et

380 1880 517 1936 pace
546 1880 770 1934 agamus
801 1881 894 1935 per
926 1876 998 1933 te,
1033 1875 1088 1921 et
1114 1865 1284 1921 multa
1327 1865 1675 1936 corrigantur
1702 1882 1797 1937 per
1827 1873 1970 1920 tuam

2095 1876 2241 1947 primi
2263 1875 2598 1942 Judaeorum,
2616 1875 2878 1930 adversus
2899 1873 3152 1928 Paulum:
3175 1881 3227 1928 et
3245 1871 3504 1942 rogabant
3528 1885 3676 1932 eum,

379 1960 777 2030 providentiam
808 1977 822 2016 :
855 1975 1074 2030 semper
1095 1970 1148 2016 et
1173 1960 1370 2031 ubique
1394 1961 1746 2031 suseipimur,
1776 1960 1977 2030 optime

381 2053 560 2121 Felix,
591 2067 714 2108 cum
745 2054 893 2109 omni
922 2054 1219 2125 gratiarum
1267 2055 1502 2109 actione.
1538 2053 1615 2108 Ne
1637 2053 1860 2110 diutius
1884 2068 1979 2108 au-

382 2158 489 2204 tem
526 2157 575 2203 te
607 2150 942 2220 prolraltam,
968 2164 1087 2214 oro,
1112 2149 1351 2205 breviter
1383 2149 1573 2204 audias
1617 2163 1715 2204 nos
1763 2163 1860 2219 pro
1888 2155 1976 2202 tua

381 2239 689 2294 clementia.
757 2240 1071 2296 Invenimus
1123 2240 1270 2296 hunc
1314 2239 1594 2296 hominem
1655 2239 1976 2311 pestiferum

383 2342 439 2387 et
485 2333 851 2389 concitantem
905 2333 1205 2390 seditiones
1236 2335 1489 2387 omnibus
1535 2332 1738 2388 Judaeis
1773 2331 1828 2386 in
1861 2335 1977 2386 uni.

382 2441 540 2482 Verso
571 2429 724 2497 orbe,
757 2435 813 2482 et
842 2435 1121 2482 auctorem
1149 2428 1436 2482 seditionis
1465 2439 1630 2482 sectae
1657 2425 1978 2481 Natat-aeno-

381 2536 502 2577 rum
536 2539 548 2574 :
590 2522 680 2592 qui
709 2522 875 2576 etiam
903 2521 1162 2590 templum
1198 2520 1398 2575 violare
1427 2530 1656 2575 conatus
1680 2529 1782 2585 est,
1817 2536 1976 2589 quem

383 2626 438 2670 et
468 2613 871 2684 apprehensum
903 2615 1175 2669 voluimus
1205 2613 1502 2669 secundum
1533 2613 1709 2683 legem
1738 2622 1978 2666 nostram

379 2708 648 2780 judicare.
679 2708 1086 2779 Superveniens
1120 2717 1302 2762 autem
1338 2707 1585 2762 tribunus
1610 2704 1823 2776 Lysias,
1857 2720 1978 2760 cum

386 2803 442 2856 vi
477 2817 667 2872 magna
719 2802 924 2874 eripuit
968 2819 1092 2859 eum
1139 2804 1206 2858 de
1254 2801 1504 2858 manibus
1535 2801 1756 2865 nostris,
1783 2801 1982 2871 jubens

384 2905 735 2953 accusatores
788 2898 908 2967 ejus
948 2897 1015 2953 ad
1049 2907 1100 2952 te
1140 2897 1370 2952 venire:
1402 2910 1430 2949 a
1475 2910 1581 2964 quo
1629 2893 1832 2963 poteris
1865 2893 1982 2962 ipse

381 2990 667 3061 judicans,
701 2989 773 3046 de
822 2990 1077 3045 omnibus
1123 2989 1242 3045 istis
1291 3002 1647 3058 cognoscere,
1678 2985 1747 3041 de
1789 2986 1982 3052 quibus

387 3098 487 3139 nos
527 3098 845 3139 accusamus
887 3099 1036 3140 eum.
1081 3083 1415 3152 Adjecerunt
1459 3091 1638 3134 autem
1686 3088 1741 3134 et
1781 3077 1980 3144 Judtei,

387 3177 636 3233 dicentes
683 3176 798 3232 hmc
830 3177 903 3231 ita
939 3190 1001 3232 se
1033 3175 1254 3230 habere.
1298 3173 1600 3245 Respondit
1630 3181 1813 3227 autem
1847 3170 1986 3225 Pau-

2082 1969 2419 2042 postulantes
2456 1968 2686 2038 gratiam
2731 1967 2994 2022 adversus
3024 1980 3147 2020 eum
3173 2007 3186 2030 ,
3217 1972 3275 2019 ut
3297 1963 3512 2034 juberet
3548 1978 3676 2034 per-

2081 2062 2204 2118 duci
2231 2078 2355 2118 eum
2386 2061 2437 2116 iu
2483 2061 2790 2116 Jerusalem
2819 2101 2834 2128 ,
2865 2058 3091 2114 in~idias
3124 2058 3410 2114 tendentes
3441 2099 3453 2122 ,
3499 2067 3558 2110 ttt
3601 2058 3679 2110 in-

2084 2154 2396 2212 terficerent
2444 2169 2568 2209 eum
2619 2154 2670 2208 in
2713 2153 2822 2208 via.
2873 2151 3070 2208 Festus
3119 2160 3302 2206 autem
3357 2148 3631 2219 respondit
3665 2191 3679 2212 ,

2083 2255 2286 2305 servari
2321 2249 2544 2304 Paulum
2579 2249 2631 2302 in
2653 2232 2901 2302 Ciesarea
2930 2264 2942 2300 :
2969 2262 3028 2300 se
3055 2255 3235 2301 autem
3270 2245 3534 2298 maturius
3557 2257 3676 2311 pros

2084 2345 2373 2400 fecturum.
2406 2343 2508 2410 Qui
2539 2357 2668 2412 ergo
2694 2342 2745 2396 in
2779 2341 2957 2406 vobis,
2992 2341 3086 2404 ait,
3121 2348 3374 2408 potentes
3399 2346 3558 2401 sunt,
3584 2323 3681 2390 tle-

2083 2436 2413 2493 scendentes
2443 2433 2627 2503 simul,
2662 2433 2704 2488 si
2739 2433 2880 2504 quod
2912 2443 2995 2488 est
3029 2433 3080 2486 in
3117 2433 3233 2485 viro
3263 2431 3488 2494 crimen,
3524 2443 3682 2482 accu-

2084 2539 2204 2583 sent
2233 2543 2378 2582 eum.
2411 2527 2731 2580 Demaratus
2762 2533 2941 2580 autem
2982 2526 3123 2579 inter
3157 2538 3252 2578 eos
3281 2523 3398 2577 dies
3428 2537 3533 2576 non
3559 2536 3677 2575 am-

2084 2621 2224 2692 plius
2255 2635 2415 2692 quam
2439 2629 2585 2686 octo,
2611 2621 2703 2674 a'ut
2727 2619 2935 2685 decem,
2965 2618 3242 2673 descendit
3268 2615 3598 2683 Cursaream,
3627 2626 3680 2669 ct

2084 2717 2254 2772 altera
2276 2715 2366 2772 die
2400 2713 2542 2770 sedit
2581 2729 2680 2785 pro
2724 2712 2979 2768 tribunali
3007 2756 3020 2778 ,
3061 2721 3114 2766 et
3137 2709 3299 2779 jussit
3325 2710 3550 2764 Paulum
3586 2709 3679 2763 ad-

2083 2807 2229 2864 duci.
2283 2807 2384 2874 Qui
2442 2821 2563 2861 cum
2614 2805 2912 2876 perductus
2964 2815 3147 2872 esset,
3203 2803 3684 2858 circumsteterunt

2085 2916 2232 2968 eum,
2255 2900 2347 2971 qui
2371 2899 2438 2955 ab
2459 2899 2801 2970 Jerosolyma
2832 2897 3235 2952 descenderant
3261 2895 3456 2963 Judrei,
3484 2895 3681 2950 multas

2086 3004 2143 3048 et
2163 3007 2354 3064 graves
2381 3008 2575 3048 causas
2606 2991 2951 3059 objicientes,
2977 3004 3113 3060 quas
3145 3003 3250 3044 non
3282 2996 3534 3057 poterant
3555 3003 3685 3057 pro-

2087 3085 2241 3152 bare,
2272 3087 2440 3141 Paulo
2471 3086 2738 3140 rationem
2778 3084 3078 3140 reddente:
3107 3083 3368 3151 Quoniam
3414 3097 3593 3152 neque
3629 3082 3683 3136 in

2089 3179 2265 3250 legem
2295 3178 2604 3234 Judazorum
2628 3221 2642 3244 ,
2672 3191 2847 3248 neque
2871 3178 2924 3233 in
2952 3177 3212 3248 templum
3231 3219 3246 3242 ,
3281 3191 3455 3246 neque
3485 3176 3536 3230 in
3567 3172 3687 3229 Cte—

387 3271 473 3327 lus
501 3271 800 3340 (annuente
820 3271 925 3325 sibi
960 3269 1196 3340 praeside
1226 3267 1469 3340 dicere):
1502 3268 1579 3322 Ex
1613 3266 1798 3322 multis
1829 3266 1987 3320 annis
2012 3253 2058 3316 C
2092 3285 2270 3327 sarem
2304 3270 2597 3342 quidquam
2631 3271 2872 3341 peccavi.
2907 3271 3100 3326 Festus
3129 3279 3311 3324 autem
3337 3268 3527 3324 volens
3557 3281 3686 3338 gra-

391 3373 445 3418 te
493 3378 614 3419 esse
649 3363 888 3433 iudicem
922 3361 1070 3433 genti
1104 3362 1230 3416 huic
1276 3361 1476 3426 sciens,
1502 3361 1647 3415 bono
1673 3360 1857 3415 animo
1888 3373 1987 3429 pro

392 3472 480 3514 me
526 3455 880 3513 satisfaciam.
915 3456 1078 3512 Potes
1113 3456 1260 3510 enim
1304 3468 1674 3525 cognoscere,
1707 3454 1833 3524 quia
1879 3465 1986 3506 non

392 3551 513 3621 plus
538 3560 662 3604 sunt
695 3549 825 3606 mihi
856 3549 993 3617 dies,
1018 3565 1180 3620 quam
1205 3547 1520 3615 duodecim,
1545 3562 1610 3602 ex
1638 3561 1746 3617 quo
1769 3545 1986 3601 ascendi

394 3643 628 3699 adorare
661 3645 715 3698 in
763 3642 1066 3699 Jerusalem
1102 3661 1114 3696 :
1144 3651 1196 3697 et
1231 3656 1407 3711 neque
1441 3640 1495 3694 in
1525 3639 1732 3710 templo
1763 3638 1989 3694 invene-

393 3745 524 3793 runt
568 3751 654 3791 me
701 3752 824 3792 cum
874 3736 1056 3807 aliquo
1100 3735 1493 3805 disputantetn,
1535 3743 1628 3788 aut
1659 3747 1989 3789 concursum

395 3829 686 3884 facientem
712 3830 904 3896 turbte,
939 3843 1115 3899 neque
1143 3826 1196 3882 in
1230 3827 1541 3899 synagogis,
1571 3841 1747 3896 neque
1778 3825 1829 3879 in
1854 3824 1992 3880 civi-

397 3931 508 3980 tate
537 3941 553 3981 :
580 3938 755 3993 neque
801 3922 1032 3993 probare
1079 3929 1312 3993 pOSsunt
1355 3920 1474 3988 tibi,
1499 3920 1568 3976 de
1609 3920 1804 3990 quibus
1851 3934 1993 3974 nunc

398 4034 490 4074 me
512 4025 789 4074 accusant.
819 4017 1096 4072 Confiteor
1124 4025 1304 4071 autem
1339 4015 1442 4070 hoc
1475 4014 1594 4079 tibi,
1623 4014 1768 4085 quod
1796 4028 1998 4068 secun-

400 4112 530 4168 dum
581 4121 815 4176 sectam,
865 4127 1026 4182 quam
1077 4109 1264 4164 dicunt
1312 4107 1696 4176 baeresim,sic
1744 4106 1996 4162 deservio

363 4209 372 4215 '
401 4203 552 4260 Patri
585 4211 639 4258 et
666 4205 775 4260 Deo
807 4219 953 4270 meo,
981 4202 1210 4259 credens
1238 4202 1510 4270 omnibus,
1543 4217 1663 4271 qua:
1697 4201 1748 4256 in
1779 4200 1922 4270 Lege
1945 4209 1998 4254 et

402 4297 694 4367 Pr0phetis
760 4297 958 4366 scripta
1014 4306 1141 4351 sunt
1176 4313 1193 4369 γε
1227 4311 1381 4367 spem
1439 4295 1650 4352 habens
1694 4294 1747 4350 in
1801 4295 1997 4361 Deum,

402 4405 567 4460 quam
599 4400 654 4444 et
682 4387 736 4444 bi
765 4389 866 4460 ipsi
905 4398 1246 4458 exspectant,
1269 4387 1725 4443 resurrectionem
1761 4386 1998 4440 futuram

399 4485 694 4558 justorum,
729 4492 784 4540 et
812 4484 1144 4554 iniquorum.
1171 4482 1228 4537 in
1275 4481 1380 4537 hoc
1421 4492 1473 4536 et
1504 4483 1622 4549 ipse
1663 4481 1857 4536 studeo
1885 4481 2001 4535 sine

404 4578 735 4635 offendicula
761 4578 1151 4635 conscientiam
1184 4577 1386 4632 habere
1415 4575 1481 4631 ad
1506 4576 1698 4642 Deum,
1731 4586 1791 4642 et
1814 4577 1880 4630 ad
1905 4576 2003 4631 ho-

2095 3365 2223 3419 tiatn
2256 3373 2516 3434 praestare
2547 3363 2773 3433 .Iudaeis,
2803 3363 3144 3436 respondens
3167 3362 3359 3429 Paulo,
3392 3360 3532 3416 dixit
3559 3377 3571 3414 :
3596 3359 3690 3415 Vis

2092 3457 2486 3529 Jerosolymam
2510 3456 2811 3514 ascendere
2833 3502 2846 3525 ,
2879 3467 2937 3512 et
2966 3456 3042 3511 ibi
3072 3456 3139 3510 de
3167 3454 3250 3510 bis
3281 3453 3514 3524 judicari
3547 3451 3689 3523 apud

2095 3552 2224 3608 me?
2257 3551 2400 3607 Dixit
2428 3560 2609 3608 autem
2637 3550 2838 3606 Paulus
2870 3550 2990 3606 :Ad
3029 3548 3267 3603 tribunal
3299 3546 3530 3602 Caesaris
3563 3554 3684 3614 sto,

2094 3645 2170 3702 ibi
2201 3661 2287 3702 me
2319 3653 2535 3716 oportet
2555 3644 2791 3715 judicari
2819 3661 2832 3699 :
2865 3643 3067 3700 Judaeis
3097 3658 3205 3696 non
3236 3641 3430 3706 nocui,
3464 3639 3604 3694 sicut
3636 3646 3693 3692 tu

2097 3739 2292 3794 melius
2319 3737 2481 3793 nosti.
2517 3737 2570 3794 Si
2604 3738 2746 3792 enim
2780 3735 2973 3804 nocui,
3012 3743 3107 3790 aut
3135 3734 3356 3804 dignum
3387 3741 3562 3787 morte
3597 3730 3696 3786 ali-

2096 3832 2223 3903 quid
2260 3831 2382 3896 feci,
2406 3847 2516 3886 non
2547 3845 2742 3887 recuso
2765 3831 2903 3885 mori
2938 3845 2952 3896 ;
2983 3827 3030 3884 si
3053 3843 3182 3884 vero
3213 3826 3345 3882 nihil
3373 3835 3689 3890 esteorum,

2097 3941 2218 3997 quae
2250 3925 2302 3980 hi
2331 3935 2587 3981 accusant
2621 3939 2741 3991 me,
2781 3938 2943 3980 nemo
2982 3930 3164 3994 potest
3202 3935 3290 3977 me
3333 3919 3439 3976 illis
3465 3918 3691 3974 donare.

2099 4017 2371 4074 Caesarem
2395 4018 2630 4087 appello.
2657 4017 2808 4072 Tunc
2831 4016 3024 4072 Festus
3054 4030 3177 4071 cum
3202 4013 3434 4069 concilio
3458 4013 3693 4078 locutus,

2100 4112 2420 4184 respondit:
2451 4111 2727 4167 Cazsarem
2773 4109 3096 4182 appellasti?
3135 4107 3201 4162 ad
3246 4106 3521 4164 Caesarem
3569 4103 3694 4159 ibis.

2101 4209 2316 4265 Etcum
2360 4207 2476 4264 dies
2519 4207 2727 4277 aliquot
2761 4203 3033 4260 lransacli
3079 4211 3290 4270 essent,
3327 4201 3564 4271 Agrippa
3602 4212 3697 4253 rex

2104 4312 2158 4358 et
2182 4302 2408 4357 Bernice
2439 4300 2844 4357 descenderunt
2878 4297 3186 4352 Caesaream
3230 4295 3298 4350 ad
3347 4293 3698 4350 salutandum

2103 4392 2349 4450 Festum.
2383 4393 2450 4448 Et
2479 4408 2601 4448 cum
2643 4391 2761 4447 dies
2800 4391 2980 4461 plures
3013 4389 3085 4444 ibi
3123 4389 3564 4451 demorarentur,
3594 4384 3698 4440 Fe-

2106 4498 2222 4545 stus
2253 4486 2367 4557 regi
2409 4485 2665 4541 indicavit
2696 4484 2764 4540 de
2790 4483 2978 4550 Paulo,
3009 4482 3199 4537 dicens
3226 4498 3238 4535 :
3263 4479 3358 4536 Vir
3379 4479 3598 4551 quidam
3620 4491 3703 4534 eSt

2109 4583 2404 4639 derelictus
2431 4597 2460 4635 a
2485 4581 2666 4636 Felice
2695 4581 2925 4644 vinctus,
2956 4578 3023 4633 de
3048 4590 3158 4648 quo
3187 4589 3308 4630 cum
3340 4587 3518 4629 essem
3544 4571 3702 4628 .lero-

406 4677 585 4731 mines
614 4688 853 4745 semper.
888 4674 1019 4728 Ρυεῑ
1049 4686 1219 4727 annos
1247 4681 1430 4726 autem
1460 4672 1662 4740 Pl'lrcsi
1696 4671 2003 4743 eleemosy-
2035 4643 2086 4703 D
2112 4675 2372 4747 solymis,
2403 4673 2655 4728 adierunt
2699 4687 2787 4727 me
2817 4669 3091 4740 principes
3117 4665 3461 4723 sacerdotum
3484 4707 3498 4732 ,
3537 4673 3592 4719 et
3622 4678 3709 4719 se-

407 4785 505 4825 nas
537 4767 781 4823 facturus
823 4767 874 4822 in
917 4773 1134 4838 gentem
1185 4779 1384 4829 meam,
1420 4765 1563 4830 veni,
1594 4771 1650 4818 et
1678 4764 2002 4830 oblationes,

406 4872 463 4918 et
510 4873 652 4916 vota.
707 4860 762 4914 ln
791 4859 984 4931 quibus
1037 4859 1362 4914 invenerunt
1424 4871 1511 4912 me
1558 4856 1906 4925 purificatum
1955 4857 2007 4911 in

410 4954 643 5023 templo,
672 4967 778 5008 non
802 4968 924 5008 cum
959 4952 1112 5007 turba
1139 4965 1313 5022 neque
1343 4964 1464 5005 cum
1493 4951 1748 5004 tumultu.
1776 4948 2006 5016 Quidam

409 5057 592 5106 autem
627 5063 693 5103 ex
738 5046 866 5102 Asia
896 5045 1090 5109 Judaei,
1124 5061 1259 5114 quos
1289 5044 1580 5114 oportebat
1603 5043 1743 5115 apud
1781 5052 1832 5100 te
1864 5058 2009 5114 prte-

413 5153 499 5198 sto
526 5155 672 5208 esse,
697 5153 750 5196 et
780 5155 1038 5196 accusare
1061 5140 1104 5193 si
1131 5139 1260 5210 quid
1288 5139 1551 5194 haberent
1573 5139 1860 5194 adversum
1884 5154 1972 5194 me
1993 5156 2009 5194 :

412 5245 510 5292 aut
538 5235 591 5288 hi
624 5235 721 5305 ipsi
747 5226 934 5288 dicant
957 5233 1000 5287 si
1031 5232 1160 5302 quid
1203 5233 1529 5288 invenerunt
1559 5232 1614 5287 in
1647 5247 1732 5287 me
1757 5231 2013 5301 iniquita-

414 5330 504 5397 tis,
527 5343 652 5384 cum
672 5338 810 5383 stem
841 5328 892 5383 in
917 5328 1172 5394 concilio,
1199 5327 1302 5382 nisi
1317 5327 1384 5382 de
1414 5341 1517 5382 una
1543 5326 1643 5382 hac.
1671 5326 2015 5383 solummodo

414 5441 572 5491 voce,
607 5441 714 5497 qua
745 5425 976 5481 clamavi
1009 5426 1150 5481 inter
1176 5440 1270 5482 eos
1310 5433 1461 5480 stans
1489 5443 1500 5478 :
1535 5424 1804 5493 Quoniam
1835 5423 1903 5480 de
1924 5440 2014 5480 re-

417 5521 767 5575 surrectione
804 5529 1140 5575 mortuormn
1184 5533 1284 5589 ego
1325 5518 1539 5588 jndicor
1585 5517 1748 5573 hodie
1778 5533 1809 5572 a
1840 5518 2015 5573 vobis.

419 5613 643 5668 Distulit
687 5622 869 5668 autem
915 5612 1035 5667 illos
1064 5611 1238 5677 Felix,
1267 5610 1577 5666 certissime
1605 5611 1787 5666 sciens
1815 5611 1885 5666 de
1934 5611 2019 5666 via

421 5705 544 5776 hac,
569 5704 761 5761 dicens
798 5704 971 5759 :Cum
1005 5703 1252 5760 tribunus
1288 5703 1480 5776 Lysias
1521 5703 1891 5773 descenderit,
1923 5719 2022 5759 au-

421 5797 566 5854 diam
602 5813 722 5852 vos.
753 5796 1036 5869 Jussitque
1076 5797 1398 5854 Centurioni
1450 5798 1730 5855 custodire
1775 5812 1921 5866 eum,
1969 5805 2024 5854 et

424 5891 629 5949 habere
671 5893 938 5965 requiem,
963 5907 1064 5951 nec
1093 5907 1421 5966 quemquam
1453 5893 1522 5952 de
1565 5894 1679 5951 suis
1728 5893 2021 5966 prohibere

2114 4770 2297 4824 niores
2319 4767 2664 4832 Iudaeorum,
2706 4765 3044 4835 postulantes
3080 4763 3340 4817 adversus
3371 4760 3519 4814 illum
3551 4757 3706 4813 dam-

2115 4862 2412 4919 nationem.
2441 4861 2518 4916 Ad
2548 4875 2687 4930 quos
2710 4857 2964 4929 respondi
2999 4876 3011 4912 :
3041 4856 3176 4925 Quia
3203 4871 3309 4909 non
3337 4861 3422 4908 est
3451 4850 3710 4907 Romanis

2114 4957 2450 5013 consuetudo
2493 4956 2748 5010 damnare
2786 4955 3020 5023 aliquem
3054 4949 3330 5006 hominem
3355 4989 3368 5010 ,
3398 4946 3709 5016 priusquam

2116 5049 2162 5104 is
2190 5051 2280 5120 qui
2314 5057 2620 5114 accusatur,
2653 5057 2948 5116 praesentes
2994 5045 3190 5099 habeat
3218 5049 3600 5102 accusatores,
3634 5037 3712 5091 lo-

2117 5159 2350 5214 cumque
2389 5142 2716 5199 defendendi
2763 5141 2998 5211 accipiat
3041 5137 3108 5194 ad
3157 5137 3424 5192 abluenda
3465 5133 3712 5188 crimina.

2117 5234 2249 5292 Cum
2283 5251 2414 5308 ergo
2457 5237 2562 5291 huc
2598 5235 2984 5292 convenissent
3014 5233 3132 5288 sine
3163 5231 3273 5287 ulla
3298 5228 3592 5292 dilatione,
3623 5239 3714 5281 se-

2119 5327 2308 5401 quenti
2333 5329 2422 5384 die
2453 5329 2654 5385 sedens
2683 5342 2779 5398 pro
2823 5324 3103 5389 tribunali,
3125 5322 3265 5394 jussi
3297 5319 3492 5376 adduci
3514 5317 3716 5374 virum.

2121 5421 2198 5476 De
2228 5437 2357 5491 quo,
2390 5436 2511 5475 eum
2545 5419 2826 5475 stetissent
2855 5416 3233 5480 aceusatbres,
3264 5413 3472 5470 nullam
3501 5425 3720 5466 causam

2126 5514 2476 5581 deferebant,
2516 5514 2583 5568 de
2604 5513 2802 5584 quibus
2833 5526 2934 5580 ego
2961 5508 3280 5580 suspicabar
3308 5507 3529 5563 malum.
3562 5503 3722 5572 Quae-

2127 5610 2334 5667 stiones
2367 5623 2494 5664 vero
2521 5606 2786 5678 quasdam
2817 5606 2887 5662 de
2908 5620 3002 5659 sua
3031 5601 3420 5673 superstitione
3447 5597 3722 5654 habebant

2129 5703 2416 5759 adVersutn
2448 5717 2569 5757 eum
2597 5745 2611 5769 ,
2639 5709 2694 5757 et
2724 5701 2790 5756 de
2820 5697 3053 5770 quodam
3099 5696 3227 5754 Jesu
3247 5695 3532 5760 defuncto,
3563 5704 3723 5762 quem

2131 5797 2436 5854 affirmabat
2476 5796 2676 5854 Paulus
2703 5793 2914 5850 vivere.
2969 5792 3236 5848 llassitans
3281 5799 3460 5846 autem
3508 5799 3608 5855 ego
3657 5782 3726 5837 de

2137 5892 2449 5964 huiusmodi
2490 5890 2828 5966 quaestione,
2858 5887 3111 5947 dicebant
3139 5886 3183 5941 si
3207 5883 3371 5942 vellet
3408 5882 3485 5938 ire
3514 5879 3729 5935 Jcroso-
