4166 6336
494 355 598 410 ’125

1489 352 1548 409 S.
1597 349 1977 410 illEllUNYMl
2017 349 2249 407 DlV'lNA
2292 349 2766 407 DlltLlUTilECA.

2379 226 2396 254 Ι

3688 354 3792 413 γει

491 472 692 545 lymam
718 512 734 538 ,
767 477 821 522 et
853 466 927 523 ibi
952 466 1182 537 judicari
1210 468 1275 523 de
1304 468 1444 525 istis.
1478 469 1646 526 Paulo
1686 477 1866 527 autem
1904 468 2088 540 appel-
2121 468 2172 528 Α
2199 482 2316 521 rum
2346 512 2361 536 ,
2396 475 2454 522 ut
2492 477 2882 524 convertantur
2906 482 2937 522 a
2971 468 3213 525 tenebris
3249 468 3317 523 ad
3359 471 3535 527 lucem
3562 511 3578 537 ,
3621 480 3677 525 et
3724 471 3793 528 de

494 569 641 623 lante
667 609 682 634 ,
717 573 776 620 ut
806 572 1120 620 servaretur
1148 562 1215 617 ad
1256 564 1484 634 Augusti
1511 564 1879 636 cognitionem
1908 605 1922 629 ,
1949 562 2088 633 jussi

499 659 708 717 servari
774 674 940 725 eum,
992 656 1166 713 donec
1231 656 1444 713 mittam
1508 672 1630 713 eum
1680 656 1746 711 ad
1796 657 2087 713 Caesarem.

489 756 727 827 Agrippa
766 761 950 809 autem
991 751 1129 807 dixit
1167 750 1235 807 ad
1277 750 1499 807 Festum
1533 770 1545 804 :
1579 750 1839 806 Volebam
1876 760 1930 807 et
1973 749 2091 823 ipse

490 847 767 903 hominem
800 844 1005 899 audire.
1052 843 1185 905 Cras
1208 883 1223 909 ,
1260 842 1466 913 inquit,
1513 842 1700 898 audies
1727 857 1873 897 eum.
1905 839 2090 897 Altera

489 949 668 998 autem
700 938 821 1006 die,
851 952 971 992 cum
1008 936 1249 992 venisset
1274 934 1511 1008 Agrippa
1532 978 1547 1005 ,
1587 944 1641 992 et
1670 936 1897 992 Bernice
1919 978 1933 1001 ,
1963 951 2088 993 cum

491 1033 659 1090 multa
685 1029 988 1086 ambitione
1014 1071 1029 1097 ,
1061 1038 1115 1083 et
1150 1027 1473 1084 introissent
1501 1028 1555 1085 in
1598 1027 1925 1085 auditorium
1964 1043 2094 1082 cum

492 1126 747 1191 tribunis,
780 1132 836 1181 et
857 1122 990 1178 viris
1023 1121 1415 1194 principalibus
1445 1121 1712 1192 civitatis,
1740 1121 1966 1193 jubente
1988 1120 2091 1177 Fe-

489 1230 609 1290 sto,
636 1217 901 1274 adductus
923 1228 1007 1273 eSt
1038 1215 1256 1272 Paulus.
1291 1214 1361 1271 Et
1402 1214 1537 1270 dicit
1572 1214 1764 1271 Festus
1803 1235 1813 1270 :
1850 1216 2090 1286 Agrippa

487 1330 582 1371 rex
604 1357 619 1382 ,
645 1323 701 1368 et
727 1324 952 1376 omnes,
978 1308 1072 1382 qui
1103 1309 1268 1365 simul
1299 1308 1504 1365 adesus
1525 1308 1806 1365 nobiscum
1842 1309 1974 1375 viri,
2010 1309 2088 1362 vi-

485 1405 627 1460 detis
651 1402 818 1471 hune,
840 1403 909 1459 de
928 1417 1037 1474 quo
1063 1400 1240 1457 omnis
1265 1400 1558 1457 multitudo
1580 1400 1891 1456 Judaeorum
1923 1400 2092 1456 inter—

488 1498 710 1569 pellavit
737 1511 828 1551 me
852 1494 1237 1568 Jerosolymis,
1258 1502 1504 1566 petentes
1525 1503 1578 1550 et
1601 1494 1959 1550 aet-laniantes
1981 1508 2091 1548 non

485 1602 748 1664 oportere
786 1605 912 1646 eum
955 1590 1145 1645 vivere
1188 1588 1440 1661 amplius.
1501 1587 1619 1657 Ego
1667 1600 1799 1641 vero
1847 1584 2091 1655 comperi

490 1687 622 1743 nihil
650 1685 873 1757 dignum
916 1692 1090 1738 morte
1121 1696 1246 1737 eum
1288 1679 1593 1736 admisisse.
1627 1678 1748 1750 Ipso
1781 1688 1961 1735 autem
1990 1680 2092 1734 hoc

492 1778 806 1851 appellante
834 1776 903 1832 ad
946 1777 1251 1847 Augustum
1276 1813 1292 1841 ,
1321 1771 1561 1844 judicavi
1603 1770 1842 1828 mittere.
1880 1771 1956 1828 De
1983 1786 2089 1841 quo

2199 569 2470 633 potestate
2506 561 2730 617 Satanae
2763 562 2828 617 ad
2863 562 3030 618 Deum
3057 606 3072 631 ,
3130 571 3187 617 ut
3210 563 3487 633 accipiant
3508 556 3796 620 remissio-

2196 671 2318 712 nem
2351 665 2724 727 peccatorum,
2746 668 2801 713 et
2827 666 3031 713 sortem
3056 658 3194 713 inter
3216 667 3457 722 sinctos,
3481 672 3578 729 per
3600 658 3792 729 ﬁdem,

2194 766 2316 821 quae
2344 760 2427 807 est
2456 752 2510 806 in
2537 766 2647 809 me.
2683 751 2839 808 Unde
2864 793 2880 821 ,
2923 767 3016 808 rex
3047 752 3287 824 Agrippa
3314 795 3330 820 ,
3363 768 3474 808 non
3508 753 3581 808 lui
3612 754 3793 810 incre-

2194 843 2352 899 dulus
2373 844 2580 900 caelesti
2616 844 2809 899 visioni
2844 863 2854 898 :
2885 844 2981 900 sed
3009 844 3115 911 his,
3147 844 3236 916 qui
3265 855 3391 900 sunt
3415 844 3663 901 Damasci
3683 845 3795 916 priv

2196 952 2382 1003 mum,
2415 945 2470 992 et
2517 936 2875 1010 Jerosolymis
2902 979 2917 1006 ,
2961 947 3016 993 et
3043 937 3095 993 in
3128 951 3346 996 omnem
3379 936 3662 1008 regionem
3691 937 3795 993 Ju-

2195 1030 2351 1096 daeae,
2379 1039 2434 1085 et
2458 1030 2715 1101 gentibus
2742 1031 3157 1099 annuntiabam,
3190 1039 3247 1086 ut
3272 1031 3644 1101 paenitentiam
3667 1046 3796 1103 age-

2196 1129 2339 1189 rent,
2367 1133 2419 1177 et
2448 1132 2903 1178 converterentur
2925 1122 2989 1177 ad
3022 1122 3191 1178 Deum
3215 1165 3229 1188 ,
3264 1121 3426 1193 digna
3456 1123 3795 1193 poenitentiae

2193 1228 2358 1284 opera
2385 1211 2663 1268 facientes.
2692 1212 2804 1269 llac
2828 1229 2894 1270 ex
2923 1228 3084 1269 causa
3115 1229 3202 1270 me
3232 1214 3427 1279 Judaei,
3463 1230 3587 1271 cum
3612 1230 3793 1273 essem

2195 1305 2247 1359 in
2301 1305 2546 1376 templo,
2605 1308 3064 1376 eontprehensum
3127 1306 3410 1363 tentabant
3455 1307 3793 1368 interﬁcere.

2192 1396 2413 1453 Auxilio
2465 1410 2645 1453 autem
2691 1397 2909 1469 adjutus
2958 1398 3093 1466 Dei,
3146 1413 3319 1471 usque
3366 1399 3421 1455 in
3465 1397 3792 1457 hodiernum

2195 1489 2337 1545 diem
2364 1498 2472 1559 sto,
2499 1489 2797 1546 testiﬁcans
2827 1490 3028 1545 minori
3066 1501 3230 1562 atque
3260 1491 3487 1563 majori,
3518 1491 3653 1548 nihil
3685 1509 3794 1550 ex-

2194 1593 2276 1638 tra
2303 1583 2491 1639 dicens
2522 1598 2682 1654 quam
2732 1599 2794 1640 ea
2823 1626 2835 1650 ,
2867 1600 2990 1656 qua:
3022 1585 3302 1656 prophetae
3336 1584 3503 1642 locuti
3544 1597 3673 1644 sunt
3697 1586 3787 1650 fu-

2196 1688 2312 1734 tura
2341 1692 2504 1746 esse,
2529 1688 2584 1734 et
2610 1677 2824 1750 Moyses
2855 1697 2870 1734 :
2899 1680 2944 1735 si
2980 1680 3252 1751 passibilis
3274 1679 3531 1737 Christus
3550 1721 3567 1749 ,
3599 1683 3645 1739 si
3680 1682 3796 1753 pri-

2197 1786 2316 1827 mus
2343 1787 2410 1828 ex
2444 1774 2849 1829 resurrectione
2878 1783 3244 1842 mortuorum,
3279 1774 3459 1833 lumen
3492 1777 3793 1832 annuntia-

490 1872 620 1942 quid
652 1877 862 1926 certum
904 1868 1141 1924 scribam
1184 1864 1441 1934 domino,
1494 1880 1601 1921 non
1638 1862 1833 1921 habeo.
1862 1863 2091 1934 Propter
2121 1863 2169 1924 B
2199 1876 2349 1920 turus
2371 1875 2452 1920 est
2484 1867 2683 1937 populo
2709 1908 2723 1935 ,
2757 1876 2811 1922 et
2840 1867 3116 1938 gentibus.
3154 1868 3279 1924 llaec
3311 1869 3570 1941 loquente
3598 1885 3665 1926 eo
3688 1911 3704 1938 ,
3736 1880 3795 1928 et

491 1966 633 2037 quod
664 1962 910 2036 produxi
960 1977 1085 2017 eum
1131 1959 1198 2015 ad
1226 1976 1323 2016 vos
1348 2003 1363 2028 ,
1403 1968 1459 2016 et
1501 1959 1739 2015 maxime
1765 1956 1834 2013 ad
1873 1967 1958 2024 te,
1992 1973 2089 2013 rex

487 2060 746 2131 Agrippa,
770 2063 829 2111 ut
853 2051 1284 2124 interrogatione
1323 2049 1495 2119 facta,
1528 2048 1761 2106 habeam
1789 2049 1920 2121 quid
1948 2048 2088 2105 scri-

490 2153 636 2205 bam.
675 2148 804 2205 Sine
843 2146 1057 2201 ratione
1090 2143 1236 2200 enim
1276 2142 1413 2199 mihi
1457 2142 1673 2198 videtur
1719 2140 1938 2199 mittere
1973 2141 2091 2197 vin-

487 2249 633 2297 ctum
661 2281 675 2305 ,
708 2248 765 2295 et
785 2252 979 2294 causas
1009 2237 1130 2309 ejus
1153 2252 1259 2292 non
1292 2234 1620 2308 signiﬁcare.

557 2331 712 2407 [Cap.
741 2328 959 2404 XXVI.]
1003 2329 1238 2402 Agrippa
1268 2344 1399 2386 vero
1428 2328 1496 2384 ad
1527 2327 1753 2385 Paulum
1787 2328 1862 2385 ait
1892 2346 1906 2383 :
1954 2329 2086 2385 Per-

487 2433 724 2490 mittitur
748 2431 843 2487 tibi
875 2430 1023 2503 loqui
1051 2446 1154 2502 pro
1185 2428 1494 2509 temetipso.
1532 2427 1687 2484 Tunc
1712 2426 1913 2484 Paulus
1935 2468 1951 2496 ,
1994 2442 2088 2484 ex-

487 2540 635 2583 tenta
667 2531 830 2581 m‘anu
856 2566 871 2594 ,
913 2524 1081 2595 erepit
1104 2508 1390 2599 rationem,
1410 2512 1662 2589 reddere.
1694 2520 1772 2577 De
1797 2519 2084 2587 omnibus,

483 2619 680 2693 quibus
704 2633 929 2675 accusor
957 2633 985 2671 a
1024 2616 1230 2673 Iudaeis
1255 2658 1271 2684 ,
1316 2604 1418 2672 rex
1449 2614 1686 2687 Agrippa
1712 2654 1729 2683 ,
1756 2615 1967 2670 aestimo
2000 2628 2087 2670 me

486 2718 706 2773 beatum
735 2755 753 2784 ,
782 2711 927 2784 apud
970 2718 1023 2768 te
1065 2725 1187 2767 eum
1230 2710 1332 2764 sim
1379 2708 1708 2765 defensurus
1753 2722 1840 2763 me
1890 2706 2082 2776 hodie,

490 2811 729 2866 maxime
761 2817 813 2864 te
848 2808 1056 2863 sciente
1085 2804 1290 2873 omnia,
1325 2811 1525 2875 etquae
1547 2800 1689 2873 apud
1721 2800 1939 2858 Judaeos
1960 2811 2087 2858 sunt

487 2901 929 2967 consuetudines,
956 2909 1011 2955 et
1036 2898 1368 2969 quaestiones
1392 2937 1408 2963 ,
1440 2903 1667 2966 propter
1688 2894 1833 2967 quod
1856 2895 2085 2951 obsecro

486 3000 755 3072 patienter
785 3013 872 3053 me
911 2993 1119 3049 audias.
1154 2992 1218 3046 Et
1254 2990 1476 3062 quidem
1504 2988 1669 3044 vitam
1700 3003 1878 3044 meam
1920 3003 1949 3043 a
1990 2987 2080 3057 ju-

488 3103 708 3151 ventute
733 3133 749 3160 ,
795 3106 918 3161 qua:
949 3087 1017 3141 ab
1046 3086 1196 3141 initio
1224 3083 1321 3138 fuit
1348 3081 1403 3138 in
1437 3094 1599 3153 gente
1630 3095 1750 3136 mea
1783 3080 1835 3136 in
1865 3079 2083 3137 Jeroso-

486 3186 666 3260 lymis,
693 3190 960 3240 noverunt
987 3192 1179 3234 omnes
1222 3176 1398 3232 Judaei
1447 3192 1461 3228 :
1507 3174 1858 3247 praescientes
1899 3189 1985 3229 me
2016 3176 2083 3230 ah

2194 1957 2460 2012 rationem
2503 1957 2772 2015 reddente
2798 2002 2813 2027 ,
2847 1958 3041 2016 Festus
3078 1976 3276 2033 magna
3303 1977 3444 2019 voce
3488 1963 3624 2019 dixit
3656 1982 3668 2017 :
3702 1963 3794 2020 ln-

2193 2049 2362 2118 sanis,
2390 2048 2557 2105 Paule
2579 2090 2594 2116 ,
2628 2049 2812 2106 multa:
2847 2060 2896 2107 te
2927 2053 3125 2107 litterae
3153 2053 3220 2108 ad
3250 2054 3521 2110 insaniam
3554 2069 3795 2112 conver-

2193 2154 2335 2200 tunt.
2361 2145 2427 2202 Et
2449 2145 2659 2201 Paulus
2680 2164 2691 2201 :
2712 2145 2828 2202 Non
2861 2147 3075 2203 insanio
3101 2147 3346 2222 (inquit).
3376 2148 3584 2219 Optime
3606 2149 3791 2217 Feste,

2191 2240 2285 2295 sed
2318 2240 2567 2295 veritatis
2606 2250 2662 2297 et
2693 2240 3011 2297 sobrietatis
3042 2242 3205 2298 verba
3240 2243 3457 2313 loquor.
3487 2242 3603 2300 Scit
3642 2244 3790 2301 enim

2190 2333 2260 2389 de
2287 2333 2369 2389 his
2399 2349 2496 2390 rex
2522 2376 2537 2403 ,
2582 2334 2648 2389 ad
2698 2349 2859 2405 quem
2888 2345 2944 2391 et
2984 2344 3309 2393 constanter
3342 2337 3537 2408 loquor
3571 2355 3586 2392 :
3618 2338 3793 2396 latere

2190 2431 2336 2484 enim
2367 2443 2490 2484 eum
2519 2428 2656 2484 nihil
2688 2429 2882 2485 borum
2924 2431 3188 2488 arbitror.
3219 2431 3406 2503 Neque
3432 2433 3577 2490 enim
3610 2436 3663 2490 in
3691 2449 3792 2489 an-

2190 2522 2317 2590 gulo
2373 2521 2669 2594 quidquam
2724 2522 2921 2579 horum
2975 2533 3188 2595 gestum
3249 2534 3355 2581 est.
3406 2523 3629 2592 Credis,
3690 2544 3789 2584 rex

2190 2616 2455 2687 Agrippa,
2479 2615 2803 2688 Prophetis‘!
2827 2616 2954 2673 Scio
2973 2616 3095 2687 quia
3115 2617 3318 2674 credis.
3342 2618 3580 2690 Agrippa
3603 2630 3786 2676 autem

2190 2712 2256 2766 ad
2295 2711 2523 2767 Paulum
2556 2730 2568 2766 :
2595 2711 2652 2765 In
2676 2710 2888 2768 modico
2910 2712 3106 2768 suades
3131 2728 3217 2768 me
3251 2713 3622 2770 Christianum
3647 2715 3784 2771 ﬁeri.

2191 2806 2258 2859 Et
2290 2804 2488 2860 Paulus
2520 2822 2532 2859 :
2562 2803 2706 2874 Opto
2735 2805 2879 2876 apud
2928 2804 3099 2859 Deum
3126 2848 3142 2874 ,
3184 2816 3239 2860 et
3266 2805 3319 2861 in
3350 2806 3566 2863 modico
3588 2849 3604 2874 ,
3635 2816 3688 2864 et
3728 2808 3787 2864 in

2189 2913 2386 2969 magno
2412 2939 2427 2963 ,
2455 2912 2562 2953 non
2593 2900 2802 2951 tantum
2854 2909 2904 2954 te
2929 2940 2943 2967 ,
2978 2897 3072 2953 sed
3109 2899 3273 2955 etiam
3318 2915 3510 2957 omnes
3553 2901 3645 2973 qui
3689 2918 3788 2958 au-

2188 2992 2366 3058 diunt,
2403 2990 2566 3045 hodie
2593 2989 2705 3045 ﬁeri
2739 2989 2875 3045 tales
2900 3031 2915 3057 ,
2947 2991 3124 3061 qualis
3153 3001 3208 3046 et
3235 3007 3334 3063 ego
3364 3009 3509 3058 sutn,
3543 2994 3786 3064 exceptis

2190 3081 2420 3135 vinculis
2450 3081 2554 3139 his.
2592 3079 2996 3135 Etexsnrrcxit
3022 3096 3120 3136 rex
3148 3127 3162 3153 ,
3200 3095 3253 3141 et
3296 3098 3500 3154 praeses
3527 3127 3542 3152 ,
3574 3095 3629 3143 et
3655 3087 3789 3143 Ber-

2188 3175 2349 3240 nice,
2403 3182 2457 3227 et
2485 3172 2571 3244 qui
2606 3172 2919 3228 assidebant
2960 3175 3063 3231 eis.
3111 3175 3172 3230 Et
3209 3192 3331 3233 cum
3378 3182 3781 3251 secessissent,

487 3278 642 3332 inim)
675 3276 744 3348 (si
774 3272 939 3329 velim
968 3267 1341 3326 testiuumium
1378 3266 1687 3337 perhibere)
1715 3267 1973 3337 quoniam
1999 3282 2085 3323 sc-
2113 3262 2158 3326 C
2191 3265 2551 3337 loquebantur
2577 3266 2641 3320 ad
2668 3267 2923 3333 invicem,
2948 3268 3195 3325 dicentes
3217 3287 3232 3326 ;
3257 3270 3393 3339 Quia
3423 3274 3556 3329 nihil
3586 3288 3784 3343 morte,

487 3370 722 3425 cundum
769 3364 1131 3422 certissimam
1175 3369 1379 3415 sectam
1429 3367 1631 3415 nostrae
1669 3358 1953 3430 religionis
1974 3362 2082 3416 vixi

488 3464 816 3519 Pharismus.
861 3460 926 3513 Et
954 3470 1098 3513 nunc
1128 3458 1178 3509 in
1212 3465 1308 3523 Spe
1331 3493 1346 3519 ,
1395 3466 1519 3524 quae
1550 3452 1615 3505 ad
1645 3461 1826 3520 patres
1867 3463 2085 3511 nostros

488 3551 931 3629 repromissionis
952 3548 1090 3603 facta
1115 3555 1197 3602 est
1217 3562 1249 3600 a
1274 3546 1409 3614 Deo,
1433 3555 1517 3599 sto
1535 3545 1739 3615 judicio
1758 3545 2036 3615 subjectus
2067 3566 2078 3602 :

485 3652 537 3705 in
571 3662 730 3719 quant
768 3642 1053 3700 duodecim
1088 3638 1260 3695 tribus
1291 3644 1491 3694 nostrae
1519 3677 1533 3702 ,
1580 3645 1741 3691 nocte
1769 3651 1832 3691 ac
1862 3636 1951 3692 die
1990 3641 2083 3693 ile-

486 3744 787 3798 servientes
811 3779 827 3804 ,
859 3744 1083 3806 sperant
1112 3729 1391 3788 devenire.
1428 3731 1500 3785 De
1528 3746 1633 3802 qua
1662 3745 1759 3800 Spe
1787 3745 2016 3789 aCCUSUT
2050 3750 2080 3791 a

486 3836 709 3903 Judmis,
735 3849 853 3890 rex.
880 3829 1021 3899 Quid
1052 3826 1372 3885 incredibile
1407 3824 1685 3895 jutlicatur
1711 3829 1850 3897 apud
1882 3844 1999 3896 vos,
2035 3832 2079 3886 si

489 3931 631 3986 Deus
673 3933 916 3981 mortuos
946 3919 1206 3978 suscitat?
1239 3918 1306 3974 Et
1346 3931 1446 3990 ego
1472 3917 1687 3989 quidem
1731 3920 2080 3978 existimate-

490 4040 606 4079 ram
633 4036 720 4078 me
741 4019 1003 4074 adversus
1023 4028 1220 4069 nomen
1241 4012 1271 4069 J
1276 4026 1370 4067 esu
1390 4010 1671 4067 Nazaraeni
1694 4011 1891 4069 debere
1915 4014 2079 4071 multa

483 4113 759 4171 cmitraria
790 4124 974 4183 agere.
997 4107 1153 4176 Quod
1180 4113 1237 4161 et
1266 4104 1365 4161 l'eci
1395 4104 1771 4176 Jerosolymis,
1803 4115 1859 4162 et
1878 4107 2081 4165 multos

486 4220 800 4266 sanctorum
826 4217 930 4273 ego
960 4202 1015 4257 in
1045 4199 1359 4257 carceribus
1401 4198 1633 4267 inclusi,
1675 4214 1706 4254 a
1746 4199 2082 4273 principibus

485 4302 830 4362 sacerdotum
856 4305 1124 4371 potestate
1143 4306 1369 4366 accepta
1397 4312 1410 4348 :
1436 4306 1636 4351 etcum
1660 4294 2042 4350 occiderentur
2060 4335 2077 4364 ,

482 4397 653 4455 detuli
676 4393 1026 4451 sententiam.
1060 4390 1129 4446 Et
1157 4403 1254 4460 per
1274 4402 1466 4444 omnes
1496 4401 1803 4458 synagogas
1826 4387 2081 4456 frequen-

486 4505 568 4549 ter
598 4491 828 4563 puniens
858 4502 977 4552 eos,
1006 4482 1400 4554 compellebam
1426 4481 1811 4552 blasphemare
1845 4498 1859 4535 :
1889 4489 1944 4536 et
1963 4495 2079 4535 am-

487 4586 627 4656 plius
660 4583 934 4640 insaniens
978 4579 1031 4633 in
1072 4594 1207 4646 eos,
1235 4576 1601 4650 persequebar
1634 4588 1803 4645 usque
1834 4574 1890 4630 in
1921 4584 2079 4631 exte-

2187 3365 2283 3412 aut
2311 3358 2543 3416 vinculis
2580 3359 2801 3429 dignum
2843 3359 2972 3430 quid
3009 3360 3149 3417 .lecit
3182 3362 3348 3419 homo
3382 3366 3504 3421 iste.
3546 3366 3783 3439 Agrippa

2186 3460 2366 3509 autem
2421 3450 2583 3506 Festo
2633 3451 2770 3507 dixit
2816 3470 2828 3506 :
2876 3452 3084 3509 Dimitti
3127 3463 3338 3526 poterat
3369 3456 3532 3513 homo
3563 3459 3689 3526 hic,
3736 3461 3783 3519 si

2186 3558 2295 3603 non
2327 3544 2661 3614 appellasset
2690 3545 2989 3602 Caesarem.

2258 3637 2410 3710 [ϐαρ.
2440 3636 2679 3711 XXVIH
2705 3637 2776 3695 Ut
2824 3650 3003 3697 autem
3044 3641 3344 3712 jndicatum
3398 3655 3483 3702 est
3526 3648 3783 3718 navigare

2187 3743 2311 3783 eum
2343 3729 2395 3783 in
2427 3727 2658 3796 italiam,
2690 3740 2743 3784 et
2772 3730 2909 3785 tradi
2936 3731 3165 3789 Paulum
3190 3751 3308 3790 cum
3340 3735 3562 3807 reliquis
3599 3748 3785 3794 custo-

2185 3821 2291 3878 diis
2354 3823 2654 3879 centurioni
2724 3825 2942 3881 nomine
3002 3827 3148 3882 Julio
3203 3827 3445 3884 cohortis
3501 3832 3779 3901 Augustae,

2185 3913 2539 3970 ascendentes
2571 3930 2761 3971 navem
2798 3914 3235 3989 Adrumetinam,
3269 3922 3591 3992 incipientes
3622 3924 3780 3979 navi—

2184 4021 2312 4077 gare
2339 4012 2484 4063 circa
2515 4007 2661 4062 Asiae
2689 4008 2828 4076 loca,
2860 3999 3199 4079 sustulimus,
3242 4028 3627 4084 perseverante
3677 4031 3780 4072 no-

2184 4101 2392 4156 biscum
2436 4100 2754 4157 Aristarcho
2798 4102 3093 4159 Macedone
3139 4105 3632 4165 'l‘hes~aloniccnsi.
3681 4109 3784 4167 Se-

2183 4194 2369 4263 quenti
2389 4203 2569 4256 autem
2594 4194 2682 4249 die
2698 4194 3021 4252 devenimus
3037 4195 3313 4253 Sidonem.
3333 4199 3578 4257 Humane
3597 4214 3780 4258 autem

2184 4294 2424 4341 tractans
2454 4285 2626 4341 Julius
2655 4285 2906 4355 Paulum,
2953 4290 3203 4359 permisit
3234 4294 3300 4347 ad
3330 4293 3535 4349 amicos
3575 4292 3678 4361 ire,
3723 4305 3783 4352 et

2182 4393 2367 4434 curam
2389 4378 2678 4451 suiagere.
2712 4381 2782 4438 Et
2812 4383 2939 4441 inde
2955 4401 3078 4440 eum
3110 4386 3542 4456 susmlissemus,
3574 4391 3782 4447 subna-

2182 4473 2480 4543 vigavimus
2532 4473 2810 4546 Cyprum,
2879 4489 3166 4548 propterea
3203 4480 3348 4550 quod
3402 4492 3585 4537 essent
3634 4486 3782 4543 venti

2183 4566 2465 4622 contrarii.
2500 4565 2568 4622 Et
2617 4570 2838 4640 pelagus
2890 4570 3095 4629 Ciliciae
3146 4583 3202 4629 et
3252 4574 3581 4648 Pamphylia:
3625 4579 3781 4636 navi-

483 4641 571 4732 ras
600 4675 865 4731 civitates.
900 4673 957 4727 1n
996 4641 1204 4742 quibus?
1232 4641 1358 4723 dum
1403 4641 1539 4722 i—rem
1583 4641 1904 4721 Damascum
1954 4682 2077 4721 cum
2106 4641 2390 4728 Dgautes,
2424 4659 2669 4715 venimus
2716 4660 2989 4732 Lystram,
3038 4680 3161 4737 quae
3192 4675 3275 4721 est
3323 4668 3504 4740 Lyciae
3541 4688 3554 4724 :
3606 4681 3662 4727 et
3706 4671 3783 4729 ibi

485 4778 753 4840 poteState
795 4778 851 4823 et
891 4763 1162 4838 permissu
1192 4762 1503 4835 principum
1552 4760 1903 4816 sacerdomm
1929 4803 1945 4830 ,
1992 4761 2080 4818 die

485 4862 661 4920 media
688 4863 741 4916 in
773 4861 880 4925 via,
915 4858 1023 4913 vidi
1048 4898 1063 4923 ,
1087 4871 1181 4912 rex
1213 4896 1230 4924 ,
1264 4856 1333 4910 de
1361 4853 1504 4910 cmlo
1533 4868 1696 4925 supra
1714 4854 2078 4924 splendorem

481 4958 615 5014 solis
646 4951 1077 5012 circumfulsisse
1106 4964 1192 5005 me
1214 4949 1421 5014 lumen,
1446 4956 1500 5003 et
1523 4961 1620 5003 eos
1649 4946 1740 5018 qui
1770 4962 1982 5004 mecum
2005 4949 2080 5003 si-

480 5053 592 5108 mul
614 5060 792 5107 erant.
823 5048 1135 5117 Omnesque
1168 5057 1269 5099 nos
1301 5057 1424 5098 cum
1458 5040 1853 5096 decidissemus
1884 5043 1936 5096 in
1967 5050 2079 5099 ter-

480 5162 622 5214 ram,
647 5144 826 5201 audivi
849 5156 1036 5197 vocem
1062 5140 1376 5211 loquentem
1408 5134 1539 5191 mihi
1564 5134 1827 5190 Hebraica
1849 5134 2031 5208 lingua
2060 5155 2071 5191 :

481 5239 667 5307 Saule,
698 5237 884 5303 Saule,
911 5233 1038 5306 quid
1069 5248 1157 5289 me
1189 5231 1581 5306 persequeris?
1616 5229 1814 5287 durum
1860 5239 1944 5290 est
1975 5228 2078 5320 tibi

476 5344 669 5389 contra
721 5330 1000 5386 stimulum
1045 5328 1353 5383 calcitrare.
1401 5325 1516 5399 Ego
1543 5336 1724 5382 autem
1755 5326 1907 5382 dixi:
1940 5326 2075 5396 Quis

479 5441 540 5484 es
563 5471 579 5497 ,
616 5424 845 5481 Domine
869 5422 891 5477 ἱ)
936 5420 1199 5477 Dominus
1218 5428 1403 5479 autem
1428 5418 1567 5475 dixit
1590 5436 1606 5475 :
1634 5419 1749 5491 Ego
1772 5435 1895 5475 sum
1916 5419 2075 5476 Jesus

471 5531 635 5587 quem
668 5527 723 5570 tu
750 5514 1123 5585 persequeris.
1156 5512 1264 5569 Sed
1295 5526 1552 5584 exsurge,
1583 5521 1639 5567 et
1667 5521 1749 5568 sta
1782 5526 1947 5584 super
1972 5528 2068 5584 pe-

472 5609 573 5667 des
606 5618 726 5664 tuos
755 5626 768 5662 :
801 5607 868 5662 ad
901 5607 1003 5664 hoc
1026 5607 1172 5662 enim
1211 5608 1437 5678 apparui
1466 5605 1563 5662 tibi
1590 5646 1606 5672 ,
1653 5614 1708 5661 ut
1737 5605 2069 5662 constituam

480 5714 534 5757 te
554 5699 870 5755 ministrum
899 5708 953 5754 et
986 5706 1179 5755 testem
1211 5713 1403 5754 eorum
1426 5712 1546 5769 quae
1570 5697 1773 5766 vidisti,
1797 5707 1853 5753 et
1881 5712 2066 5752 eorum

474 5792 670 5864 quibus
699 5792 973 5863 apparebo
1006 5790 1135 5859 tibi,
1167 5791 1408 5862 eripiens
1432 5798 1486 5847 te
1509 5790 1577 5846 de
1606 5790 1828 5863 populo,
1856 5798 1911 5845 et
1936 5804 2070 5860 gen-

468 5886 637 5957 tibus,
665 5884 722 5941 in
752 5900 889 5958 quas
912 5899 1054 5942 nunc
1084 5899 1185 5957 ego
1216 5885 1374 5941 mitto
1402 5893 1479 5954 te,
1510 5884 1727 5955 aperire
1757 5882 1943 5940 oculos
1972 5897 2066 5938 eo-

2184 4751 2467 4808 inveniens
2489 4754 2737 4809 centurio
2759 4770 2947 4812 navent
2974 4758 3401 4816 Alexandrinam
3434 4762 3778 4834 navigantem

2181 4844 2235 4898 in
2264 4843 2496 4915 Italiam,
2551 4850 2883 4918 transposuit
2934 4866 3031 4906 nos
3063 4856 3113 4907 in
3142 4867 3287 4912 eam.
3332 4855 3403 4911 Et
3439 4870 3561 4911 cum
3593 4860 3781 4915 multis

2182 4935 2375 4991 diebus
2401 4935 2554 4992 tarde
2578 4942 2984 5010 navigaremus,
3008 4948 3065 4998 et
3087 4941 3173 4998 vix
3210 4944 3619 5003 devcnisscmus
3640 4965 3778 5005 con-

2114 5033 2121 5040 '
2182 5036 2262 5084 tra
2289 5027 2526 5085 Gnidum
2561 5048 2573 5084 :
2609 5031 2931 5101 prohibente
2957 5051 3056 5091 nos
3096 5050 3288 5106 vento,
3332 5038 3781 5111 adnavigavimus

2181 5122 2380 5193 Cretae,
2414 5127 2560 5194 juxta
2598 5126 2913 5184 Salmonem
2956 5146 2967 5182 :
3009 5140 3064 5185 et
3116 5131 3201 5187 vix
3234 5132 3387 5203 juxta
3438 5137 3775 5207 navigantes,

2183 5216 2430 5273 venimus
2452 5217 2503 5273 in
2530 5219 2705 5276 locum
2728 5222 3038 5292 quemdam,
3058 5225 3148 5295 qui
3176 5237 3405 5283 vocatur
3427 5228 3777 5300 lloniportus,

2179 5310 2265 5364 cui
2291 5311 2446 5381 juxta
2493 5322 2612 5368 erat
2660 5317 2848 5370 civitas
2907 5316 3188 5374 Thalassa.
3221 5319 3387 5377 Multo
3415 5333 3596 5379 autem
3642 5333 3779 5381 tem-

2180 5418 2313 5474 pore
2344 5414 2587 5476 peracto,
2641 5418 2844 5465 etcum
2881 5410 2992 5480 jam
3022 5427 3128 5468 non
3161 5422 3309 5470 esset
3338 5424 3450 5471 tuta
3480 5408 3777 5489 navigatio:

2178 5514 2244 5555 eo
2272 5501 2415 5572 quod
2445 5512 2497 5557 et
2519 5501 2786 5577 jejunium
2822 5505 2935 5576 jam
2968 5508 3341 5579 praeteriisset,
3388 5514 3777 5573 consolabatur

2178 5607 2272 5648 cos
2300 5592 2529 5665 Paulus,
2581 5597 2767 5654 dicens
2804 5600 2923 5658 eis:
2972 5600 3105 5671 Viri,
3151 5603 3313 5660 video
3360 5606 3615 5675 quoniam
3647 5624 3776 5667 cum

2177 5688 2372 5759 injuria
2400 5700 2455 5746 et
2502 5692 2670 5747 multo
2698 5692 2921 5761 damno,
2965 5712 3072 5751 non
3096 5698 3273 5752 solum
3299 5700 3483 5756 oneris
3514 5708 3570 5755 et
3597 5703 3774 5769 navis,

2174 5784 2267 5840 sed
2293 5788 2455 5839 etiam
2488 5787 2788 5842 animarum
2831 5800 3164 5854 nostrarum,
3225 5792 3410 5862 incipit
3447 5807 3571 5848 esse
3616 5794 3774 5850 navi-

2172 5888 2339 5961 gatio.
2370 5883 2627 5944 Centurio
2654 5891 2837 5942 autem
2869 5882 3223 5955 gubernatori
3246 5895 3298 5941 et
3318 5887 3574 5944 nauclcro
3602 5890 3776 5959 magis
