4166 6336
379 326 485 380 735'

1455 329 1660 386 LIBER
1699 328 1986 389 ACTUUM
2029 335 2065 387 Λ
2079 329 2560 392 POSTULURUM.

3576 344 3683 401 726

380 437 657 504 credebat,
685 453 848 510 quam
880 436 964 492 his
990 453 1110 507 quae
1142 453 1171 494 a
1207 440 1370 495 Paulo
1387 439 1733 497 dicebantur.
1771 444 1979 499 Etcum
2011 448 2057 508 Α
2087 460 2214 501 cere
2241 460 2454 502 navem.
2489 447 2704 503 Etcum
2728 449 3001 506 anchoras
3031 455 3402 522 sustulissent,
3438 459 3689 512 commit-

379 545 536 602 aptus
569 542 758 601 portus
785 545 891 586 non
921 540 1068 587 esset
1093 531 1158 586 ad
1193 532 1537 616 hiemandum
1565 579 1578 602 ,
1614 537 1833 604 plurimi
1869 549 1981 592 sta-

385 638 602 683 tuerunt
629 629 912 683 consilium
938 629 1191 700 navigare
1221 630 1366 698 inde,
1390 631 1434 685 si
1461 636 1731 702 quomodo
1763 643 1980 704 possent

381 725 736 780 devenientes
764 725 1108 794 l'hmnicem,
1151 725 1425 794 hiemare,
1451 738 1662 798 portum
1690 729 1871 786 Cretas
1897 744 1982 786 re-

379 817 704 888 spicientem
761 817 827 872 ad
863 816 1122 889 Africum,
1183 830 1236 874 et
1289 819 1355 875 ad
1402 817 1628 876 Corum.
1691 822 1980 892 Aspiraute

381 920 560 964 autem
589 920 792 977 austro,
821 915 1154 967 a-stimantes
1180 914 1518 982 propositum
1550 930 1607 969 se
1633 925 1840 982 tenere,
1859 931 1978 971 cum

379 1005 739 1060 sustulissent
768 1005 834 1060 de
866 1005 1067 1075 Assou,
1116 1007 1370 1077 legebant
1401 1009 1639 1064 Cretam.
1683 1009 1799 1063 Non
1861 1019 1983 1080 post

381 1100 611 1153 multum
642 1108 818 1154 autem
864 1100 1012 1154 misit
1033 1114 1091 1153 se
1121 1109 1309 1155 contra
1338 1103 1506 1170 ipsam
1539 1113 1733 1157 ventus
1765 1103 1982 1175 Typho-

379 1194 567 1260 nicus,
625 1194 714 1263 qui
771 1205 992 1248 vocatur
1047 1194 1394 1265 Euroaquilo.
1469 1196 1711 1266 Cumque
1765 1209 1980 1266 arrepta

380 1293 528 1340 esset
576 1287 747 1349 navis,
795 1294 978 1340 etnon
1012 1297 1196 1356 posset
1245 1289 1434 1342 conari
1489 1289 1540 1342 in
1573 1301 1814 1354 ventum,
1859 1291 1980 1345 data

384 1391 520 1430 nave
543 1377 780 1445 ﬂatibus,
809 1375 1137 1432 ferebamur.
1163 1377 1218 1432 In
1245 1378 1472 1434 insulam
1493 1391 1672 1434 autem
1693 1382 1980 1451 quamdam

384 1469 764 1533 decurrentes,
801 1484 923 1539 qure
974 1477 1195 1524 Vocatur
1223 1467 1426 1535 Cauda,
1473 1472 1743 1540 potuimus
1771 1473 1858 1527 vix
1887 1473 1984 1529 ob-

386 1563 561 1616 tinere
607 1562 884 1630 scapham.
934 1562 1045 1628 Qua
1077 1560 1312 1628 sublata,
1355 1561 1636 1632 adjutoriis
1671 1564 1976 1633 utebantur,

384 1655 730 1726 accingentes
763 1669 977 1722 navem,
1032 1655 1285 1710 timentes
1345 1671 1413 1710 ne
1452 1655 1507 1709 in
1529 1654 1740 1726 Syriam
1772 1656 1979 1712 incide—

386 1759 528 1814 rent,
575 1749 867 1802 summisso
910 1763 1032 1801 vase
1066 1747 1144 1802 sic
1197 1747 1530 1802 ferebantur.
1569 1748 1753 1804 Valida
1799 1760 1979 1804 autem

2088 539 2275 594 tebant
2304 555 2364 594 se
2394 542 2549 607 tnari,
2601 542 2761 596 simul
2795 543 3038 600 laxantes
3087 546 3372 616 juncturas
3417 551 3688 620 guberna-

2083 632 2332 686 culorum
2358 650 2371 686 :
2397 643 2452 688 et
2478 633 2653 690 levato
2677 643 2962 692 artemone
2988 639 3287 695 secundum
3319 657 3464 697 aur-.e
3497 643 3685 700 ﬂatum

2086 725 2383 781 tendebant
2414 727 2480 782 ad
2514 728 2686 783 littus.
2742 729 2808 782 Et
2839 745 2960 784 cum
2995 731 3376 788 incidissemus
3413 735 3464 788 in
3509 735 3687 791 locum

2083 818 2466 887 dithalassum,
2516 822 2856 892 impegerunt
2910 840 3102 880 navem
3142 835 3237 881 :et
3279 843 3435 898 prora
3467 830 3688 899 quidem

2086 913 2188 967 lixa
2231 915 2483 968 manebat
2510 915 2826 981 immobilis,
2853 919 3051 988 puppis
3079 935 3210 974 vero
3241 920 3553 976 solvebatur
3580 923 3686 977 avi

2088 1007 2272 1061 tuaris.
2303 1008 2750 1064 Militum‘autem
2799 1011 3084 1064 consilium
3130 1013 3248 1082 fuit,
3297 1023 3356 1068 ut
3410 1015 3685 1070 custodias

2087 1098 2437 1153 occiderent:
2471 1116 2536 1154 ne.
2565 1100 2686 1169 quis
2720 1117 2841 1154 cum
2873 1113 3172 1167 enatasset,
3207 1103 3489 1175 effugeret.
3539 1107 3678 1161 Ceu-

2089 1194 2232 1246 turio
2260 1203 2436 1246 autem
2465 1194 2655 1248 volens
2688 1209 2912 1249 servare
2938 1195 3182 1264 Paulum,
3221 1198 3496 1265 prohibuit
3527 1200 3639 1253 fieri
3668 1218 3680 1255 :

2082 1283 2352 1354 jussitque
2381 1299 2497 1354 eos,
2519 1285 2610 1354 qui
2633 1293 2853 1354 possent
2878 1297 3081 1352 natare,
3101 1289 3352 1345 emittere
3374 1305 3432 1346 se
3458 1292 3682 1361 primos,

2086 1387 2140 1432 et
2169 1378 2420 1445 evadere,
2457 1391 2512 1436 et
2541 1382 2606 1436 ad
2642 1391 2838 1438 terram
2871 1383 3019 1439 exire
3057 1404 3066 1436 :
3105 1397 3159 1440 et
3189 1395 3417 1441 caeteros
3455 1386 3591 1442 alios
3629 1389 3681 1442 in

2090 1474 2284 1528 tabulis
2329 1475 2576 1531 ferebant
2610 1497 2620 1532 ε
2671 1478 2936 1547 quesdam
2986 1494 3149 1549 super
3198 1496 3278 1546 ea,
3310 1497 3430 1552 quae
3463 1481 3529 1536 de
3565 1484 3682 1536 navi

2087 1576 2263 1622 erant.
2304 1568 2369 1622 Et
2396 1569 2473 1623 sic
2504 1569 2702 1625 factum
2736 1581 2842 1636 est,
2880 1581 2934 1625 ut
2957 1587 3145 1627 omnes
3169 1573 3364 1627 anima:
3395 1573 3686 1628 evaderent

2087 1662 2151 1716 ad
2175 1657 2405 1717 terram.

2160 1756 2312 1829 [Cap.
2350 1758 2610 1833 XXVllL]
2647 1761 2704 1816 Et
2741 1777 2860 1816 cum
2887 1765 3274 1831 evasisscmus,
3331 1775 3455 1820 tunc
3483 1779 3685 1836 cogno-

385 1845 540 1899 nubis
575 1852 901 1914 tempestate
935 1842 1175 1913 jactatis,
1217 1843 1465 1913 sequenti
1488 1842 1576 1899 die
1605 1843 1808 1914 jactum
1841 1844 1980 1898 lece-
2015 1849 2062 1910 B
2089 1854 2267 1908 vimus
2293 1857 2417 1920 quia
2447 1856 2634 1911 Melita
2687 1857 2864 1912 insula
2909 1861 3222 1916 vocabatur.
3279 1862 3502 1917 Barbari
3561 1880 3688 1919 vero

387 1947 511 1990 runt
543 1954 553 1989 :
588 1946 642 1990 et
672 1935 832 1990 tertia
878 1935 966 1989 die
1003 1935 1116 1990 suis
1146 1935 1395 1989 manibus
1447 1947 1781 1991 armamenta
1830 1936 1982 1992 navis

387 2033 754 2101 projecerunt.
781 2029 966 2098 Neque
992 2037 1175 2084 autem
1205 2030 1341 2095 sole,
1379 2044 1555 2099 neque
1585 2029 1856 2084 sideribus
1888 2046 1981 2097 ap-

387 2127 702 2198 parentibus
731 2140 824 2194 per
849 2125 1027 2194 plures
1057 2123 1195 2189 dies,
1222 2132 1275 2179 et
1310 2131 1632 2193 tempestate
1662 2138 1768 2177 non
1791 2122 1982 2193 exigua

387 2220 724 2284 imminente,
771 2219 880 2288 jam
934 2216 1113 2271 ablata
1157 2225 1273 2271 erat
1311 2231 1435 2286 Spes
1460 2217 1638 2272 omnis
1664 2215 1856 2272 salutis
1888 2231 1982 2271 uo-

383 2324 533 2366 strae.
593 2311 656 2364 Et
696 2325 816 2364 eum
868 2310 1032 2362 multa
1073 2308 1340 2378 jejunatio
1392 2309 1605 2376 fuisset,
1659 2318 1786 2363 tunc
1834 2318 1985 2363 stans

387 2405 587 2459 Paulus
616 2403 670 2458 in
702 2403 881 2458 ntedio
909 2417 1117 2468 eorum,
1151 2402 1292 2456 dixit
1323 2402 1660 2472 :Oportebat
1681 2402 1920 2471 quidem,
1950 2421 1986 2457 υ

387 2497 508 2561 viri,
537 2495 724 2550 audito
755 2510 863 2561 me,
895 2510 1000 2549 non
1031 2495 1219 2549 tollere
1251 2510 1278 2547 a
1309 2495 1489 2560 Creta,
1530 2494 1774 2564 lucrique
1805 2492 1984 2548 facere

389 2590 637 2660 injuriam
691 2588 827 2642 hanc
877 2597 932 2642 et
971 2588 1263 2656 jacturant.
1296 2587 1360 2640 Et
1384 2599 1528 2641 nunc
1577 2585 1783 2646 suadeo
1832 2586 1984 2640 vobis

390 2683 530 2736 bono
558 2683 752 2735 animo
793 2693 935 2736 esse.
971 2678 1204 2734 Amissio
1249 2679 1392 2734 enim
1427 2678 1625 2734 nullius
1657 2681 1848 2734 anima:
1881 2678 1987 2734 erit

389 2791 452 2830 ex
490 2775 666 2838 vobis,
712 2783 1075 2844 prtetequam
1102 2773 1273 2826 navis.
1310 2774 1496 2827 Astitit
1537 2773 1679 2826 enim
1715 2771 1846 2826 mihi
1886 2773 1986 2826 hac

391 2882 548 2923 nocte
579 2868 806 2938 angelus
838 2865 954 2931 Dei,
1002 2868 1155 2936 cujus
1186 2883 1304 2921 sum
1336 2882 1463 2937 ego,
1517 2879 1566 2921 et
1593 2867 1678 2921 cui
1708 2851 1981 2934 deservio,

390 2962 616 3015 diceas:
653 2961 730 3016 Ne
771 2961 992 3024 timeas,
1049 2961 1234 3028 Paule,
1270 2959 1465 3016 Caesari
1510 2967 1560 3015 te
1601 2972 1820 3031 oportet
1853 2961 1978 3015 assi-

389 3065 574 3112 stere:
607 3068 662 3112 et.
689 3071 818 3113 ecce
841 3057 1062 3112 donavit
1091 3057 1184 3111 tibi
1232 3058 1372 3112 Deus
1399 3072 1585 3112 omnes
1614 3058 1704 3128 qui
1737 3058 1988 3128 navigant

391 3163 592 3206 tecum.
620 3150 848 3220 PrOpter
867 3151 1007 3220 quod
1035 3151 1175 3204 bono
1206 3150 1385 3204 animo
1407 3160 1606 3214 estote,
1634 3150 1734 3204 viri
1768 3169 1779 3204 :
1825 3149 1987 3204 credo

2088 1947 2417 2014 praestabant
2465 1963 2567 2002 non
2612 1950 2878 2004 modicam
2931 1950 3320 2007 humanitatem
3356 1955 3529 2009 nobis.
3583 1959 3689 2011 Ac-

2087 2053 2245 2091 censa
2277 2040 2420 2094 enim
2454 2056 2580 2111 pyra
2608 2041 2923 2097 reficiebant
2955 2057 3052 2098 nos
3091 2059 3305 2110 omnes,
3341 2056 3558 2115 preptcr
3584 2049 3686 2102 im-

2090 2128 2260 2194 brem,
2316 2132 2404 2197 qui
2441 2132 2779 2197 imminebat,
2814 2144 2868 2188 et
2919 2135 3106 2203 frigus.
3137 2135 3268 2190 Cum
3303 2152 3690 2208 congregasset

2087 2235 2263 2279 autem
2284 2225 2482 2278 Paulus
2497 2237 2890 2282 sarmentorum
2910 2229 3239 2297 aliquantam
3261 2233 3686 2302 multitudinem,

2087 2330 2139 2372 et
2197 2320 2543 2388 imposuisset
2571 2335 2733 2388 super
2770 2321 2979 2390 ignem;
3031 2323 3212 2392 vipera
3264 2340 3292 2377 a
3342 2325 3524 2380 calore
3565 2342 3688 2380 cum

2090 2411 2470 2477 processisset,
2512 2412 2713 2466 invasit
2740 2427 2958 2466 manum
2990 2413 3126 2483 ejus.
3163 2414 3231 2470 Ut
3272 2432 3402 2472 vero
3434 2418 3688 2473 viderunt

2088 2501 2309 2555 Barbari
2337 2502 2660 2570 pendentem
2691 2505 2914 2560 bestiam
2949 2505 3017 2561 de
3047 2521 3210 2561 manu
3261 2508 3401 2576 ejus,
3429 2510 3496 2562 ad
3551 2511 3688 2563 invi-

2087 2607 2205 2648 cem
2228 2593 2522 2648 dicebant:
2565 2593 2762 2666 Utique
2803 2595 3070 2667 homicida
3118 2607 3200 2652 est
3251 2595 3414 2653 homo
3459 2599 3566 2665 hic,
3597 2601 3689 2669 qui

2089 2701 2211 2741 cum
2244 2689 2478 2742 evaserit
2525 2687 2593 2742 de
2638 2687 2794 2754 mari,
2826 2689 2959 2743 ultio
2984 2704 3089 2744 non
3135 2692 3265 2744 sinit
3318 2706 3443 2746 eum
3475 2692 3682 2747 vivere.

2090 2780 2155 2834 Et
2193 2779 2286 2834 ille
2314 2780 2532 2848 quidem
2587 2781 2870 2834 excutiens
2913 2781 3141 2835 bestiam
3189 2781 3242 2835 in
3291 2783 3501 2851 ignem,
3555 2782 3689 2837 nihil

2090 2873 2218 2927 mali
2239 2887 2430 2943 passus
2452 2883 2552 2927 est.
2583 2876 2649 2926 At
2677 2873 2753 2926 illi
2778 2873 3164 2927 existimabant
3185 2889 3309 2928 eum
3345 2875 3394 2927 in
3422 2883 3689 2929 tumorem

2089 2965 2542 3031 convertendmn,
2590 2975 2642 3017 et
2675 2965 2853 3020 subito
2883 2980 3158 3031 casurmn,
3193 2976 3246 3020 et
3271 2966 3428 3021 mori.
3457 2965 3560 3019 Diu
3585 2981 3684 3019 au-

2090 3066 2197 3112 tem
2230 3057 2334 3111 illis
2359 3058 2826 3128 exspectantibus,
2858 3066 2913 3110 et
2947 3057 3254 3112 videntibus
3284 3056 3420 3112 nihil
3452 3057 3581 3112 mali
3627 3058 3682 3112 iu

2091 3168 2160 3208 eo
2188 3152 2327 3219 fieri,
2360 3161 2739 3208 eonvertentes
2765 3167 2844 3218 se,
2873 3152 3122 3206 dicebant
3170 3167 3293 3206 eum
3342 3166 3461 3206 esse
3493 3152 3682 3206 Deum.

390 3245 533 3298 enim
566 3243 698 3312 Deo,
725 3244 850 3314 quia
891 3242 968 3298 sic
1016 3243 1136 3308 erit,
1170 3243 1628 3313 quemadmodum
1673 3243 1873 3296 dictum
1904 3230 2060 3298 estC
2093 3248 2156 3302 ln
2189 3246 2321 3300 locis
2351 3256 2532 3301 autem
2559 3245 2667 3300 illis
2697 3253 2855 3300 erant
2907 3245 3106 3315 prtedia
3152 3244 3411 3314 principis
3463 3245 3684 3312 insulto,

395 3339 543 3392 nitri.
579 3338 635 3393 lu
689 3337 919 3393 insulam
979 3346 1157 3393 autem
1200 3336 1488 3407 quamdam
1520 3346 1732 3408 oportet
1765 3352 1862 3392 nos
1893 3335 1987 3392 de-

394 3435 599 3490 venire.
629 3434 734 3490 Sed
767 3445 1114 3505 posteaquam
1149 3443 1336 3504 quarta
1361 3432 1568 3488 decima
1601 3450 1704 3486 nox
1728 3448 1986 3502 superve-

393 3531 491 3594 nit,
522 3528 898 3598 navigantibus
947 3527 1103 3582 nobis
1134 3529 1186 3580 iu
1234 3527 1396 3583 Adria
1435 3527 1577 3580 circa
1627 3525 1856 3580 mediam
1893 3542 1985 3577 uo-

391 3634 556 3689 ctem,
607 3621 1028 3694 suspicabantur
1075 3633 1249 3677 nautae
1291 3637 1552 3692 apparere
1594 3621 1693 3676 sibi
1745 3620 1983 3690 aliquam

393 3717 690 3787 regionem.
725 3716 824 3784 Qui
847 3725 901 3772 et
932 3714 1335 3770 summittentes
1368 3714 1623 3780 bolidem,
1661 3715 1988 3770 invenerunt

397 3829 587 3883 passus
629 3813 814 3883 viginti
863 3831 877 3867 :
922 3822 974 3869 et
1006 3812 1257 3884 pusillum
1289 3810 1412 3866 inde
1464 3810 1721 3878 separati,
1766 3811 1984 3866 invene-

394 3919 519 3962 runt
540 3922 729 3976 passus
762 3906 1090 3975 quindecim.
1116 3906 1394 3962 Timentes
1412 3918 1588 3960 autem
1623 3920 1690 3959 ne
1717 3909 1770 3958 iu
1793 3919 1983 3974 aspera

393 4004 509 4056 loca
541 4001 924 4068 incideremus,
954 4000 1022 4056 de
1049 4002 1210 4072 puppi
1246 4001 1524 4054 mittentes
1555 3998 1822 4054 anchoras
1849 4012 1983 4068 qua-

395 4103 537 4161 tuor,
571 4095 828 4164 Optabant
857 4094 998 4148 diem
1057 4094 1193 4148 fieri.
1225 4093 1414 4148 Nautis
1439 4108 1568 4147 vero
1616 4091 1987 4162 quazrentibus

394 4194 582 4261 fugere
608 4188 674 4242 d-c
698 4186 840 4252 navi,
874 4202 992 4240 cum
1018 4187 1296 4240 misissent
1323 4187 1580 4254 scapham
1605 4185 1656 4238 in
1689 4200 1857 4252 mare,
1889 4185 1988 4239 sub

394 4287 620 4340 obtentu
671 4283 821 4353 quasi
874 4281 1172 4351 inciperent
1213 4295 1240 4333 a
1288 4293 1445 4350 prora
1481 4277 1745 4333 anchoras
1796 4286 1989 4334 exten-

396 4381 550 4443 dere,
581 4376 716 4431 dixit
747 4373 946 4428 Paulus
976 4373 1292 4428 Ceuturioui
1332 4383 1384 4427 et
1418 4372 1677 4428 militibus
1713 4390 1724 4426 :
1776 4373 1888 4428 Nisi
1933 4375 1986 4430 lti

399 4475 450 4526 in
487 4470 606 4525 navi
639 4469 961 4533 manserint,
987 4482 1078 4519 vos
1103 4467 1236 4520 salvi
1270 4465 1390 4521 ﬁeri
1417 4482 1524 4520 non
1559 4467 1803 4535 potestis.
1836 4467 1987 4523 Tunc

396 4565 748 4621 absciderunt
782 4561 979 4615 milites
1013 4559 1164 4615 funes
1187 4559 1424 4629 scaphae,
1469 4568 1522 4615 et
1543 4560 1688 4628 passi
1713 4571 1838 4614 sunt
1865 4576 1984 4616 eam

394 4659 674 4713 excidere.
712 4657 920 4710 Etcum
955 4657 1040 4709 lux
1069 4654 1331 4723 inci;.eret
1363 4653 1503 4719 fieri,
1546 4652 1770 4723 rogabat
1791 4653 1990 4708 Paulus
2015 4629 2069 4690 D

394 4766 586 4806 omnes
613 4763 829 4804 sumere
850 4749 1049 4812 cibum,
1080 4746 1302 4802 dicens:
1340 4747 1537 4812 Quarta
1553 4745 1762 4802 decima
1785 4744 1873 4800 die
1895 4745 1993 4799 ho-

395 4846 485 4900 die
513 4851 900 4913 exspectantes
939 4840 1115 4911 jejuui
1150 4838 1500 4909 permanetis,
1537 4836 1673 4893 nihil
1723 4837 1992 4908 accipien-

395 4948 499 4994 tes.
551 4936 783 5006 PrOpter
827 4934 969 5006 quod
1023 4948 1154 5002 rogo
1199 4948 1294 4986 vos
1349 4931 1601 5001 accipere
1665 4930 1842 4986 cibum
1895 4944 1993 5000 pro

394 5032 568 5085 salute
599 5040 776 5084 vestra
812 5048 824 5083 :
857 5030 980 5100 quia
1033 5029 1232 5082 nullius
1261 5037 1497 5080 vestrum
1546 5024 1778 5096 capillus
1806 5025 1875 5080 de
1904 5039 1993 5080 ca-

397 5125 508 5194 pite
549 5123 763 5193 peribit.
801 5123 1016 5176 Etcum
1050 5125 1163 5175 haec
1222 5119 1469 5186 dixisset,
1504 5135 1724 5174 sumens
1771 5133 1987 5188 panem,

394 5218 728 5288 gratiaSt-git
759 5215 870 5272 Deo
893 5219 945 5271 in
979 5224 1273 5286 conspectu
1298 5214 1539 5269 omnium
1577 5233 1588 5268 :
1626 5223 1675 5268 et
1716 5229 1837 5267 eum
1881 5211 1992 5266 fre-

397 5311 584 5380 gisset,
618 5310 779 5378 empit
808 5308 1155 5364 manducare.
1198 5309 1622 5378 Auiimequiores
1659 5315 1838 5362 autem
1869 5306 1991 5360 facti

397 5419 606 5466 omnes,
643 5413 696 5456 et
720 5402 824 5472 ipsi
854 5411 1204 5469 sumpserunt
1233 5401 1436 5456 cibum.
1473 5399 1698 5454 Eramus
1728 5413 1860 5453 vero
1875 5398 1996 5451 uni-

397 5512 569 5551 versa:
601 5497 794 5549 animae
822 5496 872 5549 in
925 5495 1046 5548 navi
1089 5494 1334 5549 ducenta}
1379 5493 1718 5563 st-pluagitita
1765 5505 1880 5548 sex.
1929 5492 1994 5546 Et

397 5589 575 5643 satiati
602 5588 720 5641 cibo
747 5587 1073 5643 alleviabant
1107 5603 1318 5650 navem,
1348 5587 1620 5656 jactantes
1673 5587 1906 5640 triticum
1941 5586 1992 5640 iu

399 5701 567 5738 mare.
623 5684 757 5737 Cum
815 5692 996 5737 autem
1044 5685 1159 5737 dies
1211 5689 1383 5738 tactus
1438 5693 1602 5750 esset,
1629 5691 1830 5737 terram
1885 5697 1994 5736 non

399 5774 804 5849 agnoscebant:
850 5776 1027 5829 sinum
1073 5791 1202 5830 vero
1251 5783 1540 5845 quemdam
1575 5777 1999 5832 considerabant

401 5868 687 5924 habentem
720 5868 889 5934 littus,
932 5869 983 5921 in
1014 5883 1171 5938 quem
1204 5868 1536 5938 Cogitabam,
1567 5868 1610 5922 si
1633 5877 1872 5940 possent,
1901 5868 1998 5938 eji-

2093 3340 2311 3394 nomine
2355 3338 2554 3404 Publii,
2597 3341 2686 3408 qui
2740 3353 2838 3392 nos
2871 3337 3204 3407 suscipiens,
3249 3336 3427 3390 triduo
3461 3336 3690 3406 benigne

2091 3431 2362 3486 exhibuit.
2409 3428 2648 3501 Contigit
2677 3443 2858 3485 autem
2905 3439 3110 3499 patrem
3140 3429 3314 3484 Publii
3353 3428 3595 3484 febribus
3632 3439 3685 3482 et

2091 3525 2398 3597 dysenteria
2427 3534 2674 3578 vexatum
2703 3524 2906 3593 jacere.
2960 3523 3040 3578 Ad
3071 3538 3228 3591 quem
3269 3523 3466 3577 Paulus
3518 3522 3691 3576 intra-

2090 3622 2166 3674 vit
2193 3637 2204 3673 :
2231 3627 2284 3674 et
2315 3635 2436 3674 cum
2484 3626 2714 3685 erasset,
2749 3629 2800 3671 et
2848 3618 3192 3687 imposuisset
3241 3616 3292 3671 ei
3327 3631 3542 3683 manus,
3575 3615 3686 3668 sal-

2090 3710 2235 3767 vavit
2263 3726 2404 3766 curn.
2431 3710 2548 3776 Quo
2579 3709 2743 3775 facto,
2768 3725 2979 3774 omnes,
3004 3709 3095 3779 qui
3128 3709 3180 3763 iu
3214 3708 3389 3763 insula
3417 3708 3690 3764 habebant

2091 3804 2456 3869 infirmitates,
2487 3802 2848 3867 accedebant,
2873 3811 2927 3856 et
2956 3799 3293 3855 curabantur
3325 3815 3340 3853 :
3393 3799 3486 3869 qui
3524 3800 3689 3853 etiam

2090 3897 2272 3951 multis
2302 3896 2596 3950 honoribus
2626 3910 2722 3949 nos
2753 3894 3177 3959 honoravertmt,
3214 3901 3267 3948 et
3298 3893 3686 3962 navigantibus

2090 3994 2465 4062 imposuerunt
2509 4007 2630 4061 quae
2688 3990 2992 4045 necessaria
3051 3997 3227 4044 erant.
3287 3987 3416 4042 Post
3470 4000 3686 4043 menses

2090 4095 2271 4140 autem
2295 4093 2430 4153 tres,
2479 4085 2850 4154 navigavimus
2889 4084 2942 4138 iu
2989 4083 3109 4138 navi
3140 4081 3527 4143 Alexandrina,
3566 4095 3692 4152 quae

2092 4182 2143 4234 in
2177 4179 2351 4234 insula
2385 4177 2737 4245 hiemaverat,
2774 4177 2860 4232 cui
2892 4186 3009 4231 erat
3033 4176 3242 4247 insigne
3266 4173 3571 4230 Castorum.
3621 4172 3690 4230 Et

2091 4289 2212 4329 eum
2241 4271 2581 4328 venissemus
2628 4272 2978 4343 Syracusani,
3028 4271 3323 4324 mansimus
3364 4266 3436 4324 ibi
3489 4265 3688 4321 triduo.

2092 4368 2219 4424 Inde
2268 4367 2718 4437 eircurnlegentcs
2767 4365 3085 4422 devenimus
3140 4363 3402 4433 Rhegium
3437 4379 3452 4417 :
3484 4370 3538 4416 et
3569 4369 3691 4431 post

2094 4477 2256 4516 unum
2289 4460 2430 4514 diem
2462 4459 2624 4513 ﬂante
2655 4469 2860 4522 austro,
2894 4455 3134 4512 secunda
3165 4455 3252 4510 die
3298 4455 3549 4510 venimus
3586 4453 3689 4506 Pu-

2094 4553 2267 4609 teolos
2298 4569 2310 4604 :
2345 4552 2433 4606 ubi
2464 4551 2698 4607 inventis
2746 4550 3000 4605 fratribus
3042 4547 3217 4619 rogati
3259 4559 3446 4602 sumus
3469 4559 3690 4600 manere

2095 4646 2233 4716 apud
2267 4661 2359 4701 eos
2386 4646 2503 4699 dies
2549 4653 2758 4714 septem
2787 4660 2798 4696 :
2833 4651 2887 4698 et
2918 4642 2997 4696 sic
3045 4641 3290 4695 venimus
3338 4639 3590 4694 Romam.
3623 4635 3692 4690 Et

2097 4739 2222 4794 inde
2244 4753 2370 4793 eum
2400 4737 2678 4792 audissent
2699 4738 2914 4800 fratres,
2950 4743 3303 4790 occurrerunt
3333 4732 3491 4786 nobis
3521 4745 3691 4799 usque

2096 4834 2161 4889 ad
2188 4833 2345 4904 Appii
2379 4832 2577 4898 forum,
2612 4847 2672 4886 ac
2699 4843 2806 4886 tres
2827 4829 3124 4886 Tabernas.
3151 4829 3295 4896 Quos
3317 4840 3436 4880 cum
3461 4822 3692 4879 vidisset

2098 4929 2319 4997 Paulus,
2350 4927 2552 4998 gratias
2603 4939 2770 4996 agens
2827 4924 2961 4993 Deo,
2990 4921 3199 4992 accepit
3232 4919 3502 4975 fiduciam.
3553 4917 3688 4972 Cum

2097 5034 2275 5079 autem
2328 5022 2667 5077 venissemus
2728 5019 2978 5084 Romam,
3024 5016 3352 5087 permissum
3407 5023 3490 5070 est
3527 5012 3695 5067 Paulo

2102 5133 2324 5173 manere
2350 5116 2570 5171 sibimet
2592 5129 2712 5170 cum
2742 5113 3090 5168 custodiente
3123 5127 3182 5165 se
3211 5109 3398 5164 milite.
3426 5107 3554 5162 Post
3581 5114 3693 5160 ter-

2101 5214 2230 5268 tium
2285 5220 2461 5265 autem
2517 5209 2659 5264 diem
2725 5205 3036 5260 convocavit
3093 5206 3297 5273 primos
3357 5200 3688 5255 Judteorum.

2100 5307 2342 5375 Cumque
2382 5302 2785 5364 convenissent,
2815 5297 3030 5354 dicebat
3053 5298 3128 5351 eis
3154 5314 3164 5348 2
3192 5295 3323 5366 Ego,
3352 5293 3452 5347 viri
3476 5295 3695 5358 fratres,

2103 5399 2234 5452 nihil
2265 5397 2524 5450 adversus
2581 5394 2793 5463 plebem
2847 5391 3075 5454 faciens,
3128 5399 3220 5443 aut
3276 5401 3482 5442 morem
3518 5396 3696 5455 pater-

2107 5509 2257 5556 num,
2289 5492 2500 5543 vinetus
2531 5489 2598 5542 ab
2621 5486 2975 5556 .lerosolymis
3006 5483 3236 5537 traditus
3263 5497 3382 5535 sum
3415 5482 3467 5534 in
3504 5493 3697 5533 manus

2099 5587 2504 5642 Ruinanorum:
2537 5581 2627 5651 qui
2676 5595 2796 5634 cum
2831 5579 3308 5647 interrogationem
3366 5575 3431 5628 de
3486 5588 3570 5627 me
3602 5575 3696 5625 ha-

2103 5681 2368 5741 buissent,
2403 5678 2693 5730 voluerunt
2720 5689 2806 5728 me
2827 5674 3127 5738 dimittere,
3153 5687 3218 5725 co
3246 5669 3387 5740 qttod
3424 5670 3568 5722 nulla
3599 5682 3691 5720 es-

2101 5783 2186 5828 set
2215 5786 2378 5827 causa
2405 5767 2598 5825 mortis
2627 5768 2680 5821 in
2707 5783 2812 5822 me.
2859 5763 3376 5820 Ctmtradicentibus
3401 5772 3580 5814 autem
3602 5759 3698 5812 Ju-

2102 5867 2255 5934 dzeis,
2291 5876 2513 5920 coaetus
2546 5878 2663 5918 sum
2713 5861 2990 5934 appellare
3045 5859 3340 5920 Caesarem,
3392 5872 3494 5910 non
3544 5852 3698 5922 quasi
