4166 6336
462 311 566 367 727

1462 312 1529 372 S.
1569 312 1947 372 HIERONYMI
1987 310 2220 371 DIVINA
2265 313 2738 377 BlBLIOTlll-ICA.

3658 318 3764 378 728

459 436 678 500 gentem
737 441 911 484 meam
968 427 1177 485 habens
1219 428 1424 502 aliquid
1482 444 1761 487 accusare.
1833 429 2061 500 Propter
2091 431 2141 491 Α
2169 429 2360 488 Isaiam
2390 435 2708 506 prophetam
2738 435 2803 491 ad
2842 445 3027 508 patres
3067 445 3306 507 nostros,
3359 436 3583 492 dicens:
3617 436 3769 494 Vade

462 521 603 577 hanc
644 521 807 592 igitur
832 536 1052 579 causam
1101 523 1288 594 rogavi
1335 538 1435 579 vos
1482 523 1690 587 videre,
1732 532 1787 579 et
1832 521 2057 593 alloqui.

462 613 701 685 Propter
730 630 885 686 spem
914 617 1060 673 enim
1087 616 1277 686 Israel,
1324 625 1513 673 catena
1566 616 1667 671 hac
1696 614 2061 671 circumdatus

461 721 606 763 sum.
652 709 723 764 At
773 707 849 765 illi
879 708 1135 766 dixerunt
1160 710 1228 766 ad
1274 725 1395 767 eum
1437 727 1451 764 :
1504 709 1613 766 Nos
1645 724 1820 780 neque
1851 710 2062 765 litteras

466 798 779 869 accepimus
808 801 877 857 de
906 810 957 857 te
989 817 1017 855 a
1049 800 1263 868 Judaea,
1302 818 1481 875 neque
1525 801 1820 859 adveniens
1865 802 2080 873 aliquis.

467 890 726 959 fratrum,
760 893 1049 962 nuntiavit,
1104 904 1200 950 aut
1230 894 1448 951 locutus
1475 905 1563 951 est
1601 894 1729 966 quid
1758 896 1826 952 de
1858 906 1909 952 te
1949 911 2066 952 ma-

467 984 601 1039 lum.
630 984 899 1056 Rogamus
929 994 1113 1042 autem
1145 1002 1175 1041 a
1207 994 1260 1043 te
1280 988 1469 1043 audire
1497 1002 1619 1058 quae
1655 987 1828 1044 sentis
1875 1005 1887 1043 :
1938 1003 2064 1061 nam

466 1074 539 1132 de
564 1086 714 1133 secta
745 1076 845 1133 hac
870 1087 1056 1133 notum
1084 1087 1168 1134 est
1206 1078 1385 1147 nobis,
1418 1081 1547 1151 quia
1601 1079 1801 1152 ubique
1840 1081 1888 1138 ei
1931 1095 2065 1137 con-

467 1167 773 1224 tradicitur.
801 1168 934 1224 Cum
960 1170 1370 1229 constituissent
1390 1181 1571 1229 autem
1599 1173 1677 1228 illi
1708 1172 1875 1242 diem,
1903 1190 2069 1231 vene-

461 1270 595 1316 runt
621 1260 687 1316 ad
705 1275 830 1317 eum
854 1261 907 1317 in
941 1262 1238 1334 hospitium
1269 1264 1508 1335 plurimi,
1539 1265 1736 1336 quibus
1757 1266 2068 1338 exponebat

467 1353 766 1411 testiﬁcans
789 1369 1013 1427 regnum
1040 1356 1177 1435 ,Dei,
1208 1358 1551 1431 suadensque
1578 1360 1656 1416 eis
1703 1359 1771 1418 de
1820 1360 1947 1417 Jesu
2000 1375 2066 1418 ex

466 1449 591 1519 lege
616 1449 788 1522 Moysi
818 1460 875 1506 et
904 1450 1211 1522 Prophetis,
1244 1468 1273 1509 a
1297 1469 1455 1510 mane
1479 1469 1648 1527 usque
1671 1456 1738 1512 ad
1760 1472 2065 1529 vesperam.

466 1538 538 1595 Et
566 1540 791 1612 quidam
824 1544 1120 1601 credebant
1142 1545 1249 1612 his,
1298 1562 1420 1617 qua:
1461 1548 1782 1605 dicebantur
1810 1551 2069 1622 :-quidam

465 1648 597 1690 vero
622 1650 730 1691 non
770 1636 1088 1694 credebant.
1151 1638 1397 1712 Cumque
1445 1643 1676 1700 invicem
1727 1661 1835 1701 non
1885 1656 2071 1703 essent

465 1729 889 1797 consentientes,
971 1731 1363 1802 discedebant,
1410 1736 1626 1796 dicente
1678 1739 1850 1797 Paulo
1904 1756 2068 1796 unum

468 1822 692 1879 verbum
727 1839 743 1880 :
776 1822 912 1892 Quia
948 1826 1088 1884 bene
1115 1826 1354 1901 Spiritus
1383 1839 1605 1888 sanctus
1631 1833 1843 1891 locutus
1871 1843 1955 1891 est
1976 1850 2073 1907 per
2102 1830 2151 1893 B

2164 525 2232 579 ad
2271 528 2524 596 populum
2547 527 2737 598 istum,
2768 537 2825 585 et
2857 530 2946 587 die
2967 530 3033 586 ad
3063 546 3162 588 eos
3191 548 3205 586 :
3237 532 3384 588 Aure
3431 530 3685 599 audietis,
3711 541 3770 588 et

2164 631 2273 672 non
2304 617 2623 690 intelligetis
2654 637 2670 679 :
2717 631 2773 678 et
2802 621 3047 680 videntes
3072 623 3348 691 videbitis,
3397 634 3451 680 et
3488 639 3596 681 non
3642 639 3770 695 per-

2166 709 2426 781 spicietis.
2453 711 2818 769 lncrassatum
2842 723 2927 772 est
2956 715 3099 772 enim
3122 731 3218 772 cor
3259 717 3443 788 populi
3482 716 3669 788 hujus,
3714 725 3769 774 et

2166 804 2388 861 auribus
2419 807 2659 878 graviter
2694 807 3004 877 audierunt,
3035 820 3088 867 ct
3113 810 3302 867 oculos
3322 824 3454 867 suos
3483 825 3767 880 compres-

2166 908 2374 965 serunt,
2409 915 2478 956 ne
2508 899 2651 958 forte
2680 901 2904 959 videant
2929 904 3125 973 oculis,
3161 914 3215 961 et
3251 903 3477 961 auribus
3520 906 3766 977 audiant,

2168 999 2223 1045 et
2252 991 2418 1047 corde
2436 991 2737 1063 intelligant
2764 1002 2820 1051 et
2868 996 3281 1061 convertantur,
3327 1006 3384 1053 et
3429 1012 3618 1053 sanem
3649 1012 3768 1055 eos.

2167 1081 2363 1138 Notum
2392 1098 2523 1156 ergo
2551 1085 2623 1141 sit
2642 1086 2820 1154 vobis,
2859 1090 3113 1156 quoniam
3155 1090 3410 1162 gentibus
3432 1090 3657 1147 missum
3687 1098 3772 1147 est

2170 1174 2274 1231 hoc
2304 1176 2544 1234 salutare
2577 1178 2694 1243 Dei,
2720 1188 2777 1236 et
2812 1180 2913 1251 ipsi
2942 1181 3183 1238 audient.
3220 1184 3288 1238 Et
3313 1199 3436 1239 cum
3466 1184 3582 1239 haec
3604 1183 3771 1239 dixis-

2169 1277 2274 1337 set,
2305 1268 2557 1326 exierunt
2584 1271 2655 1326 ab
2676 1287 2742 1328 eo
2770 1271 2965 1340 Judaei,
2999 1275 3226 1331 multam
3251 1276 3515 1333 habentes
3543 1276 3686 1333 inter
3710 1292 3771 1335 se

2170 1364 2551 1433 qumstionem.
2581 1365 2777 1422 Mansit
2804 1377 2984 1424 autem
3028 1369 3250 1425 biennio
3290 1378 3405 1425 toto
3433 1371 3487 1426 in
3510 1384 3611 1426 suo
3640 1384 3775 1427 con-

2171 1456 2334 1513 ducto
2368 1476 2382 1515 :
2411 1469 2467 1515 et
2495 1460 2828 1530 suscipiebat
2859 1478 3074 1532 omnes,
3107 1467 3199 1536 qui
3222 1464 3674 1537 ingrediebantur
3701 1465 3771 1520 ad

2173 1566 2319 1618 eum,
2351 1552 2652 1623 praedicans
2680 1569 2903 1625 regnum
2929 1555 3046 1623 Dei,
3078 1566 3132 1613 et
3156 1556 3363 1613 docens
3393 1574 3513 1629 quae
3543 1566 3667 1614 sunt
3703 1556 3773 1613 de

2175 1646 2407 1703 Domino
2428 1646 2558 1704 Jesu
2584 1647 2825 1720 Christo,
2851 1664 2975 1707 cum
3015 1652 3163 1708 omni
3190 1651 3407 1721 ﬁducia,
3435 1652 3555 1709 sine
3582 1649 3767 1725 prohi-

2175 1742 2403 1798 bitione.

1580 1946 1815 2023 Emplicit
1855 1950 1983 2008 liber
2022 1952 2243 2009 Actuum
2289 1954 2683 2026 Apostolorum.

466 2084 2912 2125 MM

1126 2272 1137 2281 ι
1222 2193 1409 2306 Bs
1471 2173 2044 2309 ΡΔπιι

2171 2199 3042 2316 ιιιθετοιιι

1977 2387 2271 2454 INCIPIT
2324 2358 2327 2363 ’

858 2546 1832 2699 EPISTOLA
1891 2541 1917 2570 ³
1980 2552 2069 2693 Α

2171 2554 2258 2697 )
2357 2551 2802 2705 ROM
2829 2556 3094 2701 AN
3107 2554 3414 2706 ΟΞ.

546 2905 701 2981 [Cap.
732 2901 801 2975 1.]
861 2902 1102 2969 Paulus,
1151 2912 1342 2969 servus
1378 2898 1510 2955 Jesu
1557 2895 1797 2964 Christi,
1842 2903 2072 2952 vocatus

469 2998 772 3072 Apostolus
800 3035 817 3064 ,
868 3002 1188 3067 segregatus
1236 2992 1289 3047 iu
1337 2991 1688 3063 Evangelium
1737 2988 1873 3055 Dei,
1926 2987 2070 3060 quod

471 3101 598 3145 ante
626 3088 955 3159 promiserat
1004 3100 1098 3157 per
1142 3082 1442 3155 prophetas
1490 3095 1617 3138 suos
1666 3081 1723 3136 in
1774 3078 2071 3151 Scripturis

468 3183 678 3243 sanctis
721 3181 790 3238 de
835 3180 974 3237 Filio
1003 3193 1103 3236 suo
1131 3219 1146 3246 ,
1194 3178 1287 3249 qui
1331 3179 1502 3232 lactus
1542 3183 1627 3232 est
1664 3176 1713 3232 ei
1760 3190 1826 3231 ex
1858 3174 2070 3231 semine

469 3275 641 3332 David
696 3271 999 3330 secundum
1052 3285 1269 3326 carnem
1305 3310 1321 3335 ,
1375 3268 1463 3340 qui
1517 3266 1932 3338 praedestinatus
1987 3276 2071 3322 est

469 3370 644 3426 Filius
675 3368 773 3424 Dei
805 3366 859 3421 in
896 3367 1099 3421 virtute
1146 3363 1442 3420 secundum
1481 3361 1732 3433 spiritum
1760 3359 2064 3416 sanctiﬁca-

470 3463 637 3521 tionis
686 3477 753 3519 ex
801 3459 1207 3517 resurrectione
1275 3466 1614 3512 mortuorum
1672 3455 1801 3510 Jesu
1863 3450 2069 3509 Christi

469 3558 693 3616 Domini
723 3557 896 3615 nostri
931 3573 944 3611 :
979 3570 1076 3626 per
1123 3568 1286 3624 quem
1337 3550 1645 3621 accepimus
1691 3548 1965 3619 gratiam,
2013 3556 2071 3603 et

471 3654 883 3726 Apostolatum,
916 3650 983 3706 ad
1011 3644 1377 3705 obediendum
1407 3642 1532 3700 ﬁdei
1566 3645 1618 3699 in
1648 3640 1901 3698 omnibus
1938 3655 2071 3712 gen-

468 3748 616 3804 tibus
646 3761 743 3819 pro
773 3743 993 3801 nomine
1021 3741 1140 3812 ejus
1163 3783 1176 3806 ,
1218 3740 1276 3794 in
1307 3738 1503 3810 quibus
1531 3737 1664 3792 estis
1692 3744 1748 3792 et
1776 3750 1871 3791 vos
1895 3733 2071 3789 vocati

469 3840 597 3898 Jesu
628 3838 872 3898 Christi:
903 3835 1157 3893 omnibus
1188 3834 1278 3905 qui
1302 3840 1428 3888 sunt
1457 3831 1668 3898 Ronite,
1698 3828 1915 3886 dilectis
1946 3827 2066 3896 Dei,

468 3934 679 3990 vocatis
723 3933 948 3988 sanctis.
999 3927 1187 3985 Gratia
1232 3926 1388 3982 vobis
1430 3933 1487 3981 et
1532 3938 1636 3993 pax
1678 3938 1707 3978 a
1755 3922 1865 3978 Deo
1909 3920 2069 3977 Patre

466 4037 695 4095 nostro,
743 4036 800 4084 et
844 4026 1076 4081 Domino
1117 4023 1246 4079 .Iesu
1291 4020 1528 4076 Christo.
1578 4019 1816 4075 Primum
1847 4016 2068 4089 quidem

469 4123 676 4196 gratias
700 4137 803 4191 ago
827 4119 943 4175 Deo
974 4133 1097 4173 meo
1124 4131 1218 4188 per
1239 4115 1428 4173 Iesum
1456 4111 1732 4169 Christum
1764 4126 1864 4183 pro
1891 4110 2066 4167 omni-

466 4220 573 4276 bus
596 4217 751 4274 vobis
776 4233 792 4277 ;
824 4215 949 4285 quia
974 4212 1110 4268 ﬁdes
1148 4221 1326 4267 vestra
1353 4209 1706 4265 annuntiatur
1735 4207 1788 4263 in
1818 4206 2069 4261 universo

471 4311 702 4367 mundo.
748 4307 927 4363 Testis
981 4307 1124 4361 enim
1165 4304 1298 4359 mihi
1340 4311 1424 4359 est
1449 4302 1592 4358 Deus
1618 4343 1633 4370 ,
1675 4301 1759 4355 cui
1790 4300 1968 4356 servio
2016 4296 2070 4351 in

472 4403 667 4474 spiritu
703 4414 824 4456 meo
851 4400 903 4454 in
938 4396 1232 4468 Evangelia
1255 4395 1380 4452 Filii
1408 4395 1548 4465 ejus,
1581 4392 1722 4465 quod
1755 4391 1873 4447 sine
1904 4391 2071 4445 inter-

471 4497 739 4555 missione
770 4493 1090 4551 mcmoriam
1122 4492 1292 4547 vestri
1342 4489 1485 4547 iacio
1521 4503 1739 4559 semper
1775 4488 1829 4541 iu
1857 4484 2066 4541 oratio-

470 4588 633 4645 nibus
656 4587 818 4643 meis:
839 4585 1218 4651 obsecrans,si
1240 4582 1516 4656 quomodo
1539 4581 1758 4637 tandem
1781 4576 2071 4649 aliquando

2176 2896 2330 2953 vobis
2359 2942 2373 2967 ,
2428 2899 2518 2969 qui
2568 2899 2757 2956 Romae
2800 2902 2975 2967 estis,
3029 2901 3429 2972 evangelizare.
3469 2901 3585 2957 Non
3626 2901 3771 2959 enim

2176 2991 2441 3050 erubesco
2473 2993 2848 3065 Evangelium.
2881 2994 3062 3051 Virtus
3087 2996 3234 3051 enim
3270 2995 3365 3051 Dei
3402 3006 3485 3052 est
3529 2996 3581 3051 in
3621 2995 3772 3050 salu-

2179 3094 2283 3139 tem
2326 3086 2475 3141 omui
2505 3086 2746 3142 credenti
2776 3132 2789 3158 ,
2833 3087 3024 3144 Judaro
3053 3089 3285 3158 primum
3332 3097 3388 3145 et
3424 3088 3635 3145 Graeco.
3667 3088 3771 3144 Ju-

2175 3177 2320 3232 stitia
2367 3179 2513 3234 enim
2559 3178 2659 3235 Dei
2700 3180 2752 3235 in
2798 3196 2865 3236 eo
2908 3181 3182 3237 revelatur
3224 3198 3290 3238 ex
3334 3182 3441 3239 ﬁde
3482 3182 3533 3238 in
3563 3181 3719 3238 ﬁdem
3753 3199 3765 3237 :

2176 3270 2316 3327 sicut
2348 3272 2611 3342 scriptum
2652 3283 2737 3329 est
2764 3291 2777 3328 :
2810 3272 2996 3329 .IuStus
3027 3284 3208 3330 autem
3238 3290 3302 3331 ex
3334 3274 3442 3331 ﬁde
3470 3276 3618 3330 vivit.
3666 3274 3774 3329 Re-

2178 3363 2388 3419 velatur
2409 3364 2552 3419 enim
2585 3366 2660 3421 ira
2688 3366 2786 3421 Dei
2816 3366 2884 3423 de
2909 3367 3069 3435 coelo,
3089 3383 3254 3439 super
3278 3382 3494 3422 omnem
3518 3368 3767 3438 impieta-

2173 3464 2353 3512 temet
2383 3456 2701 3524 injustitiam
2732 3458 3011 3515 hominum
3037 3476 3224 3517 eorum
3256 3461 3349 3531 qui
3374 3461 3654 3517 veritatem
3671 3461 3769 3516 Dei

2178 3548 2229 3603 in
2259 3549 2520 3618 injustitia
2546 3550 2825 3607 detinent:
2850 3554 2976 3623 quia
2998 3553 3143 3625 quod
3176 3550 3363 3610 notum
3393 3566 3475 3610 est
3502 3556 3616 3618 Dei,
3649 3571 3766 3610 ma-

2172 3641 2427 3697 nifestum
2458 3652 2542 3698 est
2573 3643 2625 3698 in
2667 3643 2794 3699 illis.
2843 3644 2985 3701 Deus
3027 3648 3171 3700 enim
3221 3646 3325 3700 illis
3372 3644 3764 3701 mauilestavit.

2172 3735 2463 3792 lnvisihilia
2495 3738 2640 3793 enim
2682 3737 2851 3809 ipsius
2878 3783 2891 3803 ,
2939 3755 2967 3794 a
3004 3753 3253 3796 creatura
3295 3742 3481 3798 mundi
3514 3784 3529 3810 ,
3580 3757 3675 3813 per
3702 3756 3768 3797 ea

2170 3844 2292 3899 quae
2320 3829 2457 3886 facta
2482 3839 2631 3896 sunt,
2656 3831 2952 3901 intellecta,
2971 3833 3414 3905 conspiciuntur:
3440 3836 3771 3902 sempiterna

2170 3938 2387 3994 quoque
2417 3924 2540 3995 ejus
2568 3925 2761 3992 virtus,
2790 3936 2844 3981 et
2871 3925 3129 3984 divinitas
3162 3946 3175 3981 :
3209 3926 3281 3982 ita
3314 3935 3372 3981 ut
3402 3928 3514 3983 sint
3542 3928 3769 3985 inexcu-

2171 4017 2389 4073 sabiles.
2440 4016 2575 4084 Quia
2615 4032 2741 4073 cum
2786 4019 3176 4089 cognovissent
3217 4020 3384 4074 Deum
3413 4065 3426 4089 ,
3476 4035 3584 4076 non
3630 4021 3773 4076 sicut

2174 4111 2341 4166 Deum
2374 4110 2836 4181 gloriﬁcaverunt,
2867 4126 2956 4167 aut
2984 4115 3186 4184 gratias
3216 4123 3445 4185 egerunt
3472 4132 3485 4169 :
3520 4114 3615 4169 sed
3648 4128 3773 4170 eva-

2175 4213 2409 4260 nuerunt
2440 4204 2492 4259 in
2523 4205 2943 4276 cogitationibus
2991 4206 3103 4261 suis
3132 4247 3146 4272 ,
3202 4216 3257 4261 et
3298 4206 3646 4262 obscuratum
3689 4217 3774 4261 est

2173 4298 2440 4368 insipiens
2468 4312 2565 4353 cor
2589 4314 2776 4354 eorum
2806 4316 2819 4353 :
2848 4298 3093 4354 dicentes
3123 4300 3269 4354 enim
3303 4314 3363 4355 se
3404 4313 3527 4354 esse
3558 4297 3774 4369 sapien-

2174 4402 2279 4459 tes,
2310 4392 2459 4447 stulti
2487 4391 2610 4449 facti
2639 4402 2786 4449 sunt.
2839 4394 2905 4449 Et
2945 4403 3292 4450 mutaverunt
3331 4394 3554 4464 gloriam
3585 4392 3770 4448 incur-

2173 4488 2446 4558 ruptibilis
2468 4487 2584 4556 Dei,
2610 4489 2662 4544 in
2686 4488 3096 4544 similitudinem
3121 4488 3377 4560 imaginis
3401 4487 3773 4558 corruptibilis

2176 4579 2432 4646 hominis,
2462 4588 2518 4636 et
2548 4580 2850 4648 volucrum,
2884 4590 2941 4638 et
2969 4580 3378 4653 quadrupedum
3404 4623 3418 4650 ,
3459 4590 3514 4637 et
3547 4595 3775 4652 serpen-

468 4696 795 4754 prosperum
824 4681 929 4735 iter
957 4679 1185 4735 habeam
1216 4678 1271 4734 iu
1302 4678 1584 4732 voluntate
1606 4675 1701 4731 Dei
1728 4672 1977 4729 veniendi
2000 4670 2067 4727 ad
2097 4710 2152 4771 Β
2176 4675 2330 4730 tium.
2366 4674 2594 4746 Propter
2636 4674 2778 4747 quod
2823 4675 3046 4732 tradidit
3076 4675 3200 4731 illos
3234 4675 3379 4731 Deus
3407 4674 3460 4729 in
3501 4672 3769 4730 desideria

467 4789 589 4830 vos.
624 4773 887 4829 Desidere
915 4775 1063 4828 enim
1096 4772 1283 4828 videre
1308 4787 1429 4838 vos,
1462 4779 1522 4826 ut
1550 4768 1752 4841 aliquid
1787 4768 2068 4839 impertiar

466 4866 625 4922 vobis
646 4865 838 4937 gratia:
864 4864 1166 4935 spiritualis
1193 4864 1260 4919 ad
1288 4862 1691 4919 conﬁrmandos
1722 4877 1814 4917 vos
1843 4878 1855 4914 :
1882 4861 1935 4916 id
1962 4871 2067 4926 est,

466 4957 633 5014 simul
662 4955 939 5014 consolari
970 4957 1022 5011 iu
1050 4955 1206 5011 vobis
1230 4997 1244 5022 ,
1281 4970 1378 5025 per
1406 4970 1524 5010 eam
1550 4970 1669 5025 quae
1701 4955 1933 5009 invicem
1962 4962 2066 5019 est,

470 5050 634 5111 ﬁdem
672 5064 909 5108 vestram
947 5060 1109 5121 atque
1144 5064 1342 5106 meam.
1386 5048 1523 5105 Nolo
1551 5056 1734 5104 autem
1774 5062 1871 5102 vos
1916 5047 2070 5116 igno-

477 5161 622 5213 rare,
658 5144 857 5202 fratres
883 5163 899 5206 z
932 5144 1057 5216 quia
1099 5158 1245 5215 saepe
1274 5144 1531 5216 proposui
1558 5143 1745 5200 venire
1773 5142 1841 5199 ad
1867 5156 1964 5198 vos
1991 5142 2070 5214 (et

471 5238 786 5309 prohibitus
821 5252 941 5294 sum
983 5252 1158 5309 usque
1195 5234 1421 5309 adhuc).
1459 5245 1518 5292 ut
1561 5236 1799 5307 aliquem
1829 5234 2065 5292 fructum

468 5331 702 5389 habeam
730 5340 785 5388 et
821 5331 874 5387 in
917 5331 1073 5387 vobis
1097 5373 1111 5399 ,
1154 5331 1295 5387 sicut
1335 5340 1391 5387 et
1437 5330 1491 5386 in
1535 5330 1749 5386 caeteris
1787 5330 2065 5401 gentibus.

467 5422 678 5481 Graecis
724 5438 789 5480 ac
835 5422 1130 5494 Barbaris,
1183 5422 1520 5494 sapientibus
1573 5431 1630 5478 et
1685 5421 2068 5491 insipientibus

464 5518 682 5576 debitor
723 5532 889 5575 sum:
930 5518 1004 5575 ita
1041 5517 1315 5592 (quodin
1352 5516 1484 5589 me)
1531 5524 1844 5588 promptum
1886 5525 1970 5573 est
2011 5524 2067 5573 et

536 5704 565 5775 ἦ
594 5701 887 5775 Exegimus
914 5702 1081 5759 hasce
1104 5701 1279 5771 Pauli,
1313 5703 1654 5774 aliorumque
1676 5702 2062 5775 Apostolorum

462 5772 738 5846 Epistolas
782 5774 941 5846 juxta
989 5776 1278 5846 exemplar
1317 5772 1639 5846 Vaticanum
1679 5772 2064 5831 aMartianaeo

467 5844 683 5917 editas,
726 5846 793 5905 ad
834 5844 998 5904 ﬁdem
1043 5844 1318 5905 ms.‘cod.
1350 5845 1579 5903 Palatini
1608 5890 1624 5916 ,
1670 5846 1842 5919 quiin
1871 5846 2061 5904 eadem

2174 4768 2353 4824 cordis
2382 4783 2598 4835 eorum,
2630 4768 2683 4823 in
2709 4768 3109 4825 immunditiam
3143 4787 3155 4822 :
3199 4780 3256 4824 ut
3280 4767 3629 4825 contumeliis
3650 4766 3771 4822 alli-

2174 4862 2324 4917 ciant
2348 4874 2581 4932 eorpora
2606 4875 2699 4916 sua
2730 4862 2784 4915 in
2815 4861 3155 4933 semetipsis:
3178 4862 3269 4933 qui
3300 4870 3771 4918 commutaveruut

2173 4953 2459 5008 veritatem
2492 4952 2587 5008 Dei
2614 4954 2668 5008 in
2700 4953 3042 5010 mendacium
3072 4969 3088 5010 :
3121 4953 3484 5009 etcolueruut
3509 4995 3526 5021 ,
3570 4964 3625 5009 et
3650 4969 3772 5011 ser-

2174 5046 2392 5101 vierunt
2416 5055 2682 5103 creatum
2707 5045 2887 5117 potius
2918 5062 3078 5117 quam
3106 5047 3353 5103 Creatori
3381 5089 3397 5115 ,
3442 5048 3533 5119 qui
3560 5040 3644 5103 est
3669 5047 3772 5104 be-

2174 5138 2432 5193 nedictus
2470 5138 2523 5192 in
2565 5139 2782 5193 saecula.
2827 5140 3021 5195 Amen.
3068 5137 3362 5208 Propterea
3397 5138 3618 5194 tradidit
3647 5138 3771 5194 illos

2178 5231 2322 5288 Deus
2349 5234 2401 5287 in
2440 5233 2717 5305 passiones
2760 5234 3073 5303 ignominia:
3119 5251 3135 5291 ε
3177 5222 3299 5290 nam
3335 5234 3550 5291 feminae
3581 5250 3770 5291 eorum

2172 5326 2593 5383 immutaveruut
2622 5327 2921 5384 naturalem
2949 5344 3126 5398 usum,
3163 5329 3216 5385 in
3238 5345 3359 5386 eum
3385 5345 3543 5385 usum
3569 5329 3661 5401 qui
3687 5338 3773 5386 est

2167 5429 2359 5475 contra
2394 5431 2664 5475 naturam.
2696 5419 2961 5475 Similiter
2987 5429 3171 5476 autem
3205 5431 3259 5477 ct
3291 5421 3549 5489 masculi,
3578 5421 3770 5477 relicto

2169 5515 2400 5572 naturali
2429 5531 2528 5571 usu
2552 5513 2793 5583 feminas,
2822 5525 3149 5572 exarserunt
3177 5517 3231 5573 in
3255 5515 3549 5573 desideriis
3576 5517 3692 5572 suis
3716 5517 3769 5572 in

2169 5698 2344 5775 Vatie.
2369 5699 2705 5775 Bibliotheca
2736 5710 3049 5775 asservatur
3083 5703 3185 5760 sub
3213 5718 3361 5760 num.
3398 5705 3487 5771 57,
3520 5714 3575 5760 et
3606 5720 3766 5775 quem

2165 5772 2408 5849 omnium
2459 5773 2900 5849 antiquissimum
2951 5776 3258 5835 invenimus
3287 5819 3302 5845 ,
3354 5790 3419 5834 ac
3459 5772 3766 5849 honre'pm

2165 5844 2379 5904 caeteris
2406 5852 2550 5904 notte
2578 5842 2641 5904 ac
2668 5842 2856 5919 frugis.
2905 5914 2912 5918 _
