  <div class='ocr_page' id='page_1' title='image "/cluster/home/n/w/nwhite01/storage/ocr_20150623/29/hvd.32044015471428/370.png"; bbox 0 0 4166 6336; ppageno 0'>
   <div class='ocr_carea' id='block_1_1' title="bbox 310 289 416 348">
    <p class='ocr_par' dir='ltr' id='par_1_1' title="bbox 310 289 416 348">
     <span class='ocr_line' id='line_1_1' title="bbox 310 289 416 348; baseline 0.009 -2"><span class='ocrx_word' id='word_1_1' title='bbox 310 289 416 348; x_wconf 62' lang='lat'><strong>729</strong></span> 
     </span>
    </p>
   </div>
   <div class='ocr_carea' id='block_1_2' title="bbox 1140 288 2669 351">
    <p class='ocr_par' dir='ltr' id='par_1_2' title="bbox 1140 288 2669 351">
     <span class='ocr_line' id='line_1_2' title="bbox 1140 288 2669 351; baseline 0.001 -5"><span class='ocrx_word' id='word_1_2' title='bbox 1140 288 1473 348; x_wconf 66' lang='lat' dir='ltr'><strong>EPISTULA</strong></span> <span class='ocrx_word' id='word_1_3' title='bbox 1507 289 1566 347; x_wconf 78' lang='grc' dir='ltr'><strong>Β.</strong></span> <span class='ocrx_word' id='word_1_4' title='bbox 1599 288 1804 348; x_wconf 82' lang='lat' dir='ltr'><strong>PAULI</strong></span> <span class='ocrx_word' id='word_1_5' title='bbox 1834 289 2173 349; x_wconf 82' lang='lat' dir='ltr'><strong>APOSTOLI</strong></span> <span class='ocrx_word' id='word_1_6' title='bbox 2201 292 2291 351; x_wconf 79' lang='lat' dir='ltr'><strong>Al)</strong></span> <span class='ocrx_word' id='word_1_7' title='bbox 2320 291 2669 351; x_wconf 76' lang='lat' dir='ltr'><strong>ROMANOS.</strong></span> 
     </span>
    </p>
   </div>
   <div class='ocr_carea' id='block_1_3' title="bbox 3506 298 3609 352">
    <p class='ocr_par' dir='ltr' id='par_1_3' title="bbox 3506 298 3609 352">
     <span class='ocr_line' id='line_1_3' title="bbox 3506 298 3609 352; baseline 0 -1"><span class='ocrx_word' id='word_1_8' title='bbox 3506 298 3609 352; x_wconf 78' lang='grc'><strong>750</strong></span> 
     </span>
    </p>
   </div>
   <div class='ocr_carea' id='block_1_4' title="bbox 303 394 3606 482">
    <p class='ocr_par' dir='ltr' id='par_1_4' title="bbox 303 394 3606 482">
     <span class='ocr_line' id='line_1_4' title="bbox 303 394 3606 482; baseline 0.001 -18"><span class='ocrx_word' id='word_1_9' title='bbox 303 394 569 475; x_wconf 82' lang='lat' dir='ltr'><strong>invicem,</strong></span> <span class='ocrx_word' id='word_1_10' title='bbox 609 407 830 462; x_wconf 87' lang='lat' dir='ltr'><strong>masculi</strong></span> <span class='ocrx_word' id='word_1_11' title='bbox 865 406 918 462; x_wconf 92' lang='lat' dir='ltr'><strong>iu</strong></span> <span class='ocrx_word' id='word_1_12' title='bbox 951 407 1224 463; x_wconf 78' lang='lat' dir='ltr'><strong>masculos</strong></span> <span class='ocrx_word' id='word_1_13' title='bbox 1255 407 1641 478; x_wconf 89' lang='lat' dir='ltr'><strong>turpitudinem</strong></span> <span class='ocrx_word' id='word_1_14' title='bbox 1667 423 1900 478; x_wconf 88' lang='lat' dir='ltr'><strong>operan-</strong></span> <span class='ocrx_word' id='word_1_15' title='bbox 1932 415 1983 474; x_wconf 84' lang='grc' dir='ltr'><strong>Λ</strong></span> <span class='ocrx_word' id='word_1_16' title='bbox 2009 409 2251 466; x_wconf 82' lang='lat' dir='ltr'><strong>veritatis</strong></span> <span class='ocrx_word' id='word_1_17' title='bbox 2281 412 2334 465; x_wconf 89' lang='lat' dir='ltr'><strong>in</strong></span> <span class='ocrx_word' id='word_1_18' title='bbox 2367 409 2508 480; x_wconf 90' lang='lat' dir='ltr'><strong>lege.</strong></span> <span class='ocrx_word' id='word_1_19' title='bbox 2538 409 2640 477; x_wconf 89' lang='lat' dir='ltr'><strong>Qui</strong></span> <span class='ocrx_word' id='word_1_20' title='bbox 2674 424 2803 479; x_wconf 86' lang='lat' dir='ltr'><strong>ergo</strong></span> <span class='ocrx_word' id='word_1_21' title='bbox 2831 409 2994 465; x_wconf 90' lang='lat' dir='ltr'><strong>alium</strong></span> <span class='ocrx_word' id='word_1_22' title='bbox 3023 409 3208 478; x_wconf 82' lang='lat' dir='ltr'><strong>doces,</strong></span> <span class='ocrx_word' id='word_1_23' title='bbox 3244 411 3471 482; x_wconf 88' lang='lat' dir='ltr'><strong>tcipsum</strong></span> <span class='ocrx_word' id='word_1_24' title='bbox 3501 428 3606 468; x_wconf 88' lang='lat' dir='ltr'><strong>nou</strong></span> 
     </span>
    </p>
   </div>
   <div class='ocr_carea' id='block_1_5' title="bbox 314 500 1914 572">
    <p class='ocr_par' dir='ltr' id='par_1_5' title="bbox 314 500 1914 572">
     <span class='ocr_line' id='line_1_5' title="bbox 314 500 1914 572; baseline 0 -16"><span class='ocrx_word' id='word_1_25' title='bbox 314 508 417 566; x_wconf 89' lang='lat' dir='ltr'><strong>tes,</strong></span> <span class='ocrx_word' id='word_1_26' title='bbox 444 509 502 556; x_wconf 91' lang='lat' dir='ltr'><strong>et</strong></span> <span class='ocrx_word' id='word_1_27' title='bbox 533 500 864 568; x_wconf 88' lang='lat' dir='ltr'><strong>mercedem,</strong></span> <span class='ocrx_word' id='word_1_28' title='bbox 899 516 1060 572; x_wconf 89' lang='lat' dir='ltr'><strong>quam</strong></span> <span class='ocrx_word' id='word_1_29' title='bbox 1087 501 1328 571; x_wconf 84' lang='lat' dir='ltr'><strong>Oportuit</strong></span> <span class='ocrx_word' id='word_1_30' title='bbox 1349 543 1362 568; x_wconf 91' lang='lat'><strong>,</strong></span> <span class='ocrx_word' id='word_1_31' title='bbox 1395 501 1600 555; x_wconf 89' lang='lat' dir='ltr'><strong>erroris</strong></span> <span class='ocrx_word' id='word_1_32' title='bbox 1623 501 1705 556; x_wconf 91' lang='lat' dir='ltr'><strong>sui</strong></span> <span class='ocrx_word' id='word_1_33' title='bbox 1745 501 1796 555; x_wconf 88' lang='lat' dir='ltr'><strong>in</strong></span> <span class='ocrx_word' id='word_1_34' title='bbox 1828 514 1914 556; x_wconf 90' lang='lat' dir='ltr'><strong>se-</strong></span> 
     </span>
    </p>
   </div>
   <div class='ocr_carea' id='block_1_6' title="bbox 315 593 1912 667">
    <p class='ocr_par' dir='ltr' id='par_1_6' title="bbox 315 593 1912 667">
     <span class='ocr_line' id='line_1_6' title="bbox 315 593 1912 667; baseline -0.001 -16"><span class='ocrx_word' id='word_1_35' title='bbox 315 594 569 665; x_wconf 89' lang='lat' dir='ltr'><strong>metipsis</strong></span> <span class='ocrx_word' id='word_1_36' title='bbox 591 595 939 667; x_wconf 84' lang='lat' dir='ltr'><strong>recipientcs.</strong></span> <span class='ocrx_word' id='word_1_37' title='bbox 967 593 1034 649; x_wconf 86' lang='lat' dir='ltr'><strong>Et</strong></span> <span class='ocrx_word' id='word_1_38' title='bbox 1055 595 1196 651; x_wconf 90' lang='lat' dir='ltr'><strong>sicut</strong></span> <span class='ocrx_word' id='word_1_39' title='bbox 1218 609 1324 650; x_wconf 90' lang='lat' dir='ltr'><strong>non</strong></span> <span class='ocrx_word' id='word_1_40' title='bbox 1355 595 1716 664; x_wconf 88' lang='lat' dir='ltr'><strong>probaverunt</strong></span> <span class='ocrx_word' id='word_1_41' title='bbox 1741 594 1912 651; x_wconf 89' lang='lat' dir='ltr'><strong>Deum</strong></span> 
     </span>
    </p>
   </div>
   <div class='ocr_carea' id='block_1_7' title="bbox 313 686 1912 760">
    <p class='ocr_par' dir='ltr' id='par_1_7' title="bbox 313 686 1912 760">
     <span class='ocr_line' id='line_1_7' title="bbox 313 686 1912 760; baseline 0.002 -19"><span class='ocrx_word' id='word_1_42' title='bbox 313 686 519 744; x_wconf 85' lang='lat' dir='ltr'><strong>habere</strong></span> <span class='ocrx_word' id='word_1_43' title='bbox 557 688 611 744; x_wconf 93' lang='lat' dir='ltr'><strong>in</strong></span> <span class='ocrx_word' id='word_1_44' title='bbox 641 689 832 744; x_wconf 87' lang='lat' dir='ltr'><strong>notitia</strong></span> <span class='ocrx_word' id='word_1_45' title='bbox 863 706 878 745; x_wconf 90' lang='lat'>:</span> <span class='ocrx_word' id='word_1_46' title='bbox 916 688 1137 744; x_wconf 90' lang='lat' dir='ltr'><strong>tradidit</strong></span> <span class='ocrx_word' id='word_1_47' title='bbox 1177 689 1302 744; x_wconf 91' lang='lat' dir='ltr'><strong>illos</strong></span> <span class='ocrx_word' id='word_1_48' title='bbox 1330 690 1474 745; x_wconf 83' lang='lat' dir='ltr'><strong>Deus</strong></span> <span class='ocrx_word' id='word_1_49' title='bbox 1520 691 1572 744; x_wconf 90' lang='lat' dir='ltr'><strong>in</strong></span> <span class='ocrx_word' id='word_1_50' title='bbox 1616 691 1912 760; x_wconf 89' lang='lat' dir='ltr'><strong>reprohnm</strong></span> 
     </span>
    </p>
   </div>
   <div class='ocr_carea' id='block_1_8' title="bbox 312 780 1913 852">
    <p class='ocr_par' dir='ltr' id='par_1_8' title="bbox 312 780 1913 852">
     <span class='ocr_line' id='line_1_8' title="bbox 312 780 1913 852; baseline 0.001 -16"><span class='ocrx_word' id='word_1_51' title='bbox 312 795 564 848; x_wconf 86' lang='lat' dir='ltr'><strong>sensum,</strong></span> <span class='ocrx_word' id='word_1_52' title='bbox 593 790 650 836; x_wconf 91' lang='lat' dir='ltr'><strong>ut</strong></span> <span class='ocrx_word' id='word_1_53' title='bbox 676 780 879 836; x_wconf 89' lang='lat' dir='ltr'><strong>faciant</strong></span> <span class='ocrx_word' id='word_1_54' title='bbox 898 796 982 850; x_wconf 89' lang='lat' dir='ltr'><strong>ea,</strong></span> <span class='ocrx_word' id='word_1_55' title='bbox 1014 796 1136 852; x_wconf 75' lang='lat' dir='ltr'><strong>qua:</strong></span> <span class='ocrx_word' id='word_1_56' title='bbox 1159 798 1264 836; x_wconf 83' lang='lat' dir='ltr'><strong>non</strong></span> <span class='ocrx_word' id='word_1_57' title='bbox 1289 785 1638 850; x_wconf 84' lang='lat' dir='ltr'><strong>conveniunt,</strong></span> <span class='ocrx_word' id='word_1_58' title='bbox 1672 781 1913 852; x_wconf 90' lang='lat' dir='ltr'><strong>repletos</strong></span> 
     </span>
    </p>
   </div>
   <div class='ocr_carea' id='block_1_9' title="bbox 311 873 1914 946">
    <p class='ocr_par' dir='ltr' id='par_1_9' title="bbox 311 873 1914 946">
     <span class='ocr_line' id='line_1_9' title="bbox 311 873 1914 946; baseline -0.001 -16"><span class='ocrx_word' id='word_1_59' title='bbox 311 874 460 930; x_wconf 90' lang='lat' dir='ltr'><strong>omni</strong></span> <span class='ocrx_word' id='word_1_60' title='bbox 491 873 801 946; x_wconf 76' lang='lat' dir='ltr'><strong>iniquitate,</strong></span> <span class='ocrx_word' id='word_1_61' title='bbox 843 874 1072 942; x_wconf 88' lang='lat' dir='ltr'><strong>malitia,</strong></span> <span class='ocrx_word' id='word_1_62' title='bbox 1105 873 1497 942; x_wconf 90' lang='lat' dir='ltr'><strong>fornicatione,</strong></span> <span class='ocrx_word' id='word_1_63' title='bbox 1528 875 1788 943; x_wconf 90' lang='lat' dir='ltr'><strong>avaritia,</strong></span> <span class='ocrx_word' id='word_1_64' title='bbox 1820 887 1914 929; x_wconf 89' lang='lat' dir='ltr'><strong>ne-</strong></span> 
     </span>
    </p>
   </div>
   <div class='ocr_carea' id='block_1_10' title="bbox 311 967 1912 1039">
    <p class='ocr_par' dir='ltr' id='par_1_10' title="bbox 311 967 1912 1039">
     <span class='ocr_line' id='line_1_10' title="bbox 311 967 1912 1039; baseline 0.001 -17"><span class='ocrx_word' id='word_1_65' title='bbox 311 968 507 1039; x_wconf 86' lang='lat' dir='ltr'><strong>quitia,</strong></span> <span class='ocrx_word' id='word_1_66' title='bbox 539 969 734 1038; x_wconf 85' lang='lat' dir='ltr'><strong>plenos</strong></span> <span class='ocrx_word' id='word_1_67' title='bbox 763 967 986 1036; x_wconf 83' lang='lat' dir='ltr'><strong>invidia,</strong></span> <span class='ocrx_word' id='word_1_68' title='bbox 1011 967 1324 1032; x_wconf 87' lang='lat' dir='ltr'><strong>homicidio,</strong></span> <span class='ocrx_word' id='word_1_69' title='bbox 1359 969 1730 1036; x_wconf 88' lang='lat' dir='ltr'><strong>contentione,</strong></span> <span class='ocrx_word' id='word_1_70' title='bbox 1764 968 1912 1036; x_wconf 86' lang='lat' dir='ltr'><strong>dolo,</strong></span> 
     </span>
    </p>
   </div>
   <div class='ocr_carea' id='block_1_11' title="bbox 312 1061 1910 1130">
    <p class='ocr_par' dir='ltr' id='par_1_11' title="bbox 312 1061 1910 1130">
     <span class='ocr_line' id='line_1_11' title="bbox 312 1061 1910 1130; baseline -0.001 -12"><span class='ocrx_word' id='word_1_71' title='bbox 312 1061 681 1130; x_wconf 78' lang='lat' dir='ltr'><strong>malignitate,</strong></span> <span class='ocrx_word' id='word_1_72' title='bbox 718 1075 1066 1130; x_wconf 86' lang='lat' dir='ltr'><strong>susurrones,</strong></span> <span class='ocrx_word' id='word_1_73' title='bbox 1109 1061 1477 1130; x_wconf 90' lang='lat' dir='ltr'><strong>detractores,</strong></span> <span class='ocrx_word' id='word_1_74' title='bbox 1517 1062 1630 1117; x_wconf 92' lang='lat' dir='ltr'><strong>Deo</strong></span> <span class='ocrx_word' id='word_1_75' title='bbox 1659 1061 1910 1129; x_wconf 88' lang='lat' dir='ltr'><strong>odibiles,</strong></span> 
     </span>
    </p>
   </div>
   <div class='ocr_carea' id='block_1_12' title="bbox 312 1153 1912 1224">
    <p class='ocr_par' dir='ltr' id='par_1_12' title="bbox 312 1153 1912 1224">
     <span class='ocr_line' id='line_1_12' title="bbox 312 1153 1912 1224; baseline 0.001 -16"><span class='ocrx_word' id='word_1_76' title='bbox 312 1153 785 1221; x_wconf 85' lang='lat' dir='ltr'><strong>contumeliosos,</strong></span> <span class='ocrx_word' id='word_1_77' title='bbox 816 1153 1114 1224; x_wconf 89' lang='lat' dir='ltr'><strong>superbos,</strong></span> <span class='ocrx_word' id='word_1_78' title='bbox 1147 1154 1322 1210; x_wconf 87' lang='lat' dir='ltr'><strong>elatos</strong></span> <span class='ocrx_word' id='word_1_79' title='bbox 1349 1197 1364 1222; x_wconf 94' lang='lat'><strong>,</strong></span> <span class='ocrx_word' id='word_1_80' title='bbox 1395 1155 1713 1210; x_wconf 79' lang='lat' dir='ltr'><strong>inventores</strong></span> <span class='ocrx_word' id='word_1_81' title='bbox 1745 1155 1912 1210; x_wconf 87' lang='lat' dir='ltr'><strong>malo-</strong></span> 
     </span>
    </p>
   </div>
   <div class='ocr_carea' id='block_1_13' title="bbox 312 1245 1913 1317">
    <p class='ocr_par' dir='ltr' id='par_1_13' title="bbox 312 1245 1913 1317">
     <span class='ocr_line' id='line_1_13' title="bbox 312 1245 1913 1317; baseline 0 -15"><span class='ocrx_word' id='word_1_82' title='bbox 312 1260 456 1312; x_wconf 89' lang='lat' dir='ltr'><strong>rum,</strong></span> <span class='ocrx_word' id='word_1_83' title='bbox 486 1246 805 1316; x_wconf 88' lang='lat' dir='ltr'><strong>parentibus</strong></span> <span class='ocrx_word' id='word_1_84' title='bbox 828 1245 1302 1313; x_wconf 82' lang='lat' dir='ltr'><strong>nonobedientcs,</strong></span> <span class='ocrx_word' id='word_1_85' title='bbox 1339 1247 1679 1317; x_wconf 83' lang='lat' dir='ltr'><strong>insipientes,</strong></span> <span class='ocrx_word' id='word_1_86' title='bbox 1709 1249 1913 1302; x_wconf 89' lang='lat' dir='ltr'><strong>incom-</strong></span> 
     </span>
    </p>
   </div>
   <div class='ocr_carea' id='block_1_14' title="bbox 310 1337 1902 1410">
    <p class='ocr_par' dir='ltr' id='par_1_14' title="bbox 310 1337 1902 1410">
     <span class='ocr_line' id='line_1_14' title="bbox 310 1337 1902 1410; baseline 0.001 -16"><span class='ocrx_word' id='word_1_87' title='bbox 310 1339 542 1408; x_wconf 84' lang='lat' dir='ltr'><strong>positos,</strong></span> <span class='ocrx_word' id='word_1_88' title='bbox 576 1337 696 1394; x_wconf 86' lang='lat' dir='ltr'><strong>sine</strong></span> <span class='ocrx_word' id='word_1_89' title='bbox 720 1338 1027 1407; x_wconf 72' lang='lat' dir='ltr'><strong>affectione,</strong></span> <span class='ocrx_word' id='word_1_90' title='bbox 1059 1339 1262 1410; x_wconf 84' lang='lat' dir='ltr'><strong>absque</strong></span> <span class='ocrx_word' id='word_1_91' title='bbox 1295 1338 1518 1407; x_wconf 78' lang='lat' dir='ltr'><strong>fcedere,</strong></span> <span class='ocrx_word' id='word_1_92' title='bbox 1551 1341 1669 1396; x_wconf 90' lang='lat' dir='ltr'><strong>sine</strong></span> <span class='ocrx_word' id='word_1_93' title='bbox 1693 1341 1902 1396; x_wconf 86' lang='lat' dir='ltr'><strong>miseri-</strong></span> 
     </span>
    </p>
   </div>
   <div class='ocr_carea' id='block_1_15' title="bbox 309 1433 1908 1505">
    <p class='ocr_par' dir='ltr' id='par_1_15' title="bbox 309 1433 1908 1505">
     <span class='ocr_line' id='line_1_15' title="bbox 309 1433 1908 1505; baseline 0.002 -17"><span class='ocrx_word' id='word_1_94' title='bbox 309 1433 520 1488; x_wconf 83' lang='lat' dir='ltr'><strong>cordia.</strong></span> <span class='ocrx_word' id='word_1_95' title='bbox 557 1433 655 1502; x_wconf 86' lang='lat' dir='ltr'><strong>Qui</strong></span> <span class='ocrx_word' id='word_1_96' title='bbox 696 1448 818 1488; x_wconf 91' lang='lat' dir='ltr'><strong>cum</strong></span> <span class='ocrx_word' id='word_1_97' title='bbox 859 1434 1132 1504; x_wconf 87' lang='lat' dir='ltr'><strong>justitiam</strong></span> <span class='ocrx_word' id='word_1_98' title='bbox 1183 1435 1274 1489; x_wconf 89' lang='lat' dir='ltr'><strong>Dei</strong></span> <span class='ocrx_word' id='word_1_99' title='bbox 1324 1434 1753 1505; x_wconf 75' lang='lat' dir='ltr'><strong>cognovissent,</strong></span> <span class='ocrx_word' id='word_1_100' title='bbox 1803 1451 1908 1491; x_wconf 90' lang='lat' dir='ltr'><strong>non</strong></span> 
     </span>
    </p>
   </div>
   <div class='ocr_carea' id='block_1_16' title="bbox 309 1526 1910 1600">
    <p class='ocr_par' dir='ltr' id='par_1_16' title="bbox 309 1526 1910 1600">
     <span class='ocr_line' id='line_1_16' title="bbox 309 1526 1910 1600; baseline 0.001 -17"><span class='ocrx_word' id='word_1_101' title='bbox 309 1526 702 1584; x_wconf 88' lang='lat' dir='ltr'><strong>intellexerunt</strong></span> <span class='ocrx_word' id='word_1_102' title='bbox 736 1528 989 1600; x_wconf 87' lang='lat' dir='ltr'><strong>quoniam</strong></span> <span class='ocrx_word' id='word_1_103' title='bbox 1035 1530 1125 1600; x_wconf 90' lang='lat' dir='ltr'><strong>qui</strong></span> <span class='ocrx_word' id='word_1_104' title='bbox 1166 1529 1290 1584; x_wconf 88' lang='lat' dir='ltr'><strong>talia</strong></span> <span class='ocrx_word' id='word_1_105' title='bbox 1334 1538 1500 1598; x_wconf 88' lang='lat' dir='ltr'><strong>agunt</strong></span> <span class='ocrx_word' id='word_1_106' title='bbox 1526 1569 1541 1596; x_wconf 93' lang='lat'><strong>,</strong></span> <span class='ocrx_word' id='word_1_107' title='bbox 1593 1528 1738 1599; x_wconf 84' lang='lat' dir='ltr'><strong>digni</strong></span> <span class='ocrx_word' id='word_1_108' title='bbox 1783 1537 1910 1584; x_wconf 90' lang='lat' dir='ltr'><strong>sunt</strong></span> 
     </span>
    </p>
   </div>
   <div class='ocr_carea' id='block_1_17' title="bbox 305 1621 1908 1696">
    <p class='ocr_par' dir='ltr' id='par_1_17' title="bbox 305 1621 1908 1696">
     <span class='ocr_line' id='line_1_17' title="bbox 305 1621 1908 1696; baseline -0.002 -16"><span class='ocrx_word' id='word_1_109' title='bbox 305 1632 487 1680; x_wconf 87' lang='lat' dir='ltr'><strong>morte</strong></span> <span class='ocrx_word' id='word_1_110' title='bbox 517 1640 534 1678; x_wconf 88' lang='lat'><strong>:</strong></span> <span class='ocrx_word' id='word_1_111' title='bbox 565 1634 752 1680; x_wconf 89' lang='lat' dir='ltr'><strong>etnon</strong></span> <span class='ocrx_word' id='word_1_112' title='bbox 780 1625 956 1680; x_wconf 88' lang='lat' dir='ltr'><strong>solum</strong></span> <span class='ocrx_word' id='word_1_113' title='bbox 987 1625 1079 1694; x_wconf 87' lang='lat' dir='ltr'><strong>qui</strong></span> <span class='ocrx_word' id='word_1_114' title='bbox 1112 1639 1175 1682; x_wconf 89' lang='lat' dir='ltr'><strong>ea</strong></span> <span class='ocrx_word' id='word_1_115' title='bbox 1207 1621 1456 1692; x_wconf 88' lang='lat' dir='ltr'><strong>faciunt,</strong></span> <span class='ocrx_word' id='word_1_116' title='bbox 1500 1623 1596 1679; x_wconf 90' lang='lat' dir='ltr'><strong>sed</strong></span> <span class='ocrx_word' id='word_1_117' title='bbox 1627 1624 1790 1680; x_wconf 87' lang='lat' dir='ltr'><strong>etiam</strong></span> <span class='ocrx_word' id='word_1_118' title='bbox 1817 1624 1908 1696; x_wconf 93' lang='lat' dir='ltr'><strong>qui</strong></span> 
     </span>
    </p>
   </div>
   <div class='ocr_carea' id='block_1_18' title="bbox 311 1718 1043 1774">
    <p class='ocr_par' dir='ltr' id='par_1_18' title="bbox 311 1718 1043 1774">
     <span class='ocr_line' id='line_1_18' title="bbox 311 1718 1043 1774; baseline -0.003 0"><span class='ocrx_word' id='word_1_119' title='bbox 311 1719 668 1774; x_wconf 87' lang='lat' dir='ltr'><strong>consentiunt</strong></span> <span class='ocrx_word' id='word_1_120' title='bbox 696 1718 1043 1774; x_wconf 82' lang='lat' dir='ltr'><strong>facientibus.</strong></span> 
     </span>
    </p>
   </div>
   <div class='ocr_carea' id='block_1_19' title="bbox 2019 504 3611 583">
    <p class='ocr_par' dir='ltr' id='par_1_19' title="bbox 2019 504 3611 583">
     <span class='ocr_line' id='line_1_19' title="bbox 2019 504 3611 583; baseline 0.001 -24"><span class='ocrx_word' id='word_1_121' title='bbox 2019 506 2182 560; x_wconf 88' lang='lat' dir='ltr'><strong>doces</strong></span> <span class='ocrx_word' id='word_1_122' title='bbox 2218 523 2230 557; x_wconf 92' lang='lat'><strong>:</strong></span> <span class='ocrx_word' id='word_1_123' title='bbox 2267 504 2357 576; x_wconf 85' lang='lat' dir='ltr'><strong>qui</strong></span> <span class='ocrx_word' id='word_1_124' title='bbox 2401 504 2670 575; x_wconf 64' lang='lat' dir='ltr'><strong>praulicas</strong></span> <span class='ocrx_word' id='word_1_125' title='bbox 2709 518 2818 559; x_wconf 88' lang='lat' dir='ltr'><strong>non</strong></span> <span class='ocrx_word' id='word_1_126' title='bbox 2869 504 3154 583; x_wconf 67' lang='lat' dir='ltr'><strong>iurandum</strong></span> <span class='ocrx_word' id='word_1_127' title='bbox 3182 547 3196 572; x_wconf 92' lang='lat'><strong>,</strong></span> <span class='ocrx_word' id='word_1_128' title='bbox 3249 504 3444 560; x_wconf 79' lang='lat' dir='ltr'><strong>fut-aris</strong></span> <span class='ocrx_word' id='word_1_129' title='bbox 3477 523 3488 560; x_wconf 89' lang='lat'><strong>:</strong></span> <span class='ocrx_word' id='word_1_130' title='bbox 3521 505 3611 577; x_wconf 91' lang='lat' dir='ltr'><strong>qui</strong></span> 
     </span>
    </p>
   </div>
   <div class='ocr_carea' id='block_1_20' title="bbox 2017 598 3611 670">
    <p class='ocr_par' dir='ltr' id='par_1_20' title="bbox 2017 598 3611 670">
     <span class='ocr_line' id='line_1_20' title="bbox 2017 598 3611 670; baseline 0.001 -16"><span class='ocrx_word' id='word_1_131' title='bbox 2017 599 2150 655; x_wconf 91' lang='lat' dir='ltr'><strong>dicis</strong></span> <span class='ocrx_word' id='word_1_132' title='bbox 2180 613 2288 654; x_wconf 92' lang='lat' dir='ltr'><strong>non</strong></span> <span class='ocrx_word' id='word_1_133' title='bbox 2318 598 2731 665; x_wconf 74' lang='lat' dir='ltr'><strong>mmchandum,</strong></span> <span class='ocrx_word' id='word_1_134' title='bbox 2771 599 3062 656; x_wconf 76' lang='lat' dir='ltr'><strong>tumcltaris</strong></span> <span class='ocrx_word' id='word_1_135' title='bbox 3099 618 3111 654; x_wconf 92' lang='lat'>:</span> <span class='ocrx_word' id='word_1_136' title='bbox 3145 599 3236 670; x_wconf 86' lang='lat' dir='ltr'><strong>qui</strong></span> <span class='ocrx_word' id='word_1_137' title='bbox 3278 600 3611 657; x_wconf 86' lang='lat' dir='ltr'><strong>abominaris</strong></span> 
     </span>
    </p>
   </div>
   <div class='ocr_carea' id='block_1_21' title="bbox 2017 693 3615 766">
    <p class='ocr_par' dir='ltr' id='par_1_21' title="bbox 2017 693 3615 766">
     <span class='ocr_line' id='line_1_21' title="bbox 2017 693 3615 766; baseline -0.001 -17"><span class='ocrx_word' id='word_1_138' title='bbox 2017 693 2161 750; x_wconf 90' lang='lat' dir='ltr'><strong>idola</strong></span> <span class='ocrx_word' id='word_1_139' title='bbox 2187 737 2200 762; x_wconf 93' lang='lat'><strong>,</strong></span> <span class='ocrx_word' id='word_1_140' title='bbox 2233 694 2584 766; x_wconf 88' lang='lat' dir='ltr'><strong>sacrilegium</strong></span> <span class='ocrx_word' id='word_1_141' title='bbox 2618 693 2786 751; x_wconf 83' lang='lat' dir='ltr'><strong>facis:</strong></span> <span class='ocrx_word' id='word_1_142' title='bbox 2821 693 2908 764; x_wconf 91' lang='lat' dir='ltr'><strong>qui</strong></span> <span class='ocrx_word' id='word_1_143' title='bbox 2948 693 3000 748; x_wconf 91' lang='lat' dir='ltr'><strong>in</strong></span> <span class='ocrx_word' id='word_1_144' title='bbox 3031 693 3147 764; x_wconf 82' lang='lat' dir='ltr'><strong>lege</strong></span> <span class='ocrx_word' id='word_1_145' title='bbox 3174 693 3426 764; x_wconf 87' lang='lat' dir='ltr'><strong>gloriaris</strong></span> <span class='ocrx_word' id='word_1_146' title='bbox 3451 735 3466 758; x_wconf 95' lang='lat'><strong>,</strong></span> <span class='ocrx_word' id='word_1_147' title='bbox 3520 709 3615 762; x_wconf 87' lang='lat' dir='ltr'><strong>per</strong></span> 
     </span>
    </p>
   </div>
   <div class='ocr_carea' id='block_1_22' title="bbox 2018 787 3610 859">
    <p class='ocr_par' dir='ltr' id='par_1_22' title="bbox 2018 787 3610 859">
     <span class='ocr_line' id='line_1_22' title="bbox 2018 787 3610 859; baseline -0.001 -16"><span class='ocrx_word' id='word_1_148' title='bbox 2018 790 2523 856; x_wconf 87' lang='lat' dir='ltr'><strong>praevaricationem</strong></span> <span class='ocrx_word' id='word_1_149' title='bbox 2543 788 2676 858; x_wconf 82' lang='lat' dir='ltr'><strong>legis</strong></span> <span class='ocrx_word' id='word_1_150' title='bbox 2693 788 2858 843; x_wconf 88' lang='lat' dir='ltr'><strong>Deum</strong></span> <span class='ocrx_word' id='word_1_151' title='bbox 2880 787 3176 842; x_wconf 74' lang='lat' dir='ltr'><strong>inhonorus</strong></span> <span class='ocrx_word' id='word_1_152' title='bbox 3212 788 3446 859; x_wconf 82' lang='lat' dir='ltr'><strong>(nomen</strong></span> <span class='ocrx_word' id='word_1_153' title='bbox 3469 788 3610 842; x_wconf 86' lang='lat' dir='ltr'><strong>enim</strong></span> 
     </span>
    </p>
   </div>
   <div class='ocr_carea' id='block_1_23' title="bbox 2017 881 3609 952">
    <p class='ocr_par' dir='ltr' id='par_1_23' title="bbox 2017 881 3609 952">
     <span class='ocr_line' id='line_1_23' title="bbox 2017 881 3609 952; baseline -0.001 -17"><span class='ocrx_word' id='word_1_154' title='bbox 2017 882 2112 936; x_wconf 86' lang='lat' dir='ltr'><strong>Dei</strong></span> <span class='ocrx_word' id='word_1_155' title='bbox 2136 897 2232 952; x_wconf 90' lang='lat' dir='ltr'><strong>per</strong></span> <span class='ocrx_word' id='word_1_156' title='bbox 2255 897 2348 936; x_wconf 86' lang='lat' dir='ltr'><strong>vos</strong></span> <span class='ocrx_word' id='word_1_157' title='bbox 2371 881 2776 952; x_wconf 75' lang='lat' dir='ltr'><strong>blasphematur</strong></span> <span class='ocrx_word' id='word_1_158' title='bbox 2795 881 2936 936; x_wconf 89' lang='lat' dir='ltr'><strong>inter</strong></span> <span class='ocrx_word' id='word_1_159' title='bbox 2958 891 3166 950; x_wconf 87' lang='lat' dir='ltr'><strong>gentes,</strong></span> <span class='ocrx_word' id='word_1_160' title='bbox 3192 881 3327 935; x_wconf 87' lang='lat' dir='ltr'><strong>sicut</strong></span> <span class='ocrx_word' id='word_1_161' title='bbox 3350 881 3609 951; x_wconf 86' lang='lat' dir='ltr'><strong>scriptum</strong></span> 
     </span>
    </p>
   </div>
   <div class='ocr_carea' id='block_1_24' title="bbox 2016 971 3610 1046">
    <p class='ocr_par' dir='ltr' id='par_1_24' title="bbox 2016 971 3610 1046">
     <span class='ocr_line' id='line_1_24' title="bbox 2016 971 3610 1046; baseline -0.003 -14"><span class='ocrx_word' id='word_1_162' title='bbox 2016 977 2139 1046; x_wconf 84' lang='lat' dir='ltr'><strong>est).</strong></span> <span class='ocrx_word' id='word_1_163' title='bbox 2176 974 2530 1031; x_wconf 85' lang='lat' dir='ltr'><strong>Circumcisio</strong></span> <span class='ocrx_word' id='word_1_164' title='bbox 2559 973 2777 1045; x_wconf 88' lang='lat' dir='ltr'><strong>quidem</strong></span> <span class='ocrx_word' id='word_1_165' title='bbox 2807 973 3044 1043; x_wconf 82' lang='lat' dir='ltr'><strong>prodest,</strong></span> <span class='ocrx_word' id='word_1_166' title='bbox 3077 971 3121 1026; x_wconf 84' lang='lat' dir='ltr'><strong>si</strong></span> <span class='ocrx_word' id='word_1_167' title='bbox 3150 971 3320 1042; x_wconf 87' lang='lat' dir='ltr'><strong>legem</strong></span> <span class='ocrx_word' id='word_1_168' title='bbox 3354 976 3383 1016; x_wconf 72' lang='grc' dir='ltr'>ι)</span> <span class='ocrx_word' id='word_1_169' title='bbox 3422 972 3610 1028; x_wconf 86' lang='lat' dir='ltr'><strong>obser-</strong></span> 
     </span>
    </p>
   </div>
   <div class='ocr_carea' id='block_1_25' title="bbox 2017 1063 3610 1138">
    <p class='ocr_par' dir='ltr' id='par_1_25' title="bbox 2017 1063 3610 1138">
     <span class='ocr_line' id='line_1_25' title="bbox 2017 1063 3610 1138; baseline -0.001 -14"><span class='ocrx_word' id='word_1_170' title='bbox 2017 1083 2145 1124; x_wconf 84' lang='lat' dir='ltr'><strong>ves:</strong></span> <span class='ocrx_word' id='word_1_171' title='bbox 2174 1070 2218 1124; x_wconf 90' lang='lat' dir='ltr'><strong>si</strong></span> <span class='ocrx_word' id='word_1_172' title='bbox 2241 1077 2423 1123; x_wconf 89' lang='lat' dir='ltr'><strong>autem</strong></span> <span class='ocrx_word' id='word_1_173' title='bbox 2457 1067 2841 1138; x_wconf 58' lang='lat' dir='ltr'><strong>praevaricator</strong></span> <span class='ocrx_word' id='word_1_174' title='bbox 2874 1064 3009 1134; x_wconf 82' lang='lat' dir='ltr'><strong>legis</strong></span> <span class='ocrx_word' id='word_1_175' title='bbox 3038 1065 3132 1134; x_wconf 88' lang='lat' dir='ltr'><strong>sis,</strong></span> <span class='ocrx_word' id='word_1_176' title='bbox 3153 1063 3494 1120; x_wconf 77' lang='lat' dir='ltr'><strong>circumcisio</strong></span> <span class='ocrx_word' id='word_1_177' title='bbox 3518 1075 3610 1122; x_wconf 85' lang='lat' dir='ltr'><strong>tua</strong></span> 
     </span>
    </p>
   </div>
   <div class='ocr_carea' id='block_1_26' title="bbox 2017 1157 3610 1235">
    <p class='ocr_par' dir='ltr' id='par_1_26' title="bbox 2017 1157 3610 1235">
     <span class='ocr_line' id='line_1_26' title="bbox 2017 1157 3610 1235; baseline -0.003 -18"><span class='ocrx_word' id='word_1_178' title='bbox 2017 1163 2341 1235; x_wconf 59' lang='lat' dir='ltr'><strong>prtrputium</strong></span> <span class='ocrx_word' id='word_1_179' title='bbox 2383 1163 2520 1216; x_wconf 87' lang='lat' dir='ltr'><strong>facta</strong></span> <span class='ocrx_word' id='word_1_180' title='bbox 2551 1170 2655 1216; x_wconf 89' lang='lat' dir='ltr'><strong>est.</strong></span> <span class='ocrx_word' id='word_1_181' title='bbox 2690 1158 2747 1215; x_wconf 90' lang='lat' dir='ltr'><strong>Si</strong></span> <span class='ocrx_word' id='word_1_182' title='bbox 2801 1157 2962 1230; x_wconf 85' lang='lat' dir='ltr'><strong>igitur</strong></span> <span class='ocrx_word' id='word_1_183' title='bbox 3007 1157 3329 1228; x_wconf 69' lang='lat' dir='ltr'><strong>prmputium</strong></span> <span class='ocrx_word' id='word_1_184' title='bbox 3369 1158 3610 1228; x_wconf 87' lang='lat' dir='ltr'><strong>justitias</strong></span> 
     </span>
    </p>
   </div>
   <div class='ocr_carea' id='block_1_27' title="bbox 2016 1251 3612 1327">
    <p class='ocr_par' dir='ltr' id='par_1_27' title="bbox 2016 1251 3612 1327">
     <span class='ocr_line' id='line_1_27' title="bbox 2016 1251 3612 1327; baseline -0.003 -17"><span class='ocrx_word' id='word_1_185' title='bbox 2016 1256 2150 1327; x_wconf 83' lang='lat' dir='ltr'><strong>legis</strong></span> <span class='ocrx_word' id='word_1_186' title='bbox 2167 1254 2434 1310; x_wconf 81' lang='lat' dir='ltr'><strong>custodiat</strong></span> <span class='ocrx_word' id='word_1_187' title='bbox 2463 1271 2476 1308; x_wconf 93' lang='lat'><strong>:</strong></span> <span class='ocrx_word' id='word_1_188' title='bbox 2521 1267 2698 1308; x_wconf 88' lang='lat' dir='ltr'><strong>nonne</strong></span> <span class='ocrx_word' id='word_1_189' title='bbox 2724 1251 3044 1322; x_wconf 69' lang='lat' dir='ltr'><strong>prmputium</strong></span> <span class='ocrx_word' id='word_1_190' title='bbox 3070 1251 3212 1305; x_wconf 92' lang='lat' dir='ltr'><strong>illius</strong></span> <span class='ocrx_word' id='word_1_191' title='bbox 3241 1251 3294 1306; x_wconf 91' lang='lat' dir='ltr'><strong>in</strong></span> <span class='ocrx_word' id='word_1_192' title='bbox 3329 1251 3612 1306; x_wconf 87' lang='lat' dir='ltr'><strong>cireumci-</strong></span> 
     </span>
    </p>
   </div>
   <div class='ocr_carea' id='block_1_28' title="bbox 2014 1344 3608 1418">
    <p class='ocr_par' dir='ltr' id='par_1_28' title="bbox 2014 1344 3608 1418">
     <span class='ocr_line' id='line_1_28' title="bbox 2014 1344 3608 1418; baseline -0.004 -12"><span class='ocrx_word' id='word_1_193' title='bbox 2014 1351 2223 1406; x_wconf 89' lang='lat' dir='ltr'><strong>sionem</strong></span> <span class='ocrx_word' id='word_1_194' title='bbox 2251 1346 2624 1418; x_wconf 84' lang='lat' dir='ltr'><strong>reputabitur?</strong></span> <span class='ocrx_word' id='word_1_195' title='bbox 2650 1344 2980 1416; x_wconf 86' lang='lat' dir='ltr'><strong>etjudicabit</strong></span> <span class='ocrx_word' id='word_1_196' title='bbox 3019 1356 3041 1383; x_wconf 77' lang='grc' dir='ltr'><strong>ο</strong></span> <span class='ocrx_word' id='word_1_197' title='bbox 3077 1344 3128 1400; x_wconf 94' lang='lat' dir='ltr'><strong>id</strong></span> <span class='ocrx_word' id='word_1_198' title='bbox 3152 1344 3294 1416; x_wconf 89' lang='lat' dir='ltr'><strong>quod</strong></span> <span class='ocrx_word' id='word_1_199' title='bbox 3322 1360 3386 1400; x_wconf 79' lang='lat' dir='ltr'><strong>ex</strong></span> <span class='ocrx_word' id='word_1_200' title='bbox 3417 1356 3608 1400; x_wconf 89' lang='lat' dir='ltr'><strong>natura</strong></span> 
     </span>
    </p>
   </div>
   <div class='ocr_carea' id='block_1_29' title="bbox 2014 1438 3607 1515">
    <p class='ocr_par' dir='ltr' id='par_1_29' title="bbox 2014 1438 3607 1515">
     <span class='ocr_line' id='line_1_29' title="bbox 2014 1438 3607 1515; baseline -0.005 -15"><span class='ocrx_word' id='word_1_201' title='bbox 2014 1453 2095 1500; x_wconf 88' lang='lat' dir='ltr'><strong>est</strong></span> <span class='ocrx_word' id='word_1_202' title='bbox 2115 1443 2456 1515; x_wconf 54' lang='lat' dir='ltr'><strong>praeputium,</strong></span> <span class='ocrx_word' id='word_1_203' title='bbox 2476 1441 2648 1511; x_wconf 82' lang='lat' dir='ltr'><strong>legem</strong></span> <span class='ocrx_word' id='word_1_204' title='bbox 2667 1453 3074 1507; x_wconf 88' lang='lat' dir='ltr'><strong>consummans,</strong></span> <span class='ocrx_word' id='word_1_205' title='bbox 3091 1448 3144 1494; x_wconf 92' lang='lat' dir='ltr'><strong>te</strong></span> <span class='ocrx_word' id='word_1_206' title='bbox 3161 1439 3247 1507; x_wconf 92' lang='lat' dir='ltr'><strong>qui</strong></span> <span class='ocrx_word' id='word_1_207' title='bbox 3269 1438 3607 1508; x_wconf 88' lang='lat' dir='ltr'><strong>perlittcram</strong></span> 
     </span>
    </p>
   </div>
   <div class='ocr_carea' id='block_1_30' title="bbox 2013 1529 3610 1606">
    <p class='ocr_par' dir='ltr' id='par_1_30' title="bbox 2013 1529 3610 1606">
     <span class='ocr_line' id='line_1_30' title="bbox 2013 1529 3610 1606; baseline -0.006 -11"><span class='ocrx_word' id='word_1_208' title='bbox 2013 1549 2067 1595; x_wconf 87' lang='lat' dir='ltr'><strong>et</strong></span> <span class='ocrx_word' id='word_1_209' title='bbox 2116 1537 2586 1594; x_wconf 87' lang='lat' dir='ltr'><strong>circumcisionem</strong></span> <span class='ocrx_word' id='word_1_210' title='bbox 2618 1534 2998 1606; x_wconf 71' lang='lat' dir='ltr'><strong>prmvaricator</strong></span> <span class='ocrx_word' id='word_1_211' title='bbox 3038 1531 3166 1603; x_wconf 84' lang='lat' dir='ltr'><strong>legis</strong></span> <span class='ocrx_word' id='word_1_212' title='bbox 3193 1532 3292 1586; x_wconf 88' lang='lat' dir='ltr'><strong>es?</strong></span> <span class='ocrx_word' id='word_1_213' title='bbox 3319 1529 3434 1586; x_wconf 76' lang='lat' dir='ltr'><strong>Non</strong></span> <span class='ocrx_word' id='word_1_214' title='bbox 3465 1530 3610 1586; x_wconf 90' lang='lat' dir='ltr'><strong>enim</strong></span> 
     </span>
    </p>
   </div>
   <div class='ocr_carea' id='block_1_31' title="bbox 2012 1624 3613 1706">
    <p class='ocr_par' dir='ltr' id='par_1_31' title="bbox 2012 1624 3613 1706">
     <span class='ocr_line' id='line_1_31' title="bbox 2012 1624 3613 1706; baseline -0.006 -17"><span class='ocrx_word' id='word_1_215' title='bbox 2012 1633 2104 1706; x_wconf 90' lang='lat' dir='ltr'><strong>qui</strong></span> <span class='ocrx_word' id='word_1_216' title='bbox 2137 1633 2188 1688; x_wconf 92' lang='lat' dir='ltr'><strong>in</strong></span> <span class='ocrx_word' id='word_1_217' title='bbox 2217 1630 2526 1698; x_wconf 80' lang='lat' dir='ltr'><strong>manifesto,</strong></span> <span class='ocrx_word' id='word_1_218' title='bbox 2556 1628 2776 1684; x_wconf 67' lang='lat' dir='ltr'><strong>Judaeus</strong></span> <span class='ocrx_word' id='word_1_219' title='bbox 2804 1637 2887 1683; x_wconf 88' lang='lat' dir='ltr'><strong>est</strong></span> <span class='ocrx_word' id='word_1_220' title='bbox 2916 1645 2930 1684; x_wconf 91' lang='lat'><strong>:</strong></span> <span class='ocrx_word' id='word_1_221' title='bbox 2961 1641 3137 1696; x_wconf 87' lang='lat' dir='ltr'><strong>neque</strong></span> <span class='ocrx_word' id='word_1_222' title='bbox 3165 1639 3284 1696; x_wconf 65' lang='lat' dir='ltr'><strong>quae</strong></span> <span class='ocrx_word' id='word_1_223' title='bbox 3307 1624 3359 1679; x_wconf 92' lang='lat' dir='ltr'><strong>in</strong></span> <span class='ocrx_word' id='word_1_224' title='bbox 3384 1624 3613 1680; x_wconf 89' lang='lat' dir='ltr'><strong>manife-</strong></span> 
     </span>
    </p>
   </div>
   <div class='ocr_carea' id='block_1_32' title="bbox 2011 1715 3608 1796">
    <p class='ocr_par' dir='ltr' id='par_1_32' title="bbox 2011 1715 3608 1796">
     <span class='ocr_line' id='line_1_32' title="bbox 2011 1715 3608 1796; baseline -0.008 -13"><span class='ocrx_word' id='word_1_225' title='bbox 2011 1737 2118 1796; x_wconf 90' lang='lat' dir='ltr'><strong>sto,</strong></span> <span class='ocrx_word' id='word_1_226' title='bbox 2140 1726 2192 1781; x_wconf 91' lang='lat' dir='ltr'><strong>in</strong></span> <span class='ocrx_word' id='word_1_227' title='bbox 2219 1739 2404 1791; x_wconf 86' lang='lat' dir='ltr'><strong>carne,</strong></span> <span class='ocrx_word' id='word_1_228' title='bbox 2425 1732 2505 1780; x_wconf 88' lang='lat' dir='ltr'><strong>est</strong></span> <span class='ocrx_word' id='word_1_229' title='bbox 2529 1721 2911 1777; x_wconf 89' lang='lat' dir='ltr'><strong>circumcisio:</strong></span> <span class='ocrx_word' id='word_1_230' title='bbox 2943 1717 3039 1774; x_wconf 92' lang='lat' dir='ltr'><strong>sed</strong></span> <span class='ocrx_word' id='word_1_231' title='bbox 3065 1719 3157 1790; x_wconf 90' lang='lat' dir='ltr'><strong>qui</strong></span> <span class='ocrx_word' id='word_1_232' title='bbox 3184 1717 3236 1773; x_wconf 93' lang='lat' dir='ltr'><strong>in</strong></span> <span class='ocrx_word' id='word_1_233' title='bbox 3265 1715 3608 1781; x_wconf 88' lang='lat' dir='ltr'><strong>abscondito,</strong></span> 
     </span>
    </p>
   </div>
   <div class='ocr_carea' id='block_1_33' title="bbox 380 1810 1908 1884">
    <p class='ocr_par' dir='ltr' id='par_1_33' title="bbox 380 1810 1908 1884">
     <span class='ocr_line' id='line_1_33' title="bbox 380 1810 1908 1884; baseline 0 -17"><span class='ocrx_word' id='word_1_234' title='bbox 380 1811 535 1884; x_wconf 85' lang='lat' dir='ltr'><strong>[Cap.</strong></span> <span class='ocrx_word' id='word_1_235' title='bbox 572 1810 662 1882; x_wconf 83' lang='lat' dir='ltr'><strong>IL]</strong></span> <span class='ocrx_word' id='word_1_236' title='bbox 702 1811 933 1882; x_wconf 88' lang='lat' dir='ltr'><strong>Pr0pter</strong></span> <span class='ocrx_word' id='word_1_237' title='bbox 960 1811 1110 1882; x_wconf 90' lang='lat' dir='ltr'><strong>quod</strong></span> <span class='ocrx_word' id='word_1_238' title='bbox 1146 1811 1532 1868; x_wconf 81' lang='lat' dir='ltr'><strong>inexcusabilis</strong></span> <span class='ocrx_word' id='word_1_239' title='bbox 1559 1827 1619 1867; x_wconf 92' lang='lat' dir='ltr'><strong>es</strong></span> <span class='ocrx_word' id='word_1_240' title='bbox 1651 1852 1664 1879; x_wconf 93' lang='lat'><strong>,</strong></span> <span class='ocrx_word' id='word_1_241' title='bbox 1697 1826 1730 1867; x_wconf 93' lang='grc' dir='ltr'>ο</span> <span class='ocrx_word' id='word_1_242' title='bbox 1754 1811 1908 1867; x_wconf 88' lang='lat' dir='ltr'><strong>homo</strong></span> 
     </span>
    </p>
   </div>
   <div class='ocr_carea' id='block_1_34' title="bbox 2014 1810 3613 1884">
    <p class='ocr_par' dir='ltr' id='par_1_34' title="bbox 2021 1812 3613 1884">
     <span class='ocr_line' id='line_1_34' title="bbox 2021 1812 3613 1884; baseline -0.006 -6"><span class='ocrx_word' id='word_1_243' title='bbox 2021 1821 2245 1878; x_wconf 76' lang='lat' dir='ltr'><strong>Judaeus</strong></span> <span class='ocrx_word' id='word_1_244' title='bbox 2272 1828 2388 1874; x_wconf 90' lang='lat' dir='ltr'><strong>est:</strong></span> <span class='ocrx_word' id='word_1_245' title='bbox 2419 1826 2475 1874; x_wconf 90' lang='lat' dir='ltr'><strong>et</strong></span> <span class='ocrx_word' id='word_1_246' title='bbox 2491 1815 2834 1872; x_wconf 90' lang='lat' dir='ltr'><strong>circumcisio</strong></span> <span class='ocrx_word' id='word_1_247' title='bbox 2856 1812 3035 1870; x_wconf 90' lang='lat' dir='ltr'><strong>cordis</strong></span> <span class='ocrx_word' id='word_1_248' title='bbox 3057 1814 3111 1868; x_wconf 92' lang='lat' dir='ltr'><strong>in</strong></span> <span class='ocrx_word' id='word_1_249' title='bbox 3138 1813 3354 1884; x_wconf 89' lang='lat' dir='ltr'><strong>spiritu,</strong></span> <span class='ocrx_word' id='word_1_250' title='bbox 3386 1827 3492 1868; x_wconf 89' lang='lat' dir='ltr'><strong>non</strong></span> <span class='ocrx_word' id='word_1_251' title='bbox 3524 1812 3613 1869; x_wconf 89' lang='lat' dir='ltr'><strong>lit-</strong></span> 
     </span>
    </p>
   </div>
   <div class='ocr_carea' id='block_1_35' title="bbox 307 1902 1907 1975">
    <p class='ocr_par' dir='ltr' id='par_1_35' title="bbox 307 1902 1907 1975">
     <span class='ocr_line' id='line_1_35' title="bbox 307 1902 1907 1975; baseline -0.003 -15"><span class='ocrx_word' id='word_1_252' title='bbox 307 1904 492 1960; x_wconf 88' lang='lat' dir='ltr'><strong>omnis</strong></span> <span class='ocrx_word' id='word_1_253' title='bbox 519 1945 534 1971; x_wconf 86' lang='lat'><strong>,</strong></span> <span class='ocrx_word' id='word_1_254' title='bbox 584 1904 676 1975; x_wconf 91' lang='lat' dir='ltr'><strong>qui</strong></span> <span class='ocrx_word' id='word_1_255' title='bbox 716 1903 953 1975; x_wconf 90' lang='lat' dir='ltr'><strong>judicas.</strong></span> <span class='ocrx_word' id='word_1_256' title='bbox 999 1902 1058 1958; x_wconf 86' lang='lat' dir='ltr'><strong>In</strong></span> <span class='ocrx_word' id='word_1_257' title='bbox 1087 1919 1193 1974; x_wconf 90' lang='lat' dir='ltr'><strong>quo</strong></span> <span class='ocrx_word' id='word_1_258' title='bbox 1220 1904 1363 1959; x_wconf 91' lang='lat' dir='ltr'><strong>enim</strong></span> <span class='ocrx_word' id='word_1_259' title='bbox 1391 1903 1599 1973; x_wconf 87' lang='lat' dir='ltr'><strong>jndicas</strong></span> <span class='ocrx_word' id='word_1_260' title='bbox 1627 1903 1862 1960; x_wconf 88' lang='lat' dir='ltr'><strong>alterum</strong></span> <span class='ocrx_word' id='word_1_261' title='bbox 1890 1946 1907 1972; x_wconf 92' lang='lat'><strong>,</strong></span> 
     </span>
    </p>
   </div>
   <div class='ocr_carea' id='block_1_36' title="bbox 311 1995 1907 2069">
    <p class='ocr_par' dir='ltr' id='par_1_36' title="bbox 311 1995 1907 2069">
     <span class='ocr_line' id='line_1_36' title="bbox 311 1995 1907 2069; baseline -0.003 -14"><span class='ocrx_word' id='word_1_262' title='bbox 311 1998 548 2069; x_wconf 84' lang='lat' dir='ltr'><strong>teipsnm</strong></span> <span class='ocrx_word' id='word_1_263' title='bbox 574 1996 905 2054; x_wconf 88' lang='lat' dir='ltr'><strong>condemnas</strong></span> <span class='ocrx_word' id='word_1_264' title='bbox 938 2013 952 2052; x_wconf 88' lang='lat'><strong>:</strong></span> <span class='ocrx_word' id='word_1_265' title='bbox 983 1996 1172 2053; x_wconf 91' lang='lat' dir='ltr'><strong>eadem</strong></span> <span class='ocrx_word' id='word_1_266' title='bbox 1202 1997 1353 2053; x_wconf 91' lang='lat' dir='ltr'><strong>enim</strong></span> <span class='ocrx_word' id='word_1_267' title='bbox 1381 1997 1498 2066; x_wconf 83' lang='lat' dir='ltr'><strong>agis</strong></span> <span class='ocrx_word' id='word_1_268' title='bbox 1523 2011 1646 2068; x_wconf 77' lang='lat' dir='ltr'><strong>quae</strong></span> <span class='ocrx_word' id='word_1_269' title='bbox 1670 1995 1907 2067; x_wconf 91' lang='lat' dir='ltr'><strong>judicas.</strong></span> 
     </span>
    </p>
   </div>
   <div class='ocr_carea' id='block_1_37' title="bbox 307 2089 1909 2164">
    <p class='ocr_par' dir='ltr' id='par_1_37' title="bbox 307 2089 1909 2164">
     <span class='ocr_line' id='line_1_37' title="bbox 307 2089 1909 2164; baseline -0.004 -14"><span class='ocrx_word' id='word_1_270' title='bbox 307 2093 534 2150; x_wconf 89' lang='lat' dir='ltr'><strong>Scimus</strong></span> <span class='ocrx_word' id='word_1_271' title='bbox 575 2092 719 2149; x_wconf 84' lang='lat' dir='ltr'><strong>enim</strong></span> <span class='ocrx_word' id='word_1_272' title='bbox 757 2092 1011 2164; x_wconf 90' lang='lat' dir='ltr'><strong>quoniam</strong></span> <span class='ocrx_word' id='word_1_273' title='bbox 1051 2090 1314 2163; x_wconf 88' lang='lat' dir='ltr'><strong>judicium</strong></span> <span class='ocrx_word' id='word_1_274' title='bbox 1355 2090 1450 2146; x_wconf 89' lang='lat' dir='ltr'><strong>Dei</strong></span> <span class='ocrx_word' id='word_1_275' title='bbox 1492 2101 1574 2146; x_wconf 89' lang='lat' dir='ltr'><strong>est</strong></span> <span class='ocrx_word' id='word_1_276' title='bbox 1610 2089 1909 2146; x_wconf 90' lang='lat' dir='ltr'><strong>secundum</strong></span> 
     </span>
    </p>
   </div>
   <div class='ocr_carea' id='block_1_38' title="bbox 309 2183 1911 2258">
    <p class='ocr_par' dir='ltr' id='par_1_38' title="bbox 309 2183 1911 2258">
     <span class='ocr_line' id='line_1_38' title="bbox 309 2183 1911 2258; baseline -0.001 -16"><span class='ocrx_word' id='word_1_277' title='bbox 309 2187 600 2243; x_wconf 80' lang='lat' dir='ltr'><strong>veritatem</strong></span> <span class='ocrx_word' id='word_1_278' title='bbox 641 2187 695 2242; x_wconf 91' lang='lat' dir='ltr'><strong>in</strong></span> <span class='ocrx_word' id='word_1_279' title='bbox 735 2201 831 2243; x_wconf 92' lang='lat' dir='ltr'><strong>eos</strong></span> <span class='ocrx_word' id='word_1_280' title='bbox 861 2187 953 2258; x_wconf 91' lang='lat' dir='ltr'><strong>qui</strong></span> <span class='ocrx_word' id='word_1_281' title='bbox 989 2186 1119 2241; x_wconf 91' lang='lat' dir='ltr'><strong>talia</strong></span> <span class='ocrx_word' id='word_1_282' title='bbox 1150 2195 1338 2257; x_wconf 85' lang='lat' dir='ltr'><strong>agunt.</strong></span> <span class='ocrx_word' id='word_1_283' title='bbox 1387 2183 1682 2240; x_wconf 82' lang='lat' dir='ltr'><strong>Existimas</strong></span> <span class='ocrx_word' id='word_1_284' title='bbox 1729 2195 1911 2240; x_wconf 89' lang='lat' dir='ltr'><strong>antem</strong></span> 
     </span>
    </p>
   </div>
   <div class='ocr_carea' id='block_1_39' title="bbox 309 2277 1913 2354">
    <p class='ocr_par' dir='ltr' id='par_1_39' title="bbox 309 2277 1913 2354">
     <span class='ocr_line' id='line_1_39' title="bbox 309 2277 1913 2354; baseline -0.003 -17"><span class='ocrx_word' id='word_1_285' title='bbox 309 2280 437 2352; x_wconf 88' lang='lat' dir='ltr'><strong>hoc,</strong></span> <span class='ocrx_word' id='word_1_286' title='bbox 469 2296 505 2337; x_wconf 92' lang='grc' dir='ltr'>ο</span> <span class='ocrx_word' id='word_1_287' title='bbox 529 2282 717 2348; x_wconf 88' lang='lat' dir='ltr'><strong>homo,</strong></span> <span class='ocrx_word' id='word_1_288' title='bbox 749 2284 840 2354; x_wconf 90' lang='lat' dir='ltr'><strong>qui</strong></span> <span class='ocrx_word' id='word_1_289' title='bbox 862 2280 1077 2353; x_wconf 88' lang='lat' dir='ltr'><strong>judicas</strong></span> <span class='ocrx_word' id='word_1_290' title='bbox 1100 2294 1194 2336; x_wconf 91' lang='lat' dir='ltr'><strong>eos</strong></span> <span class='ocrx_word' id='word_1_291' title='bbox 1215 2281 1304 2351; x_wconf 85' lang='lat' dir='ltr'><strong>qui</strong></span> <span class='ocrx_word' id='word_1_292' title='bbox 1334 2279 1458 2334; x_wconf 88' lang='lat' dir='ltr'><strong>talia</strong></span> <span class='ocrx_word' id='word_1_293' title='bbox 1484 2288 1673 2350; x_wconf 87' lang='lat' dir='ltr'><strong>agunt,</strong></span> <span class='ocrx_word' id='word_1_294' title='bbox 1707 2290 1761 2334; x_wconf 88' lang='lat' dir='ltr'><strong>et</strong></span> <span class='ocrx_word' id='word_1_295' title='bbox 1783 2277 1913 2333; x_wconf 89' lang='lat' dir='ltr'><strong>facis</strong></span> 
     </span>
    </p>
   </div>
   <div class='ocr_carea' id='block_1_40' title="bbox 309 2373 1913 2447">
    <p class='ocr_par' dir='ltr' id='par_1_40' title="bbox 309 2373 1913 2447">
     <span class='ocr_line' id='line_1_40' title="bbox 309 2373 1913 2447; baseline -0.002 -17"><span class='ocrx_word' id='word_1_296' title='bbox 309 2388 414 2442; x_wconf 87' lang='lat' dir='ltr'><strong>ea,</strong></span> <span class='ocrx_word' id='word_1_297' title='bbox 457 2376 582 2447; x_wconf 88' lang='lat' dir='ltr'><strong>quia</strong></span> <span class='ocrx_word' id='word_1_298' title='bbox 621 2384 677 2431; x_wconf 91' lang='lat' dir='ltr'><strong>tu</strong></span> <span class='ocrx_word' id='word_1_299' title='bbox 719 2374 946 2446; x_wconf 82' lang='lat' dir='ltr'><strong>effugies</strong></span> <span class='ocrx_word' id='word_1_300' title='bbox 967 2373 1232 2444; x_wconf 89' lang='lat' dir='ltr'><strong>judicium</strong></span> <span class='ocrx_word' id='word_1_301' title='bbox 1265 2373 1408 2430; x_wconf 87' lang='lat' dir='ltr'><strong>Dei?</strong></span> <span class='ocrx_word' id='word_1_302' title='bbox 1451 2377 1532 2428; x_wconf 78' lang='lat' dir='ltr'><strong>An</strong></span> <span class='ocrx_word' id='word_1_303' title='bbox 1571 2373 1788 2429; x_wconf 85' lang='lat' dir='ltr'><strong>divitias</strong></span> <span class='ocrx_word' id='word_1_304' title='bbox 1819 2373 1913 2427; x_wconf 85' lang='lat' dir='ltr'><strong>bo-</strong></span> 
     </span>
    </p>
   </div>
   <div class='ocr_carea' id='block_1_41' title="bbox 309 2467 1914 2541">
    <p class='ocr_par' dir='ltr' id='par_1_41' title="bbox 309 2467 1914 2541">
     <span class='ocr_line' id='line_1_41' title="bbox 309 2467 1914 2541; baseline -0.005 -13"><span class='ocrx_word' id='word_1_305' title='bbox 309 2471 502 2528; x_wconf 81' lang='lat' dir='ltr'><strong>uitatis</strong></span> <span class='ocrx_word' id='word_1_306' title='bbox 522 2471 661 2541; x_wconf 88' lang='lat' dir='ltr'><strong>ejus,</strong></span> <span class='ocrx_word' id='word_1_307' title='bbox 681 2479 734 2527; x_wconf 92' lang='lat' dir='ltr'><strong>et</strong></span> <span class='ocrx_word' id='word_1_308' title='bbox 752 2470 1050 2541; x_wconf 70' lang='lat' dir='ltr'><strong>patientiae,</strong></span> <span class='ocrx_word' id='word_1_309' title='bbox 1066 2477 1123 2525; x_wconf 90' lang='lat' dir='ltr'><strong>et</strong></span> <span class='ocrx_word' id='word_1_310' title='bbox 1138 2467 1565 2540; x_wconf 87' lang='lat' dir='ltr'><strong>longanimitatis</strong></span> <span class='ocrx_word' id='word_1_311' title='bbox 1587 2467 1914 2522; x_wconf 87' lang='lat' dir='ltr'><strong>contemnis?</strong></span> 
     </span>
    </p>
   </div>
   <div class='ocr_carea' id='block_1_42' title="bbox 310 2558 1913 2636">
    <p class='ocr_par' dir='ltr' id='par_1_42' title="bbox 310 2558 1913 2636">
     <span class='ocr_line' id='line_1_42' title="bbox 310 2558 1913 2636; baseline -0.003 -17"><span class='ocrx_word' id='word_1_312' title='bbox 310 2563 531 2634; x_wconf 84' lang='lat' dir='ltr'><strong>ignoras</strong></span> <span class='ocrx_word' id='word_1_313' title='bbox 572 2563 718 2636; x_wconf 74' lang='grc' dir='ltr'><strong>[Μδ.</strong></span> <span class='ocrx_word' id='word_1_314' title='bbox 753 2561 1041 2632; x_wconf 72' lang='lat' dir='ltr'><strong>ignorans]</strong></span> <span class='ocrx_word' id='word_1_315' title='bbox 1088 2563 1343 2633; x_wconf 90' lang='lat' dir='ltr'><strong>quoniam</strong></span> <span class='ocrx_word' id='word_1_316' title='bbox 1393 2560 1698 2630; x_wconf 76' lang='lat' dir='ltr'><strong>benignitas</strong></span> <span class='ocrx_word' id='word_1_317' title='bbox 1722 2559 1816 2615; x_wconf 87' lang='lat' dir='ltr'><strong>Dei</strong></span> <span class='ocrx_word' id='word_1_318' title='bbox 1846 2558 1913 2614; x_wconf 89' lang='lat' dir='ltr'><strong>ad</strong></span> 
     </span>
    </p>
   </div>
   <div class='ocr_carea' id='block_1_43' title="bbox 312 2653 1912 2727">
    <p class='ocr_par' dir='ltr' id='par_1_43' title="bbox 312 2653 1912 2727">
     <span class='ocr_line' id='line_1_43' title="bbox 312 2653 1912 2727; baseline -0.002 -17"><span class='ocrx_word' id='word_1_319' title='bbox 312 2656 692 2727; x_wconf 62' lang='lat' dir='ltr'><strong>paenitentiam</strong></span> <span class='ocrx_word' id='word_1_320' title='bbox 725 2667 778 2712; x_wconf 89' lang='lat' dir='ltr'><strong>te</strong></span> <span class='ocrx_word' id='word_1_321' title='bbox 808 2655 1066 2711; x_wconf 86' lang='lat' dir='ltr'><strong>adducit?</strong></span> <span class='ocrx_word' id='word_1_322' title='bbox 1111 2654 1419 2710; x_wconf 89' lang='lat' dir='ltr'><strong>Secundum</strong></span> <span class='ocrx_word' id='word_1_323' title='bbox 1450 2664 1629 2709; x_wconf 85' lang='lat' dir='ltr'><strong>autem</strong></span> <span class='ocrx_word' id='word_1_324' title='bbox 1657 2653 1912 2708; x_wconf 88' lang='lat' dir='ltr'><strong>duritiam</strong></span> 
     </span>
    </p>
   </div>
   <div class='ocr_carea' id='block_1_44' title="bbox 312 2745 1914 2819">
    <p class='ocr_par' dir='ltr' id='par_1_44' title="bbox 312 2745 1914 2819">
     <span class='ocr_line' id='line_1_44' title="bbox 312 2745 1914 2819; baseline -0.002 -14"><span class='ocrx_word' id='word_1_325' title='bbox 312 2757 466 2805; x_wconf 84' lang='lat' dir='ltr'><strong>tuam</strong></span> <span class='ocrx_word' id='word_1_326' title='bbox 497 2757 552 2805; x_wconf 92' lang='lat' dir='ltr'><strong>et</strong></span> <span class='ocrx_word' id='word_1_327' title='bbox 577 2748 931 2819; x_wconf 72' lang='lat' dir='ltr'><strong>impmnitcns</strong></span> <span class='ocrx_word' id='word_1_328' title='bbox 957 2764 1074 2814; x_wconf 93' lang='lat' dir='ltr'><strong>cor,</strong></span> <span class='ocrx_word' id='word_1_329' title='bbox 1105 2746 1438 2805; x_wconf 84' lang='lat' dir='ltr'><strong>tltesaurizas</strong></span> <span class='ocrx_word' id='word_1_330' title='bbox 1464 2747 1559 2802; x_wconf 91' lang='lat' dir='ltr'><strong>tibi</strong></span> <span class='ocrx_word' id='word_1_331' title='bbox 1586 2747 1721 2801; x_wconf 88' lang='lat' dir='ltr'><strong>iram</strong></span> <span class='ocrx_word' id='word_1_332' title='bbox 1751 2747 1802 2799; x_wconf 92' lang='lat' dir='ltr'><strong>in</strong></span> <span class='ocrx_word' id='word_1_333' title='bbox 1829 2745 1914 2801; x_wconf 85' lang='lat' dir='ltr'><strong>die</strong></span> 
     </span>
    </p>
   </div>
   <div class='ocr_carea' id='block_1_45' title="bbox 314 2840 1912 2914">
    <p class='ocr_par' dir='ltr' id='par_1_45' title="bbox 314 2840 1912 2914">
     <span class='ocr_line' id='line_1_45' title="bbox 314 2840 1912 2914; baseline -0.002 -15"><span class='ocrx_word' id='word_1_334' title='bbox 314 2845 409 2899; x_wconf 65' lang='lat' dir='ltr'><strong>ira:</strong></span> <span class='ocrx_word' id='word_1_335' title='bbox 435 2854 491 2900; x_wconf 90' lang='lat' dir='ltr'><strong>et</strong></span> <span class='ocrx_word' id='word_1_336' title='bbox 517 2843 864 2900; x_wconf 89' lang='lat' dir='ltr'><strong>revelationis</strong></span> <span class='ocrx_word' id='word_1_337' title='bbox 897 2843 1026 2914; x_wconf 87' lang='lat' dir='ltr'><strong>justi</strong></span> <span class='ocrx_word' id='word_1_338' title='bbox 1054 2842 1245 2913; x_wconf 92' lang='lat' dir='ltr'><strong>judicii</strong></span> <span class='ocrx_word' id='word_1_339' title='bbox 1278 2843 1394 2909; x_wconf 88' lang='lat' dir='ltr'><strong>Dei,</strong></span> <span class='ocrx_word' id='word_1_340' title='bbox 1429 2841 1518 2913; x_wconf 85' lang='lat' dir='ltr'><strong>qui</strong></span> <span class='ocrx_word' id='word_1_341' title='bbox 1562 2840 1754 2897; x_wconf 85' lang='lat' dir='ltr'><strong>reddet</strong></span> <span class='ocrx_word' id='word_1_342' title='bbox 1788 2841 1912 2896; x_wconf 83' lang='lat' dir='ltr'><strong>uni-</strong></span> 
     </span>
    </p>
   </div>
   <div class='ocr_carea' id='block_1_46' title="bbox 312 2933 1916 3008">
    <p class='ocr_par' dir='ltr' id='par_1_46' title="bbox 312 2933 1916 3008">
     <span class='ocr_line' id='line_1_46' title="bbox 312 2933 1916 3008; baseline -0.002 -16"><span class='ocrx_word' id='word_1_343' title='bbox 312 2937 509 3008; x_wconf 88' lang='lat' dir='ltr'><strong>cuique</strong></span> <span class='ocrx_word' id='word_1_344' title='bbox 533 2937 832 2992; x_wconf 91' lang='lat' dir='ltr'><strong>secundum</strong></span> <span class='ocrx_word' id='word_1_345' title='bbox 859 2950 1025 3005; x_wconf 90' lang='lat' dir='ltr'><strong>opera</strong></span> <span class='ocrx_word' id='word_1_346' title='bbox 1055 2935 1174 3005; x_wconf 86' lang='lat' dir='ltr'><strong>ejus</strong></span> <span class='ocrx_word' id='word_1_347' title='bbox 1200 2953 1212 2988; x_wconf 91' lang='lat'>:</span> <span class='ocrx_word' id='word_1_348' title='bbox 1245 2935 1311 2990; x_wconf 92' lang='lat' dir='ltr'><strong>iis</strong></span> <span class='ocrx_word' id='word_1_349' title='bbox 1337 2933 1578 3003; x_wconf 88' lang='lat' dir='ltr'><strong>quidem,</strong></span> <span class='ocrx_word' id='word_1_350' title='bbox 1606 2935 1695 3004; x_wconf 89' lang='lat' dir='ltr'><strong>qui</strong></span> <span class='ocrx_word' id='word_1_351' title='bbox 1722 2947 1916 2989; x_wconf 88' lang='lat' dir='ltr'><strong>secun-</strong></span> 
     </span>
    </p>
   </div>
   <div class='ocr_carea' id='block_1_47' title="bbox 312 3024 1918 3098">
    <p class='ocr_par' dir='ltr' id='par_1_47' title="bbox 312 3024 1918 3098">
     <span class='ocr_line' id='line_1_47' title="bbox 312 3024 1918 3098; baseline -0.004 -14"><span class='ocrx_word' id='word_1_352' title='bbox 312 3028 442 3084; x_wconf 89' lang='lat' dir='ltr'><strong>dum</strong></span> <span class='ocrx_word' id='word_1_353' title='bbox 475 3028 789 3098; x_wconf 88' lang='lat' dir='ltr'><strong>patientiam</strong></span> <span class='ocrx_word' id='word_1_354' title='bbox 812 3027 942 3082; x_wconf 90' lang='lat' dir='ltr'><strong>boni</strong></span> <span class='ocrx_word' id='word_1_355' title='bbox 964 3029 1167 3096; x_wconf 90' lang='lat' dir='ltr'><strong>operis,</strong></span> <span class='ocrx_word' id='word_1_356' title='bbox 1199 3026 1450 3097; x_wconf 84' lang='lat' dir='ltr'><strong>gloriam,</strong></span> <span class='ocrx_word' id='word_1_357' title='bbox 1479 3036 1532 3080; x_wconf 92' lang='lat' dir='ltr'><strong>et</strong></span> <span class='ocrx_word' id='word_1_358' title='bbox 1554 3024 1838 3090; x_wconf 78' lang='lat' dir='ltr'><strong>honorem,</strong></span> <span class='ocrx_word' id='word_1_359' title='bbox 1862 3032 1918 3078; x_wconf 90' lang='lat' dir='ltr'><strong>et</strong></span> 
     </span>
    </p>
   </div>
   <div class='ocr_carea' id='block_1_48' title="bbox 311 3120 1911 3193">
    <p class='ocr_par' dir='ltr' id='par_1_48' title="bbox 311 3120 1911 3193">
     <span class='ocr_line' id='line_1_48' title="bbox 311 3120 1911 3193; baseline -0.004 -14"><span class='ocrx_word' id='word_1_360' title='bbox 311 3122 784 3193; x_wconf 89' lang='lat' dir='ltr'><strong>incorruptionem</strong></span> <span class='ocrx_word' id='word_1_361' title='bbox 807 3131 1078 3193; x_wconf 73' lang='lat' dir='ltr'><strong>quaerunt,</strong></span> <span class='ocrx_word' id='word_1_362' title='bbox 1103 3121 1270 3176; x_wconf 75' lang='lat' dir='ltr'><strong>vitam</strong></span> <span class='ocrx_word' id='word_1_363' title='bbox 1297 3129 1587 3175; x_wconf 73' lang='lat' dir='ltr'><strong>mternam:</strong></span> <span class='ocrx_word' id='word_1_364' title='bbox 1619 3120 1682 3174; x_wconf 89' lang='lat' dir='ltr'><strong>iis</strong></span> <span class='ocrx_word' id='word_1_365' title='bbox 1708 3128 1911 3184; x_wconf 91' lang='lat' dir='ltr'><strong>autem,</strong></span> 
     </span>
    </p>
   </div>
   <div class='ocr_carea' id='block_1_49' title="bbox 2017 1906 3606 1982">
    <p class='ocr_par' dir='ltr' id='par_1_49' title="bbox 2017 1906 3606 1982">
     <span class='ocr_line' id='line_1_49' title="bbox 2017 1906 3606 1982; baseline -0.006 -12"><span class='ocrx_word' id='word_1_366' title='bbox 2017 1925 2130 1971; x_wconf 89' lang='lat' dir='ltr'><strong>tera</strong></span> <span class='ocrx_word' id='word_1_367' title='bbox 2157 1933 2172 1969; x_wconf 88' lang='lat'><strong>:</strong></span> <span class='ocrx_word' id='word_1_368' title='bbox 2197 1912 2352 1982; x_wconf 86' lang='lat' dir='ltr'><strong>cujus</strong></span> <span class='ocrx_word' id='word_1_369' title='bbox 2383 1912 2498 1967; x_wconf 91' lang='lat' dir='ltr'><strong>laus</strong></span> <span class='ocrx_word' id='word_1_370' title='bbox 2531 1924 2637 1965; x_wconf 90' lang='lat' dir='ltr'><strong>non</strong></span> <span class='ocrx_word' id='word_1_371' title='bbox 2662 1925 2730 1965; x_wconf 79' lang='lat' dir='ltr'><strong>ex</strong></span> <span class='ocrx_word' id='word_1_372' title='bbox 2754 1907 3086 1974; x_wconf 91' lang='lat' dir='ltr'><strong>hominibus,</strong></span> <span class='ocrx_word' id='word_1_373' title='bbox 3131 1906 3226 1962; x_wconf 88' lang='lat' dir='ltr'><strong>sed</strong></span> <span class='ocrx_word' id='word_1_374' title='bbox 3257 1922 3329 1961; x_wconf 76' lang='lat' dir='ltr'><strong>ex</strong></span> <span class='ocrx_word' id='word_1_375' title='bbox 3363 1906 3474 1961; x_wconf 91' lang='lat' dir='ltr'><strong>Deo</strong></span> <span class='ocrx_word' id='word_1_376' title='bbox 3502 1913 3606 1962; x_wconf 86' lang='lat' dir='ltr'><strong>est.</strong></span> 
     </span>
    </p>
   </div>
   <div class='ocr_carea' id='block_1_50' title="bbox 2087 1997 3611 2077">
    <p class='ocr_par' dir='ltr' id='par_1_50' title="bbox 2087 1997 3611 2077">
     <span class='ocr_line' id='line_1_50' title="bbox 2087 1997 3611 2077; baseline -0.004 -19"><span class='ocrx_word' id='word_1_377' title='bbox 2087 2004 2242 2077; x_wconf 69' lang='grc' dir='ltr'><strong>[ϐαρ.</strong></span> <span class='ocrx_word' id='word_1_378' title='bbox 2275 2001 2388 2072; x_wconf 85' lang='lat' dir='ltr'><strong>lll.J</strong></span> <span class='ocrx_word' id='word_1_379' title='bbox 2427 2001 2566 2071; x_wconf 84' lang='lat' dir='ltr'><strong>Quid</strong></span> <span class='ocrx_word' id='word_1_380' title='bbox 2594 2015 2725 2070; x_wconf 90' lang='lat' dir='ltr'><strong>ergo</strong></span> <span class='ocrx_word' id='word_1_381' title='bbox 2756 1998 2990 2069; x_wconf 88' lang='lat' dir='ltr'><strong>amplius</strong></span> <span class='ocrx_word' id='word_1_382' title='bbox 3010 1997 3199 2054; x_wconf 72' lang='lat' dir='ltr'><strong>Judmo</strong></span> <span class='ocrx_word' id='word_1_383' title='bbox 3229 1998 3348 2052; x_wconf 85' lang='lat' dir='ltr'><strong>est?</strong></span> <span class='ocrx_word' id='word_1_384' title='bbox 3377 2006 3467 2052; x_wconf 91' lang='lat' dir='ltr'><strong>aut</strong></span> <span class='ocrx_word' id='word_1_385' title='bbox 3491 2011 3611 2067; x_wconf 77' lang='lat' dir='ltr'><strong>quae</strong></span> 
     </span>
    </p>
   </div>
   <div class='ocr_carea' id='block_1_51' title="bbox 2013 2089 3610 2161">
    <p class='ocr_par' dir='ltr' id='par_1_51' title="bbox 2013 2089 3610 2161">
     <span class='ocr_line' id='line_1_51' title="bbox 2013 2089 3610 2161; baseline -0.006 -6"><span class='ocrx_word' id='word_1_386' title='bbox 2013 2099 2219 2155; x_wconf 87' lang='lat' dir='ltr'><strong>utilitas</strong></span> <span class='ocrx_word' id='word_1_387' title='bbox 2248 2093 2717 2152; x_wconf 90' lang='lat' dir='ltr'><strong>circumcisionis?</strong></span> <span class='ocrx_word' id='word_1_388' title='bbox 2746 2093 2970 2147; x_wconf 88' lang='lat' dir='ltr'><strong>Multum</strong></span> <span class='ocrx_word' id='word_1_389' title='bbox 3003 2107 3100 2161; x_wconf 90' lang='lat' dir='ltr'><strong>per</strong></span> <span class='ocrx_word' id='word_1_390' title='bbox 3121 2105 3338 2147; x_wconf 88' lang='lat' dir='ltr'><strong>omnem</strong></span> <span class='ocrx_word' id='word_1_391' title='bbox 3369 2089 3610 2146; x_wconf 91' lang='lat' dir='ltr'><strong>modum.</strong></span> 
     </span>
    </p>
   </div>
   <div class='ocr_carea' id='block_1_52' title="bbox 2016 2183 3610 2260">
    <p class='ocr_par' dir='ltr' id='par_1_52' title="bbox 2016 2183 3610 2260">
     <span class='ocr_line' id='line_1_52' title="bbox 2016 2183 3610 2260; baseline -0.006 -12"><span class='ocrx_word' id='word_1_392' title='bbox 2016 2194 2256 2249; x_wconf 82' lang='lat' dir='ltr'><strong>Primum</strong></span> <span class='ocrx_word' id='word_1_393' title='bbox 2295 2189 2514 2260; x_wconf 83' lang='lat' dir='ltr'><strong>quidem</strong></span> <span class='ocrx_word' id='word_1_394' title='bbox 2546 2188 2667 2258; x_wconf 78' lang='lat' dir='ltr'><strong>quia</strong></span> <span class='ocrx_word' id='word_1_395' title='bbox 2702 2185 2908 2242; x_wconf 90' lang='lat' dir='ltr'><strong>credita</strong></span> <span class='ocrx_word' id='word_1_396' title='bbox 2948 2194 3076 2240; x_wconf 90' lang='lat' dir='ltr'><strong>sunt</strong></span> <span class='ocrx_word' id='word_1_397' title='bbox 3115 2183 3221 2241; x_wconf 89' lang='lat' dir='ltr'><strong>illis</strong></span> <span class='ocrx_word' id='word_1_398' title='bbox 3247 2183 3463 2256; x_wconf 88' lang='lat' dir='ltr'><strong>eloquia</strong></span> <span class='ocrx_word' id='word_1_399' title='bbox 3489 2183 3610 2239; x_wconf 84' lang='lat' dir='ltr'><strong>Dei.</strong></span> 
     </span>
    </p>
   </div>
   <div class='ocr_carea' id='block_1_53' title="bbox 2013 2277 3615 2356">
    <p class='ocr_par' dir='ltr' id='par_1_53' title="bbox 2013 2277 3615 2356">
     <span class='ocr_line' id='line_1_53' title="bbox 2013 2277 3615 2356; baseline -0.006 -13"><span class='ocrx_word' id='word_1_400' title='bbox 2013 2288 2154 2356; x_wconf 88' lang='lat' dir='ltr'><strong>Quid</strong></span> <span class='ocrx_word' id='word_1_401' title='bbox 2178 2288 2324 2343; x_wconf 92' lang='lat' dir='ltr'><strong>enim</strong></span> <span class='ocrx_word' id='word_1_402' title='bbox 2348 2287 2392 2342; x_wconf 92' lang='lat' dir='ltr'><strong>si</strong></span> <span class='ocrx_word' id='word_1_403' title='bbox 2416 2283 2633 2356; x_wconf 86' lang='lat' dir='ltr'><strong>quidam</strong></span> <span class='ocrx_word' id='word_1_404' title='bbox 2665 2282 2880 2336; x_wconf 89' lang='lat' dir='ltr'><strong>illorum</strong></span> <span class='ocrx_word' id='word_1_405' title='bbox 2904 2297 3011 2335; x_wconf 93' lang='lat' dir='ltr'><strong>non</strong></span> <span class='ocrx_word' id='word_1_406' title='bbox 3036 2279 3418 2336; x_wconf 88' lang='lat' dir='ltr'><strong>crediderunt?</strong></span> <span class='ocrx_word' id='word_1_407' title='bbox 3447 2277 3615 2334; x_wconf 86' lang='lat' dir='ltr'><strong>Num—</strong></span> 
     </span>
    </p>
   </div>
   <div class='ocr_carea' id='block_1_54' title="bbox 2015 2372 3610 2452">
    <p class='ocr_par' dir='ltr' id='par_1_54' title="bbox 2015 2372 3610 2452">
     <span class='ocr_line' id='line_1_54' title="bbox 2015 2372 3610 2452; baseline -0.007 -13"><span class='ocrx_word' id='word_1_408' title='bbox 2015 2383 2145 2452; x_wconf 90' lang='lat' dir='ltr'><strong>quid</strong></span> <span class='ocrx_word' id='word_1_409' title='bbox 2177 2380 2529 2438; x_wconf 91' lang='lat' dir='ltr'><strong>iucredulitas</strong></span> <span class='ocrx_word' id='word_1_410' title='bbox 2553 2378 2766 2433; x_wconf 91' lang='lat' dir='ltr'><strong>illorum</strong></span> <span class='ocrx_word' id='word_1_411' title='bbox 2792 2373 2952 2430; x_wconf 90' lang='lat' dir='ltr'><strong>fidem</strong></span> <span class='ocrx_word' id='word_1_412' title='bbox 2977 2374 3068 2429; x_wconf 88' lang='lat' dir='ltr'><strong>Dei</strong></span> <span class='ocrx_word' id='word_1_413' title='bbox 3095 2372 3408 2430; x_wconf 79' lang='lat' dir='ltr'><strong>evacuabit?</strong></span> <span class='ocrx_word' id='word_1_414' title='bbox 3436 2372 3610 2428; x_wconf 80' lang='lat' dir='ltr'><strong>Absit.</strong></span> 
     </span>
    </p>
   </div>
   <div class='ocr_carea' id='block_1_55' title="bbox 2017 2467 3609 2547">
    <p class='ocr_par' dir='ltr' id='par_1_55' title="bbox 2017 2467 3609 2547">
     <span class='ocr_line' id='line_1_55' title="bbox 2017 2467 3609 2547; baseline -0.007 -16"><span class='ocrx_word' id='word_1_415' title='bbox 2017 2477 2115 2532; x_wconf 87' lang='lat' dir='ltr'><strong>Est</strong></span> <span class='ocrx_word' id='word_1_416' title='bbox 2156 2483 2334 2529; x_wconf 86' lang='lat' dir='ltr'><strong>autem</strong></span> <span class='ocrx_word' id='word_1_417' title='bbox 2377 2473 2515 2547; x_wconf 83' lang='lat' dir='ltr'><strong>[Ms.</strong></span> <span class='ocrx_word' id='word_1_418' title='bbox 2543 2467 2730 2539; x_wconf 65' lang='lat' dir='ltr'><strong>enim]</strong></span> <span class='ocrx_word' id='word_1_419' title='bbox 2784 2469 2922 2523; x_wconf 87' lang='lat' dir='ltr'><strong>Deus</strong></span> <span class='ocrx_word' id='word_1_420' title='bbox 2963 2481 3170 2522; x_wconf 78' lang='lat' dir='ltr'><strong>verax:</strong></span> <span class='ocrx_word' id='word_1_421' title='bbox 3205 2467 3380 2521; x_wconf 88' lang='lat' dir='ltr'><strong>omnis</strong></span> <span class='ocrx_word' id='word_1_422' title='bbox 3429 2477 3609 2522; x_wconf 92' lang='lat' dir='ltr'><strong>autem</strong></span> 
     </span>
    </p>
   </div>
   <div class='ocr_carea' id='block_1_56' title="bbox 2017 2559 3609 2634">
    <p class='ocr_par' dir='ltr' id='par_1_56' title="bbox 2017 2559 3609 2634">
     <span class='ocr_line' id='line_1_56' title="bbox 2017 2559 3609 2634; baseline -0.006 -10"><span class='ocrx_word' id='word_1_423' title='bbox 2017 2569 2180 2626; x_wconf 89' lang='lat' dir='ltr'><strong>homo</strong></span> <span class='ocrx_word' id='word_1_424' title='bbox 2203 2567 2454 2634; x_wconf 78' lang='lat' dir='ltr'><strong>mendax,</strong></span> <span class='ocrx_word' id='word_1_425' title='bbox 2488 2565 2626 2621; x_wconf 91' lang='lat' dir='ltr'><strong>sicut</strong></span> <span class='ocrx_word' id='word_1_426' title='bbox 2652 2565 2912 2634; x_wconf 84' lang='lat' dir='ltr'><strong>scriptum</strong></span> <span class='ocrx_word' id='word_1_427' title='bbox 2946 2572 3027 2617; x_wconf 89' lang='lat' dir='ltr'><strong>est</strong></span> <span class='ocrx_word' id='word_1_428' title='bbox 3062 2578 3077 2616; x_wconf 89' lang='lat'><strong>:</strong></span> <span class='ocrx_word' id='word_1_429' title='bbox 3111 2563 3175 2618; x_wconf 89' lang='lat' dir='ltr'><strong>Ut</strong></span> <span class='ocrx_word' id='word_1_430' title='bbox 3205 2559 3522 2630; x_wconf 87' lang='lat' dir='ltr'><strong>justificcris</strong></span> <span class='ocrx_word' id='word_1_431' title='bbox 3552 2560 3609 2615; x_wconf 90' lang='lat' dir='ltr'><strong>in</strong></span> 
     </span>
    </p>
   </div>
   <div class='ocr_carea' id='block_1_57' title="bbox 2016 2654 3607 2726">
    <p class='ocr_par' dir='ltr' id='par_1_57' title="bbox 2016 2654 3607 2726">
     <span class='ocr_line' id='line_1_57' title="bbox 2016 2654 3607 2726; baseline -0.006 -6"><span class='ocrx_word' id='word_1_432' title='bbox 2016 2660 2360 2720; x_wconf 89' lang='lat' dir='ltr'><strong>sermonibus</strong></span> <span class='ocrx_word' id='word_1_433' title='bbox 2394 2661 2527 2726; x_wconf 90' lang='lat' dir='ltr'><strong>tuis,</strong></span> <span class='ocrx_word' id='word_1_434' title='bbox 2561 2668 2614 2713; x_wconf 89' lang='lat' dir='ltr'><strong>et</strong></span> <span class='ocrx_word' id='word_1_435' title='bbox 2642 2658 2827 2712; x_wconf 84' lang='lat' dir='ltr'><strong>vincas</strong></span> <span class='ocrx_word' id='word_1_436' title='bbox 2855 2672 2978 2712; x_wconf 89' lang='lat' dir='ltr'><strong>eum</strong></span> <span class='ocrx_word' id='word_1_437' title='bbox 3004 2655 3291 2726; x_wconf 81' lang='lat' dir='ltr'><strong>judicaris.</strong></span> <span class='ocrx_word' id='word_1_438' title='bbox 3326 2654 3381 2711; x_wconf 91' lang='lat' dir='ltr'><strong>Si</strong></span> <span class='ocrx_word' id='word_1_439' title='bbox 3424 2665 3607 2710; x_wconf 90' lang='lat' dir='ltr'><strong>autem</strong></span> 
     </span>
    </p>
   </div>
   <div class='ocr_carea' id='block_1_58' title="bbox 2018 2751 3610 2829">
    <p class='ocr_par' dir='ltr' id='par_1_58' title="bbox 2018 2751 3610 2829">
     <span class='ocr_line' id='line_1_58' title="bbox 2018 2751 3610 2829; baseline -0.006 -15"><span class='ocrx_word' id='word_1_440' title='bbox 2018 2758 2278 2829; x_wconf 83' lang='lat' dir='ltr'><strong>iniquitas</strong></span> <span class='ocrx_word' id='word_1_441' title='bbox 2307 2763 2490 2810; x_wconf 72' lang='lat' dir='ltr'><strong>uestra</strong></span> <span class='ocrx_word' id='word_1_442' title='bbox 2517 2753 2780 2824; x_wconf 83' lang='lat' dir='ltr'><strong>justitiam</strong></span> <span class='ocrx_word' id='word_1_443' title='bbox 2811 2751 2906 2807; x_wconf 90' lang='lat' dir='ltr'><strong>Dei</strong></span> <span class='ocrx_word' id='word_1_444' title='bbox 2940 2751 3285 2807; x_wconf 87' lang='lat' dir='ltr'><strong>commendat</strong></span> <span class='ocrx_word' id='word_1_445' title='bbox 3313 2793 3327 2815; x_wconf 87' lang='lat'><strong>,</strong></span> <span class='ocrx_word' id='word_1_446' title='bbox 3361 2751 3487 2820; x_wconf 91' lang='lat' dir='ltr'><strong>qttid</strong></span> <span class='ocrx_word' id='word_1_447' title='bbox 3523 2751 3610 2804; x_wconf 84' lang='lat' dir='ltr'><strong>di-</strong></span> 
     </span>
    </p>
   </div>
   <div class='ocr_carea' id='block_1_59' title="bbox 2017 2842 3614 2918">
    <p class='ocr_par' dir='ltr' id='par_1_59' title="bbox 2017 2842 3614 2918">
     <span class='ocr_line' id='line_1_59' title="bbox 2017 2842 3614 2918; baseline -0.006 -11"><span class='ocrx_word' id='word_1_448' title='bbox 2017 2850 2256 2908; x_wconf 86' lang='lat' dir='ltr'><strong>cemus?</strong></span> <span class='ocrx_word' id='word_1_449' title='bbox 2311 2847 2580 2918; x_wconf 85' lang='lat' dir='ltr'><strong>Numquid</strong></span> <span class='ocrx_word' id='word_1_450' title='bbox 2634 2845 2854 2916; x_wconf 90' lang='lat' dir='ltr'><strong>iniquus</strong></span> <span class='ocrx_word' id='word_1_451' title='bbox 2901 2853 2983 2900; x_wconf 89' lang='lat' dir='ltr'><strong>est</strong></span> <span class='ocrx_word' id='word_1_452' title='bbox 3037 2845 3180 2899; x_wconf 86' lang='lat' dir='ltr'><strong>Deus</strong></span> <span class='ocrx_word' id='word_1_453' title='bbox 3218 2885 3231 2907; x_wconf 92' lang='lat'><strong>,</strong></span> <span class='ocrx_word' id='word_1_454' title='bbox 3293 2843 3384 2914; x_wconf 89' lang='lat' dir='ltr'><strong>qui</strong></span> <span class='ocrx_word' id='word_1_455' title='bbox 3449 2842 3614 2898; x_wconf 84' lang='lat' dir='ltr'><strong>infert</strong></span> 
     </span>
    </p>
   </div>
   <div class='ocr_carea' id='block_1_60' title="bbox 2019 2936 3614 3015">
    <p class='ocr_par' dir='ltr' id='par_1_60' title="bbox 2019 2936 3614 3015">
     <span class='ocr_line' id='line_1_60' title="bbox 2019 2936 3614 3015; baseline -0.008 -13"><span class='ocrx_word' id='word_1_456' title='bbox 2019 2945 2203 3003; x_wconf 88' lang='lat' dir='ltr'><strong>iram?</strong></span> <span class='ocrx_word' id='word_1_457' title='bbox 2263 2940 2606 3015; x_wconf 87' lang='lat' dir='ltr'><strong>(secundum</strong></span> <span class='ocrx_word' id='word_1_458' title='bbox 2664 2939 2940 2994; x_wconf 84' lang='lat' dir='ltr'><strong>hominem</strong></span> <span class='ocrx_word' id='word_1_459' title='bbox 2991 2937 3162 3009; x_wconf 83' lang='lat' dir='ltr'><strong>(lico)</strong></span> <span class='ocrx_word' id='word_1_460' title='bbox 3223 2937 3396 2991; x_wconf 81' lang='lat' dir='ltr'><strong>Absit.</strong></span> <span class='ocrx_word' id='word_1_461' title='bbox 3458 2936 3614 2991; x_wconf 84' lang='lat' dir='ltr'><strong>Alio-</strong></span> 
     </span>
    </p>
   </div>
   <div class='ocr_carea' id='block_1_61' title="bbox 2019 3027 3611 3110">
    <p class='ocr_par' dir='ltr' id='par_1_61' title="bbox 2019 3027 3611 3110">
     <span class='ocr_line' id='line_1_61' title="bbox 2019 3027 3611 3110; baseline -0.006 -16"><span class='ocrx_word' id='word_1_462' title='bbox 2019 3039 2147 3110; x_wconf 87' lang='lat' dir='ltr'><strong>quin</strong></span> <span class='ocrx_word' id='word_1_463' title='bbox 2196 3036 2469 3107; x_wconf 86' lang='lat' dir='ltr'><strong>quomodo</strong></span> <span class='ocrx_word' id='word_1_464' title='bbox 2515 3034 2780 3105; x_wconf 87' lang='lat' dir='ltr'><strong>judicahit</strong></span> <span class='ocrx_word' id='word_1_465' title='bbox 2823 3033 2966 3087; x_wconf 84' lang='lat' dir='ltr'><strong>Deus</strong></span> <span class='ocrx_word' id='word_1_466' title='bbox 3015 3030 3160 3086; x_wconf 88' lang='lat' dir='ltr'><strong>hunc</strong></span> <span class='ocrx_word' id='word_1_467' title='bbox 3209 3028 3510 3086; x_wconf 82' lang='lat' dir='ltr'><strong>mundum?</strong></span> <span class='ocrx_word' id='word_1_468' title='bbox 3555 3027 3611 3084; x_wconf 89' lang='lat' dir='ltr'><strong>Si</strong></span> 
     </span>
    </p>
   </div>
   <div class='ocr_carea' id='block_1_62' title="bbox 2020 3123 3610 3188">
    <p class='ocr_par' dir='ltr' id='par_1_62' title="bbox 2020 3123 3610 3188">
     <span class='ocr_line' id='line_1_62' title="bbox 2020 3123 3610 3188; baseline -0.005 0"><span class='ocrx_word' id='word_1_469' title='bbox 2020 3133 2164 3188; x_wconf 87' lang='lat' dir='ltr'><strong>enim</strong></span> <span class='ocrx_word' id='word_1_470' title='bbox 2216 3131 2421 3186; x_wconf 86' lang='lat' dir='ltr'><strong>veritas</strong></span> <span class='ocrx_word' id='word_1_471' title='bbox 2476 3130 2568 3184; x_wconf 89' lang='lat' dir='ltr'><strong>Dei</strong></span> <span class='ocrx_word' id='word_1_472' title='bbox 2624 3128 2676 3182; x_wconf 94' lang='lat' dir='ltr'><strong>in</strong></span> <span class='ocrx_word' id='word_1_473' title='bbox 2712 3143 2833 3183; x_wconf 91' lang='lat' dir='ltr'><strong>meo</strong></span> <span class='ocrx_word' id='word_1_474' title='bbox 2893 3125 3173 3182; x_wconf 82' lang='lat' dir='ltr'><strong>mendacio</strong></span> <span class='ocrx_word' id='word_1_475' title='bbox 3215 3124 3508 3180; x_wconf 90' lang='lat' dir='ltr'><strong>abundavit</strong></span> <span class='ocrx_word' id='word_1_476' title='bbox 3557 3123 3610 3180; x_wconf 91' lang='lat' dir='ltr'><strong>in</strong></span> 
     </span>
    </p>
   </div>
   <div class='ocr_carea' id='block_1_63' title="bbox 312 3215 3609 3299">
    <p class='ocr_par' dir='ltr' id='par_1_63' title="bbox 312 3215 3609 3299">
     <span class='ocr_line' id='line_1_63' title="bbox 312 3215 3609 3299; baseline -0.003 -27"><span class='ocrx_word' id='word_1_477' title='bbox 312 3219 407 3289; x_wconf 90' lang='lat' dir='ltr'><strong>qui</strong></span> <span class='ocrx_word' id='word_1_478' title='bbox 435 3227 565 3274; x_wconf 85' lang='lat' dir='ltr'><strong>sunt</strong></span> <span class='ocrx_word' id='word_1_479' title='bbox 594 3233 661 3273; x_wconf 83' lang='lat' dir='ltr'><strong>ex</strong></span> <span class='ocrx_word' id='word_1_480' title='bbox 694 3218 1042 3273; x_wconf 88' lang='lat' dir='ltr'><strong>contentione</strong></span> <span class='ocrx_word' id='word_1_481' title='bbox 1065 3259 1078 3282; x_wconf 87' lang='lat'><strong>,</strong></span> <span class='ocrx_word' id='word_1_482' title='bbox 1109 3229 1159 3272; x_wconf 92' lang='lat' dir='ltr'><strong>et</strong></span> <span class='ocrx_word' id='word_1_483' title='bbox 1189 3217 1278 3287; x_wconf 88' lang='lat' dir='ltr'><strong>qui</strong></span> <span class='ocrx_word' id='word_1_484' title='bbox 1308 3230 1413 3270; x_wconf 91' lang='lat' dir='ltr'><strong>non</strong></span> <span class='ocrx_word' id='word_1_485' title='bbox 1444 3215 1791 3286; x_wconf 88' lang='lat' dir='ltr'><strong>acquiescuut</strong></span> <span class='ocrx_word' id='word_1_486' title='bbox 1821 3228 1912 3268; x_wconf 83' lang='lat' dir='ltr'><strong>ve-</strong></span> <span class='ocrx_word' id='word_1_487' title='bbox 1942 3217 1988 3280; x_wconf 87' lang='lat' dir='ltr'>C</span> <span class='ocrx_word' id='word_1_488' title='bbox 2018 3227 2245 3299; x_wconf 73' lang='lat' dir='ltr'><strong>gloriam</strong></span> <span class='ocrx_word' id='word_1_489' title='bbox 2295 3225 2466 3294; x_wconf 89' lang='lat' dir='ltr'><strong>ipsius</strong></span> <span class='ocrx_word' id='word_1_490' title='bbox 2497 3241 2508 3278; x_wconf 87' lang='lat'><strong>:</strong></span> <span class='ocrx_word' id='word_1_491' title='bbox 2543 3222 2670 3293; x_wconf 91' lang='lat' dir='ltr'><strong>quid</strong></span> <span class='ocrx_word' id='word_1_492' title='bbox 2706 3221 2882 3276; x_wconf 91' lang='lat' dir='ltr'><strong>adhuc</strong></span> <span class='ocrx_word' id='word_1_493' title='bbox 2917 3230 2971 3276; x_wconf 91' lang='lat' dir='ltr'><strong>et</strong></span> <span class='ocrx_word' id='word_1_494' title='bbox 3017 3236 3117 3290; x_wconf 89' lang='lat' dir='ltr'><strong>ego</strong></span> <span class='ocrx_word' id='word_1_495' title='bbox 3163 3229 3434 3290; x_wconf 88' lang='lat' dir='ltr'><strong>tamquam</strong></span> <span class='ocrx_word' id='word_1_496' title='bbox 3483 3233 3609 3290; x_wconf 74' lang='lat' dir='ltr'><strong>pec.</strong></span> 
     </span>
    </p>
   </div>
   <div class='ocr_carea' id='block_1_64' title="bbox 312 3306 1904 3382">
    <p class='ocr_par' dir='ltr' id='par_1_64' title="bbox 312 3306 1904 3382">
     <span class='ocr_line' id='line_1_64' title="bbox 312 3306 1904 3382; baseline -0.004 -15"><span class='ocrx_word' id='word_1_497' title='bbox 312 3313 458 3368; x_wconf 83' lang='lat' dir='ltr'><strong>ritati</strong></span> <span class='ocrx_word' id='word_1_498' title='bbox 481 3355 496 3379; x_wconf 92' lang='lat'><strong>,</strong></span> <span class='ocrx_word' id='word_1_499' title='bbox 531 3311 763 3368; x_wconf 90' lang='lat' dir='ltr'><strong>credunt</strong></span> <span class='ocrx_word' id='word_1_500' title='bbox 790 3320 968 3366; x_wconf 85' lang='lat' dir='ltr'><strong>autem</strong></span> <span class='ocrx_word' id='word_1_501' title='bbox 1003 3311 1313 3382; x_wconf 88' lang='lat' dir='ltr'><strong>iniquitati,</strong></span> <span class='ocrx_word' id='word_1_502' title='bbox 1368 3310 1446 3363; x_wconf 89' lang='lat' dir='ltr'><strong>ira</strong></span> <span class='ocrx_word' id='word_1_503' title='bbox 1492 3321 1546 3362; x_wconf 90' lang='lat' dir='ltr'><strong>et</strong></span> <span class='ocrx_word' id='word_1_504' title='bbox 1584 3306 1904 3378; x_wconf 88' lang='lat' dir='ltr'><strong>indignatio.</strong></span> 
     </span>
    </p>
   </div>
   <div class='ocr_carea' id='block_1_65' title="bbox 314 3397 1910 3474">
    <p class='ocr_par' dir='ltr' id='par_1_65' title="bbox 314 3397 1910 3474">
     <span class='ocr_line' id='line_1_65' title="bbox 314 3397 1910 3474; baseline -0.006 -13"><span class='ocrx_word' id='word_1_505' title='bbox 314 3405 618 3461; x_wconf 84' lang='lat' dir='ltr'><strong>Trihulatio</strong></span> <span class='ocrx_word' id='word_1_506' title='bbox 663 3415 717 3460; x_wconf 90' lang='lat' dir='ltr'><strong>et</strong></span> <span class='ocrx_word' id='word_1_507' title='bbox 755 3405 999 3474; x_wconf 84' lang='lat' dir='ltr'><strong>angustia</strong></span> <span class='ocrx_word' id='word_1_508' title='bbox 1047 3406 1100 3458; x_wconf 87' lang='lat' dir='ltr'><strong>in</strong></span> <span class='ocrx_word' id='word_1_509' title='bbox 1140 3417 1358 3456; x_wconf 86' lang='lat' dir='ltr'><strong>omnem</strong></span> <span class='ocrx_word' id='word_1_510' title='bbox 1399 3401 1634 3455; x_wconf 86' lang='lat' dir='ltr'><strong>animam</strong></span> <span class='ocrx_word' id='word_1_511' title='bbox 1677 3397 1910 3453; x_wconf 88' lang='lat' dir='ltr'><strong>hominis</strong></span> 
     </span>
    </p>
   </div>
   <div class='ocr_carea' id='block_1_66' title="bbox 313 3493 1910 3572">
    <p class='ocr_par' dir='ltr' id='par_1_66' title="bbox 313 3493 1910 3572">
     <span class='ocr_line' id='line_1_66' title="bbox 313 3493 1910 3572; baseline -0.006 -16"><span class='ocrx_word' id='word_1_512' title='bbox 313 3500 592 3572; x_wconf 88' lang='lat' dir='ltr'><strong>operantis</strong></span> <span class='ocrx_word' id='word_1_513' title='bbox 619 3499 818 3554; x_wconf 89' lang='lat' dir='ltr'><strong>malum</strong></span> <span class='ocrx_word' id='word_1_514' title='bbox 847 3544 861 3568; x_wconf 94' lang='lat'><strong>,</strong></span> <span class='ocrx_word' id='word_1_515' title='bbox 895 3498 1071 3554; x_wconf 76' lang='lat' dir='ltr'><strong>Judaei</strong></span> <span class='ocrx_word' id='word_1_516' title='bbox 1101 3499 1375 3568; x_wconf 88' lang='lat' dir='ltr'><strong>primum,</strong></span> <span class='ocrx_word' id='word_1_517' title='bbox 1408 3504 1462 3549; x_wconf 89' lang='lat' dir='ltr'><strong>et</strong></span> <span class='ocrx_word' id='word_1_518' title='bbox 1490 3495 1662 3550; x_wconf 62' lang='lat' dir='ltr'><strong>Gra&#39;ci</strong></span> <span class='ocrx_word' id='word_1_519' title='bbox 1696 3513 1709 3550; x_wconf 90' lang='lat'><strong>:</strong></span> <span class='ocrx_word' id='word_1_520' title='bbox 1737 3493 1910 3564; x_wconf 84' lang='lat' dir='ltr'><strong>gloria</strong></span> 
     </span>
    </p>
   </div>
   <div class='ocr_carea' id='block_1_67' title="bbox 313 3586 1910 3661">
    <p class='ocr_par' dir='ltr' id='par_1_67' title="bbox 313 3586 1910 3661">
     <span class='ocr_line' id='line_1_67' title="bbox 313 3586 1910 3661; baseline -0.004 -12"><span class='ocrx_word' id='word_1_521' title='bbox 313 3603 528 3658; x_wconf 86' lang='lat' dir='ltr'><strong>autem,</strong></span> <span class='ocrx_word' id='word_1_522' title='bbox 562 3602 614 3648; x_wconf 92' lang='lat' dir='ltr'><strong>et</strong></span> <span class='ocrx_word' id='word_1_523' title='bbox 641 3593 848 3657; x_wconf 90' lang='lat' dir='ltr'><strong>honor,</strong></span> <span class='ocrx_word' id='word_1_524' title='bbox 882 3601 936 3647; x_wconf 90' lang='lat' dir='ltr'><strong>et</strong></span> <span class='ocrx_word' id='word_1_525' title='bbox 963 3607 1062 3661; x_wconf 80' lang='lat' dir='ltr'><strong>pax</strong></span> <span class='ocrx_word' id='word_1_526' title='bbox 1089 3590 1238 3645; x_wconf 78' lang='lat' dir='ltr'><strong>(uani</strong></span> <span class='ocrx_word' id='word_1_527' title='bbox 1269 3589 1513 3659; x_wconf 90' lang='lat' dir='ltr'><strong>operauti</strong></span> <span class='ocrx_word' id='word_1_528' title='bbox 1547 3588 1745 3642; x_wconf 90' lang='lat' dir='ltr'><strong>bonum</strong></span> <span class='ocrx_word' id='word_1_529' title='bbox 1773 3629 1786 3653; x_wconf 96' lang='lat'><strong>,</strong></span> <span class='ocrx_word' id='word_1_530' title='bbox 1815 3586 1910 3642; x_wconf 88' lang='lat' dir='ltr'><strong>Ju-</strong></span> 
     </span>
    </p>
   </div>
   <div class='ocr_carea' id='block_1_68' title="bbox 313 3684 1910 3760">
    <p class='ocr_par' dir='ltr' id='par_1_68' title="bbox 313 3684 1910 3760">
     <span class='ocr_line' id='line_1_68' title="bbox 313 3684 1910 3760; baseline -0.007 -13"><span class='ocrx_word' id='word_1_531' title='bbox 313 3692 435 3747; x_wconf 72' lang='lat' dir='ltr'><strong>da‘o</strong></span> <span class='ocrx_word' id='word_1_532' title='bbox 468 3690 724 3759; x_wconf 89' lang='lat' dir='ltr'><strong>primum,</strong></span> <span class='ocrx_word' id='word_1_533' title='bbox 759 3699 808 3743; x_wconf 88' lang='lat' dir='ltr'><strong>et</strong></span> <span class='ocrx_word' id='word_1_534' title='bbox 840 3688 1034 3760; x_wconf 53' lang='grc' dir='ltr'><strong>(ἔναλος)</strong></span> <span class='ocrx_word' id='word_1_535' title='bbox 1065 3705 1077 3740; x_wconf 87' lang='lat'><strong>:</strong></span> <span class='ocrx_word' id='word_1_536' title='bbox 1108 3701 1213 3741; x_wconf 89' lang='lat' dir='ltr'><strong>non</strong></span> <span class='ocrx_word' id='word_1_537' title='bbox 1244 3686 1388 3739; x_wconf 90' lang='lat' dir='ltr'><strong>enim</strong></span> <span class='ocrx_word' id='word_1_538' title='bbox 1413 3692 1496 3739; x_wconf 55' lang='lat' dir='ltr'><strong>est</strong></span> <span class='ocrx_word' id='word_1_539' title='bbox 1520 3684 1761 3754; x_wconf 89' lang='lat' dir='ltr'><strong>acceptio</strong></span> <span class='ocrx_word' id='word_1_540' title='bbox 1787 3697 1910 3753; x_wconf 88' lang='lat' dir='ltr'><strong>per-</strong></span> 
     </span>
    </p>
   </div>
   <div class='ocr_carea' id='block_1_69' title="bbox 313 3776 1910 3852">
    <p class='ocr_par' dir='ltr' id='par_1_69' title="bbox 313 3776 1910 3852">
     <span class='ocr_line' id='line_1_69' title="bbox 313 3776 1910 3852; baseline -0.006 -10"><span class='ocrx_word' id='word_1_541' title='bbox 313 3799 569 3841; x_wconf 89' lang='lat' dir='ltr'><strong>sonarum</strong></span> <span class='ocrx_word' id='word_1_542' title='bbox 617 3781 762 3852; x_wconf 87' lang='lat' dir='ltr'><strong>apud</strong></span> <span class='ocrx_word' id='word_1_543' title='bbox 805 3783 994 3837; x_wconf 90' lang='lat' dir='ltr'><strong>Deum.</strong></span> <span class='ocrx_word' id='word_1_544' title='bbox 1043 3780 1381 3848; x_wconf 91' lang='lat' dir='ltr'><strong>Quicumque</strong></span> <span class='ocrx_word' id='word_1_545' title='bbox 1429 3777 1574 3832; x_wconf 91' lang='lat' dir='ltr'><strong>enim</strong></span> <span class='ocrx_word' id='word_1_546' title='bbox 1624 3779 1743 3831; x_wconf 87' lang='lat' dir='ltr'><strong>sine</strong></span> <span class='ocrx_word' id='word_1_547' title='bbox 1791 3776 1910 3847; x_wconf 86' lang='lat' dir='ltr'><strong>lege</strong></span> 
     </span>
    </p>
   </div>
   <div class='ocr_carea' id='block_1_70' title="bbox 311 3870 1907 3950">
    <p class='ocr_par' dir='ltr' id='par_1_70' title="bbox 311 3870 1907 3950">
     <span class='ocr_line' id='line_1_70' title="bbox 311 3870 1907 3950; baseline -0.007 -16"><span class='ocrx_word' id='word_1_548' title='bbox 311 3885 674 3950; x_wconf 86' lang='lat' dir='ltr'><strong>peccaverunt</strong></span> <span class='ocrx_word' id='word_1_549' title='bbox 703 3916 718 3942; x_wconf 92' lang='lat'><strong>,</strong></span> <span class='ocrx_word' id='word_1_550' title='bbox 762 3876 881 3931; x_wconf 87' lang='lat' dir='ltr'><strong>sine</strong></span> <span class='ocrx_word' id='word_1_551' title='bbox 919 3876 1037 3944; x_wconf 91' lang='lat' dir='ltr'><strong>lege</strong></span> <span class='ocrx_word' id='word_1_552' title='bbox 1084 3871 1337 3943; x_wconf 89' lang='lat' dir='ltr'><strong>peribunt</strong></span> <span class='ocrx_word' id='word_1_553' title='bbox 1366 3887 1379 3923; x_wconf 89' lang='lat'><strong>:</strong></span> <span class='ocrx_word' id='word_1_554' title='bbox 1413 3880 1466 3925; x_wconf 89' lang='lat' dir='ltr'><strong>et</strong></span> <span class='ocrx_word' id='word_1_555' title='bbox 1497 3870 1822 3940; x_wconf 88' lang='lat' dir='ltr'><strong>quicumque</strong></span> <span class='ocrx_word' id='word_1_556' title='bbox 1854 3870 1907 3923; x_wconf 93' lang='lat' dir='ltr'><strong>in</strong></span> 
     </span>
    </p>
   </div>
   <div class='ocr_carea' id='block_1_71' title="bbox 309 3961 1906 4041">
    <p class='ocr_par' dir='ltr' id='par_1_71' title="bbox 309 3961 1906 4041">
     <span class='ocr_line' id='line_1_71' title="bbox 309 3961 1906 4041; baseline -0.006 -15"><span class='ocrx_word' id='word_1_557' title='bbox 309 3971 432 4041; x_wconf 84' lang='lat' dir='ltr'><strong>lege</strong></span> <span class='ocrx_word' id='word_1_558' title='bbox 457 3978 842 4040; x_wconf 73' lang='lat' dir='ltr'><strong>peccaverunt,</strong></span> <span class='ocrx_word' id='word_1_559' title='bbox 876 3982 976 4038; x_wconf 89' lang='lat' dir='ltr'><strong>per</strong></span> <span class='ocrx_word' id='word_1_560' title='bbox 1003 3966 1173 4037; x_wconf 87' lang='lat' dir='ltr'><strong>legem</strong></span> <span class='ocrx_word' id='word_1_561' title='bbox 1191 3963 1599 4034; x_wconf 88' lang='lat' dir='ltr'><strong>judicabuntnr.</strong></span> <span class='ocrx_word' id='word_1_562' title='bbox 1619 3961 1736 4016; x_wconf 86' lang='lat' dir='ltr'><strong>Non</strong></span> <span class='ocrx_word' id='word_1_563' title='bbox 1761 3961 1906 4016; x_wconf 89' lang='lat' dir='ltr'><strong>enim</strong></span> 
     </span>
    </p>
   </div>
   <div class='ocr_carea' id='block_1_72' title="bbox 310 4055 1908 4134">
    <p class='ocr_par' dir='ltr' id='par_1_72' title="bbox 310 4055 1908 4134">
     <span class='ocr_line' id='line_1_72' title="bbox 310 4055 1908 4134; baseline -0.006 -15"><span class='ocrx_word' id='word_1_564' title='bbox 310 4065 592 4119; x_wconf 89' lang='lat' dir='ltr'><strong>auditores</strong></span> <span class='ocrx_word' id='word_1_565' title='bbox 622 4063 751 4134; x_wconf 83' lang='lat' dir='ltr'><strong>legis</strong></span> <span class='ocrx_word' id='word_1_566' title='bbox 781 4061 907 4131; x_wconf 85' lang='lat' dir='ltr'><strong>justi</strong></span> <span class='ocrx_word' id='word_1_567' title='bbox 947 4069 1072 4114; x_wconf 90' lang='lat' dir='ltr'><strong>sunt</strong></span> <span class='ocrx_word' id='word_1_568' title='bbox 1108 4057 1248 4127; x_wconf 91' lang='lat' dir='ltr'><strong>apud</strong></span> <span class='ocrx_word' id='word_1_569' title='bbox 1281 4056 1450 4110; x_wconf 87' lang='lat' dir='ltr'><strong>Deum</strong></span> <span class='ocrx_word' id='word_1_570' title='bbox 1480 4097 1494 4122; x_wconf 93' lang='lat'><strong>,</strong></span> <span class='ocrx_word' id='word_1_571' title='bbox 1546 4056 1639 4111; x_wconf 88' lang='lat' dir='ltr'><strong>sed</strong></span> <span class='ocrx_word' id='word_1_572' title='bbox 1674 4055 1908 4110; x_wconf 87' lang='lat' dir='ltr'><strong>factores</strong></span> 
     </span>
    </p>
   </div>
   <div class='ocr_carea' id='block_1_73' title="bbox 311 4148 1902 4227">
    <p class='ocr_par' dir='ltr' id='par_1_73' title="bbox 311 4148 1902 4227">
     <span class='ocr_line' id='line_1_73' title="bbox 311 4148 1902 4227; baseline -0.006 -15"><span class='ocrx_word' id='word_1_573' title='bbox 311 4155 923 4227; x_wconf 87' lang='lat' dir='ltr'><strong>legisjustilicabuntur.</strong></span> <span class='ocrx_word' id='word_1_574' title='bbox 957 4153 1094 4208; x_wconf 79' lang='lat' dir='ltr'><strong>Cum</strong></span> <span class='ocrx_word' id='word_1_575' title='bbox 1126 4149 1268 4204; x_wconf 89' lang='lat' dir='ltr'><strong>enim</strong></span> <span class='ocrx_word' id='word_1_576' title='bbox 1298 4162 1490 4218; x_wconf 86' lang='lat' dir='ltr'><strong>gentes</strong></span> <span class='ocrx_word' id='word_1_577' title='bbox 1518 4194 1531 4217; x_wconf 96' lang='lat'><strong>,</strong></span> <span class='ocrx_word' id='word_1_578' title='bbox 1581 4164 1702 4218; x_wconf 65' lang='lat' dir='ltr'><strong>qua:</strong></span> <span class='ocrx_word' id='word_1_579' title='bbox 1728 4148 1902 4218; x_wconf 83' lang='lat' dir='ltr'><strong>legem</strong></span> 
     </span>
    </p>
   </div>
   <div class='ocr_carea' id='block_1_74' title="bbox 309 4243 1902 4318">
    <p class='ocr_par' dir='ltr' id='par_1_74' title="bbox 309 4243 1902 4318">
     <span class='ocr_line' id='line_1_74' title="bbox 309 4243 1902 4318; baseline -0.005 -12"><span class='ocrx_word' id='word_1_580' title='bbox 309 4265 418 4306; x_wconf 91' lang='lat' dir='ltr'><strong>non</strong></span> <span class='ocrx_word' id='word_1_581' title='bbox 444 4249 665 4314; x_wconf 80' lang='lat' dir='ltr'><strong>habent,</strong></span> <span class='ocrx_word' id='word_1_582' title='bbox 701 4249 1020 4304; x_wconf 86' lang='lat' dir='ltr'><strong>naturaliter</strong></span> <span class='ocrx_word' id='word_1_583' title='bbox 1045 4263 1140 4313; x_wconf 91' lang='lat' dir='ltr'><strong>ea,</strong></span> <span class='ocrx_word' id='word_1_584' title='bbox 1171 4264 1290 4318; x_wconf 81' lang='lat' dir='ltr'><strong>quae</strong></span> <span class='ocrx_word' id='word_1_585' title='bbox 1333 4246 1466 4317; x_wconf 87' lang='lat' dir='ltr'><strong>legis</strong></span> <span class='ocrx_word' id='word_1_586' title='bbox 1494 4254 1644 4310; x_wconf 89' lang='lat' dir='ltr'><strong>sunt,</strong></span> <span class='ocrx_word' id='word_1_587' title='bbox 1679 4243 1902 4310; x_wconf 84' lang='lat' dir='ltr'><strong>faciunt,</strong></span> 
     </span>
    </p>
   </div>
   <div class='ocr_carea' id='block_1_75' title="bbox 308 4337 1904 4413">
    <p class='ocr_par' dir='ltr' id='par_1_75' title="bbox 308 4337 1904 4413">
     <span class='ocr_line' id='line_1_75' title="bbox 308 4337 1904 4413; baseline -0.004 -15"><span class='ocrx_word' id='word_1_588' title='bbox 308 4343 579 4413; x_wconf 85' lang='lat' dir='ltr'><strong>ejusmodi</strong></span> <span class='ocrx_word' id='word_1_589' title='bbox 603 4342 776 4412; x_wconf 85' lang='lat' dir='ltr'><strong>legem</strong></span> <span class='ocrx_word' id='word_1_590' title='bbox 803 4358 909 4396; x_wconf 92' lang='lat' dir='ltr'><strong>non</strong></span> <span class='ocrx_word' id='word_1_591' title='bbox 940 4341 1227 4410; x_wconf 86' lang='lat' dir='ltr'><strong>habentes,</strong></span> <span class='ocrx_word' id='word_1_592' title='bbox 1255 4340 1356 4410; x_wconf 86' lang='lat' dir='ltr'><strong>ipsi</strong></span> <span class='ocrx_word' id='word_1_593' title='bbox 1387 4340 1631 4393; x_wconf 79' lang='lat' dir='ltr'><strong>sibisuut</strong></span> <span class='ocrx_word' id='word_1_594' title='bbox 1661 4339 1783 4392; x_wconf 78' lang='lat' dir='ltr'><strong>lex:</strong></span> <span class='ocrx_word' id='word_1_595' title='bbox 1813 4337 1904 4407; x_wconf 91' lang='lat' dir='ltr'><strong>qui</strong></span> 
     </span>
    </p>
   </div>
   <div class='ocr_carea' id='block_1_76' title="bbox 307 4431 1901 4508">
    <p class='ocr_par' dir='ltr' id='par_1_76' title="bbox 307 4431 1901 4508">
     <span class='ocr_line' id='line_1_76' title="bbox 307 4431 1901 4508; baseline -0.008 -13"><span class='ocrx_word' id='word_1_596' title='bbox 307 4439 602 4496; x_wconf 67' lang='lat' dir='ltr'><strong>emendant</strong></span> <span class='ocrx_word' id='word_1_597' title='bbox 630 4451 765 4508; x_wconf 90' lang='lat' dir='ltr'><strong>opus</strong></span> <span class='ocrx_word' id='word_1_598' title='bbox 796 4438 927 4508; x_wconf 85' lang='lat' dir='ltr'><strong>legis</strong></span> <span class='ocrx_word' id='word_1_599' title='bbox 960 4437 1219 4506; x_wconf 88' lang='lat' dir='ltr'><strong>scriptum</strong></span> <span class='ocrx_word' id='word_1_600' title='bbox 1254 4435 1305 4490; x_wconf 91' lang='lat' dir='ltr'><strong>iu</strong></span> <span class='ocrx_word' id='word_1_601' title='bbox 1337 4433 1594 4488; x_wconf 90' lang='lat' dir='ltr'><strong>cordibus</strong></span> <span class='ocrx_word' id='word_1_602' title='bbox 1619 4431 1732 4486; x_wconf 91' lang='lat' dir='ltr'><strong>suis</strong></span> <span class='ocrx_word' id='word_1_603' title='bbox 1759 4477 1773 4501; x_wconf 98' lang='lat'><strong>,</strong></span> <span class='ocrx_word' id='word_1_604' title='bbox 1821 4440 1901 4484; x_wconf 90' lang='lat' dir='ltr'><strong>te-</strong></span> 
     </span>
    </p>
   </div>
   <div class='ocr_carea' id='block_1_77' title="bbox 307 4525 1906 4595">
    <p class='ocr_par' dir='ltr' id='par_1_77' title="bbox 307 4525 1906 4595">
     <span class='ocr_line' id='line_1_77' title="bbox 307 4525 1906 4595; baseline -0.008 -5"><span class='ocrx_word' id='word_1_605' title='bbox 307 4533 624 4590; x_wconf 89' lang='lat' dir='ltr'><strong>stimonium</strong></span> <span class='ocrx_word' id='word_1_606' title='bbox 683 4529 946 4586; x_wconf 89' lang='lat' dir='ltr'><strong>reddente</strong></span> <span class='ocrx_word' id='word_1_607' title='bbox 985 4529 1093 4584; x_wconf 84' lang='lat' dir='ltr'><strong>illis</strong></span> <span class='ocrx_word' id='word_1_608' title='bbox 1134 4528 1468 4584; x_wconf 89' lang='lat' dir='ltr'><strong>conscientia</strong></span> <span class='ocrx_word' id='word_1_609' title='bbox 1521 4525 1802 4595; x_wconf 90' lang='lat' dir='ltr'><strong>ipsorum,</strong></span> <span class='ocrx_word' id='word_1_610' title='bbox 1849 4531 1906 4578; x_wconf 93' lang='lat' dir='ltr'><strong>et</strong></span> 
     </span>
    </p>
   </div>
   <div class='ocr_carea' id='block_1_78' title="bbox 2016 3314 3612 3390">
    <p class='ocr_par' dir='ltr' id='par_1_78' title="bbox 2016 3314 3612 3390">
     <span class='ocr_line' id='line_1_78' title="bbox 2016 3314 3612 3390; baseline -0.006 -14"><span class='ocrx_word' id='word_1_611' title='bbox 2016 3329 2169 3376; x_wconf 92' lang='lat' dir='ltr'><strong>calor</strong></span> <span class='ocrx_word' id='word_1_612' title='bbox 2211 3318 2472 3390; x_wconf 87' lang='lat' dir='ltr'><strong>judicor?</strong></span> <span class='ocrx_word' id='word_1_613' title='bbox 2517 3327 2571 3371; x_wconf 90' lang='lat' dir='ltr'><strong>ct</strong></span> <span class='ocrx_word' id='word_1_614' title='bbox 2630 3331 2736 3370; x_wconf 91' lang='lat' dir='ltr'><strong>non</strong></span> <span class='ocrx_word' id='word_1_615' title='bbox 2792 3315 2967 3386; x_wconf 88' lang='lat' dir='ltr'><strong>(sicut</strong></span> <span class='ocrx_word' id='word_1_616' title='bbox 3019 3314 3493 3384; x_wconf 82' lang='lat' dir='ltr'><strong>blasphematnur,</strong></span> <span class='ocrx_word' id='word_1_617' title='bbox 3556 3320 3612 3366; x_wconf 91' lang='lat' dir='ltr'><strong>et</strong></span> 
     </span>
    </p>
   </div>
   <div class='ocr_carea' id='block_1_79' title="bbox 2014 3407 3611 3480">
    <p class='ocr_par' dir='ltr' id='par_1_79' title="bbox 2014 3407 3611 3480">
     <span class='ocr_line' id='line_1_79' title="bbox 2014 3407 3611 3480; baseline -0.006 -10"><span class='ocrx_word' id='word_1_618' title='bbox 2014 3416 2040 3452; x_wconf 72' lang='grc' dir='ltr'><strong>εί</strong></span> <span class='ocrx_word' id='word_1_619' title='bbox 2083 3415 2222 3469; x_wconf 90' lang='lat' dir='ltr'><strong>sicut</strong></span> <span class='ocrx_word' id='word_1_620' title='bbox 2259 3413 2412 3468; x_wconf 88' lang='lat' dir='ltr'><strong>aiunt</strong></span> <span class='ocrx_word' id='word_1_621' title='bbox 2439 3409 2654 3480; x_wconf 85' lang='lat' dir='ltr'><strong>quidam</strong></span> <span class='ocrx_word' id='word_1_622' title='bbox 2691 3424 2789 3464; x_wconf 92' lang='lat' dir='ltr'><strong>nos</strong></span> <span class='ocrx_word' id='word_1_623' title='bbox 2815 3409 3038 3480; x_wconf 86' lang='lat' dir='ltr'><strong>dicere)</strong></span> <span class='ocrx_word' id='word_1_624' title='bbox 3079 3407 3338 3462; x_wconf 87' lang='lat' dir='ltr'><strong>faciamus</strong></span> <span class='ocrx_word' id='word_1_625' title='bbox 3373 3407 3510 3462; x_wconf 81' lang='lat' dir='ltr'><strong>ntala</strong></span> <span class='ocrx_word' id='word_1_626' title='bbox 3551 3415 3611 3460; x_wconf 90' lang='lat' dir='ltr'><strong>ut</strong></span> 
     </span>
    </p>
   </div>
   <div class='ocr_carea' id='block_1_80' title="bbox 2013 3501 3607 3575">
    <p class='ocr_par' dir='ltr' id='par_1_80' title="bbox 2013 3501 3607 3575">
     <span class='ocr_line' id='line_1_80' title="bbox 2013 3501 3607 3575; baseline -0.005 -11"><span class='ocrx_word' id='word_1_627' title='bbox 2013 3511 2234 3564; x_wconf 87' lang='lat' dir='ltr'><strong>veniant</strong></span> <span class='ocrx_word' id='word_1_628' title='bbox 2274 3507 2414 3560; x_wconf 88' lang='lat' dir='ltr'><strong>bona</strong></span> <span class='ocrx_word' id='word_1_629' title='bbox 2451 3524 2464 3558; x_wconf 73' lang='grc' dir='ltr'>ε</span> <span class='ocrx_word' id='word_1_630' title='bbox 2499 3521 2731 3575; x_wconf 87' lang='lat' dir='ltr'><strong>quorum</strong></span> <span class='ocrx_word' id='word_1_631' title='bbox 2786 3505 3065 3559; x_wconf 83' lang='lat' dir='ltr'><strong>damnatio</strong></span> <span class='ocrx_word' id='word_1_632' title='bbox 3116 3504 3262 3573; x_wconf 74' lang='lat' dir='ltr'><strong>ju~ta</strong></span> <span class='ocrx_word' id='word_1_633' title='bbox 3321 3513 3422 3557; x_wconf 78' lang='lat' dir='ltr'><strong>est.</strong></span> <span class='ocrx_word' id='word_1_634' title='bbox 3469 3501 3607 3570; x_wconf 88' lang='lat' dir='ltr'><strong>Quid</strong></span> 
     </span>
    </p>
   </div>
   <div class='ocr_carea' id='block_1_81' title="bbox 2012 3595 3603 3671">
    <p class='ocr_par' dir='ltr' id='par_1_81' title="bbox 2012 3595 3603 3671">
     <span class='ocr_line' id='line_1_81' title="bbox 2012 3595 3603 3671; baseline -0.005 -14"><span class='ocrx_word' id='word_1_635' title='bbox 2012 3602 2180 3671; x_wconf 89' lang='lat' dir='ltr'><strong>ergo?</strong></span> <span class='ocrx_word' id='word_1_636' title='bbox 2209 3599 2570 3671; x_wconf 71' lang='lat' dir='ltr'><strong>prmcellituus</strong></span> <span class='ocrx_word' id='word_1_637' title='bbox 2603 3601 2733 3652; x_wconf 83' lang='lat' dir='ltr'><strong>eos?</strong></span> <span class='ocrx_word' id='word_1_638' title='bbox 2764 3598 3136 3669; x_wconf 81' lang='lat' dir='ltr'><strong>Nequaquam.</strong></span> <span class='ocrx_word' id='word_1_639' title='bbox 3185 3595 3402 3651; x_wconf 82' lang='lat' dir='ltr'><strong>C-tnsati</strong></span> <span class='ocrx_word' id='word_1_640' title='bbox 3459 3597 3603 3651; x_wconf 85' lang='lat' dir='ltr'><strong>enim</strong></span> 
     </span>
    </p>
   </div>
   <div class='ocr_carea' id='block_1_82' title="bbox 2014 3689 3596 3763">
    <p class='ocr_par' dir='ltr' id='par_1_82' title="bbox 2014 3689 3596 3763">
     <span class='ocr_line' id='line_1_82' title="bbox 2014 3689 3596 3763; baseline -0.008 -10"><span class='ocrx_word' id='word_1_641' title='bbox 2014 3711 2225 3763; x_wconf 90' lang='lat' dir='ltr'><strong>sumus,</strong></span> <span class='ocrx_word' id='word_1_642' title='bbox 2257 3695 2474 3750; x_wconf 81' lang='lat' dir='ltr'><strong>Judaeus</strong></span> <span class='ocrx_word' id='word_1_643' title='bbox 2500 3703 2553 3747; x_wconf 90' lang='lat' dir='ltr'><strong>et</strong></span> <span class='ocrx_word' id='word_1_644' title='bbox 2584 3692 2803 3746; x_wconf 58' lang='lat' dir='ltr'><strong>Graccus</strong></span> <span class='ocrx_word' id='word_1_645' title='bbox 2835 3704 3025 3744; x_wconf 89' lang='lat' dir='ltr'><strong>omnes</strong></span> <span class='ocrx_word' id='word_1_646' title='bbox 3052 3689 3152 3744; x_wconf 90' lang='lat' dir='ltr'><strong>sub</strong></span> <span class='ocrx_word' id='word_1_647' title='bbox 3203 3700 3425 3757; x_wconf 84' lang='lat' dir='ltr'><strong>peccato</strong></span> <span class='ocrx_word' id='word_1_648' title='bbox 3454 3703 3596 3752; x_wconf 89' lang='lat' dir='ltr'><strong>esse,</strong></span> 
     </span>
    </p>
   </div>
   <div class='ocr_carea' id='block_1_83' title="bbox 2012 3779 3603 3856">
    <p class='ocr_par' dir='ltr' id='par_1_83' title="bbox 2012 3779 3603 3856">
     <span class='ocr_line' id='line_1_83' title="bbox 2012 3779 3603 3856; baseline -0.008 -12"><span class='ocrx_word' id='word_1_649' title='bbox 2012 3790 2152 3846; x_wconf 91' lang='lat' dir='ltr'><strong>sicut</strong></span> <span class='ocrx_word' id='word_1_650' title='bbox 2180 3789 2440 3856; x_wconf 89' lang='lat' dir='ltr'><strong>scriptum</strong></span> <span class='ocrx_word' id='word_1_651' title='bbox 2469 3796 2551 3840; x_wconf 91' lang='lat' dir='ltr'><strong>est</strong></span> <span class='ocrx_word' id='word_1_652' title='bbox 2580 3802 2590 3836; x_wconf 95' lang='lat'>:</span> <span class='ocrx_word' id='word_1_653' title='bbox 2621 3782 2755 3850; x_wconf 91' lang='lat' dir='ltr'><strong>Quia</strong></span> <span class='ocrx_word' id='word_1_654' title='bbox 2799 3797 2905 3836; x_wconf 89' lang='lat' dir='ltr'><strong>non</strong></span> <span class='ocrx_word' id='word_1_655' title='bbox 2955 3790 3038 3836; x_wconf 90' lang='lat' dir='ltr'><strong>est</strong></span> <span class='ocrx_word' id='word_1_656' title='bbox 3080 3780 3260 3850; x_wconf 91' lang='lat' dir='ltr'><strong>justus</strong></span> <span class='ocrx_word' id='word_1_657' title='bbox 3291 3779 3603 3850; x_wconf 86' lang='lat' dir='ltr'><strong>quisquam,</strong></span> 
     </span>
    </p>
   </div>
   <div class='ocr_carea' id='block_1_84' title="bbox 2013 3870 3610 3949">
    <p class='ocr_par' dir='ltr' id='par_1_84' title="bbox 2013 3870 3610 3949">
     <span class='ocr_line' id='line_1_84' title="bbox 2013 3870 3610 3949; baseline -0.008 -12"><span class='ocrx_word' id='word_1_658' title='bbox 2013 3898 2120 3938; x_wconf 91' lang='lat' dir='ltr'><strong>non</strong></span> <span class='ocrx_word' id='word_1_659' title='bbox 2146 3891 2229 3936; x_wconf 90' lang='lat' dir='ltr'><strong>est</strong></span> <span class='ocrx_word' id='word_1_660' title='bbox 2251 3879 2580 3949; x_wconf 81' lang='lat' dir='ltr'><strong>intelligens,</strong></span> <span class='ocrx_word' id='word_1_661' title='bbox 2612 3891 2719 3930; x_wconf 91' lang='lat' dir='ltr'><strong>non</strong></span> <span class='ocrx_word' id='word_1_662' title='bbox 2751 3885 2834 3930; x_wconf 91' lang='lat' dir='ltr'><strong>est</strong></span> <span class='ocrx_word' id='word_1_663' title='bbox 2865 3875 3154 3942; x_wconf 88' lang='lat' dir='ltr'><strong>requirens</strong></span> <span class='ocrx_word' id='word_1_664' title='bbox 3180 3871 3375 3926; x_wconf 89' lang='lat' dir='ltr'><strong>Deum.</strong></span> <span class='ocrx_word' id='word_1_665' title='bbox 3404 3870 3610 3925; x_wconf 87' lang='lat' dir='ltr'><strong>Omnes</strong></span> 
     </span>
    </p>
   </div>
   <div class='ocr_carea' id='block_1_85' title="bbox 2012 3951 3609 4036">
    <p class='ocr_par' dir='ltr' id='par_1_85' title="bbox 2012 3951 3609 4036">
     <span class='ocr_line' id='line_1_85' title="bbox 2012 3951 3609 4036; baseline -0.008 -7"><span class='ocrx_word' id='word_1_666' title='bbox 2012 3973 2442 4036; x_wconf 88' lang='lat' dir='ltr'><strong>declinaverunt,</strong></span> <span class='ocrx_word' id='word_1_667' title='bbox 2476 3969 2634 4025; x_wconf 89' lang='lat' dir='ltr'><strong>simul</strong></span> <span class='ocrx_word' id='word_1_668' title='bbox 2683 3967 2903 4022; x_wconf 91' lang='lat' dir='ltr'><strong>inutiles</strong></span> <span class='ocrx_word' id='word_1_669' title='bbox 2931 3965 3054 4020; x_wconf 88' lang='lat' dir='ltr'><strong>facti</strong></span> <span class='ocrx_word' id='word_1_670' title='bbox 3081 3951 3228 4032; x_wconf 86' lang='lat' dir='ltr'><strong>sunt,</strong></span> <span class='ocrx_word' id='word_1_671' title='bbox 3275 3981 3380 4018; x_wconf 91' lang='lat' dir='ltr'><strong>non</strong></span> <span class='ocrx_word' id='word_1_672' title='bbox 3407 3973 3488 4019; x_wconf 90' lang='lat' dir='ltr'><strong>est</strong></span> <span class='ocrx_word' id='word_1_673' title='bbox 3518 3963 3609 4034; x_wconf 93' lang='lat' dir='ltr'><strong>qui</strong></span> 
     </span>
    </p>
   </div>
   <div class='ocr_carea' id='block_1_86' title="bbox 2013 4055 3606 4130">
    <p class='ocr_par' dir='ltr' id='par_1_86' title="bbox 2013 4055 3606 4130">
     <span class='ocr_line' id='line_1_86' title="bbox 2013 4055 3606 4130; baseline -0.008 -7"><span class='ocrx_word' id='word_1_674' title='bbox 2013 4067 2173 4123; x_wconf 80' lang='lat' dir='ltr'><strong>faciat</strong></span> <span class='ocrx_word' id='word_1_675' title='bbox 2202 4066 2424 4129; x_wconf 89' lang='lat' dir='ltr'><strong>bonum,</strong></span> <span class='ocrx_word' id='word_1_676' title='bbox 2475 4079 2584 4118; x_wconf 90' lang='lat' dir='ltr'><strong>nou</strong></span> <span class='ocrx_word' id='word_1_677' title='bbox 2615 4070 2697 4117; x_wconf 91' lang='lat' dir='ltr'><strong>est</strong></span> <span class='ocrx_word' id='word_1_678' title='bbox 2729 4074 2902 4130; x_wconf 89' lang='lat' dir='ltr'><strong>usque</strong></span> <span class='ocrx_word' id='word_1_679' title='bbox 2948 4059 3014 4113; x_wconf 88' lang='lat' dir='ltr'><strong>ad</strong></span> <span class='ocrx_word' id='word_1_680' title='bbox 3059 4074 3248 4112; x_wconf 88' lang='lat' dir='ltr'><strong>unum.</strong></span> <span class='ocrx_word' id='word_1_681' title='bbox 3285 4055 3606 4126; x_wconf 87' lang='lat' dir='ltr'><strong>Sepulcrum</strong></span> 
     </span>
    </p>
   </div>
   <div class='ocr_carea' id='block_1_87' title="bbox 2012 4147 3606 4232">
    <p class='ocr_par' dir='ltr' id='par_1_87' title="bbox 2012 4147 3606 4232">
     <span class='ocr_line' id='line_1_87' title="bbox 2012 4147 3606 4232; baseline -0.009 -18"><span class='ocrx_word' id='word_1_682' title='bbox 2012 4170 2203 4232; x_wconf 88' lang='lat' dir='ltr'><strong>patens</strong></span> <span class='ocrx_word' id='word_1_683' title='bbox 2223 4167 2306 4213; x_wconf 78' lang='lat' dir='ltr'><strong>est</strong></span> <span class='ocrx_word' id='word_1_684' title='bbox 2331 4166 2516 4228; x_wconf 82' lang='lat' dir='ltr'><strong>guttur</strong></span> <span class='ocrx_word' id='word_1_685' title='bbox 2533 4170 2743 4218; x_wconf 88' lang='lat' dir='ltr'><strong>eorum,</strong></span> <span class='ocrx_word' id='word_1_686' title='bbox 2767 4151 2967 4221; x_wconf 89' lang='lat' dir='ltr'><strong>linguis</strong></span> <span class='ocrx_word' id='word_1_687' title='bbox 2988 4150 3101 4206; x_wconf 91' lang='lat' dir='ltr'><strong>suis</strong></span> <span class='ocrx_word' id='word_1_688' title='bbox 3124 4149 3313 4204; x_wconf 89' lang='lat' dir='ltr'><strong>dolose</strong></span> <span class='ocrx_word' id='word_1_689' title='bbox 3340 4147 3606 4219; x_wconf 84' lang='lat' dir='ltr'><strong>agebant;</strong></span> 
     </span>
    </p>
   </div>
   <div class='ocr_carea' id='block_1_88' title="bbox 2011 4247 3611 4320">
    <p class='ocr_par' dir='ltr' id='par_1_88' title="bbox 2011 4247 3611 4320">
     <span class='ocr_line' id='line_1_88' title="bbox 2011 4247 3611 4320; baseline -0.008 -11"><span class='ocrx_word' id='word_1_690' title='bbox 2011 4269 2279 4309; x_wconf 86' lang='lat' dir='ltr'><strong>venenum</strong></span> <span class='ocrx_word' id='word_1_691' title='bbox 2312 4250 2558 4320; x_wconf 79' lang='lat' dir='ltr'><strong>aSpidum</strong></span> <span class='ocrx_word' id='word_1_692' title='bbox 2583 4247 2685 4303; x_wconf 85' lang='lat' dir='ltr'><strong>sub</strong></span> <span class='ocrx_word' id='word_1_693' title='bbox 2713 4247 2870 4302; x_wconf 87' lang='lat' dir='ltr'><strong>labiis</strong></span> <span class='ocrx_word' id='word_1_694' title='bbox 2899 4260 3107 4311; x_wconf 89' lang='lat' dir='ltr'><strong>eorum,</strong></span> <span class='ocrx_word' id='word_1_695' title='bbox 3139 4260 3372 4315; x_wconf 88' lang='lat' dir='ltr'><strong>quorum</strong></span> <span class='ocrx_word' id='word_1_696' title='bbox 3405 4258 3467 4297; x_wconf 90' lang='lat' dir='ltr'><strong>os</strong></span> <span class='ocrx_word' id='word_1_697' title='bbox 3495 4258 3611 4297; x_wconf 81' lang='lat' dir='ltr'><strong>ma-</strong></span> 
     </span>
    </p>
   </div>
   <div class='ocr_carea' id='block_1_89' title="bbox 2009 4339 3609 4412">
    <p class='ocr_par' dir='ltr' id='par_1_89' title="bbox 2009 4339 3609 4412">
     <span class='ocr_line' id='line_1_89' title="bbox 2009 4339 3609 4412; baseline -0.009 -5"><span class='ocrx_word' id='word_1_698' title='bbox 2009 4351 2298 4407; x_wconf 78' lang='lat' dir='ltr'><strong>lcdictionc</strong></span> <span class='ocrx_word' id='word_1_699' title='bbox 2331 4354 2387 4402; x_wconf 92' lang='lat' dir='ltr'><strong>et</strong></span> <span class='ocrx_word' id='word_1_700' title='bbox 2411 4343 2776 4400; x_wconf 87' lang='lat' dir='ltr'><strong>amaritudine</strong></span> <span class='ocrx_word' id='word_1_701' title='bbox 2803 4342 3019 4412; x_wconf 88' lang='lat' dir='ltr'><strong>plenum</strong></span> <span class='ocrx_word' id='word_1_702' title='bbox 3058 4350 3171 4405; x_wconf 90' lang='lat' dir='ltr'><strong>est;</strong></span> <span class='ocrx_word' id='word_1_703' title='bbox 3206 4339 3420 4393; x_wconf 89' lang='lat' dir='ltr'><strong>veloces</strong></span> <span class='ocrx_word' id='word_1_704' title='bbox 3445 4339 3609 4408; x_wconf 87' lang='lat' dir='ltr'><strong>pedes</strong></span> 
     </span>
    </p>
   </div>
   <div class='ocr_carea' id='block_1_90' title="bbox 2009 4431 3609 4504">
    <p class='ocr_par' dir='ltr' id='par_1_90' title="bbox 2009 4431 3609 4504">
     <span class='ocr_line' id='line_1_90' title="bbox 2009 4431 3609 4504; baseline -0.011 -5"><span class='ocrx_word' id='word_1_705' title='bbox 2009 4459 2196 4500; x_wconf 89' lang='lat' dir='ltr'><strong>eorum</strong></span> <span class='ocrx_word' id='word_1_706' title='bbox 2239 4442 2307 4496; x_wconf 89' lang='lat' dir='ltr'><strong>ad</strong></span> <span class='ocrx_word' id='word_1_707' title='bbox 2333 4437 2722 4495; x_wconf 72' lang='lat' dir='ltr'><strong>effundendum</strong></span> <span class='ocrx_word' id='word_1_708' title='bbox 2754 4435 3106 4504; x_wconf 77' lang='lat' dir='ltr'><strong>sanguinein;</strong></span> <span class='ocrx_word' id='word_1_709' title='bbox 3153 4432 3416 4486; x_wconf 83' lang='lat' dir='ltr'><strong>contritio</strong></span> <span class='ocrx_word' id='word_1_710' title='bbox 3441 4440 3498 4486; x_wconf 89' lang='lat' dir='ltr'><strong>ct</strong></span> <span class='ocrx_word' id='word_1_711' title='bbox 3526 4431 3609 4484; x_wconf 81' lang='lat' dir='ltr'><strong>in-</strong></span> 
     </span>
    </p>
   </div>
   <div class='ocr_carea' id='block_1_91' title="bbox 2011 4525 3611 4595">
    <p class='ocr_par' dir='ltr' id='par_1_91' title="bbox 2011 4525 3611 4595">
     <span class='ocr_line' id='line_1_91' title="bbox 2011 4525 3611 4595; baseline -0.009 -3"><span class='ocrx_word' id='word_1_712' title='bbox 2011 4536 2237 4592; x_wconf 86' lang='lat' dir='ltr'><strong>felicitas</strong></span> <span class='ocrx_word' id='word_1_713' title='bbox 2278 4533 2329 4588; x_wconf 91' lang='lat' dir='ltr'><strong>in</strong></span> <span class='ocrx_word' id='word_1_714' title='bbox 2359 4533 2459 4586; x_wconf 88' lang='lat' dir='ltr'><strong>viis</strong></span> <span class='ocrx_word' id='word_1_715' title='bbox 2490 4545 2700 4592; x_wconf 91' lang='lat' dir='ltr'><strong>eorum,</strong></span> <span class='ocrx_word' id='word_1_716' title='bbox 2733 4539 2786 4582; x_wconf 89' lang='lat' dir='ltr'><strong>et</strong></span> <span class='ocrx_word' id='word_1_717' title='bbox 2814 4527 2955 4581; x_wconf 81' lang='lat' dir='ltr'><strong>viam</strong></span> <span class='ocrx_word' id='word_1_718' title='bbox 2989 4525 3134 4595; x_wconf 90' lang='lat' dir='ltr'><strong>pacis</strong></span> <span class='ocrx_word' id='word_1_719' title='bbox 3185 4540 3290 4579; x_wconf 90' lang='lat' dir='ltr'><strong>non</strong></span> <span class='ocrx_word' id='word_1_720' title='bbox 3340 4538 3611 4591; x_wconf 84' lang='lat' dir='ltr'><strong>cognove-</strong></span> 
     </span>
    </p>
   </div>
   <div class='ocr_carea' id='block_1_92' title="bbox 309 4615 1908 4694">
    <p class='ocr_par' dir='ltr' id='par_1_92' title="bbox 309 4619 1908 4694">
     <span class='ocr_line' id='line_1_92' title="bbox 309 4619 1908 4694; baseline -0.006 -13"><span class='ocrx_word' id='word_1_721' title='bbox 309 4636 333 4663; x_wconf 69' lang='grc'><strong><em>⁸</em></strong></span> <span class='ocrx_word' id='word_1_722' title='bbox 372 4627 516 4682; x_wconf 88' lang='lat' dir='ltr'><strong>inter</strong></span> <span class='ocrx_word' id='word_1_723' title='bbox 554 4640 614 4680; x_wconf 92' lang='lat' dir='ltr'><strong>se</strong></span> <span class='ocrx_word' id='word_1_724' title='bbox 651 4624 885 4679; x_wconf 81' lang='lat' dir='ltr'><strong>invicem</strong></span> <span class='ocrx_word' id='word_1_725' title='bbox 919 4622 1342 4694; x_wconf 85' lang='lat' dir='ltr'><strong>cogitationibus</strong></span> <span class='ocrx_word' id='word_1_726' title='bbox 1371 4619 1748 4675; x_wconf 85' lang='lat' dir='ltr'><strong>accusantibus</strong></span> <span class='ocrx_word' id='word_1_727' title='bbox 1771 4659 1787 4686; x_wconf 93' lang='lat'><strong>,</strong></span> <span class='ocrx_word' id='word_1_728' title='bbox 1819 4625 1908 4672; x_wconf 90' lang='lat' dir='ltr'><strong>aut</strong></span> 
     </span>
    </p>
   </div>
   <div class='ocr_carea' id='block_1_93' title="bbox 2014 4615 3610 4694">
    <p class='ocr_par' dir='ltr' id='par_1_93' title="bbox 2016 4615 3610 4694">
     <span class='ocr_line' id='line_1_93' title="bbox 2016 4615 3610 4694; baseline -0.008 -10"><span class='ocrx_word' id='word_1_729' title='bbox 2016 4639 2171 4694; x_wconf 90' lang='lat' dir='ltr'><strong>runt;</strong></span> <span class='ocrx_word' id='word_1_730' title='bbox 2201 4642 2305 4682; x_wconf 91' lang='lat' dir='ltr'><strong>non</strong></span> <span class='ocrx_word' id='word_1_731' title='bbox 2334 4633 2419 4681; x_wconf 90' lang='lat' dir='ltr'><strong>est</strong></span> <span class='ocrx_word' id='word_1_732' title='bbox 2441 4625 2600 4679; x_wconf 91' lang='lat' dir='ltr'><strong>timor</strong></span> <span class='ocrx_word' id='word_1_733' title='bbox 2630 4621 2727 4676; x_wconf 91' lang='lat' dir='ltr'><strong>Dei</strong></span> <span class='ocrx_word' id='word_1_734' title='bbox 2750 4629 2879 4674; x_wconf 92' lang='lat' dir='ltr'><strong>ante</strong></span> <span class='ocrx_word' id='word_1_735' title='bbox 2905 4617 3096 4672; x_wconf 91' lang='lat' dir='ltr'><strong>oculos</strong></span> <span class='ocrx_word' id='word_1_736' title='bbox 3125 4631 3340 4671; x_wconf 91' lang='lat' dir='ltr'><strong>eorum.</strong></span> <span class='ocrx_word' id='word_1_737' title='bbox 3393 4615 3610 4672; x_wconf 87' lang='lat' dir='ltr'><strong>Scimus</strong></span> 
     </span>
    </p>
   </div>
   <div class='ocr_carea' id='block_1_94' title="bbox 307 4714 1908 4784">
    <p class='ocr_par' dir='ltr' id='par_1_94' title="bbox 307 4714 1908 4784">
     <span class='ocr_line' id='line_1_94' title="bbox 307 4714 1908 4784; baseline -0.006 -8"><span class='ocrx_word' id='word_1_738' title='bbox 307 4721 473 4776; x_wconf 90' lang='lat' dir='ltr'><strong>etiam</strong></span> <span class='ocrx_word' id='word_1_739' title='bbox 516 4718 932 4774; x_wconf 87' lang='lat' dir='ltr'><strong>defendentibus</strong></span> <span class='ocrx_word' id='word_1_740' title='bbox 959 4761 972 4783; x_wconf 90' lang='lat'><strong>,</strong></span> <span class='ocrx_word' id='word_1_741' title='bbox 1017 4717 1070 4772; x_wconf 91' lang='lat' dir='ltr'><strong>in</strong></span> <span class='ocrx_word' id='word_1_742' title='bbox 1109 4717 1234 4784; x_wconf 90' lang='lat' dir='ltr'><strong>die,</strong></span> <span class='ocrx_word' id='word_1_743' title='bbox 1289 4731 1413 4771; x_wconf 89' lang='lat' dir='ltr'><strong>cum</strong></span> <span class='ocrx_word' id='word_1_744' title='bbox 1451 4714 1720 4783; x_wconf 87' lang='lat' dir='ltr'><strong>judicabit</strong></span> <span class='ocrx_word' id='word_1_745' title='bbox 1767 4715 1908 4769; x_wconf 87' lang='lat' dir='ltr'><strong>Deus</strong></span> 
     </span>
    </p>
   </div>
   <div class='ocr_carea' id='block_1_95' title="bbox 305 4808 1909 4879">
    <p class='ocr_par' dir='ltr' id='par_1_95' title="bbox 305 4808 1909 4879">
     <span class='ocr_line' id='line_1_95' title="bbox 305 4808 1909 4879; baseline -0.005 -10"><span class='ocrx_word' id='word_1_746' title='bbox 305 4813 519 4869; x_wconf 88' lang='lat' dir='ltr'><strong>occulta</strong></span> <span class='ocrx_word' id='word_1_747' title='bbox 544 4812 846 4876; x_wconf 83' lang='lat' dir='ltr'><strong>hominum,</strong></span> <span class='ocrx_word' id='word_1_748' title='bbox 877 4810 1175 4866; x_wconf 84' lang='lat' dir='ltr'><strong>secundum</strong></span> <span class='ocrx_word' id='word_1_749' title='bbox 1204 4808 1548 4879; x_wconf 86' lang='lat' dir='ltr'><strong>Evangelium</strong></span> <span class='ocrx_word' id='word_1_750' title='bbox 1575 4822 1775 4872; x_wconf 88' lang='lat' dir='ltr'><strong>meum,</strong></span> <span class='ocrx_word' id='word_1_751' title='bbox 1812 4821 1909 4876; x_wconf 87' lang='lat' dir='ltr'><strong>per</strong></span> 
     </span>
    </p>
   </div>
   <div class='ocr_carea' id='block_1_96' title="bbox 305 4897 1902 4969">
    <p class='ocr_par' dir='ltr' id='par_1_96' title="bbox 305 4897 1902 4969">
     <span class='ocr_line' id='line_1_96' title="bbox 305 4897 1902 4969; baseline -0.008 -3"><span class='ocrx_word' id='word_1_752' title='bbox 305 4909 493 4966; x_wconf 84' lang='lat' dir='ltr'><strong>Jesum</strong></span> <span class='ocrx_word' id='word_1_753' title='bbox 520 4905 816 4960; x_wconf 89' lang='lat' dir='ltr'><strong>Christum.</strong></span> <span class='ocrx_word' id='word_1_754' title='bbox 850 4903 909 4959; x_wconf 90' lang='lat' dir='ltr'><strong>Si</strong></span> <span class='ocrx_word' id='word_1_755' title='bbox 939 4915 1118 4959; x_wconf 90' lang='lat' dir='ltr'><strong>autem</strong></span> <span class='ocrx_word' id='word_1_756' title='bbox 1155 4913 1207 4956; x_wconf 87' lang='grc' dir='ltr'><strong>ιιι</strong></span> <span class='ocrx_word' id='word_1_757' title='bbox 1236 4901 1458 4957; x_wconf 82' lang='lat' dir='ltr'><strong>.iuda-us</strong></span> <span class='ocrx_word' id='word_1_758' title='bbox 1481 4897 1902 4969; x_wconf 70' lang='lat' dir='ltr'><strong>cognominat-is,</strong></span> 
     </span>
    </p>
   </div>
   <div class='ocr_carea' id='block_1_97' title="bbox 306 4992 1904 5069">
    <p class='ocr_par' dir='ltr' id='par_1_97' title="bbox 306 4992 1904 5069">
     <span class='ocr_line' id='line_1_97' title="bbox 306 4992 1904 5069; baseline -0.006 -14"><span class='ocrx_word' id='word_1_759' title='bbox 306 5009 362 5055; x_wconf 90' lang='lat' dir='ltr'><strong>et</strong></span> <span class='ocrx_word' id='word_1_760' title='bbox 393 4997 691 5069; x_wconf 87' lang='lat' dir='ltr'><strong>requiescis</strong></span> <span class='ocrx_word' id='word_1_761' title='bbox 722 4998 774 5052; x_wconf 92' lang='lat' dir='ltr'><strong>in</strong></span> <span class='ocrx_word' id='word_1_762' title='bbox 808 4997 927 5067; x_wconf 88' lang='lat' dir='ltr'><strong>lege</strong></span> <span class='ocrx_word' id='word_1_763' title='bbox 952 5037 966 5062; x_wconf 92' lang='lat'><strong>,</strong></span> <span class='ocrx_word' id='word_1_764' title='bbox 1012 5006 1066 5050; x_wconf 91' lang='lat' dir='ltr'><strong>et</strong></span> <span class='ocrx_word' id='word_1_765' title='bbox 1100 4993 1351 5066; x_wconf 86' lang='lat' dir='ltr'><strong>gloriaris</strong></span> <span class='ocrx_word' id='word_1_766' title='bbox 1391 4995 1444 5050; x_wconf 92' lang='lat' dir='ltr'><strong>in</strong></span> <span class='ocrx_word' id='word_1_767' title='bbox 1487 4993 1597 5048; x_wconf 91' lang='lat' dir='ltr'><strong>Deo</strong></span> <span class='ocrx_word' id='word_1_768' title='bbox 1619 5034 1633 5060; x_wconf 90' lang='lat'><strong>,</strong></span> <span class='ocrx_word' id='word_1_769' title='bbox 1677 5001 1732 5047; x_wconf 90' lang='lat' dir='ltr'><strong>et</strong></span> <span class='ocrx_word' id='word_1_770' title='bbox 1759 4992 1904 5047; x_wconf 90' lang='lat' dir='ltr'><strong>nosti</strong></span> 
     </span>
    </p>
   </div>
   <div class='ocr_carea' id='block_1_98' title="bbox 307 5088 1908 5160">
    <p class='ocr_par' dir='ltr' id='par_1_98' title="bbox 307 5088 1908 5160">
     <span class='ocr_line' id='line_1_98' title="bbox 307 5088 1908 5160; baseline -0.004 -14"><span class='ocrx_word' id='word_1_771' title='bbox 307 5092 646 5148; x_wconf 84' lang='lat' dir='ltr'><strong>voluntatem</strong></span> <span class='ocrx_word' id='word_1_772' title='bbox 679 5091 796 5160; x_wconf 89' lang='lat' dir='ltr'><strong>ejus</strong></span> <span class='ocrx_word' id='word_1_773' title='bbox 824 5131 839 5158; x_wconf 89' lang='lat'><strong>,</strong></span> <span class='ocrx_word' id='word_1_774' title='bbox 867 5097 923 5145; x_wconf 89' lang='lat' dir='ltr'><strong>et</strong></span> <span class='ocrx_word' id='word_1_775' title='bbox 954 5089 1151 5159; x_wconf 87' lang='lat' dir='ltr'><strong>probas</strong></span> <span class='ocrx_word' id='word_1_776' title='bbox 1193 5088 1440 5154; x_wconf 90' lang='lat' dir='ltr'><strong>meliora,</strong></span> <span class='ocrx_word' id='word_1_777' title='bbox 1485 5088 1780 5142; x_wconf 82' lang='lat' dir='ltr'><strong>instructus</strong></span> <span class='ocrx_word' id='word_1_778' title='bbox 1813 5099 1908 5156; x_wconf 88' lang='lat' dir='ltr'><strong>per</strong></span> 
     </span>
    </p>
   </div>
   <div class='ocr_carea' id='block_1_99' title="bbox 306 5184 1901 5258">
    <p class='ocr_par' dir='ltr' id='par_1_99' title="bbox 306 5184 1901 5258">
     <span class='ocr_line' id='line_1_99' title="bbox 306 5184 1901 5258; baseline -0.002 -15"><span class='ocrx_word' id='word_1_779' title='bbox 306 5188 506 5258; x_wconf 87' lang='lat' dir='ltr'><strong>legem,</strong></span> <span class='ocrx_word' id='word_1_780' title='bbox 535 5186 764 5242; x_wconf 86' lang='lat' dir='ltr'><strong>confidis</strong></span> <span class='ocrx_word' id='word_1_781' title='bbox 793 5185 1024 5257; x_wconf 83' lang='lat' dir='ltr'><strong>teipsum</strong></span> <span class='ocrx_word' id='word_1_782' title='bbox 1045 5201 1166 5242; x_wconf 89' lang='lat' dir='ltr'><strong>esse</strong></span> <span class='ocrx_word' id='word_1_783' title='bbox 1185 5185 1378 5242; x_wconf 86' lang='lat' dir='ltr'><strong>ducem</strong></span> <span class='ocrx_word' id='word_1_784' title='bbox 1401 5199 1693 5252; x_wconf 69' lang='lat' dir='ltr'><strong>cmcorum,</strong></span> <span class='ocrx_word' id='word_1_785' title='bbox 1719 5184 1901 5240; x_wconf 91' lang='lat' dir='ltr'><strong>lumen</strong></span> 
     </span>
    </p>
   </div>
   <div class='ocr_carea' id='block_1_100' title="bbox 306 5279 1901 5351">
    <p class='ocr_par' dir='ltr' id='par_1_100' title="bbox 306 5279 1901 5351">
     <span class='ocr_line' id='line_1_100' title="bbox 306 5279 1901 5351; baseline -0.003 -12"><span class='ocrx_word' id='word_1_786' title='bbox 306 5296 496 5339; x_wconf 90' lang='lat' dir='ltr'><strong>eorum</strong></span> <span class='ocrx_word' id='word_1_787' title='bbox 521 5281 686 5351; x_wconf 91' lang='lat' dir='ltr'><strong>quiin</strong></span> <span class='ocrx_word' id='word_1_788' title='bbox 714 5281 949 5336; x_wconf 89' lang='lat' dir='ltr'><strong>tenebris</strong></span> <span class='ocrx_word' id='word_1_789' title='bbox 971 5290 1120 5348; x_wconf 90' lang='lat' dir='ltr'><strong>sunt,</strong></span> <span class='ocrx_word' id='word_1_790' title='bbox 1151 5279 1480 5338; x_wconf 89' lang='lat' dir='ltr'><strong>eruditorem</strong></span> <span class='ocrx_word' id='word_1_791' title='bbox 1509 5279 1901 5349; x_wconf 89' lang='lat' dir='ltr'><strong>insipientium,</strong></span> 
     </span>
    </p>
   </div>
   <div class='ocr_carea' id='block_1_101' title="bbox 306 5375 1914 5451">
    <p class='ocr_par' dir='ltr' id='par_1_101' title="bbox 306 5375 1914 5451">
     <span class='ocr_line' id='line_1_101' title="bbox 306 5375 1914 5451; baseline -0.003 -17"><span class='ocrx_word' id='word_1_792' title='bbox 306 5380 628 5451; x_wconf 89' lang='lat' dir='ltr'><strong>magistrum</strong></span> <span class='ocrx_word' id='word_1_793' title='bbox 660 5377 973 5446; x_wconf 89' lang='lat' dir='ltr'><strong>infantium,</strong></span> <span class='ocrx_word' id='word_1_794' title='bbox 1008 5378 1296 5435; x_wconf 90' lang='lat' dir='ltr'><strong>habentem</strong></span> <span class='ocrx_word' id='word_1_795' title='bbox 1329 5375 1563 5432; x_wconf 87' lang='lat' dir='ltr'><strong>formant</strong></span> <span class='ocrx_word' id='word_1_796' title='bbox 1587 5376 1832 5433; x_wconf 71' lang='lat' dir='ltr'><strong>scientia:</strong></span> <span class='ocrx_word' id='word_1_797' title='bbox 1858 5385 1914 5430; x_wconf 92' lang='lat' dir='ltr'><strong>ct</strong></span> 
     </span>
    </p>
   </div>
   <div class='ocr_carea' id='block_1_102' title="bbox 380 5559 1895 5631">
    <p class='ocr_par' dir='ltr' id='par_1_102' title="bbox 380 5559 1895 5631">
     <span class='ocr_line' id='line_1_102' title="bbox 380 5559 1895 5631; baseline -0.003 -13"><span class='ocrx_word' id='word_1_798' title='bbox 380 5573 406 5602; x_wconf 68' lang='grc' dir='ltr'><strong>ι</strong></span> <span class='ocrx_word' id='word_1_799' title='bbox 447 5563 506 5618; x_wconf 85' lang='lat' dir='ltr'><strong>In</strong></span> <span class='ocrx_word' id='word_1_800' title='bbox 535 5562 771 5618; x_wconf 89' lang='lat' dir='ltr'><strong>Palatin.</strong></span> <span class='ocrx_word' id='word_1_801' title='bbox 815 5575 920 5617; x_wconf 89' lang='lat' dir='ltr'><strong>ms.</strong></span> <span class='ocrx_word' id='word_1_802' title='bbox 956 5561 1302 5617; x_wconf 91' lang='lat' dir='ltr'><strong>contentiose</strong></span> <span class='ocrx_word' id='word_1_803' title='bbox 1344 5559 1517 5631; x_wconf 87' lang='lat' dir='ltr'><strong>magis</strong></span> <span class='ocrx_word' id='word_1_804' title='bbox 1545 5561 1610 5616; x_wconf 90' lang='lat' dir='ltr'><strong>ad</strong></span> <span class='ocrx_word' id='word_1_805' title='bbox 1642 5560 1895 5616; x_wconf 68' lang='lat' dir='ltr'><strong>Graecum</strong></span> 
     </span>
    </p>
   </div>
   <div class='ocr_carea' id='block_1_103' title="bbox 307 5634 1896 5707">
    <p class='ocr_par' dir='ltr' id='par_1_103' title="bbox 307 5634 1896 5707">
     <span class='ocr_line' id='line_1_103' title="bbox 307 5634 1896 5707; baseline -0.005 -14"><span class='ocrx_word' id='word_1_806' title='bbox 307 5645 522 5693; x_wconf 77' lang='lat' dir='ltr'><strong>textum</strong></span> <span class='ocrx_word' id='word_1_807' title='bbox 549 5677 563 5700; x_wconf 94' lang='lat'><strong>,</strong></span> <span class='ocrx_word' id='word_1_808' title='bbox 601 5634 736 5689; x_wconf 82' lang='lat' dir='ltr'><strong>inter</strong></span> <span class='ocrx_word' id='word_1_809' title='bbox 766 5650 820 5707; x_wconf 84' lang='lat' dir='ltr'><strong>se</strong></span> <span class='ocrx_word' id='word_1_810' title='bbox 857 5635 1074 5707; x_wconf 75' lang='lat' dir='ltr'><strong>invicem</strong></span> <span class='ocrx_word' id='word_1_811' title='bbox 1100 5635 1470 5707; x_wconf 79' lang='lat' dir='ltr'><strong>cogitationum</strong></span> <span class='ocrx_word' id='word_1_812' title='bbox 1501 5634 1854 5688; x_wconf 79' lang='lat' dir='ltr'><strong>accusantium</strong></span> <span class='ocrx_word' id='word_1_813' title='bbox 1880 5672 1896 5701; x_wconf 91' lang='lat'><strong>,</strong></span> 
     </span>
    </p>
   </div>
   <div class='ocr_carea' id='block_1_104' title="bbox 305 5705 1368 5777">
    <p class='ocr_par' dir='ltr' id='par_1_104' title="bbox 305 5705 1368 5777">
     <span class='ocr_line' id='line_1_104' title="bbox 305 5705 1368 5777; baseline -0.003 -14"><span class='ocrx_word' id='word_1_814' title='bbox 305 5720 398 5764; x_wconf 90' lang='lat' dir='ltr'><strong>aut</strong></span> <span class='ocrx_word' id='word_1_815' title='bbox 425 5709 582 5762; x_wconf 83' lang='lat' dir='ltr'><strong>etiam</strong></span> <span class='ocrx_word' id='word_1_816' title='bbox 609 5705 1014 5777; x_wconf 79' lang='lat' dir='ltr'><strong>defendentium,</strong></span> <span class='ocrx_word' id='word_1_817' title='bbox 1047 5707 1099 5759; x_wconf 86' lang='lat' dir='ltr'><strong>iu</strong></span> <span class='ocrx_word' id='word_1_818' title='bbox 1130 5705 1234 5773; x_wconf 80' lang='lat' dir='ltr'><strong>die,</strong></span> <span class='ocrx_word' id='word_1_819' title='bbox 1266 5716 1368 5762; x_wconf 90' lang='lat' dir='ltr'><strong>etc.</strong></span> 
     </span>
    </p>
   </div>
   <div class='ocr_carea' id='block_1_105' title="bbox 378 5777 1903 5849">
    <p class='ocr_par' dir='ltr' id='par_1_105' title="bbox 378 5777 1903 5849">
     <span class='ocr_line' id='line_1_105' title="bbox 378 5777 1903 5849; baseline -0.001 -13"><span class='ocrx_word' id='word_1_820' title='bbox 378 5781 406 5820; x_wconf 70' lang='grc' dir='ltr'>δ</span> <span class='ocrx_word' id='word_1_821' title='bbox 447 5779 590 5836; x_wconf 80' lang='lat' dir='ltr'><strong>Idem</strong></span> <span class='ocrx_word' id='word_1_822' title='bbox 613 5793 742 5841; x_wconf 84' lang='lat' dir='ltr'><strong>ms.,</strong></span> <span class='ocrx_word' id='word_1_823' title='bbox 773 5778 1056 5845; x_wconf 78' lang='lat' dir='ltr'><strong>custodias,</strong></span> <span class='ocrx_word' id='word_1_824' title='bbox 1081 5793 1178 5849; x_wconf 90' lang='lat' dir='ltr'><strong>pro</strong></span> <span class='ocrx_word' id='word_1_825' title='bbox 1201 5778 1475 5832; x_wconf 73' lang='lat' dir='ltr'><strong>observes:</strong></span> <span class='ocrx_word' id='word_1_826' title='bbox 1503 5777 1557 5833; x_wconf 91' lang='lat' dir='ltr'><strong>in</strong></span> <span class='ocrx_word' id='word_1_827' title='bbox 1579 5777 1780 5835; x_wconf 71' lang='lat' dir='ltr'><strong>Grmcis</strong></span> <span class='ocrx_word' id='word_1_828' title='bbox 1805 5777 1903 5834; x_wconf 81' lang='lat' dir='ltr'><strong>ali-</strong></span> 
     </span>
    </p>
   </div>
   <div class='ocr_carea' id='block_1_106' title="bbox 307 5850 1554 5929">
    <p class='ocr_par' dir='ltr' id='par_1_106' title="bbox 307 5850 1554 5929">
     <span class='ocr_line' id='line_1_106' title="bbox 307 5850 1554 5929; baseline -0.002 -20"><span class='ocrx_word' id='word_1_829' title='bbox 307 5864 440 5926; x_wconf 90' lang='lat' dir='ltr'><strong>quot</strong></span> <span class='ocrx_word' id='word_1_830' title='bbox 472 5851 625 5910; x_wconf 89' lang='lat' dir='ltr'><strong>libris</strong></span> <span class='ocrx_word' id='word_1_831' title='bbox 649 5850 910 5924; x_wconf 70' lang='grc' dir='ltr'><strong>φυλάσσῃς</strong></span> <span class='ocrx_word' id='word_1_832' title='bbox 942 5865 1039 5922; x_wconf 87' lang='lat' dir='ltr'><strong>pro</strong></span> <span class='ocrx_word' id='word_1_833' title='bbox 1067 5853 1310 5929; x_wconf 67' lang='grc' dir='ltr'><strong>πράσσῃς</strong></span> <span class='ocrx_word' id='word_1_834' title='bbox 1338 5850 1554 5922; x_wconf 87' lang='lat' dir='ltr'><strong>legitur.</strong></span> 
     </span>
    </p>
   </div>
   <div class='ocr_carea' id='block_1_107' title="bbox 2014 4709 3609 4788">
    <p class='ocr_par' dir='ltr' id='par_1_107' title="bbox 2014 4709 3609 4788">
     <span class='ocr_line' id='line_1_107' title="bbox 2014 4709 3609 4788; baseline -0.009 -11"><span class='ocrx_word' id='word_1_835' title='bbox 2014 4732 2196 4776; x_wconf 89' lang='lat' dir='ltr'><strong>autem</strong></span> <span class='ocrx_word' id='word_1_836' title='bbox 2223 4718 2474 4788; x_wconf 89' lang='lat' dir='ltr'><strong>quoniam</strong></span> <span class='ocrx_word' id='word_1_837' title='bbox 2516 4725 2870 4786; x_wconf 66' lang='lat' dir='ltr'><strong>quaecumque</strong></span> <span class='ocrx_word' id='word_1_838' title='bbox 2897 4710 2982 4766; x_wconf 69' lang='lat' dir='ltr'><strong>lex</strong></span> <span class='ocrx_word' id='word_1_839' title='bbox 3020 4709 3278 4779; x_wconf 86' lang='lat' dir='ltr'><strong>loquitur,</strong></span> <span class='ocrx_word' id='word_1_840' title='bbox 3313 4709 3378 4764; x_wconf 90' lang='lat' dir='ltr'><strong>iis</strong></span> <span class='ocrx_word' id='word_1_841' title='bbox 3407 4725 3526 4779; x_wconf 63' lang='lat' dir='ltr'><strong>quas</strong></span> <span class='ocrx_word' id='word_1_842' title='bbox 3555 4710 3609 4764; x_wconf 91' lang='lat' dir='ltr'><strong>in</strong></span> 
     </span>
    </p>
   </div>
   <div class='ocr_carea' id='block_1_108' title="bbox 2014 4802 3610 4884">
    <p class='ocr_par' dir='ltr' id='par_1_108' title="bbox 2014 4802 3610 4884">
     <span class='ocr_line' id='line_1_108' title="bbox 2014 4802 3610 4884; baseline -0.01 -13"><span class='ocrx_word' id='word_1_843' title='bbox 2014 4816 2132 4884; x_wconf 83' lang='lat' dir='ltr'><strong>lege</strong></span> <span class='ocrx_word' id='word_1_844' title='bbox 2161 4820 2288 4867; x_wconf 88' lang='lat' dir='ltr'><strong>sunt</strong></span> <span class='ocrx_word' id='word_1_845' title='bbox 2319 4809 2560 4878; x_wconf 86' lang='lat' dir='ltr'><strong>loquitur</strong></span> <span class='ocrx_word' id='word_1_846' title='bbox 2593 4825 2605 4860; x_wconf 90' lang='lat'><strong>:</strong></span> <span class='ocrx_word' id='word_1_847' title='bbox 2641 4815 2697 4860; x_wconf 93' lang='lat' dir='ltr'><strong>ut</strong></span> <span class='ocrx_word' id='word_1_848' title='bbox 2726 4820 2890 4860; x_wconf 89' lang='lat' dir='ltr'><strong>omne</strong></span> <span class='ocrx_word' id='word_1_849' title='bbox 2919 4817 2982 4858; x_wconf 93' lang='lat' dir='ltr'><strong>os</strong></span> <span class='ocrx_word' id='word_1_850' title='bbox 3021 4803 3365 4870; x_wconf 81' lang='lat' dir='ltr'><strong>obstruatur,</strong></span> <span class='ocrx_word' id='word_1_851' title='bbox 3398 4811 3452 4856; x_wconf 89' lang='lat' dir='ltr'><strong>et</strong></span> <span class='ocrx_word' id='word_1_852' title='bbox 3480 4802 3610 4855; x_wconf 76' lang='lat' dir='ltr'><strong>sub-</strong></span> 
     </span>
    </p>
   </div>
   <div class='ocr_carea' id='block_1_109' title="bbox 2009 4895 3610 4968">
    <p class='ocr_par' dir='ltr' id='par_1_109' title="bbox 2009 4895 3610 4968">
     <span class='ocr_line' id='line_1_109' title="bbox 2009 4895 3610 4968; baseline -0.008 -6"><span class='ocrx_word' id='word_1_853' title='bbox 2009 4906 2154 4963; x_wconf 89' lang='lat' dir='ltr'><strong>ditus</strong></span> <span class='ocrx_word' id='word_1_854' title='bbox 2181 4906 2269 4959; x_wconf 86' lang='lat' dir='ltr'><strong>fiat</strong></span> <span class='ocrx_word' id='word_1_855' title='bbox 2299 4902 2478 4958; x_wconf 89' lang='lat' dir='ltr'><strong>omnis</strong></span> <span class='ocrx_word' id='word_1_856' title='bbox 2503 4901 2731 4956; x_wconf 88' lang='lat' dir='ltr'><strong>mundus</strong></span> <span class='ocrx_word' id='word_1_857' title='bbox 2753 4898 2868 4953; x_wconf 78' lang='lat' dir='ltr'><strong>Deo</strong></span> <span class='ocrx_word' id='word_1_858' title='bbox 2895 4918 2905 4953; x_wconf 93' lang='lat'>:</span> <span class='ocrx_word' id='word_1_859' title='bbox 2936 4896 3062 4968; x_wconf 88' lang='lat' dir='ltr'><strong>quia</strong></span> <span class='ocrx_word' id='word_1_860' title='bbox 3094 4912 3160 4952; x_wconf 77' lang='lat' dir='ltr'><strong>ex</strong></span> <span class='ocrx_word' id='word_1_861' title='bbox 3188 4895 3443 4966; x_wconf 88' lang='lat' dir='ltr'><strong>operibus</strong></span> <span class='ocrx_word' id='word_1_862' title='bbox 3477 4895 3610 4965; x_wconf 89' lang='lat' dir='ltr'><strong>legis</strong></span> 
     </span>
    </p>
   </div>
   <div class='ocr_carea' id='block_1_110' title="bbox 2015 4990 3610 5069">
    <p class='ocr_par' dir='ltr' id='par_1_110' title="bbox 2015 4990 3610 5069">
     <span class='ocr_line' id='line_1_110' title="bbox 2015 4990 3610 5069; baseline -0.006 -14"><span class='ocrx_word' id='word_1_863' title='bbox 2015 5016 2122 5055; x_wconf 91' lang='lat' dir='ltr'><strong>non</strong></span> <span class='ocrx_word' id='word_1_864' title='bbox 2149 4997 2533 5069; x_wconf 89' lang='lat' dir='ltr'><strong>justificabitur</strong></span> <span class='ocrx_word' id='word_1_865' title='bbox 2563 4994 2742 5049; x_wconf 81' lang='lat' dir='ltr'><strong>munis</strong></span> <span class='ocrx_word' id='word_1_866' title='bbox 2772 5007 2900 5047; x_wconf 86' lang='lat' dir='ltr'><strong>caro</strong></span> <span class='ocrx_word' id='word_1_867' title='bbox 2932 5006 3112 5047; x_wconf 88' lang='lat' dir='ltr'><strong>coram</strong></span> <span class='ocrx_word' id='word_1_868' title='bbox 3148 4990 3261 5045; x_wconf 92' lang='lat' dir='ltr'><strong>illo.</strong></span> <span class='ocrx_word' id='word_1_869' title='bbox 3289 4990 3394 5045; x_wconf 84' lang='lat' dir='ltr'><strong>Per</strong></span> <span class='ocrx_word' id='word_1_870' title='bbox 3436 4993 3610 5060; x_wconf 82' lang='lat' dir='ltr'><strong>legem</strong></span> 
     </span>
    </p>
   </div>
   <div class='ocr_carea' id='block_1_111' title="bbox 2017 5084 3606 5164">
    <p class='ocr_par' dir='ltr' id='par_1_111' title="bbox 2017 5084 3606 5164">
     <span class='ocr_line' id='line_1_111' title="bbox 2017 5084 3606 5164; baseline -0.008 -14"><span class='ocrx_word' id='word_1_871' title='bbox 2017 5095 2160 5152; x_wconf 89' lang='lat' dir='ltr'><strong>enim</strong></span> <span class='ocrx_word' id='word_1_872' title='bbox 2194 5093 2431 5164; x_wconf 87' lang='lat' dir='ltr'><strong>cognitio</strong></span> <span class='ocrx_word' id='word_1_873' title='bbox 2461 5089 2686 5162; x_wconf 88' lang='lat' dir='ltr'><strong>peccati.</strong></span> <span class='ocrx_word' id='word_1_874' title='bbox 2722 5087 2873 5142; x_wconf 78' lang='lat' dir='ltr'><strong>Nunc</strong></span> <span class='ocrx_word' id='word_1_875' title='bbox 2902 5095 3080 5140; x_wconf 88' lang='lat' dir='ltr'><strong>autem</strong></span> <span class='ocrx_word' id='word_1_876' title='bbox 3109 5085 3226 5138; x_wconf 74' lang='lat' dir='ltr'><strong>sine</strong></span> <span class='ocrx_word' id='word_1_877' title='bbox 3258 5086 3373 5154; x_wconf 88' lang='lat' dir='ltr'><strong>lege</strong></span> <span class='ocrx_word' id='word_1_878' title='bbox 3398 5084 3606 5153; x_wconf 91' lang='lat' dir='ltr'><strong>justitia</strong></span> 
     </span>
    </p>
   </div>
   <div class='ocr_carea' id='block_1_112' title="bbox 2020 5177 3606 5248">
    <p class='ocr_par' dir='ltr' id='par_1_112' title="bbox 2020 5177 3606 5248">
     <span class='ocr_line' id='line_1_112' title="bbox 2020 5177 3606 5248; baseline -0.006 -5"><span class='ocrx_word' id='word_1_879' title='bbox 2020 5187 2119 5244; x_wconf 91' lang='lat' dir='ltr'><strong>Dei</strong></span> <span class='ocrx_word' id='word_1_880' title='bbox 2170 5185 2510 5242; x_wconf 87' lang='lat' dir='ltr'><strong>manifestata</strong></span> <span class='ocrx_word' id='word_1_881' title='bbox 2551 5191 2658 5247; x_wconf 89' lang='lat' dir='ltr'><strong>est,</strong></span> <span class='ocrx_word' id='word_1_882' title='bbox 2704 5179 2990 5236; x_wconf 86' lang='lat' dir='ltr'><strong>testificata</strong></span> <span class='ocrx_word' id='word_1_883' title='bbox 3019 5193 3047 5231; x_wconf 90' lang='lat' dir='ltr'><strong>a</strong></span> <span class='ocrx_word' id='word_1_884' title='bbox 3078 5177 3196 5247; x_wconf 66' lang='lat' dir='ltr'><strong>lt-gc</strong></span> <span class='ocrx_word' id='word_1_885' title='bbox 3223 5185 3278 5232; x_wconf 88' lang='lat' dir='ltr'><strong>et</strong></span> <span class='ocrx_word' id='word_1_886' title='bbox 3305 5177 3606 5248; x_wconf 83' lang='lat' dir='ltr'><strong>prephetis.</strong></span> 
     </span>
    </p>
   </div>
   <div class='ocr_carea' id='block_1_113' title="bbox 2014 5267 3610 5344">
    <p class='ocr_par' dir='ltr' id='par_1_113' title="bbox 2014 5267 3610 5344">
     <span class='ocr_line' id='line_1_113' title="bbox 2014 5267 3610 5344; baseline -0.008 -9"><span class='ocrx_word' id='word_1_887' title='bbox 2014 5278 2227 5335; x_wconf 82' lang='lat' dir='ltr'><strong>Justilia</strong></span> <span class='ocrx_word' id='word_1_888' title='bbox 2261 5286 2443 5332; x_wconf 88' lang='lat' dir='ltr'><strong>autem</strong></span> <span class='ocrx_word' id='word_1_889' title='bbox 2469 5276 2566 5330; x_wconf 89' lang='lat' dir='ltr'><strong>Dei</strong></span> <span class='ocrx_word' id='word_1_890' title='bbox 2601 5289 2698 5344; x_wconf 88' lang='lat' dir='ltr'><strong>per</strong></span> <span class='ocrx_word' id='word_1_891' title='bbox 2725 5271 2886 5326; x_wconf 84' lang='lat' dir='ltr'><strong>fidem</strong></span> <span class='ocrx_word' id='word_1_892' title='bbox 2909 5269 3038 5326; x_wconf 84' lang='lat' dir='ltr'><strong>.Iesu</strong></span> <span class='ocrx_word' id='word_1_893' title='bbox 3060 5267 3285 5332; x_wconf 84' lang='lat' dir='ltr'><strong>Christi,</strong></span> <span class='ocrx_word' id='word_1_894' title='bbox 3313 5268 3364 5322; x_wconf 89' lang='lat' dir='ltr'><strong>in</strong></span> <span class='ocrx_word' id='word_1_895' title='bbox 3395 5283 3610 5339; x_wconf 88' lang='lat' dir='ltr'><strong>omnes,</strong></span> 
     </span>
    </p>
   </div>
   <div class='ocr_carea' id='block_1_114' title="bbox 2014 5362 3613 5445">
    <p class='ocr_par' dir='ltr' id='par_1_114' title="bbox 2014 5362 3613 5445">
     <span class='ocr_line' id='line_1_114' title="bbox 2014 5362 3613 5445; baseline -0.006 -14"><span class='ocrx_word' id='word_1_896' title='bbox 2014 5383 2066 5431; x_wconf 92' lang='lat' dir='ltr'><strong>et</strong></span> <span class='ocrx_word' id='word_1_897' title='bbox 2099 5387 2261 5445; x_wconf 90' lang='lat' dir='ltr'><strong>super</strong></span> <span class='ocrx_word' id='word_1_898' title='bbox 2291 5384 2483 5426; x_wconf 91' lang='lat' dir='ltr'><strong>omnes</strong></span> <span class='ocrx_word' id='word_1_899' title='bbox 2520 5369 2610 5440; x_wconf 90' lang='lat' dir='ltr'><strong>qui</strong></span> <span class='ocrx_word' id='word_1_900' title='bbox 2657 5367 2884 5423; x_wconf 89' lang='lat' dir='ltr'><strong>credunt</strong></span> <span class='ocrx_word' id='word_1_901' title='bbox 2917 5365 2968 5419; x_wconf 89' lang='lat' dir='ltr'><strong>in</strong></span> <span class='ocrx_word' id='word_1_902' title='bbox 2999 5378 3158 5429; x_wconf 88' lang='lat' dir='ltr'><strong>eum;</strong></span> <span class='ocrx_word' id='word_1_903' title='bbox 3215 5376 3321 5418; x_wconf 92' lang='lat' dir='ltr'><strong>non</strong></span> <span class='ocrx_word' id='word_1_904' title='bbox 3353 5362 3497 5419; x_wconf 91' lang='lat' dir='ltr'><strong>enim</strong></span> <span class='ocrx_word' id='word_1_905' title='bbox 3530 5375 3613 5421; x_wconf 89' lang='lat' dir='ltr'><strong>est</strong></span> 
     </span>
    </p>
   </div>
   <div class='ocr_carea' id='block_1_115' title="bbox 2084 5554 3610 5626">
    <p class='ocr_par' dir='ltr' id='par_1_115' title="bbox 2084 5554 3610 5626">
     <span class='ocr_line' id='line_1_115' title="bbox 2084 5554 3610 5626; baseline -0.001 -13"><span class='ocrx_word' id='word_1_906' title='bbox 2084 5568 2106 5598; x_wconf 77' lang='grc' dir='ltr'><strong>ο</strong></span> <span class='ocrx_word' id='word_1_907' title='bbox 2148 5557 2368 5613; x_wconf 80' lang='lat' dir='ltr'><strong>Rectius</strong></span> <span class='ocrx_word' id='word_1_908' title='bbox 2425 5555 2617 5611; x_wconf 90' lang='lat' dir='ltr'><strong>saltem</strong></span> <span class='ocrx_word' id='word_1_909' title='bbox 2675 5555 2740 5610; x_wconf 90' lang='lat' dir='ltr'><strong>ad</strong></span> <span class='ocrx_word' id='word_1_910' title='bbox 2793 5554 3040 5611; x_wconf 68' lang='lat' dir='ltr'><strong>Gratcum</strong></span> <span class='ocrx_word' id='word_1_911' title='bbox 3097 5561 3309 5626; x_wconf 79' lang='lat' dir='ltr'><strong>textum</strong></span> <span class='ocrx_word' id='word_1_912' title='bbox 3364 5561 3524 5626; x_wconf 81' lang='grc' dir='ltr'><strong>κρινεῖ</strong></span> <span class='ocrx_word' id='word_1_913' title='bbox 3569 5556 3610 5626; x_wconf 73' lang='grc' dir='ltr'>ἡ</span> 
     </span>
    </p>
   </div>
   <div class='ocr_carea' id='block_1_116' title="bbox 2007 5625 3607 5708">
    <p class='ocr_par' dir='ltr' id='par_1_116' title="bbox 2007 5625 3607 5708">
     <span class='ocr_line' id='line_1_116' title="bbox 2007 5625 3607 5708; baseline -0.004 -22"><span class='ocrx_word' id='word_1_914' title='bbox 2007 5631 2210 5704; x_wconf 73' lang='grc' dir='ltr'><strong>φύσεως</strong></span> <span class='ocrx_word' id='word_1_915' title='bbox 2236 5630 2553 5708; x_wconf 75' lang='grc' dir='ltr'><strong>ἀκροϐυστία</strong></span> <span class='ocrx_word' id='word_1_916' title='bbox 2576 5669 2592 5697; x_wconf 84' lang='grc'><strong><em>,</em></strong></span> <span class='ocrx_word' id='word_1_917' title='bbox 2624 5628 2680 5684; x_wconf 92' lang='lat' dir='ltr'><strong>in</strong></span> <span class='ocrx_word' id='word_1_918' title='bbox 2724 5627 2968 5684; x_wconf 85' lang='lat' dir='ltr'><strong>Palatino</strong></span> <span class='ocrx_word' id='word_1_919' title='bbox 3013 5642 3114 5682; x_wconf 84' lang='lat' dir='ltr'><strong>ms.</strong></span> <span class='ocrx_word' id='word_1_920' title='bbox 3158 5625 3346 5681; x_wconf 88' lang='lat' dir='ltr'><strong>vocula</strong></span> <span class='ocrx_word' id='word_1_921' title='bbox 3391 5625 3448 5681; x_wconf 81' lang='lat' dir='ltr'><strong>id</strong></span> <span class='ocrx_word' id='word_1_922' title='bbox 3479 5625 3607 5681; x_wconf 91' lang='lat' dir='ltr'><strong>reti-</strong></span> 
     </span>
    </p>
   </div>
   <div class='ocr_carea' id='block_1_117' title="bbox 2009 5712 3603 5858">
    <p class='ocr_par' dir='ltr' id='par_1_117' title="bbox 2009 5712 3603 5858">
     <span class='ocr_line' id='line_1_117' title="bbox 2009 5712 3603 5858; baseline -0.007 -25"><span class='ocrx_word' id='word_1_923' title='bbox 2009 5712 2360 5858; x_wconf 45' lang='lat' dir='ltr'><strong>Ufnduiiepetit</strong></span> <span class='ocrx_word' id='word_1_924' title='bbox 2383 5771 2613 5845; x_wconf 86' lang='lat' dir='ltr'><strong>negandi</strong></span> <span class='ocrx_word' id='word_1_925' title='bbox 2644 5771 2970 5844; x_wconf 86' lang='lat' dir='ltr'><strong>particulam</strong></span> <span class='ocrx_word' id='word_1_926' title='bbox 3003 5770 3234 5830; x_wconf 85' lang='lat' dir='ltr'><strong>Palatia.</strong></span> <span class='ocrx_word' id='word_1_927' title='bbox 3267 5783 3399 5841; x_wconf 89' lang='lat' dir='ltr'><strong>ms.,</strong></span> <span class='ocrx_word' id='word_1_928' title='bbox 3429 5779 3476 5826; x_wconf 86' lang='lat' dir='ltr'><strong>et</strong></span> <span class='ocrx_word' id='word_1_929' title='bbox 3503 5785 3603 5824; x_wconf 84' lang='lat' dir='ltr'><strong>non</strong></span> 
     </span>
    </p>
   </div>
   <div class='ocr_carea' id='block_1_118' title="bbox 2011 5856 2532 5920">
    <p class='ocr_par' dir='ltr' id='par_1_118' title="bbox 2011 5856 2532 5920">
     <span class='ocr_line' id='line_1_118' title="bbox 2011 5856 2532 5920; baseline -0.006 -16"><span class='ocrx_word' id='word_1_930' title='bbox 2011 5856 2140 5904; x_wconf 72' lang='lat' dir='ltr'><strong>sicut</strong></span> <span class='ocrx_word' id='word_1_931' title='bbox 2169 5856 2349 5918; x_wconf 78' lang='lat' dir='ltr'><strong>aiunt,</strong></span> <span class='ocrx_word' id='word_1_932' title='bbox 2383 5857 2532 5920; x_wconf 60' lang='lat' dir='ltr'><strong>etc.J</strong></span> 
     </span>
    </p>
   </div>
  </div>
