4166 6336
544 362 640 419 751

1520 360 1616 413 'S.
1661 355 2045 416 llll'ZIlONYMl
2086 355 2317 415 DlVlNA
2358 354 2840 414 BIBLIOTHECA.

3746 356 3854 414 ras
3940 318 3951 321 ’

541 472 841 530 distinctio.
872 472 1073 528 Omnes
1096 472 1243 529 enim
1283 484 1667 543 peccaverunt,
1693 484 1746 529 et
1777 481 1937 543 egent
1966 472 2144 544 gloria
2175 475 2224 534 Α
2253 472 2347 528 sed
2377 481 2436 529 et
2460 474 2509 529 ei
2543 472 2637 544 qui
2656 489 2721 529 ex
2757 470 2864 528 ﬁde
2893 483 2979 529 est
3010 471 3241 528 Abrahre
3266 512 3279 536 ,
3310 472 3401 543 qui
3431 481 3583 543 pater
3612 479 3699 528 est
3727 486 3853 526 om-

549 567 661 621 Dei.
696 564 982 619 Justiﬁcati
1013 564 1184 634 gratis
1209 578 1303 634 per
1328 566 1555 633 gratiam
1589 564 1781 636 ipsius,
1812 579 1909 635 per
1935 564 2151 619 redem-

546 660 788 731 ptionem
838 673 958 729 qua:
999 667 1085 713 est
1133 658 1187 712 in
1217 656 1439 712 Christo
1469 657 1622 723 Jcsu,
1657 672 1815 728 quem
1869 655 2153 728 proposuit

553 753 693 808 Deus
747 750 1191 822 propitiationem
1250 765 1344 819 per
1378 749 1536 804 Iidem
1566 749 1620 803 in
1650 750 1914 811 sanguine
1957 748 2151 820 ipsius,

550 843 616 900 ad
663 843 1034 899 ostensiouem
1063 842 1289 912 justitite
1342 858 1476 910 suae,
1518 853 1741 911 propter
1769 842 2149 897 remissionem

551 934 976 1007 prtecedeutium
1010 934 1335 988 delictorum
1379 934 1433 987 in
1477 932 1877 988 sustentatione
1918 933 2035 998 Dei,
2086 932 2151 986 ad

555 1028 928 1086 ostensioncm
951 1028 1175 1097 justitiae
1198 1028 1316 1097 ejus
1347 1028 1401 1082 iu
1433 1027 1534 1083 hoc
1554 1036 1830 1097 tempere:
1864 1037 1920 1082 ut
1941 1028 2012 1081 sit
2038 1027 2156 1098 ipse

551 1121 750 1191 justus,
781 1130 836 1173 et
858 1118 1168 1188 jusnﬁcans
1196 1134 1318 1171 cum
1348 1118 1438 1188 qui
1470 1129 1552 1174 est
1579 1134 1644 1173 ex
1677 1117 1780 1174 ﬁde
1809 1117 1977 1174 Jesult
2000 1118 2157 1172 Chri-

556 1216 645 1271 sti.
674 1214 772 1271 Ubi
798 1222 883 1269 est
904 1228 1034 1284 ergo
1055 1213 1315 1284 gloriatio
1341 1213 1461 1267 tua?
1486 1213 1717 1268 Exclusa
1744 1221 1846 1268 est.
1871 1212 1975 1268 Per
1992 1227 2153 1282 quam

556 1306 768 1378 legem?
794 1305 1128 1361 Factorum?
1160 1304 1309 1371 Non;
1339 1306 1431 1360 sed
1463 1321 1560 1375 per
1608 1305 1784 1375 legem
1812 1302 1959 1360 ﬁdei.
2004 1304 2159 1359 Arbi-

557 1408 764 1455 tramur
791 1400 936 1454 enim
962 1398 1254 1468 justiﬁcari
1283 1400 1556 1453 hominem
1588 1415 1684 1469 per
1707 1398 1869 1455 ﬁdem
1897 1398 2014 1454 sine
2036 1412 2160 1468 ope-

555 1495 709 1550 ribus
741 1495 898 1565 legis.
951 1495 1034 1549 An
1061 1493 1378 1549 Judteorum
1415 1494 1555 1548 Deus
1578 1496 1826 1548 tantum?
1870 1508 2050 1549 nonne
2105 1501 2161 1547 et

554 1589 835 1659 gentium?
862 1588 1052 1642 Immo.
1084 1587 1148 1641 Et
1177 1588 1447 1658 gentium.
1471 1587 1735 1655 Quoniam
1768 1586 1987 1657 quidem
2024 1602 2161 1641 unus

556 1692 641 1738 est
670 1683 812 1737 Deus
838 1680 865 1719 ιι
896 1680 1766 1752 (ιυὶῇιικιὶίίειειιοἰτρυιηεὶεἰοηθιη
1810 1694 1880 1735 ex
1929 1678 2061 1744 ﬁde,
2107 1687 2163 1733 et

558 1776 880 1845 praeputium
914 1789 1011 1843 per
1041 1773 1230 1828 ﬁdem.
1276 1773 1473 1844 Legem
1517 1787 1646 1842 ergo
1675 1772 2012 1827 destruimus
2062 1786 2163 1843 per

561 1868 757 1925 ﬁdem?
780 1866 967 1932 Absit;
1001 1866 1094 1921 sed
1127 1866 1303 1937 legem
1339 1865 1647 1920 statuimus.

632 1959 782 2031 [Cup.
816 1958 927 2029 IV.]
961 1957 1098 2028 Quid
1131 1972 1264 2028 ergo
1300 1958 1542 2013 dicemus
1565 1957 1838 2011 invenisse
1885 1954 2160 2011 Abraham

565 2063 771 2123 patrem
816 2061 1071 2107 nostrum
1103 2050 1399 2106 secundum
1448 2050 1706 2105 carnem?
1728 2050 1782 2105 Si
1814 2050 1958 2105 enim
1990 2050 2165 2106 Abra-

565 2150 687 2201 ham
720 2164 784 2202 ex
818 2146 1076 2216 operibus
1102 2144 1428 2215 justiﬁcatus
1460 2154 1567 2210 est,
1592 2143 1752 2199 habet
1774 2143 2031 2215 gloriam,
2064 2143 2161 2198 sed

564 2256 670 2295 non
700 2239 839 2310 apud
866 2238 1213 2307 Deum.Quid
1245 2239 1387 2293 enim
1412 2238 1544 2292 dicit
1571 2237 1889 2307 Scriptura“!
1916 2236 2165 2293 Credidit

566 2332 838 2387 Abraham
871 2331 1015 2398 Deo,
1050 2339 1103 2384 et
1130 2339 1436 2399 reputatmn
1471 2340 1553 2384 est
1584 2329 1659 2383 illi
1684 2330 1753 2384 ad
1778 2329 2071 2400 justitiam.
2103 2328 2163 2384 Ei

564 2436 743 2479 autem
773 2425 865 2495 qui
886 2432 1162 2494 operatur,
1180 2436 1391 2478 merces
1415 2436 1520 2476 non
1546 2422 1835 2492 imputatur
1862 2420 2163 2476 secundum

563 2518 816 2591 gratiam,
871 2518 968 2573 sed
1017 2516 1316 2572 secundum
1361 2515 1635 2582 debitum;
1691 2515 1739 2570 ei
1773 2530 1900 2569 vero
1932 2515 2021 2586 qui
2056 2529 2161 2570 non

563 2622 844 2684 operatur,
874 2612 1119 2668 credenti
1165 2622 1343 2666 autem
1398 2612 1449 2666 in
1491 2627 1613 2668 eum
1658 2611 1747 2682 qui
1770 2610 2034 2680 justiﬁcat
2061 2610 2160 2665 im.

563 2692 732 2779 pium,
781 2715 1065 2775 reputatur
1095 2706 1228 2760 ﬁdes
1272 2704 1401 2774 ejus
1423 2704 1490 2758 ad
1513 2704 1778 2774 justitiam
1816 2714 1837 2742 ο
1866 2703 2166 2761 secundum

566 2800 899 2872 propositum
931 2799 1119 2869 gratiae
1151 2797 1269 2852 Dei.
1300 2798 1450 2851 Sicut
1476 2806 1532 2852 et
1576 2795 1742 2851 David
1770 2795 1901 2851 dicit
1933 2795 2167 2850 beatitu-

564 2896 748 2953 dinem
777 2895 1034 2962 hominis,
1087 2895 1171 2950 cui
1202 2893 1345 2949 Deus
1367 2902 1593 2961 accepto
1623 2890 1728 2946 fert
1748 2890 2015 2964 justitiam
2048 2890 2168 2948 sine

564 2991 822 3061 operibus
856 3007 868 3044 :
904 2988 1055 3045 Beati
1079 3002 1309 3059 quorum
1340 2986 1581 3042 remissa:
1608 2995 1735 3042 sunt
1764 2985 2097 3058 iniquitates,
2115 2995 2170 3040 et

569 3100 800 3155 quorum
832 3091 972 3138 tecta
1004 3091 1127 3135 sunt
1162 3090 1400 3150 peccata.
1426 3079 1625 3135 Beatus
1651 3079 1731 3132 vir
1756 3079 1841 3133 cui
1870 3094 1976 3133 non
1997 3080 2169 3148 impu-

567 3182 699 3233 tavit
730 3177 989 3233 Dominus
1021 3184 1320 3247 peccatum.
1368 3173 1654 3230 Beatitudo
1675 3188 1805 3244 ergo
1830 3171 1944 3227 haec
1977 3173 2028 3225 in
2060 3173 2166 3226 cir-

2255 566 2404 622 ninm
2447 576 2714 624 nostrum.
2756 569 2773 638 (
2805 567 2956 624 Sicut
3002 569 3263 638 scriptum
3298 576 3385 623 est
3418 586 3429 620 :
3464 568 3599 636 Quia
3642 578 3854 638 patrem

2256 661 2549 717 multarum
2577 660 2817 731 gentium
2853 661 3003 729 posui
3035 662 3108 731 te)
3138 669 3264 715 ante
3293 660 3485 727 Deum,
3509 660 3594 714 cui
3634 658 3651 697 ί
3678 660 3859 715 credi-

2257 756 2355 822 dit,
2390 757 2479 827 qui
2507 756 2750 811 viviﬁcat
2773 765 3041 827 mortuos,
3069 764 3124 811 et
3152 765 3309 810 vocat
3331 770 3393 811 ea
3425 770 3546 824 qua:
3567 770 3674 809 non
3702 763 3853 823 sunt,

2258 859 2534 919 tamquam
2583 863 2646 903 ea
2698 863 2820 919 qua:
2864 858 3007 903 sunt.
3040 847 3143 915 Qui
3188 857 3379 902 contra
3429 863 3583 917 spem
3617 848 3669 902 in
3699 861 3857 917 spem

2257 940 2524 1007 credidit,
2556 953 2613 995 ut
2647 942 2799 996 ﬁeret
2829 950 2981 1010 pater
3009 940 3304 995 multarum
3339 940 3582 1009 gentium
3614 982 3625 1001 ,
3662 952 3861 994 secun-

2260 1035 2387 1090 dum
2435 1033 2580 1105 quod
2623 1033 2824 1089 dictum
2873 1044 2955 1089 cst
2994 1035 3043 1089 ei
3068 1051 3081 1088 :
3111 1034 3200 1090 Sic
3227 1036 3329 1087 erit
3358 1048 3543 1088 semen
3580 1044 3746 1088 tuum.
3789 1033 3861 1089 Et

2260 1143 2366 1183 non
2408 1125 2716 1181 inﬁrmatus
2765 1137 2850 1182 est
2899 1126 3047 1197 ﬁde,
3101 1141 3200 1182 nec
3246 1125 3615 1180 consideravit
3658 1138 3861 1195 corpus

2259 1236 2417 1277 suum
2449 1232 2760 1277 emortuum
2787 1265 2801 1289 ,
2835 1236 2955 1276 cum
2984 1221 3096 1291 jam
3126 1220 3237 1275 fere
3259 1233 3475 1276 centum
3505 1228 3650 1274 esset
3678 1235 3861 1275 anno-

2260 1331 2379 1371 rum
2409 1356 2423 1380 ,
2452 1325 2506 1371 et
2547 1325 2849 1390 emortuam
2880 1316 3093 1371 vulvam
3137 1314 3309 1371 Surre.
3348 1316 3399 1369 lu
3434 1315 3863 1384 repromissitme

2261 1412 2425 1465 etiam
2455 1410 2546 1465 Dei
2578 1426 2686 1465 non
2720 1410 2991 1465 ltmsitarit
3018 1410 3319 1465 difﬁdentia
3349 1454 3362 1476 ,
3395 1410 3491 1465 sed
3522 1409 3863 1465 confortatus

2262 1512 2346 1558 est
2376 1501 2480 1557 ﬁde
2504 1542 2518 1568 ,
2560 1501 2697 1556 dans
2728 1502 2953 1571 gloriam
2989 1502 3102 1557 Deo
3128 1520 3141 1555 :
3174 1502 3486 1572 plcui<sime
3516 1504 3697 1557 sciens
3727 1502 3858 1573 quia

2262 1606 2619 1667 quaecumqoe
2653 1597 2903 1664 promisit
2932 1607 2978 1662 κ,
3017 1605 3211 1667 potens
3239 1605 3323 1651 est
3350 1595 3627 1652 etfacere.
3661 1595 3788 1651 ideo
3808 1602 3869 1652 et

2265 1696 2571 1760 reputatum
2601 1698 2685 1743 est
2707 1689 2787 1743 illi
2814 1688 2882 1743 ad
2916 1689 3209 1759 justitiam.
3251 1689 3370 1744 Non
3402 1698 3486 1744 est
3515 1700 3695 1743 autem
3726 1689 3869 1744 serio

2268 1791 2417 1852 ptum
2453 1792 2657 1837 tantum
2693 1792 2915 1853 propter
2946 1783 3143 1852 ipsum,
3171 1783 3291 1852 quia
3323 1789 3634 1850 reputatum
3664 1790 3748 1836 est
3789 1780 3868 1836 illi

2190 1867 2239 1928 B
2265 1875 2332 1931 ad
2356 1876 2624 1945 justitiam
2654 1893 2667 1931 :
2693 1876 2790 1932 sed
2818 1885 2874 1931 et
2901 1888 3124 1947 propter
3154 1891 3272 1943 nos,
3301 1875 3496 1946 quibus
3526 1874 3870 1941 reputabitur

2267 1967 2616 2022 credentibus
2637 1966 2690 2022 in
2714 1982 2862 2035 eum,
2894 1968 2984 2037 qui
3009 1966 3298 2021 suscitavit
3322 1964 3508 2021 Jesum
3536 1962 3562 2002 ιι
3585 1965 3869 2020 Christum

2271 2058 2558 2114 Dominum
2589 2069 2832 2114 nostrum
2864 2075 2894 2113 a
2931 2058 3158 2113 mortuis
3184 2103 3197 2127 ,
3234 2058 3324 2127 qui
3356 2056 3587 2111 traditus
3616 2066 3699 2111 est
3741 2070 3872 2126 pro-

2268 2164 2390 2222 pter
2417 2152 2616 2206 delicta
2645 2159 2827 2206 nostra
2856 2193 2869 2215 ,
2915 2160 2971 2207 et
3000 2149 3304 2205 resurrexit
3337 2158 3563 2219 propter
3601 2149 3875 2219 justiﬁes-

2270 2247 2468 2301 tionem
2501 2256 2767 2301 nostram.

2343 2341 2495 2414 [Cap.
2523 2338 2614 2409 v.1
2636 2338 2926 2396 Jusﬁﬁeati
2957 2353 3089 2409 ergo
3112 2353 3178 2393 ex
3199 2338 3323 2405 ﬁde,
3352 2352 3539 2407 pacem
3570 2336 3874 2392 habeamus

2272 2435 2339 2489 ad
2378 2436 2542 2490 Deum
2577 2450 2673 2504 per
2706 2434 2998 2488 Dominum
3030 2443 3277 2488 nostrum
3324 2432 3511 2488 Jesum
3540 2430 3817 2487 Christum
3855 2445 3873 2484 :

2276 2543 2370 2600 per
2398 2545 2561 2601 quem
2593 2538 2647 2583 et
2678 2527 2941 2582 habemus
2969 2541 3273 2592 accessum,
3313 2525 3327 2562 ί
3361 2541 3459 2596 per
3488 2523 3648 2579 ﬁdem
3674 2525 3725 2578 in
3748 2538 3879 2595 gra-

2274 2629 2402 2681 tiam
2434 2624 2589 2679 istam
2609 2667 2623 2691 ,
2659 2623 2711 2676 in
2740 2636 2842 2692 qua
2873 2630 3103 2688 stamus,
3136 2631 3185 2675 et
3220 2620 3518 2689 gloriamur
3547 2619 3599 2672 in
3630 2633 3727 2688 spe
3753 2619 3879 2689 glo-

2274 2718 2369 2773 ria:
2395 2715 2629 2769 ﬁliormn
2659 2712 2774 2768 Dei.
2800 2711 2918 2767 Non
2940 2713 3114 2765 solum
3143 2719 3349 2775 autem,
3379 2710 3471 2765 sed
3499 2716 3551 2765 et
3571 2710 3879 2779 gloriamur

2276 2810 2330 2864 in
2365 2806 2808 2863 tribulationibus
2842 2823 2854 2858 :
2890 2805 3123 2860 scientes
3155 2805 3298 2875 quod
3332 2804 3611 2859 tribulatio
3658 2804 3874 2873 patien-

2276 2901 2404 2956 tiam
2438 2910 2696 2971 operatur
2729 2918 2743 2952 :
2782 2898 3039 2969 patientia
3068 2906 3249 2952 autem
3283 2895 3663 2966 probationem
3693 2935 3707 2959 ,
3736 2912 3875 2965 pro-

2275 2993 2421 3049 batio
2451 3008 2580 3047 vero
2605 3006 2757 3060 spem
2787 3031 2801 3057 ,
2835 3005 2965 3060 spes
2997 2998 3179 3045 autem
3225 3003 3332 3044 non
3372 2985 3657 3055 confundit
3692 3004 3705 3043 :
3740 2991 3876 3057 quia

2273 3087 2515 3142 rharitas
2548 3085 2641 3140 Dei
2671 3082 2866 3139 diﬁ'usa
2895 3091 2982 3138 est
3012 3083 3063 3138 in
3094 3082 3350 3138 cordibus
3392 3079 3596 3136 nostris
3628 3096 3720 3150 per
3749 3081 3879 3149 Spi-

2273 3182 2435 3238 ritum
2486 3188 2731 3236 sanctum
2758 3224 2773 3247 ,
2820 3178 2909 3249 qui
2941 3178 3102 3233 datus
3135 3187 3219 3231 est
3255 3174 3433 3231 nobis.
3477 3174 3673 3245 thuid
3722 3174 3875 3230 enim

568 3272 901 3325 ttumisiouc
931 3266 957 3305 ἀ
1010 3279 1218 3324 tantum
1247 3278 1451 3337 manet,
1478 3284 1547 3322 an
1579 3267 1743 3323 etiam
1773 3268 1827 3323 in
1861 3267 2169 3338 pra-potio?
2198 3265 2244 3330 C
2275 3272 2530 3329 Christus
2558 3314 2573 3335 ,
2617 3286 2740 3326 cum
2773 3270 2951 3325 adhuc
2999 3268 3196 3323 inﬁrmi
3239 3281 3486 3323 essemus
3513 3308 3525 3328 .
3573 3265 3875 3321 secundum

574 3364 812 3419 liii-imus
841 3365 983 3418 enim
1006 3363 1130 3434 quia
1168 3372 1412 3431 reputate
1434 3371 1519 3416 est
1541 3361 1772 3415 Abrahae
1823 3361 1954 3415 ﬁdes
1985 3361 2053 3417 ad
2081 3363 2167 3430 ju-

572 3456 798 3510 stitiam.
848 3452 1133 3521 Quomodo
1181 3467 1311 3522 ergo
1345 3465 1589 3522 reputata
1618 3464 1705 3508 est
1740 3452 1763 3505 ?
1796 3455 1847 3508 in
1877 3455 2170 3510 circumci-

572 3548 748 3609 sione,
782 3556 804 3582 ο
829 3561 896 3601 an
939 3547 989 3601 iu
1023 3544 1324 3614 praeputio?
1354 3543 1471 3598 Non
1512 3543 1566 3598 in
1598 3544 2040 3613 circumcisione,
2073 3547 2170 3601 sed

573 3639 625 3692 in
659 3644 942 3709 praeputio.
962 3639 1027 3691 Et.
1056 3638 1266 3707 signum
1293 3636 1498 3705 accepit
1520 3636 2172 3710 eireumcisionis,signa-

573 3732 751 3786 culum
776 3732 1001 3802 justitia-
1038 3730 1183 3799 ﬁdei,
1206 3714 1323 3800 qua:
1347 3741 1431 3786 est
1454 3732 1504 3784 in
1527 3730 1790 3801 prazputio
1809 3750 1823 3798 ;
1845 3742 1902 3788 ut
1928 3733 1995 3788 sit
2021 3745 2170 3804 pater

569 3825 815 3877 ouuuum
843 3824 1181 3878 credentium
1213 3838 1307 3894 per
1341 3825 1688 3894 prmputium,
1721 3835 1777 3880 ut
1808 3837 2088 3896 reputetur
2117 3835 2173 3883 et

573 3916 679 3969 illis
710 3916 777 3970 ad
820 3915 1124 3985 jllaliliﬂlll;
1155 3928 1207 3971 et
1236 3917 1308 3971 sit
1330 3927 1482 3986 pater
1502 3915 1934 3973 circumcisionis
1960 3936 2068 3976 non
2103 3922 2172 3978 iis

574 4018 780 4063 tantum
808 4011 899 4080 qui
941 4024 1065 4065 sunt
1094 4027 1157 4065 ex
1191 4011 1627 4080 eircumeisione,
1660 4014 1756 4068 sed
1785 4023 1842 4070 et
1868 4014 1934 4071 iis
1959 4017 2048 4084 qui
2079 4032 2170 4072 se-

571 4114 793 4156 ctantur
822 4104 1043 4173 vestigia
1079 4105 1200 4157 ﬁdei
1232 4119 1353 4173 qu.e
1384 4112 1469 4159 est
1497 4104 1549 4160 in
1575 4109 1842 4178 praeputio
1873 4109 2041 4178 patris
2075 4123 2174 4163 no-

575 4196 673 4250 stri
702 4194 956 4250 Abrahae.
981 4196 1099 4251 Non
1126 4213 1269 4252 emm
1300 4213 1397 4269 per
1420 4198 1595 4271 legem
1628 4202 1915 4270 promissio
1937 4203 2174 4259 Abraha:

572 4299 661 4339 aut
691 4286 883 4341 semini
907 4288 1047 4356 ejus,
1075 4300 1131 4342 ut
1154 4289 1331 4346 hieres
1352 4302 1498 4346 esset
1528 4293 1737 4360 mundi,
1769 4294 1864 4350 sed
1894 4309 1989 4365 per
2011 4297 2173 4366 justi-

572 4377 701 4432 tiam
736 4379 880 4433 lidei.
911 4378 965 4434 Si
987 4382 1129 4436 enim
1154 4384 1243 4453 qui
1268 4398 1331 4438 ex
1366 4385 1503 4454 lege,
1532 4385 1774 4441 hmredes
1799 4397 1957 4443 sunt:
1980 4389 2173 4443 exina-

573 4472 683 4525 nita
714 4482 799 4526 est
831 4473 987 4541 ﬁdes,
1027 4474 1225 4531 abolita
1255 4487 1340 4533 est
1368 4478 1679 4549 promissio.
1709 4480 1823 4538 Lex
1853 4484 2001 4539 enim
2034 4486 2173 4540 iram

570 4578 845 4636 Operatur.
883 4568 986 4624 Ubi
1016 4571 1160 4626 enim
1200 4590 1306 4627 non
1352 4585 1436 4629 est
1463 4575 1549 4630 lex
1578 4617 1592 4640 ,
1628 4592 1727 4631 nec
1767 4578 2170 4647 prazvaricatio.

2276 3379 2489 3436 tempus
2519 3378 2615 3435 pro
2655 3363 2834 3434 impiis
2866 3374 3116 3418 mortuus
3140 3360 3263 3416 est?
3293 3359 3392 3414 Vix
3431 3359 3575 3413 enim
3609 3375 3702 3425 pro
3723 3359 3877 3430 justo

2274 3459 2397 3529 quis
2434 3459 2667 3512 Inoritur
2701 3474 2713 3509 :
2748 3471 2870 3509 nam
2913 3471 3011 3523 pro
3053 3454 3197 3507 bono
3239 3451 3469 3506 forsitan
3516 3452 3638 3516 quis
3676 3451 3879 3505 audeat

2277 3550 2434 3606 mori.
2466 3546 2827 3604 Commendat
2871 3555 3050 3600 autem
3090 3544 3414 3598 charitatem
3457 3557 3610 3597 suam
3643 3542 3782 3597 Dens
3814 3544 3875 3597 in

2276 3644 2431 3700 nobis
2467 3660 2479 3694 :
2509 3642 2768 3712 quoniam
2822 3655 2947 3696 cum
2995 3640 3172 3694 adhuc
3222 3650 3535 3708 peccatores
3582 3651 3828 3693 essemus
3856 3677 3877 3701 .

2278 3739 2293 3787 t
2332 3734 2629 3791 secundum
2652 3743 2888 3803 tempus,
2913 3731 3161 3787 Christus
3186 3748 3281 3801 pro
3306 3730 3460 3785 nobis
3486 3741 3730 3783 mortuus
3754 3739 3872 3784 est:

2275 3830 2449 3887 multo
2477 3829 2637 3899 igitur
2659 3823 3277 3895 magisnuncjustiﬁCati
3304 3825 3356 3878 in
3382 3824 3647 3894 sanguine
3676 3822 3871 3892 ipsius,

2275 3926 2408 3981 salvi
2438 3925 2644 3978 erimus
2668 3921 2737 3976 ab
2767 3920 2845 3974 ira
2879 3934 2975 3988 per
3016 3920 3213 3988 ipsum.
3247 3917 3304 3974 Si
3334 3918 3480 3974 enim
3515 3931 3636 3970 cum
3665 3914 3874 3970 inimici

2274 4031 2520 4076 essemus
2546 4060 2560 4076 .
2607 4013 2940 4071 reconciliati
2980 4026 3171 4067 sumus
3212 4011 3321 4066 Deo
3361 4024 3457 4081 per
3488 4019 3715 4064 mortem
3746 4006 3876 4062 Filii

2274 4111 2392 4181 ejus
2426 4129 2439 4164 :
2475 4111 2645 4164 multo
2672 4111 2842 4175 magis
2873 4104 3233 4170 reconciliati,
3266 4103 3407 4157 salvi
3442 4101 3651 4157 erimus
3683 4100 3737 4155 in
3759 4098 3872 4154 vita

2275 4205 2470 4277 ipsius.
2506 4202 2620 4257 Non
2652 4201 2829 4257 solum
2859 4212 3044 4255 autem
3074 4216 3086 4249 :
3121 4197 3218 4252 sed
3256 4208 3305 4251 et
3340 4196 3640 4266 gloriamur
3679 4194 3730 4247 in
3761 4193 3877 4247 Deo

2277 4313 2373 4369 per
2403 4296 2691 4353 Dominum
2721 4302 2965 4348 nostrum
3012 4290 3197 4347 Jesum
3230 4290 3541 4355 Christum,
3586 4302 3680 4357 per
3707 4301 3873 4356 quem

2276 4405 2421 4446 nunc
2469 4386 2973 4443 reconciliationem
3024 4384 3353 4452 accepimus.
3395 4379 3693 4450 Propterea
3729 4377 3876 4431 sicut

2277 4498 2373 4554 per
2402 4496 2566 4535 unum
2612 4478 2886 4534 hominem
2923 4482 3201 4547 peccatum
3233 4473 3285 4527 in
3320 4473 3464 4527 hunc
3493 4471 3753 4526 mundum
3789 4470 3875 4523 in-

2276 4574 2437 4628 travit
2460 4614 2474 4637 ,
2505 4580 2562 4627 et
2592 4586 2688 4642 per
2730 4578 3010 4641 peccatum
3041 4582 3192 4622 mors
3218 4609 3233 4631 ,
3277 4574 3334 4619 et
3363 4566 3432 4619 ita
3466 4564 3519 4618 in
3551 4576 3745 4617 omnes
3776 4561 3875 4615 ho-

569 4659 699 4715 ldeo
731 4676 799 4715 ex
838 4661 943 4717 ﬁde
974 4704 989 4729 ,
1037 4673 1095 4718 ut
1136 4665 1431 4720 secundum
1466 4667 1694 4738 gratiam
1743 4671 1898 4726 ﬁrma
1935 4671 2006 4727 sit
2040 4686 2164 4741 pro-
2191 4660 2242 4721 Β
2268 4669 2446 4724 mines
2477 4681 2625 4722 mors
2647 4663 3025 4736 pet-transivit,
3051 4664 3231 4732 inquo
3259 4673 3454 4714 omnes
3483 4664 3871 4729 peccaverunt.

562 4756 751 4811 missio
779 4759 927 4812 omni
970 4759 1202 4825 semini,
1241 4776 1348 4817 non
1374 4762 1426 4817 ei
1455 4762 1548 4832 qui
1582 4778 1651 4819 ex
1681 4763 1800 4834 lege
1831 4775 1915 4821 est
1940 4766 2119 4821 solum
2144 4807 2161 4834 ,

644 5044 808 5101 aNon
853 5046 1004 5102 addit
1031 5044 1227 5103 Christi
1269 5047 1552 5123 Palatinus
1596 5064 1728 5119 ms.,
1776 5050 1918 5123 quod
1965 5065 2163 5107 nomen

576 5114 802 5190 Gra‘rus
834 5134 1046 5190 quoque
1076 5129 1252 5175 textus
1286 5121 1375 5175 hic
1406 5121 1614 5175 reticet.

646 5188 671 5225 ι’
701 5189 847 5265 Idem
877 5188 998 5254 ms.,
1024 5193 1113 5265 qui
1135 5192 1468 5265 jitstiﬁcuvit,
1493 5192 1721 5248 solemni
1751 5193 2166 5265 prgrnuntiatio-

573 5261 655 5315 nis
686 5261 827 5335 vitio
847 5277 942 5329 pro
970 5261 1281 5335 juxtiﬁcabit
1302 5304 1316 5326 ,
1347 5264 1495 5331 juxta
1525 5261 1771 5319 (Ir-mcum
1792 5262 2091 5335 δικαιώσει.

597 5402 609 5414 _
651 5342 671 5368 ε
707 5332 880 5386 Verba
910 5332 1190 5414 secundum
1214 5339 1551 5414 propositum“
1567 5337 1751 5414 gratia:
1781 5334 1903 5414 _l)ei,
1931 5340 1983 5414 in
2017 5338 2172 5391 Pala-

575 5405 691 5476 tino
718 5418 821 5458 ms.
845 5407 1067 5461 omnino
1096 5423 1200 5461 non
1228 5414 1377 5461 sunt.
1414 5407 1486 5460 Ea
1514 5405 1685 5463 Graeci
1723 5407 1884 5462 etiam
1922 5409 2168 5476 plerique

576 5474 998 5548 libriignorant,
1028 5493 1092 5532 ac
1124 5492 1273 5548 puto,
1308 5494 1338 5533 e
1364 5477 1559 5533 Velesii
1600 5477 1927 5533 lectionibus
1958 5474 2166 5534 tantum

577 5547 915 5617 prodierunt.

648 5615 872 5693 dAtque
917 5620 1002 5693 hic
1040 5618 1351 5693 duo_verba
1393 5630 1595 5677 tantum
1639 5632 1842 5693 manet,
1889 5621 2168 5677 Palatinus

575 5691 882 5772 nescit
908 5732 924 5757 ,
952 5691 1106 5760 juxta
1138 5690 1384 5772 Grateum
1417 5704 1620 5749 textum
1657 5694 1713 5749 in
1742 5690 2024 5765 plerisque
2051 5709 2164 5749 mo-

574 5761 727 5815 lioris
759 5773 903 5814 notae
944 5777 1074 5817 mss.
1109 5764 1415 5819 codicibus.

648 5843 669 5869 ε’
703 5833 857 5885 Plura
891 5833 977 5887 hic
1008 5833 1288 5890 Palatinus
1315 5852 1417 5890 ms.
1462 5839 1621 5893 habet
1646 5878 1660 5899 ,
1693 5838 1747 5892 in
1774 5838 2168 5892 circumcisione

570 5918 686 5956 cum
717 5915 844 5957 esset
867 5944 881 5971 ,
915 5921 980 5959 an
1032 5906 1185 5959 etiam
1227 5907 1278 5960 in
1310 5910 1588 5979 prazputt'o.
1622 5910 1797 5965 Gneo.
1838 5911 1887 5964 ἐν
1915 5918 2168 5981 περιτομῇ

2273 4761 2456 4832 Usque
2506 4760 2572 4815 ad
2616 4760 2789 4829 legem
2820 4756 2965 4812 enim
3022 4762 3305 4825 peccatum
3356 4760 3475 4807 erat
3522 4749 3577 4805 in
3625 4748 3869 4804 mundo:

2271 5047 2378 5126 3V1}
2465 5050 2515 5126 ἕ]
2541 5049 2888 5126 ἀκροϐυστίᾳ.

2346 5122 2363 5159 ί
2395 5122 2447 5176 In
2475 5114 2719 5176 Palaiino
2752 5114 2877 5186 ms.',
2913 5118 2994 5172 cui
3026 5115 3327 5180 credidisti,
3372 5132 3473 5186 pro
3502 5116 3587 5169 cui
3619 5114 3868 5186 credidit.

2269 5192 2340 5248 Et
2371 5198 2529 5263 paulo
2560 5188 2680 5260 post
2708 5185 2972 5263 pluribus,
2997 5190 3071 5263 sic
3100 5190 3193 5242 crit
3222 5185 3389 5241 semen
3415 5199 3555 5263 tuum
3587 5185 3872 5263 sicutstci-

2271 5268 2337 5319 ιω
2364 5257 2513 5325 cali.
2544 5257 2665 5333 qua:
2705 5257 2877 5331 neque
2921 5262 2972 5316 in
3016 5260 3208 5315 Graeco
3253 5266 3401 5314 textu
3438 5261 3593 5327 juxta
3628 5257 3876 5312 melioris

2272 5347 2416 5392 nota:
2441 5335 2772 5396 exemplaria
2808 5343 3089 5389 resonant.

2348 5417 2371 5455 ε
2403 5406 2565 5462 Addit
2598 5406 2874 5461 Palatinus
2907 5423 3006 5460 ms.
3045 5419 3240 5458 nomen
3282 5400 3454 5463 Deus,
3479 5400 3621 5469 quod
3647 5400 3877 5454 minimc

2277 5488 2459 5549 tamen
2493 5479 2544 5532 in
2572 5476 2764 5533 Grmco
2792 5478 3089 5549 archetypo
3121 5476 3206 5528 hic
3234 5472 3615 5549 lori‘liabetur.

2349 5547 2375 5586 ιι
2407 5550 2503 5603 llic
2531 5563 2661 5602 vero
2688 5564 2810 5602 cum
2840 5543 3033 5603 Grarc'o
3057 5544 3360 5615 exemplari
3386 5543 3582 5598 noiueu
3604 5543 3874 5599 Christum

2276 5620 2509 5677 Palatio.
2547 5635 2649 5674 ms.
2682 5628 2845 5675 tacet.

2353 5691 2369 5730 ί
2406 5691 2654 5747 Pressius
2692 5689 2897 5747 Grreca:
2935 5692 3115 5761 phrasi
3162 5687 3394 5744 Palatia.
3441 5703 3572 5756 ms.,
3607 5698 3878 5741 accessio»

2274 5765 2381 5833 ﬁde
2418 5765 2470 5817 in
2501 5764 2741 5833 gratiam.

2352 5835 2365 5887 i
2410 5830 2589 5891 Verba
2618 5835 2903 5888 secundum
2943 5841 3169 5899 tempus,
3216 5847 3337 5901 qua:
3365 5845 3543 5898 neque
3580 5830 3635 5885 in
3675 5830 3873 5885 Graeco

2279 5915 2426 5965 textu
2452 5906 2741 5975 habentur,
2772 5906 3049 5963 Palatinus
3072 5921 3175 5962 ms.
3207 5904 3427 5960 omnino
3458 5903 3688 5974 ignorat.
