4166 6336
325 348 432 403 ῗῦδ

1178 345 1512 404 EPISTULA
1556 347 1613 402 Il.
1662 343 1862 400 PAULI
1902 341 2238 400 APOS'I‘OLI
2283 344 2382 398 Al)
2424 339 2770 398 ROMANOS.

3521 340 3626 400 τδι

324 473 610 536 peccatum
658 473 839 520 autem
873 480 978 518 non
1013 463 1382 534 imputabatnr
1411 471 1434 499 ιι
1465 503 1478 527 ,
1509 476 1628 517 cum
1677 461 1764 514 lex
1810 473 1916 514 non
1945 459 1995 520 Α
2023 460 2162 514 servi
2187 460 2317 513 estis
2347 459 2487 530 ejus,
2516 461 2602 516 cui
2626 457 2879 525 obeditis,
2909 457 3023 513 sive
3047 456 3252 528 peccati
3278 456 3344 511 ad
3370 467 3624 527 mortem,

321 570 490 614 esset.
518 557 623 613 Sed
654 559 898 627 regnavit
922 571 1070 612 mors
1097 557 1163 612 ab
1197 558 1365 611 Adam
1392 571 1560 625 usque
1588 553 1656 609 ad
1691 554 1912 624 Moysen

319 651 486 708 etiam
520 653 570 706 in
600 666 717 716 eos,
748 651 840 721 qui
864 666 972 707 non
1006 661 1370 722 peccaverunt
1410 651 1461 704 in
1496 649 1912 705 similitudinem

323 745 788 814 praevaricationis
817 744 972 812 Adae,
1004 745 1094 815 qui
1131 755 1213 801 est
1247 743 1419 800 forma
1452 743 1637 798 futuri.
1670 742 1777 797 Sed
1805 757 1912 798 non

321 840 463 893 sicut
488 836 742 892 delictum
772 877 786 901 ,
828 837 898 892 ita
926 848 981 892 et
1011 837 1233 892 donum.
1266 837 1320 893 Si
1352 837 1495 892 enim
1531 837 1687 890 unius
1716 835 1914 890 delicto

322 933 475 987 inulti
509 933 706 987 mortui
739 942 867 987 sunt
917 949 930 987 :
980 933 1149 988 multo
1187 933 1360 1002 magis
1405 932 1575 1001 gratia
1607 931 1703 987 Dei
1733 940 1790 985 et
1817 929 1914 984 do-

319 1042 446 1080 num
480 1027 530 1079 in
573 1027 745 1096 gratia
784 1024 944 1080 unius
987 1025 1223 1080 hominis
1253 1025 1381 1080 .lesu
1412 1026 1609 1079 Christi
1645 1025 1696 1079 in
1731 1025 1912 1092 plures

317 1119 634 1174 abundavit.
664 1120 732 1174 Et
762 1135 868 1175 non
901 1119 1044 1175 sicut
1075 1135 1170 1190 per
1199 1137 1362 1174 unttnt
1411 1118 1436 1156 δ
1492 1127 1804 1190 peceatum,
1841 1119 1912 1174 ita

317 1222 369 1266 et
400 1211 628 1267 donum.
665 1212 795 1266 Nam
819 1212 1081 1282 judicium
1107 1213 1324 1284 quidem
1347 1228 1410 1268 ex
1435 1227 1542 1266 uno
1566 1211 1618 1266 in
1651 1211 1910 1266 condem-

316 1308 629 1370 nationem;
659 1308 830 1376 gratia
866 1316 1044 1365 autem
1077 1323 1139 1362 ex
1175 1307 1360 1361 tuultis
1388 1306 1602 1360 delictis
1635 1307 1686 1358 in
1712 1302 1912 1373 justiti.

314 1399 608 1452 cationi-tn.
641 1399 695 1452 Si
724 1398 868 1452 enim
909 1399 1068 1452 unius
1107 1398 1306 1452 delicto
1348 1413 1496 1450 mors
1543 1395 1786 1466 regnavit
1816 1410 1910 1465 per

313 1509 479 1547 unum
517 1509 529 1546 :
565 1492 736 1548 multo
777 1493 947 1564 magis
975 1493 1357 1548 abundantiam
1392 1493 1578 1563 gratia:
1605 1534 1619 1557 ,
1659 1501 1712 1546 et
1739 1491 1908 1545 dona-

314 1586 480 1639 tionis
513 1585 813 1655 etjnstitiae
839 1585 1171 1655 accipientes
1195 1627 1210 1652 ,
1256 1586 1308 1640 in
1343 1586 1445 1639 vita
1480 1585 1775 1656 regnabunt
1813 1599 1911 1656 per

315 1695 480 1732 unum
515 1677 702 1732 Iesum
747 1677 1047 1734 Christum.
1081 1679 1248 1750 Igitur
1288 1680 1428 1734 sicut
1464 1694 1561 1748 per
1591 1680 1748 1733 unius
1776 1677 1910 1732 deli-

311 1780 457 1824 ctum
492 1771 544 1824 itt
572 1785 762 1825 omnes
793 1769 1044 1825 homines
1072 1773 1124 1826 in
1156 1770 1668 1826 condemnationem
1705 1788 1715 1823 :
1751 1770 1831 1826 sic
1854 1776 1909 1824 et

2017 552 2131 608 sive
2161 552 2484 610 obeditionis
2531 553 2596 608 ad
2639 551 2946 622 justitiam?
2989 549 3204 606 Gratias
3249 557 3430 605 autem
3485 551 3620 620 Deo,

2016 644 2158 716 quod
2204 646 2378 702 fuistis
2411 647 2553 702 servi
2598 645 2821 716 peccati,
2855 644 3118 700 obedistis
3150 652 3329 700 autem
3363 659 3427 698 ex
3459 645 3626 700 corde

2017 740 2067 793 in
2101 753 2218 794 eam
2249 741 2473 794 formam
2505 738 2790 808 doctrina),
2827 739 2880 792 in
2911 753 3069 808 quant
3110 736 3291 791 traditi
3337 737 3486 791 estis.
3528 737 3622 790 Li-

2015 829 2185 885 berati
2210 839 2387 886 autem
2413 847 2442 884 a
2471 840 2717 901 peccato,
2751 829 2893 885 servi
2927 827 3052 883 facii
3082 828 3483 897 estisjustitiac.
3514 828 3625 883 Ilu-

2016 938 2230 977 manum
2277 924 2418 992 dico,
2469 935 2693 994 propter
2738 922 3104 976 inﬁrmitatem
3147 923 3328 975 carnis
3380 933 3620 976 vesme:

2015 1017 2155 1069 sicut
2204 1017 2349 1071 enim
2400 1016 2723 1072 exltibttistis
2775 1013 3018 1070 membra
3067 1020 3247 1066 vestra
3283 1014 3490 1068 servire
3522 1012 3624 1067 im-

2015 1111 2332 1177 ntunditim,
2382 1121 2437 1165 et
2486 1109 2756 1181 iniquitati
2812 1108 2879 1162 ad
2928 1106 3300 1177 iniquitatem;
3350 1109 3420 1161 ita
3479 1120 3621 1162 nunc

2015 1205 2266 1260 exhibete
2295 1204 2536 1260 membra
2577 1213 2756 1260 vestra
2794 1202 3005 1258 servire
3027 1201 3253 1272 justitiae
3286 1201 3338 1256 in
3380 1201 3624 1256 sanctifi-

2014 1302 2300 1357 cationem.
2348 1299 2480 1356 Cum
2535 1301 2680 1356 enim
2731 1299 2876 1355 servi
2922 1296 3116 1353 essetis
3169 1297 3408 1367 peccati,
3464 1296 3622 1352 liberi

2013 1394 2194 1451 fuistis
2226 1394 2469 1464 iustitiae.
2517 1394 2686 1460 Quem
2733 1408 2865 1463 ergo
2918 1391 3148 1446 fructum
3180 1389 3443 1444 habuistis
3493 1398 3622 1445 tunc

2014 1487 2110 1544 din
2146 1490 2275 1555 illis,
2308 1491 2358 1543 in
2389 1488 2588 1560 quibus
2618 1502 2760 1541 nunc
2786 1484 3147 1542 erubescitis?
3178 1484 3310 1538 Nam
3343 1484 3463 1537 linis
3497 1484 3621 1537 illo-

2015 1599 2132 1637 rum
2181 1598 2327 1638 mors
2373 1590 2477 1638 est.
2527 1580 2678 1637 Nunc
2720 1595 2854 1635 vero
2896 1579 3105 1633 liberati
3137 1592 3165 1630 a
3199 1586 3445 1647 peccato,
3476 1575 3621 1630 servi

2013 1686 2191 1731 autem
2228 1675 2355 1732 faeti
2381 1675 2513 1742 Deo,
2542 1673 2754 1728 habetis
2783 1672 3017 1727 fruetum
3049 1679 3288 1725 vestrum
3325 1669 3376 1722 in
3417 1669 3624 1724 Sancti-

2015 1768 2354 1835 ﬁcationem,
2403 1769 2565 1824 linem
2611 1781 2742 1822 vero
2787 1766 2952 1820 vitam
3002 1773 3288 1818 aeternam.
3334 1761 3622 1832 Stipendia

312 1879 409 1933 per
437 1863 597 1916 unius
623 1861 890 1932 justitiam
933 1863 990 1918 in
1031 1878 1221 1918 omnes
1267 1863 1518 1918 homines
1547 1865 1597 1918 in
1635 1861 1903 1932 jnstilica-
1941 1855 1984 1917 Β
2010 1865 2154 1920 enim
2187 1863 2415 1934 peccati,
2451 1879 2618 1918 mors.
2651 1860 2832 1917 Gratia
2862 1869 3041 1915 autem
3088 1857 3205 1926 Dei,
3248 1857 3352 1912 vita
3385 1867 3615 1926 aatcrna,

312 1957 510 2009 tionem
539 1957 685 2011 vita}.
735 1956 887 2011 Sicut
933 1956 1079 2011 enim
1127 1972 1222 2026 per
1274 1957 1697 2013 inobedientiam
1747 1958 1904 2012 unius

310 2047 572 2118 hominis,
606 2061 920 2118 peccatores
944 2051 1227 2105 constituti
1257 2051 1559 2107 snntmulti
1590 2069 1603 2107 :
1629 2051 1703 2106 ita
1733 2061 1787 2107 et
1812 2067 1906 2122 per

311 2140 471 2192 unius
520 2139 891 2196 obeditionem
923 2185 938 2210 ,
982 2140 1114 2211 juSti
1151 2144 1546 2198 constituentur
1589 2146 1758 2200 multi.
1792 2144 1900 2199 Lex

312 2239 496 2284 autem
543 2231 890 2297 subintravit,
921 2243 976 2287 ut
1007 2234 1308 2290 abundaret
1339 2237 1619 2290 delictum.
1656 2237 1756 2293 Ubi
1812 2253 1906 2292 au-

313 2330 420 2376 tem
451 2323 744 2379 abundavit
776 2325 1066 2392 delictum,
1105 2328 1566 2397 superabundavit
1603 2330 1798 2400 gratia.
1837 2328 1906 2386 Ut

311 2415 455 2469 sient
499 2417 745 2485 regnavit
789 2430 1071 2486 peccatum
1121 2419 1172 2474 iu
1216 2429 1445 2476 mortem
1481 2438 1495 2475 :
1527 2421 1597 2476 ita
1635 2432 1688 2476 et
1733 2423 1904 2492 gratia

312 2517 503 2577 regnet
549 2523 645 2579 per
671 2509 936 2580 justitiam
971 2512 1024 2566 in
1056 2513 1220 2567 vitam
1261 2523 1521 2569 aeternam
1552 2558 1566 2581 ,
1601 2530 1696 2584 per
1716 2515 1902 2571 Jesum

309 2600 584 2656 Christum
617 2603 902 2659 Dominum
931 2616 1200 2660 nostrum.

383 2695 537 2767 [(Iap.
570 2691 682 2765 VL]
713 2696 850 2765 Quid
897 2713 1026 2770 ergo
1056 2699 1341 2754 dicemus?
1382 2699 1820 2769 permanebimus
1848 2701 1904 2756 in

311 2800 556 2858 peccato,
585 2801 640 2844 ut
669 2792 840 2862 gratia
872 2792 1155 2848 abundet?
1183 2793 1357 2848 Absit.
1392 2795 1491 2860 Qui
1533 2796 1677 2849 enint
1709 2795 1906 2851 mortui

310 2898 498 2937 sumus
525 2895 768 2954 peccato,
801 2886 1074 2956 quomodo
1101 2886 1278 2941 adhuc
1307 2888 1548 2942 vivemus
1580 2889 1632 2942 in
1664 2888 1793 2943 illo?
1825 2890 1904 2943 An

311 2977 571 3043 ignoratis
597 2977 719 3045 quia
751 2984 1085 3048 quicumque
1121 2980 1371 3049 baptizati
1400 2997 1584 3036 sumus
1614 2985 1667 3034 in
1694 2980 1907 3035 Christo

308 3070 472 3131 Jesu,
515 3071 568 3125 in
609 3084 785 3126 morte
834 3074 999 3142 ipsius
1043 3074 1298 3145 baptizali
1331 3075 1559 3127 sumus?
1592 3075 1903 3145 Consepulti

307 3165 454 3220 enim
488 3180 674 3219 smnus
706 3182 826 3220 cum
859 3167 950 3220 illo
981 3182 1078 3237 per
1103 3167 1429 3237 baptismum
1465 3169 1515 3222 in
1547 3182 1782 3223 mortem
1809 3183 1823 3219 :
1851 3176 1907 3221 ut

2012 1959 2064 2013 in
2095 1957 2310 2013 Christo
2337 1958 2463 2013 Jesu
2498 1955 2726 2010 Domino
2758 1960 2966 2007 nostro.

2081 2050 2234 2123 [Cap.
2272 2050 2405 2120 VlI.|
2439 2052 2519 2104 Au
2553 2048 2833 2118 ignoratis,
2867 2045 3063 2100 fratres
3098 2041 3434 2116 (scientibus
3472 2041 3618 2096 enim

2009 2143 2183 2214 legem
2216 2142 2441 2214 loquor)
2471 2141 2599 2212 quia
2627 2141 2710 2194 lex
2734 2140 2787 2192 in
2811 2137 3032 2192 homine
3054 2135 3394 2199 dominatur,
3421 2144 3624 2206 quanto

2009 2248 2254 2308 tempore
2279 2236 2446 2291 vivit?
2474 2232 2608 2289 Nam
2640 2247 2762 2302 quae
2787 2231 2889 2286 sub
2915 2231 3032 2285 viro
3058 2236 3141 2284 cst
3167 2227 3382 2295 mulier,
3407 2228 3628 2282 vivente

2007 2331 2145 2398 viro,
2176 2329 2396 2399 alligata
2427 2334 2510 2381 est
2538 2326 2678 2397 legi:
2724 2323 2771 2379 si
2814 2334 2997 2379 autem
3046 2332 3297 2375 mortuus
3339 2319 3500 2374 fuerit
3544 2321 3625 2375 vir

2007 2424 2147 2493 ejus,
2178 2421 2357 2476 Soluta
2389 2428 2472 2475 est
2497 2435 2522 2472 a
2557 2419 2674 2489 lege
2705 2417 2833 2472 viri.
2871 2415 3054 2486 Igitur,
3087 2414 3304 2468 vivente
3344 2414 3480 2475 viro,
3525 2427 3623 2466 vo-

2008 2516 2221 2570 cabitur
2265 2513 2528 2581 adultera,
2573 2513 2618 2567 si
2671 2509 2834 2565 luerit
2873 2525 2996 2565 cum
3039 2509 3146 2562 alio
3179 2507 3336 2563 viro:
3370 2507 3411 2559 si
3441 2516 3621 2560 autem

2010 2621 2258 2663 mortuus
2290 2605 2452 2662 fuerit
2479 2607 2559 2660 vir
2585 2604 2724 2674 ejus,
2759 2602 2990 2658 liberata
3033 2610 3115 2656 est
3153 2615 3182 2654 a
3227 2600 3344 2669 lege
3381 2597 3518 2663 viri,
3567 2604 3623 2653 ut

2012 2720 2118 2758 non
2145 2703 2213 2756 sit
2239 2701 2506 2764 adultera,
2537 2699 2584 2754 si
2613 2697 2769 2754 fuerit
2801 2712 2924 2752 cum
2956 2696 3062 2750 alio
3092 2696 3230 2749 viro.
3264 2693 3473 2763 Itaque,
3515 2691 3624 2746 fra-

2011 2807 2120 2854 tres
2152 2797 2274 2862 mei,
2309 2805 2364 2851 et
2391 2809 2485 2849 vos
2507 2793 2813 2848 nmrtiftcati
2838 2793 2972 2848 estis
2999 2791 3099 2862 legi
3126 2805 3219 2859 per
3238 2803 3436 2858 corpus
3461 2786 3620 2842 Chri-

2010 2893 2112 2947 sti:
2156 2901 2213 2945 ut
2251 2890 2367 2944 sitis
2398 2887 2640 2955 alterius,
2672 2887 2761 2956 qui
2789 2902 2856 2941 ex
2895 2884 3125 2940 mortuis
3151 2881 3472 2947 resurrexit,
3503 2887 3562 2934 ut
3595 2889 3619 2917 ο

2012 2986 2400 3041 fructificcmus
2435 2986 2564 3038 lleo.
2597 2983 2730 3036 Cum
2765 2980 2908 3034 enim
2939 2992 3182 3034 essemus
3204 2976 3255 3030 in
3285 2989 3472 3037 carne,
3500 2989 3623 3041 pas-

2012 3084 2192 3137 siones
2226 3086 2594 3150 peccatorum,
2625 3090 2746 3146 qnae
2779 3091 2875 3145 per
2900 3075 3070 3144 legem
3104 3080 3284 3137 erant,
3317 3068 3624 3140 operabatu-

2013 3186 2101 3230 tur
2125 3175 2177 3230 itt
2206 3171 2460 3228 membris
2487 3168 2710 3233 nostris,
2743 3177 2798 3221 ut
2829 3166 3223 3221 fructificarettt
3250 3163 3436 3218 morti.
3469 3159 3623 3214 Nunc

305 3257 582 3328 quomodo
612 3258 862 3314 Christus
908 3260 1147 3315 surrexit
1195 3275 1223 3313 a
1273 3262 1504 3316 mortuis
1555 3277 1650 3330 per
1675 3262 1902 3331 gloriam
1931 3249 1976 3311 (ἶ
2010 3276 2188 3322 autem
2212 3263 2763 3332 solutisumusalege
2792 3260 3004 3325 inertis,
3029 3254 3619 3328 inquadetinebantur,

309 3351 484 3405 Patris
513 3393 528 3417 ,
561 3353 630 3406 ita
673 3362 730 3407 et
761 3368 858 3406 nos
889 3353 940 3406 in
990 3354 1228 3408 novitate
1273 3353 1399 3407 vita:
1431 3353 1791 3408 ambulemus.
1843 3355 1902 3410 Si

306 3445 454 3499 enim
498 3447 851 3512 eotnplantati
903 3445 1026 3501 facti
1074 3463 1265 3502 sumus
1318 3448 1654 3502 similitudini
1711 3450 1903 3505 lllOllIS

306 3539 424 3607 ejus
451 3556 463 3591 :
493 3537 656 3593 simul
688 3550 741 3592 et
763 3539 1184 3594 resurrectionis
1213 3539 1436 3594 erimus.
1473 3539 1583 3594 Iloc
1625 3540 1860 3595 scientes
1886 3582 1902 3605 ,

310 3631 434 3696 quia
471 3643 624 3682 vetus
673 3630 834 3685 homo
883 3641 1071 3686 noster
1132 3633 1292 3686 simul
1344 3631 1636 3688 crucifixus
1679 3643 1796 3699 est,
1848 3643 1906 3689 ιιι

304 3723 618 3777 deut-natur
655 3737 854 3794 corpus
897 3725 1136 3794 peccati,
1181 3735 1230 3780 et
1281 3727 1420 3780 ultra
1463 3740 1570 3780 non
1603 3729 1904 3782 serviamus

303 3823 549 3885 peccato.
589 3816 689 3882 Qui
737 3817 880 3871 enim
930 3828 1174 3871 mortuus
1227 3827 1332 3885 est,
1377 3817 1704 3888 justifieatus
1751 3827 1834 3873 est
1874 3835 1904 3874 a

303 3917 550 3976 peccato.
578 3907 632 3963 Si
667 3916 848 3962 autem
881 3909 1079 3962 mortui
1109 3924 1298 3963 sumus
1328 3924 1448 3964 cum
1477 3907 1695 3964 Christo
1721 3957 1736 3976 ,
1781 3927 1904 3967 cre-

301 4001 482 4055 dimus
503 4003 624 4070 quia
649 4001 808 4055 simul
836 4003 995 4057 etiam
1022 4002 1262 4058 vivemus
1287 4018 1409 4059 cum
1439 4003 1657 4060 Christo
1684 4023 1696 4058 :
1727 4004 1905 4061 scien—

304 4106 384 4151 tes
434 4093 576 4165 quod
630 4095 874 4150 (.hristus
926 4112 1215 4166 resurgens
1257 4115 1319 4151 ex
1369 4101 1598 4154 mortuis
1644 4099 1752 4169 jam
1801 4117 1904 4155 non

302 4193 556 4256 moritur,
591 4205 738 4246 mors
771 4192 841 4244 illi
873 4191 1018 4246 ultra
1043 4207 1150 4246 non
1175 4192 1562 4248 dimtinabitur.
1585 4193 1738 4261 Quod
1762 4195 1905 4249 enim

303 4297 547 4338 mortuus
571 4296 649 4338 est
677 4292 914 4353 peccato,
943 4265 1188 4338 mortuus
1212 4293 1295 4340 est
1315 4285 1516 4341 semel:
1551 4286 1692 4358 quod
1727 4297 1908 4343 autem

304 4379 456 4445 vivit,
476 4377 606 4432 vivit
635 4377 849 4432 Deo.lta
873 4389 927 4432 et
952 4392 1046 4433 vos
1068 4378 1394 4446 existimate,
1420 4395 1514 4434 vos
1538 4389 1779 4435 mortuos
1792 4384 1908 4450 qui-

301 4476 423 4526 dem
445 4487 566 4528 esse
587 4482 828 4543 peccato,
854 4473 1090 4528 viventes
1112 4480 1290 4527 autem
1321 4472 1452 4536 Deo,
1479 4472 1531 4527 in
1552 4472 1908 4530 CliristoJcsu

307 4577 328 4603 ε
361 4566 590 4619 Domino
608 4576 816 4620 nostro.
842 4564 958 4619 Non
986 4579 1114 4636 ergo
1136 4573 1324 4634 regnet
1347 4575 1624 4634 peccatum
1649 4566 1702 4619 in
1727 4578 1908 4622 vestro

2008 3363 2081 3416 ita
2117 3371 2174 3414 ut
2201 3359 2502 3414 serviamus
2537 3360 2588 3409 in
2619 3354 2856 3408 novitate
2884 3351 3126 3421 spiritus,
3160 3358 3213 3404 ct
3243 3363 3350 3401 non
3386 3347 3435 3398 in
3474 3355 3625 3398 vetu-

2006 3465 2146 3512 state
2178 3455 2392 3509 littcrm.
2417 3451 2556 3519 Quid
2587 3464 2714 3519 ergo
2745 3448 3027 3502 dicemus?
3070 3445 3155 3498 lex
3200 3450 3478 3513 peccatum
3507 3442 3628 3494 est?

2005 3547 2178 3604 Absit.
2203 3546 2308 3603 Sed
2341 3555 2618 3615 peccatum
2640 3558 2744 3595 non
2764 3537 3131 3610 cognovi,nisi
3153 3551 3247 3606 per
3265 3535 3436 3605 legem
3462 3552 3473 3588 :
3502 3548 3625 3588 nam

2007 3639 2501 3711 concupiscentiam
2528 3637 2856 3702 nesciebam,
2879 3635 2980 3689 nisi
3005 3635 3090 3689 lex
3113 3633 3312 3687 diceret
3333 3649 3345 3683 :
3364 3630 3480 3685 Non
3496 3646 3630 3685 cou-

2007 3734 2272 3804 cupisces.
2293 3731 2430 3787 Occa
2440 3732 2592 3785 sione
2607 3739 2784 3784 autem
2808 3737 3049 3797 accepta,
3070 3735 3344 3796 peccatum
3364 3741 3458 3794 per
3475 3741 3628 3778 man-

2014 3827 2198 3880 datum
2233 3833 2513 3894 operatum
2542 3821 2700 3878 estin
2735 3837 2820 3876 me
2849 3835 3062 3874 omnem
3107 3817 3624 3888 concupiscentiam.

2008 3918 2138 3974 Sine
2166 3919 2282 3988 lege
2310 3917 2454 3971 enim
2481 3927 2760 3986 peccatum
2812 3923 3079 3966 mortuum
3118 3920 3257 3966 erat.
3287 3909 3400 3977 Ego
3443 3918 3626 3963 autent

2009 4011 2252 4066 vivebam
2278 4011 2394 4065 sine
2412 4011 2528 4079 lege
2545 4007 2857 4078 aliquando.
2877 4005 2980 4062 Sed
2999 4020 3120 4059 cum
3144 4003 3384 4059 venisset
3402 4003 3631 4056 manda-

2010 4116 2146 4171 tum,
2178 4115 2456 4176 peccatum
2506 4103 2718 4157 revixit.
2765 4101 2878 4170 Ego
2923 4109 3102 4152 autem
3128 4106 3371 4152 mortuus
3395 4111 3546 4151 sum:
3574 4103 3630 4151 et

2012 4202 2289 4256 inventum
2312 4208 2395 4254 est
2418 4198 2546 4252 mihi
2574 4194 2886 4251 mandatum
2912 4193 3051 4263 quod
3081 4193 3289 4248 eratad
3315 4196 3504 4257 vitam,
3523 4189 3627 4244 hoc

2013 4310 2134 4352 esse
2151 4295 2215 4350 ad
2239 4303 2490 4349 mortem.
2515 4291 2648 4346 Nam
2671 4301 2950 4362 peccatum
2975 4287 3266 4342 occasione
3283 4295 3504 4355 accepta
3535 4299 3629 4354 per

2014 4392 2353 4455 mandatum,
2384 4387 2598 4442 seduxit
2630 4400 2738 4448 me,
2771 4392 2826 4438 et
2859 4398 2953 4453 per
2995 4380 3123 4436 illttd
3171 4378 3388 4433 occidit.
3441 4377 3629 4448 Itaque

2013 4485 2096 4541 lex
2121 4483 2336 4555 quidem
2359 4488 2566 4547 sanrta,
2594 4488 2650 4535 et
2674 4475 2989 4533 mandatum
3018 4483 3288 4541 sanctum,
3316 4482 3370 4526 et
3393 4472 3625 4540 justum,

2015 4589 2069 4632 et
2099 4579 2320 4632 bonttm.
2352 4571 2505 4640 Quod
2535 4587 2665 4641 ergo
2715 4571 2914 4623 bonum
2966 4577 3070 4628 est,
3121 4564 3252 4618 mihi
3299 4562 3502 4616 factum
3545 4571 3630 4618 est

303 4659 787 4729 mortalicorpore,
813 4658 1152 4714 utobediatis
1174 4659 1627 4727 concupiscentiis
1647 4659 1784 4728 ejus.
1804 4659 1910 4714 Sed
1946 4654 1993 4713 D
2020 4670 2203 4724 mors?
2235 4670 2408 4724 Absit,
2445 4667 2550 4724 Sed
2585 4674 2887 4736 peccatum,
2919 4669 2980 4715 ut
3015 4667 3275 4729 appareat
3315 4663 3624 4726 peccatum,

301 4767 479 4820 neque
501 4752 807 4806 cxltibeatis
831 4752 1070 4806 membra
1092 4761 1268 4806 vestra
1293 4767 1442 4806 arma
1467 4751 1764 4823 iniquitatis
1789 4769 1915 4822 pec-

296 4851 423 4897 cato
443 4861 453 4895 :
474 4842 567 4898 sed
585 4842 834 4898 exhibete
848 4857 947 4898 vos
965 4841 1099 4909 Deo,
1119 4853 1386 4913 tamquam
1407 4858 1472 4898 ex
1489 4843 1714 4898 mortuis
1731 4843 1916 4898 viven-

297 4948 416 4994 tes:
466 4949 518 4994 ct
566 4940 803 4995 membra
835 4949 1013 4995 vestra
1042 4956 1190 4996 arma
1212 4941 1431 5010 juStitize
1462 4942 1593 4997 Deo.
1626 4942 1913 4998 Peccatum

299 5035 446 5086 enim
476 5033 626 5087 vobis
655 5049 764 5087 non
787 5033 1184 5090 dominabitur:
1208 5050 1311 5088 non
1333 5036 1476 5089 enim
1502 5035 1601 5090 sub
1626 5036 1740 5107 lege
1760 5038 1913 5102 estis,

301 5127 398 5182 sed
440 5128 542 5181 sub
593 5127 789 5198 gratia.
838 5128 975 5195 Quid
1026 5130 1204 5198 ergo?
1246 5129 1608 5199 peccabimns,
1652 5133 1904 5202 quoniam

302 5239 409 5276 non
444 5235 630 5276 sumus
655 5222 758 5275 sub
786 5222 925 5292 lege,
956 5222 1049 5276 sed
1077 5221 1176 5276 sub
1206 5223 1408 5291 gratia?
1449 5222 1622 5278 Absit.
1673 5223 1904 5280 Nescitis

298 5313 557 5382 quoniam
603 5314 688 5368 eni
732 5315 998 5370 exbibetis
1045 5329 1143 5369 vos
1184 5329 1372 5370 servos
1410 5316 1475 5370 ad
1507 5317 1892 5387 obediendum,

374 5466 399 5492 δ
430 5457 482 5510 ln
509 5457 724 5510 instanti
753 5457 1030 5512 Palatinus
1055 5471 1184 5522 ms.,
1215 5473 1316 5512 non
1339 5459 1651 5526 imputatur,
1676 5477 1790 5514 cunt
1815 5463 1899 5516 lea:

298 5540 534 5596 nonest,
584 5528 671 5582 cui
715 5528 932 5584 lectioni
973 5528 1198 5585 Grzncus
1234 5545 1448 5600 quoque
1496 5539 1677 5586 textus
1705 5531 1901 5588 suffra-

301 5612 481 5670 gatur.

373 5670 400 5708 b
439 5671 622 5726 Denuo
647 5671 888 5737 pressius
918 5671 1110 5746 Graeco
1137 5672 1454 5746 exemplari.
1479 5691 1570 5744 per
1598 5691 1755 5728 unum
1781 5692 1902 5746 pec-

300 5755 543 5821 cantem,
589 5758 686 5821 pro
715 5753 994 5821 peccatum.
1029 5743 1229 5811 (ἔταξα,
1255 5743 1324 5800 δι’
1343 5743 1898 5821 saeuamque“.

301 5814 422 5868 Mox
443 5855 457 5875 ,
493 5813 628 5867 Nam
650 5813 917 5886 judicium
945 5833 1006 5869 ea:
1031 5833 1132 5869 uno
1156 5857 1168 5877 ,
1206 5813 1573 5885 praetenuisSo
1591 5813 1818 5886 quidem.

374 5898 395 5920 ε·
427 5887 558 5953 Quae
579 5897 632 5942 et
653 5885 898 5944 nonnulli
919 5886 1091 5944 Graeci
1114 5889 1330 5944 codices
1354 5885 1681 5960 prsetereunt
1710 5891 1873 5947 verba

2018 4779 2112 4834 per
2140 4764 2336 4816 bonum
2364 4770 2648 4830 operatum
2677 4767 2760 4812 est
2790 4754 2921 4810 mibi
2949 4761 3176 4806 mortem
3207 4767 3222 4803 :
3256 4757 3314 4803 ut
3345 4748 3437 4802 fiat
3465 4761 3629 4817 supra

2018 4855 2238 4910 modum
2273 4868 2504 4922 peccans
2549 4861 2829 4922 peccatum
2883 4861 2978 4917 per
3028 4845 3361 4898 mandatum.
3414 4839 3630 4896 Scimus

2017 4949 2161 5004 enim
2207 4947 2332 5018 quia
2385 4947 2472 5002 lex
2520 4942 2819 5014 spiritualis
2863 4951 2982 4994 est:
3035 4952 3135 5006 ego
3186 4944 3366 4991 autem
3396 4932 3630 4989 carnalis

2016 5059 2157 5109 sum,
2192 5039 2546 5096 venumdatus
2576 5037 2676 5092 sub
2715 5045 2958 5107 peccato.
3006 5031 3161 5100 Quod
3210 5028 3354 5085 enim
3403 5044 3628 5099 operor,

2017 5151 2124 5190 non
2175 5132 2437 5202 intelligo.
2488 5131 2601 5186 Non
2652 5131 2796 5186 enim
2841 5125 2986 5197 quod
3033 5126 3154 5178 volo
3189 5122 3205 5161 ί
3244 5123 3466 5188 bonum,
3521 5122 3624 5177 hoc

2013 5244 2113 5298 ago
2139 5245 2153 5281 :
2181 5227 2274 5282 sed
2306 5227 2446 5296 quod
2468 5226 2554 5280 odi
2584 5224 2807 5287 malum,
2840 5221 2965 5274 illud
2998 5219 3152 5290 facio.
3187 5217 3244 5275 Si
3274 5225 3454 5272 autem
3483 5215 3626 5285 quod

2013 5323 2162 5391 nolo,
2193 5323 2322 5377 illud
2357 5322 2530 5375 facio:
2565 5317 2848 5374 censentio
2877 5315 3007 5386 legi,
3038 5316 3294 5385 quoniam
3339 5312 3476 5366 bona
3517 5319 3624 5375 est,

2007 5461 2233 5517 Domino
2262 5469 2458 5524 nostra,
2492 5458 2770 5514 Palatinus
2796 5471 3013 5527 quoque
3043 5469 3145 5510 ms.
3180 5455 3370 5508 nescit.

2079 5532 2102 5570 ά
2137 5533 2245 5590 Sed
2277 5547 2450 5600 neque
2481 5530 2596 5584 ltzec
2627 5531 2735 5584 duo
2763 5524 2950 5600 verba,
2977 5528 3031 5581 in
3063 5527 3190 5590 illis,
3224 5528 3274 5578 in
3303 5524 3492 5600 eodem
3526 5525 3626 5578 Pa-

2010 5605 2181 5660 latino
2216 5620 2317 5658 ms.
2362 5596 2667 5658 habentur:
2717 5599 2858 5671 quod
2913 5611 2967 5654 et
3017 5600 3241 5668 pr0pius
3289 5607 3372 5651 est
3422 5596 3625 5650 Graii-az

2078 5692 2230 5730 IGNE.

2078 5692 2087 5728 t
2136 5696 2155 5729 r
2218 5718 2230 5730 .

2007 5679 2470 5802 Ill“alifel’alatiuo
2513 5759 2636 5809 ms.,
2675 5754 2729 5797 ut
2773 5743 3231 5814 fructi/immittas,
3266 5741 3331 5793 ad
3376 5739 3624 5794 Grati-mn

2006 5820 2302 5894 exetttplar,
2331 5820 2930 5894 iu_zap1rppopn'awyw.

2085 5889 2102 5928 ί
2136 5882 2395 5948 Α’ὺνυίυῑθ
2424 5891 2474 5944 itt
2502 5882 2743 5945 Ρυιιὶιιὶιο
2772 5882 2896 5957 ms.,
2930 5903 3030 5942 twn
3050 5886 3186 5941 ααοά
3214 5885 3355 5950 volo,
3380 5882 3474 5936 hoc
3501 5895 3625 5953 ago,
