4166 6336
522 331 627 389 755

1555 332 1612 391 S.
1656 332 2032 392 HIERONYMI
2075 330 2306 391 DIVINA
2349 328 2827 389 BIBLIOTIIECA.

3717 333 3827 391 ’1⁸56

519 451 673 509 Nunc
702 458 881 507 autem
906 450 1019 523 jam
1045 465 1151 507 non
1182 465 1285 524 ego
1310 464 1509 524 operor
1539 451 1694 519 illud,
1723 452 1817 509 sed
1846 450 1988 523 quod
2028 450 2123 505 ha-
2150 454 2198 516 Α
2228 450 2491 507 Existimo
2520 449 2687 520 enim,
2721 448 2865 520 quod
2896 456 3005 504 non
3046 458 3167 505 sunt
3216 442 3498 522 condignae
3546 448 3829 519 passiones

521 544 660 603 bitat
690 546 743 600 in
774 559 863 602 me
894 554 1194 616 peccatum.
1223 544 1353 603 Scio
1390 546 1536 603 enim
1585 545 1710 617 quia
1755 559 1861 601 non
1914 544 2122 601 habitat

523 636 579 694 in
627 651 739 705 me,
788 636 894 694 hoc
944 647 1028 694 est
1075 638 1129 694 in
1177 652 1341 695 carne
1369 653 1509 707 mea,
1546 637 1765 694 bonum.
1793 636 1931 695 Nam
1958 637 2118 703 velle,

521 730 736 802 adjacet
762 729 894 787 mihi
922 750 935 786 :
966 731 1227 802 perlicere
1256 740 1433 788 autem
1463 731 1687 798 bonum,
1731 744 1839 787 non
1880 730 2119 788 invenio.

2226 543 2385 616 hujus
2416 544 2676 615 temporis
2702 543 2770 599 ad
2801 541 3034 598 futuram
3064 542 3314 613 gloriam,
3346 558 3467 615 qua:
3498 541 3832 599 revelabitur

2224 635 2279 692 in
2327 636 2505 692 nobis.
2552 634 2686 691 Nam
2746 637 3080 707 exspectatio
3119 644 3391 693 creatura:
3435 635 3828 692 revelatiouem

2225 728 2454 785 ﬁliorum
2486 728 2581 785 Dei
2611 738 2909 799 exSpeetat.
2951 729 3189 786 Vanitati
3224 730 3369 786 enim
3408 737 3661 786 creatura
3700 727 3835 784 sub-

523 823 642 883 Non
689 826 836 882 enim
876 825 1021 898 quod
1065 827 1192 882 volo
1232 826 1455 893 bonum,
1508 825 1611 882 hoc
1648 824 1823 883 facio:
1852 825 1949 882 sed
1978 825 2121 898 quod
2220 821 2364 895 jecta
2393 832 2610 879 estnon
2642 822 2850 890 volens,
2884 824 2979 879 sed
3013 832 3236 895 propter
3278 837 3403 879 eum
3452 822 3544 895 qui
3594 820 3831 892 subjecit

524 918 654 975 nolo
684 917 909 987 malum,
942 917 1046 974 hoc
1072 932 1192 990 ago.
1221 918 1277 975 Si
1309 927 1491 975 autem
1520 918 1664 991 quod
1693 919 1841 986 uolo,
1871 918 2003 975 illud
2043 918 2125 974 fa-

524 1010 780 1082 cio:jam
815 1008 946 1083 [Μσ.
987 1019 1089 1066 tac.
1128 1008 1264 1082 jam]
1309 1025 1415 1067 non
1459 1024 1560 1083 ego
1600 1025 1799 1083 operor
1833 1011 1987 1081 illud,
2028 1011 2124 1067 sed

524 1103 667 1175 quod
695 1103 901 1160 habitat
927 1101 981 1158 in
1012 1116 1102 1159 me
1130 1113 1434 1175 peccatum.
1475 1102 1695 1160 Invenio
1744 1104 1908 1176 igitur
1949 1104 2124 1176 legem

522 1194 726 1252 volenti
773 1196 904 1251 mihi
948 1194 1131 1253 facere
1179 1196 1403 1263 bonum,
1454 1198 1708 1270 quoniam
1758 1198 1889 1254 mihi
1924 1200 2125 1256 malum

524 1289 737 1359 adjacet
765 1307 777 1343 :
809 1288 1165 1346 condelector
1189 1291 1335 1345 enim
1370 1289 1473 1361 legi
1520 1290 1615 1347 Dei
1654 1291 1953 1347 secundum
1988 1292 2130 1348 inte-

521 1381 723 1438 riorem
756 1382 1035 1439 hominem
1060 1399 1074 1437 :
1107 1382 1265 1440 video
1287 1391 1469 1439 autem
1492 1384 1654 1440 aliam
1678 1385 1850 1457 legem
1872 1387 1925 1442 in
1955 1400 2129 1442 mem-

522 1476 638 1532 bris
669 1477 829 1548 meis,
857 1489 1253 1549 repugnantem
1296 1479 1398 1550 legi
1445 1479 1640 1536 mentis
1676 1495 1834 1551 meat,
1877 1491 1933 1538 et
1961 1481 2130 1554 capti-

522 1579 737 1626 vantem
769 1586 857 1627 me
887 1572 941 1627 in
970 1572 1090 1644 lege
1112 1573 1341 1645 peccati,
1364 1589 1487 1645 qua:
1508 1583 1591 1630 est
1612 1575 1664 1629 in
1689 1574 1948 1632 membris
1971 1576 2127 1633 meis.

523 1662 713 1722 lnl‘elix
735 1680 836 1739 ego
862 1666 1044 1736 homo,
1077 1668 1200 1741 quis
1221 1684 1308 1725 me
1326 1668 1578 1725 liberabit
1596 1672 1664 1726 de
1686 1685 1919 1742 corpore
1940 1672 2131 1729 mortis

527 1756 721 1829 hujus?
770 1758 956 1817 Gratia
1004 1760 1097 1817 Dei
1146 1776 1243 1833 per
1286 1760 1472 1817 Jesum
1519 1761 1793 1818 Christum
1840 1762 2127 1819 Dominum

2212 913 2255 955 ’δ
2283 931 2402 972 eam
2434 917 2486 973 in
2520 932 2655 986 spe:
2695 918 2818 988 quia
2871 925 2927 973 et
2974 917 3087 988 ipsa
3135 924 3382 973 creatura
3431 914 3756 971 liberabitur
3799 929 3830 968 a

2226 1011 2488 1066 servitute
2516 1010 2902 1082 corruptionis,
2935 1011 2987 1065 in
3027 1011 3334 1066 libertatem
3377 1008 3563 1080 gloria:
3593 1006 3831 1064 liliorum

2229 1102 2345 1159 Dei.
2389 1103 2603 1160 Scimus
2633 1105 2777 1159 enim
2822 1103 2967 1174 quod
3013 1103 3191 1160 omnis
3234 1111 3486 1159 creatura
3528 1102 3835 1174 ingemiscit

2228 1207 2284 1254 et
2315 1200 2545 1269 parturit
2575 1213 2744 1270 usque
2775 1198 2972 1254 adhuc.
3003 1197 3118 1253 Non
3148 1198 3327 1255 solum
3357 1205 3536 1253 autem
3572 1196 3685 1263 illa,
3731 1195 3833 1252 sed

2229 1301 2286 1352 et
2313 1310 2411 1350 nos
2452 1295 2555 1365 ipsi
2594 1296 2859 1367 primitias
2900 1296 3121 1367 spiritus
3151 1295 3444 1355 habentes:
3472 1303 3528 1351 et
3554 1293 3656 1364 ipsi
3687 1293 3833 1349 intra

2229 1402 2331 1444 nos
2358 1389 2644 1461 gemimu=,
2676 1388 3021 1461 adoptibnem
3048 1389 3280 1446 ﬁliorum
3304 1389 3402 1446 Dei
3424 1395 3828 1459 exspectantes,

2229 1482 2659 1555 redemptionem
2690 1484 2934 1556 corporis
2961 1486 3150 1541 nostri.
3182 1483 3293 1555 Spe
3335 1483 3481 1540 enim
3525 1481 3659 1538 salvi
3704 1479 3837 1537 facti

2230 1592 2435 1634 sumus.
2468 1576 2605 1648 Spes
2635 1589 2815 1634 autem
2840 1593 2959 1650 qua:
2987 1577 3223 1643 videtur,
3257 1592 3364 1634 non
3397 1586 3481 1633 est
3512 1590 3672 1648 spes:
3705 1588 3835 1630 nam

2230 1669 2373 1743 quod
2404 1669 2546 1725 videt
2584 1671 2725 1742 quis,
2766 1670 2896 1742 quid
2939 1664 3070 1745 [11s.
3123 1668 3239 1743 qui]
3292 1669 3513 1741 sperat?
3558 1668 3613 1725 Si
3653 1675 3837 1724 autem

2232 1762 2375 1835 quod
2400 1779 2506 1818 nou
2538 1762 2802 1831 videmus,
2831 1777 3115 1834 speramus
3141 1781 3157 1820 :
3185 1777 3282 1831 per
3309 1761 3620 1833 patientiam
3644 1774 3840 1830 exSpec

526 1862 794 1909 nostrum.
819 1852 988 1925 Igitur
1006 1869 1108 1926 ego
1132 1857 1250 1926 ipse
1277 1864 1457 1912 mente
1478 1854 1658 1913 servio
1680 1855 1783 1928 legi
1813 1856 1905 1913 Dei
1927 1874 1942 1926 ;
1964 1871 2130 1914 carne
2159 1857 2208 1920 B
2233 1864 2464 1912 ctamus.
2495 1854 2755 1911 Similiter
2779 1866 2959 1913 autem
2986 1863 3045 1912 et
3079 1853 3313 1928 Spiritus
3355 1854 3575 1926 adjuvat
3614 1852 3845 1909 inﬁrmi-

528 1953 709 2001 autem
740 1945 843 2018 legi
873 1946 1101 2017 peccati.

602 2039 756 2113 [Cap.
786 2040 953 2113 Vll1.]
983 2041 1124 2099 Nihil
1166 2057 1297 2116 ergo
1332 2059 1476 2101 nunc
1516 2044 1880 2103 damnationis
1915 2056 2000 2103 est
2037 2047 2124 2119 iis,

527 2136 775 2207 quisuut
803 2135 857 2192 in
884 2136 1101 2194 Christo
1130 2135 1290 2209 Iesu:
1315 2140 1405 2210 qui
1437 2155 1543 2195 non
1574 2141 1873 2199 secundum
1906 2156 2126 2199 carnem

527 2229 829 2285 ambulant.
868 2229 983 2287 Lex
1030 2232 1172 2287 enim
1220 2233 1440 2304 spiritus
1479 2234 1604 2289 vitte
1641 2234 1695 2290 in
1743 2234 1964 2291 Christo
1999 2234 2127 2292 Jesu

527 2318 782 2377 liberavit
808 2336 897 2378 me
922 2337 951 2377 a
979 2322 1096 2394 lege
1128 2326 1331 2395 peccati
1364 2334 1419 2382 et
1449 2325 1660 2382 mortis.
1686 2325 1819 2382 Nam
1850 2327 1994 2399 quod
2022 2328 2128 2383 im-

530 2413 792 2485 possibile
819 2423 940 2471 erat
969 2417 1096 2488 legi,
1128 2417 1181 2473 in
1212 2434 1322 2489 quo
1353 2419 1727 2475 inﬂrmabatur
1753 2436 1848 2490 per
1876 2436 2123 2477 carnem:

530 2507 673 2563 Deus
703 2508 869 2565 ﬁlium
913 2525 1071 2568 suum
1118 2511 1336 2571 mittens
1384 2516 1438 2571 in
1488 2516 1895 2574 similitudinem
1946 2519 2128 2574 carnis

525 2600 758 2671 peccati,
795 2612 851 2658 et
887 2602 956 2659 de
987 2612 1211 2675 peccato
1238 2605 1519 2663 damnat-it
1549 2618 1827 2680 peccatum
1855 2611 1906 2665 in
1938 2626 2124 2679 carne,

525 2701 588 2748 ut
612 2693 926 2763 justilicatio
955 2696 1086 2769 legis
1110 2698 1430 2769 impleretur
1457 2699 1509 2756 in
1539 2701 1716 2770 nobis,
1757 2702 1847 2773 qui
1895 2716 2001 2758 non
2040 2716 2130 2759 se-

526 2787 760 2843 cundum
783 2803 1005 2845 carnem
1029 2790 1388 2863 ambulamus,
1414 2794 1509 2851 sed
1532 2796 1828 2851 secundum
1853 2796 2125 2868 spiritum.

526 2879 627 2949 Qui
660 2882 804 2938 enim
831 2884 1129 2941 secundum
1166 2901 1388 2945 carnem
1418 2896 1567 2958 sunt,
1597 2906 1718 2962 qua:
1754 2892 1935 2949 carnis
1977 2904 2124 2960 sunt,

526 2975 764 3046 sapiunt.
815 2978 917 3046 Qui
966 2995 1099 3036 vero
1148 2981 1445 3038 secundum
1493 2984 1743 3054 Spiritum
1792 2995 1961 3052 sunt,
2006 3003 2128 3059 qua:

527 3079 655 3125 sunt
686 3071 911 3143 spiritus
937 3073 1194 3130 sentiunt.
1240 3074 1373 3130 Nam
1420 3076 1702 3146 prudentia
1746 3079 1946 3143 carnis,
1982 3094 2128 3137 mors

527 3173 611 3221 est
636 3183 647 3219 :
683 3165 969 3237 prudentia
999 3177 1182 3223 autem
1211 3167 1451 3240 spiritus,
1481 3172 1594 3226 vita
1619 3180 1675 3227 et
1702 3186 1830 3243 pax.
1859 3172 2124 3241 Quoniam

2235 1959 2399 2006 tatem
2444 1960 2725 2006 neStram:
2777 1966 2901 2006 nam
2941 1950 3070 2022 quid
3119 1964 3361 2019 oremus,
3413 1948 3553 2005 sicut
3598 1955 3840 2019 oportet,

2232 2045 2505 2102 nescimus
2531 2063 2543 2100 :
2575 2045 2671 2102 sed
2703 2048 2817 2117 ipse
2839 2044 3074 2116 Spiritus
3095 2045 3333 2119 postulat
3363 2060 3461 2115 pro
3489 2042 3646 2100 nobis
3666 2042 3847 2113 gemi-

2232 2138 2377 2195 tibus
2425 2139 2897 2195 inenarrabihbus.
2952 2139 3053 2208 Qui
3100 2150 3282 2194 autem
3328 2144 3603 2193 scrutatur
3647 2134 3841 2202 corda,

2230 2231 2336 2288 scit
2382 2234 2510 2304 quid
2558 2232 2832 2289 desideret
2879 2233 3141 2302 spiritus:
3182 2232 3309 2302 quia
3340 2228 3635 2286 secundum
3668 2227 3848 2282 Deum

2231 2325 2466 2396 postulat
2495 2340 2592 2396 pro
2620 2324 2841 2382 sanctis.
2874 2324 3090 2381 Scimus
3118 2335 3299 2379 autem
3326 2323 3579 2394 quoniant
3606 2319 3842 2392 diligen-

2231 2418 2372 2475 tibus
2417 2418 2587 2476 Deum
2632 2418 2811 2473 omnia
2860 2425 3228 2487 cooperantur
3274 2418 3327 2470 in
3375 2416 3594 2483 bonum,
3626 2413 3713 2480 iis,
3746 2412 3845 2483 qui

2230 2514 2528 2570 secundum
2559 2515 2897 2585 propositum
2927 2512 3102 2569 vocati
3136 2522 3261 2567 sunt
3293 2510 3487 2565 sancti.
3527 2507 3661 2564 Nam
3701 2523 3847 2593 quos

2232 2608 2520 2679 praescivit,
2557 2620 2611 2663 ct
2643 2606 3043 2679 prmdestinavit
3082 2603 3392 2661 eoul'orntes
3432 2602 3548 2658 ﬁeri
3589 2599 3847 2672 imaginis

2231 2701 2353 2757 Filii
2399 2702 2515 2769 sui,
2550 2707 2607 2756 ιιι
2651 2699 2723 2754 sit
2773 2699 2889 2771 ipse
2920 2696 3308 2769 primogenitus
3345 2696 3397 2751 in
3438 2694 3618 2750 multis
3657 2692 3848 2749 fratri-

2231 2794 2353 2853 bus.
2383 2794 2530 2864 Quos
2573 2776 2756 2849 autem
2797 2792 3227 2863 prmdestinavit,
3275 2792 3375 2845 hos
3421 2799 3471 2845 ct
3506 2788 3751 2845 vocavit:
3784 2795 3847 2842 et

2230 2904 2368 2961 quos
2407 2887 2653 2957 vocavit,
2690 2888 2787 2944 hos
2820 2898 2875 2943 et
2921 2885 3243 2956 justiticavit
3275 2902 3286 2937 :
3313 2898 3450 2955 quos
3504 2891 3686 2938 autem
3722 2880 3846 2950 jus-

2231 2981 2495 3047 tilicavit,
2547 2982 2669 3037 illos
2728 2990 2782 3037 et
2829 2977 3169 3052 glorilicavit.
3224 2976 3363 3046 Quid
3408 2990 3558 3046 ergo-
3592 2973 3844 3030 dicemus

2231 3078 2298 3132 ad
2351 3077 2517 3133 haec?
2563 3078 2610 3132 si
2664 3076 2807 3131 Deus
2872 3090 2970 3146 pro
3025 3072 3184 3129 nobis
3215 3114 3230 3138 ,
3285 3071 3406 3141 quis
3455 3079 3643 3125 contra
3685 3083 3783 3123 nos
3815 3065 3843 3120 ?

2231 3170 2333 3239 Qui
2362 3170 2524 3226 etiam
2554 3169 2773 3241 proprio
2800 3167 2938 3223 Filio
2979 3182 3080 3221 suo
3129 3182 3236 3221 non
3286 3163 3551 3235 pepercit,
3601 3162 3693 3218 sed
3738 3175 3845 3233 pro

524 3258 787 3330 sapientia
815 3261 997 3316 carnis
1026 3260 1243 3318 inimica
1273 3272 1357 3320 est
1384 3263 1534 3321 Deo:
1568 3266 1673 3336 legi
1706 3267 1848 3322 enim
1881 3267 1975 3323 Dei
2014 3283 2123 3325 non
2152 3261 2199 3325 C
2231 3261 2386 3318 nobis
2413 3263 2664 3318 omnibus
2692 3261 2919 3316 tradidit
2962 3260 3113 3316 illum
3141 3278 3154 3314 :
3202 3258 3475 3328 quomodo
3518 3271 3624 3313 non
3672 3256 3843 3312 etiam

524 3362 612 3409 est
643 3354 884 3424 subjecta
909 3373 928 3411 :
960 3372 1059 3413 nec
1085 3357 1230 3414 enim
1268 3368 1465 3430 potest.
1505 3359 1606 3430 Qui
1647 3369 1827 3417 autem
1866 3362 1921 3418 in
1960 3378 2125 3420 carne

522 3456 672 3515 sunt,
705 3450 813 3504 Deo
843 3449 1063 3521 placere
1093 3466 1198 3506 non
1230 3462 1474 3522 possunt.
1502 3452 1615 3510 Vos
1649 3461 1829 3510 autem
1868 3456 1922 3510 in
1961 3471 2127 3513 carne

527 3555 638 3597 non
662 3541 816 3608 estis,
846 3542 940 3600 sed
967 3544 1018 3599 in
1048 3544 1242 3616 spiritu
1268 3563 1281 3601 :
1306 3546 1351 3601 si
1381 3556 1559 3603 tamen
1585 3547 1819 3619 Spiritus
1847 3548 1943 3605 Dei
1976 3548 2127 3606 habi-

523 3644 602 3691 tat
634 3637 687 3691 in
720 3636 893 3692 vobis.
926 3637 983 3693 Si
1011 3640 1133 3710 quis
1162 3647 1342 3696 autem
1372 3639 1632 3711 Spiritum
1660 3641 1862 3697 Christi
1895 3657 2000 3697 non
2033 3643 2128 3698 ha-

522 3727 635 3799 bet,
668 3728 756 3784 hic
788 3746 893 3787 non
923 3741 1007 3788 est
1032 3732 1171 3802 ejus.
1198 3733 1255 3791 Si
1282 3743 1461 3791 autem
1485 3733 1731 3791 Christus
1755 3737 1809 3793 in
1832 3737 1983 3793 vobis
2005 3747 2123 3794 est:

521 3837 720 3895 corpus
749 3826 967 3896 quidem
996 3837 1268 3883 mortuum
1300 3838 1382 3884 est
1414 3840 1635 3900 propter
1667 3841 1969 3901 peccatum,
2018 3832 2130 3904 spi-

520 3917 658 3973 ritus
691 3932 821 3973 vcro
853 3928 879 3955 ἰ
913 3919 1048 3974 vivit
1095 3932 1314 3991 propter
1357 3921 1823 3992 justillcationcm.
1876 3924 2030 3995 Quod
2079 3925 2127 3981 si

525 4010 760 4084 Spiritus
791 4013 932 4082 ejus,
957 4014 1047 4085 qui
1077 4015 1354 4071 suscitavit
1374 4015 1557 4072 .Icsum
1585 4032 1613 4073 a
1644 4020 1891 4081 mortuis.
1919 4020 2130 4078 habitat

522 4105 577 4161 in
605 4106 795 4163 vobis:
828 4108 919 4179 qui
949 4109 1226 4165 suscitavit
1255 4109 1438 4166 Jesum
1479 4112 1751 4167 Christum
1798 4129 1826 4167 a
1872 4118 2123 4183 mortuis,

522 4198 814 4255 viviﬁcabit
835 4198 963 4272 [Με.
989 4202 1299 4275 vivilicavit]
1324 4214 1377 4259 et
1398 4206 1647 4279 mortalia
1668 4222 1898 4274 corpora
1921 4220 2124 4279 vestra,

525 4301 748 4363 propter
778 4293 1167 4351 inhabitantem
1198 4295 1457 4364 Spiritum
1490 4297 1605 4369 ejus
1638 4301 1693 4354 in
1739 4302 1909 4358 vobis.
1958 4303 2123 4374 Erga,

523 4381 743 4450 fratres,
785 4385 1060 4441 debitores
1109 4403 1296 4444 sumus
1347 4406 1450 4446 Iton
1496 4391 1669 4459 carni,
1722 4402 1778 4447 ut
1826 4395 2125 4451 secundum

525 4489 743 4531 carnem
769 4474 1035 4532 vivamus.
1058 4476 1114 4534 Si
1133 4478 1277 4535 enim
1306 4481 1601 4537 secundum
1623 4498 1844 4540 carnem
1863 4485 2124 4553 vixeritis,

527 4568 839 4625 moriemini
863 4588 874 4623 :
909 4569 953 4625 si
977 4583 1157 4626 autem
1182 4571 1376 4643 spiritu
1402 4572 1536 4629 facta
1560 4577 1741 4632 carnis
1764 4579 2129 4635 mortilicave-

2228 3369 2350 3410 cum
2383 3354 2478 3409 illo
2508 3353 2686 3408 omnia
2727 3353 2884 3409 nobis
2912 3364 2935 3391 ο
2967 3352 3232 3408 donavit?
3258 3351 3390 3419 Quis
3429 3348 3707 3406 accusabit
3742 3345 3846 3404 ad-

2229 3462 2420 3503 versus
2444 3448 2645 3503 electos
2674 3445 2807 3503 Dei?
2839 3446 2982 3502 Deus
3012 3448 3101 3517 qui
3126 3444 3424 3516 iustiﬁcat:
3467 3442 3588 3514 quis
3625 3452 3708 3496 est
3747 3443 3844 3512 qui

2229 3547 2592 3604 condemnet?
2620 3545 2864 3601 Christus
2892 3544 3070 3613 Jcsns,
3104 3544 3193 3614 qui
3238 3552 3482 3597 mortuus
3520 3548 3627 3609 est,
3671 3540 3843 3595 immo

2229 3644 2319 3714 qui
2348 3651 2401 3697 et
2430 3640 2743 3707 resurrexit,
2776 3640 2865 3710 qui
2893 3649 2978 3693 est
3005 3639 3071 3693 ad
3098 3638 3378 3693 dexteram
3411 3636 3525 3700 Dei,
3552 3635 3645 3706 qui
3671 3634 3842 3689 etiam

2231 3736 2536 3808 interpellat
2567 3750 2663 3807 pro
2692 3734 2863 3789 nobis.
2899 3732 3033 3799 Quis
3059 3746 3189 3803 ergo
3222 3746 3322 3787 nos
3347 3728 3622 3800 separabit
3649 3744 3680 3783 a
3710 3728 3847 3783 cha-

2231 3833 2389 3889 ritate
2415 3829 2649 3885 Christi?
2681 3825 3000 3883 tribulatio?
3026 3840 3091 3879 an
3123 3822 3406 3895 angustia?
3434 3836 3503 3877 an
3534 3819 3744 3875 fames?
3768 3835 3841 3874 an

2232 3923 2485 3981 nuditas?
2511 3938 2576 3977 au
2618 3918 2954 3992 perieulum?
2990 3934 3056 3972 an
3101 3916 3448 3986 persecutio?
3483 3929 3554 3969 an
3592 3912 3845 3985 gladius?

2232 3995 2696 4090 (sicut‘scriptnm
2726 4020 2847 4069 θηιε
2897 4010 3029 4078 Quia
3080 4021 3300 4081 propter
3347 4018 3399 4064 te
3450 4007 3843 4063 mortilleamur

2235 4120 2343 4166 tota
2371 4109 2458 4165 die
2483 4126 2496 4164 :
2525 4106 2771 4162 :rstimati
2804 4121 2993 4161 smnus
3021 4105 3160 4159 sicut
3187 4118 3316 4157 oves
3347 4092 3695 4172 occisionis).
3727 4098 3840 4155 Sed

2232 4204 2284 4260 in
2319 4203 2401 4257 his
2429 4201 2679 4256 munibus
2706 4212 3049 4270 superamus,
3096 4204 3318 4269 prOptcr
3353 4210 3477 4250 eum
3516 4195 3604 4265 qui
3650 4192 3843 4248 dilexit

2232 4313 2354 4354 nos.
2387 4296 2575 4351 Certus
2603 4309 2722 4349 sum
2755 4293 2920 4360 enim,
2958 4293 3081 4364 quia
3108 4306 3285 4362 neque
3307 4305 3475 4357 mtrs,
3503 4304 3676 4360 neque
3705 4288 3837 4358 vita,

2234 4404 2408 4460 neque
2456 4387 2654 4460 angeli,
2702 4403 2876 4459 neque
2917 4386 3270 4456 principatus,
3309 4381 3337 4420 ά
3375 4398 3551 4454 neque
3580 4382 3837 4448 virtutes,

2233 4498 2412 4553 neque
2442 4481 2717 4548 instantia,
2746 4495 2922 4552 neque
2953 4479 3154 4545 futura,
3190 4492 3368 4549 neque
3413 4476 3693 4541 fortitudo,
3730 4491 3839 4549 _nc-

2233 4591 2338 4647 que
2362 4573 2611 4642 altitudo,
2643 4587 2815 4643 neque
2844 4570 3192 4642 profundum,
3226 4584 3402 4642 neque
3444 4577 3690 4624 creatura
3729 4571 3837 4622 alia

523 4659 663 4725 ritis,
700 4660 911 4717 vivetis.
960 4661 1301 4735 Quicumque
1347 4665 1492 4721 enim
1515 4665 1719 4738 Spiritu
1750 4669 1840 4725 Dei
1872 4681 2125 4741 aguntur,
2159 4662 2209 4724 D
2236 4669 2435 4742 poterit
2455 4684 2552 4723 nos
2578 4682 2833 4738 separare
2859 4681 2888 4720 a
2915 4665 3119 4720 charltzt
3132 4673 3185 4720 te
3209 4663 3329 4730 Dei,
3351 4679 3471 4736 qua:
3498 4671 3582 4720 est
3608 4662 3662 4718 in
3681 4661 3838 4718 Citrio

523 4751 559 4810 ii
584 4751 711 4827 ills.
757 4763 856 4809 (ac.
897 4750 963 4828 ii]
1003 4764 1132 4812 sunt
1174 4754 1266 4812 lilii
1317 4756 1433 4813 Dei.
1483 4758 1600 4815 Non
1647 4761 1791 4816 enim
1843 4763 2131 4834 accepistis

521 4848 775 4919 spiritum
819 4849 1099 4906 servitutis
1140 4852 1335 4907 iterum
1365 4852 1417 4907 in
1461 4852 1682 4919 timore,
1718 4854 1811 4909 sed
1840 4857 2130 4928 accepistis

503 4940 771 5019 .spiritum
795 4939 1104 5013 adoptionis
1127 4943 1382 5009 filiorum,
1408 4944 1461 5000 in
1488 4961 1599 5016 quo
1617 4946 1948 5002 clamamus:
1978 4948 2130 5003 Abba

522 5033 782 5108 (Pater).
820 5034 940 5107 Ipse
970 5036 1115 5093 enim
1148 5037 1382 5108 Spiritus
1409 5042 1777 5097 testimonium
1810 5042 1989 5098 reddit
2021 5044 2131 5113 Spi-

522 5130 650 5186 ritui
693 5141 885 5187 nostro
906 5173 921 5198 ,
950 5132 1107 5203 jquod
1138 5148 1325 5190 sumus
1352 5134 1447 5190 lilii
1477 5134 1592 5192 Dei.
1624 5136 1681 5193 Si
1710 5147 1893 5193 autem
1925 5138 2042 5207 lilii,
2076 5147 2131 5195 et

522 5218 812 5279 hmredes:
860 5223 1112 5281 hatredcs
1155 5226 1372 5297 quidem
1424 5226 1542 5291 Dei,
1590 5227 1906 5285 cohteredes
1953 5241 2130 5286 autem

520 5310 724 5370 Christi
751 5333 764 5368 :
792 5315 839 5371 si
865 5324 1048 5374 tamen
1069 5317 1451 5390 compatimur,
1475 5329 1535 5376 ut
1560 5331 1613 5376 et
1638 5322 2129 5393 eongloriticemur.

519 5450 613 5530 sed
637 5451 917 5530 quod_odi,
947 5452 1173 5530 vocibus
1198 5455 1386 5512 bonum
1416 5466 1472 5513 et
1510 5458 1706 5514 malum
1747 5461 1912 5530 priori
1949 5460 2120 5518 hocce

522 5522 647 5599 loco
674 5524 885 5599 penitus
908 5527 1190 5599 ignoratis,
1215 5542 1336 5599 qua:
1362 5545 1536 5599 neque
1563 5530 1616 5585 in
1635 5522 1829 5589 δι’(ιὲεο
1847 5541 1999 5588 textu
2028 5533 2121 5588 ha-

523 5592 743 5662 bentur,
776 5596 871 5651 sed
899 5592 965 5653 ex
1000 5592 1196 5653 Vclesii
1225 5592 1547 5657 lectionibus
1577 5603 1799 5659 adscitae
1827 5607 1875 5659 in
1915 5604 2119 5661 Grareis

520 5664 681 5748 libris
710 5668 947 5748 luerunt,
973 5670 1163 5748 _vel_cx
1196 5676 1443 5730 subnexa
1473 5673 1597 5730 huic
1621 5675 1824 5731 isoColo
1851 5686 1971 5746 post
1990 5691 2122 5748 qua-

521 5744 648 5794 tttor
676 5754 861 5794 versus
893 5741 944 5795 in
973 5738 1199 5798 Latinis.

598 5817 625 5846 ⁸
654 5809 988 5894 lulfala’tino
1013 5828 1114 5894 ms.
1152 5829 1252 5885 pro
1282 5816 1431 5894 civit,
1480 5828 1564 5877 est
1598 5821 1717 5892 vita,
1765 5821 2117 5894 quemadmo~

524 5879 652 5937 dum
682 5890 735 5938 ct
762 5881 815 5939 in
851 5882 1043 5943 Graeco
1074 5879 1246 5958 textu,
1276 5892 1397 5954 ζωή.

2232 4772 2317 4818 sto
2347 4760 2473 4817 Jcsu
2508 4760 2740 4815 Domino
2771 4769 2983 4814 nostro.

2302 4855 2455 4929 [Cap.
2483 4853 2600 4925 IX]
2642 4852 2937 4909 Veritatem
2960 4852 3080 4907 ilico
3102 4850 3157 4905 in
3176 4849 3544 4914 Christo,non
3568 4847 3829 4916 mentior,

2232 4949 2610 5005 testimonium
2658 4946 2791 5002 mihi
2846 4945 3170 5016 perhibente
3220 4942 3556 4998 conscientia
3606 4956 3725 4997 mea
3782 4941 3835 4996 in

2232 5045 2439 5117 Spiritu
2466 5054 2662 5100 sancto
2685 5061 2696 5095 :
2720 5042 2975 5114 quoniam
3006 5038 3227 5095 tristitia
3260 5037 3394 5094 mihi
3421 5051 3613 5108 magna
3642 5045 3753 5104 est,
3783 5045 3841 5091 ct

2233 5136 2527 5194 continuus
2558 5134 2721 5191 dolor
2751 5132 2902 5189 cordi
2946 5146 3089 5188 meo.
3123 5130 3390 5197 Optabam
3419 5129 3563 5184 enim
3593 5143 3697 5198 ego
3719 5128 3840 5199 ipse

2236 5228 2529 5286 anathema
2558 5242 2679 5285 esse
2707 5242 2736 5283 a
2763 5225 2980 5283 Christo
3008 5240 3106 5296 pro
3131 5222 3396 5279 fratribus
3418 5223 3574 5291 meis,
3601 5221 3692 5294 qui
3711 5232 3839 5278 sunt

2236 5324 2452 5397 cognati
2483 5322 2588 5380 mei
2629 5320 2931 5379 secundum
2971 5333 3219 5385 carnem,
3264 5318 3355 5388 qui
3396 5315 3835 5383 suutlsraelit.e,

2299 5462 2326 5501 δ
2356 5462 2453 5518 Hic
2479 5476 2918 5533 pronomeneant
2952 5467 3092 5533 tacet
3134 5457 3360 5533 Palatia.
3404 5474 3554 5533 ms,“
3580 5468 3634 5511 et
3677 5457 3839 5533 paulo

2227 5546 2344 5605 post
2382 5525 2577 5589 nomen
2614 5532 2727 5594 Dei,
2751 5532 2838 5585 ubi
2871 5532 3091 5605 dicitur,
3120 5531 3447 5602 adoptionem
3477 5528 3708 5605 ﬁliorum
3739 5525 3840 5583 Dei

2227 5600 2918 5682 exspectantes,utrumque
2949 5602 3150 5682 Grafo
3166 5600 3409 5682 archety,
3429 5616 3464 5655 o
3479 5600 3785 5682 _|tl'CSSitIlS..

2303 5669 2330 5717 ἐ
2359 5669 2593 5733 Ιιεειίυς
2602 5676 2756 5747 juxta
2783 5669 3029 5732 Grmcum
3058 5673 3229 5729 Palat.
3263 5669 3373 5729 ius.
3398 5672 3447 5727 in
3477 5676 3657 5726 tuturo
3681 5669 3833 5743 legit,

2226 5748 2459 5805 donabit.

2300 5823 2327 5857 α
2359 5820 2429 5877 Ut
2450 5835 2479 5874 a
2505 5819 2777 5892 plerisque
2804 5818 3012 5875 Gratcis
3042 5834 3173 5875 mss.
3192 5861 3205 5884 ,
3239 5817 3356 5875 οὔτε
3374 5815 3659 5892 δυνάμεις,
3687 5814 3759 5870 ita
3785 5825 3840 5872 et

2231 5890 2287 5952 itt
2314 5888 2561 5952 Palatino
2590 5888 2879 5969 ttts.:t'et'ba
2913 5932 2925 5958 ,
2956 5900 3001 5947 et
3034 5893 3243 5949 virtutes
3273 5888 3673 5948 desiderantur.
