4034 6330
154 357 239 413 Ἰῗῖ

970 342 1307 404 EPISTOLA
1345 346 1402 401 Β.
1450 340 1650 401 mum
1694 338 2030 400 APOSTOLI
2071 336 2164 395 an
2211 304 2557 395 norimus.

3317 328 3423 387 758

157 484 351 546 quorum
379 466 593 549 adoptio
620 470 703 520 est
736 463 987 531 ﬁliorum,
1024 475 1073 519 ct
1104 466 1298 536 gloria,
1326 473 1378 517 et
1410 469 1704 517 tcstamen—
1734 462 1780 522 Α
1810 458 2071 531 scriptum
2114 468 2192 514 est
2228 477 2240 512 :
2312 458 2452 513 Ecce
2496 468 2639 525 pono
2694 452 2747 509 in
2799 450 2929 509 Sion
2974 447 3209 521 lapidem
3248 449 3425 504 olTeu-

158 579 266 632 tum,
296 572 342 620 et
364 560 649 631 legislatio,
694 568 747 613 ct
788 558 1131 628 obsequium,
1164 569 1217 613 et
1247 558 1510 626 promissa
1540 573 1551 609 :
1577 569 1711 627 quo-

157 675 255 715 rum
290 665 489 727 patres,
542 663 593 707 et
640 667 706 707 ex
747 651 945 723 quibus
995 658 1081 705 cst
1121 650 1372 705 Christus
1420 648 1714 704 secundum

157 767 364 812 carnem,
392 748 481 819 qui
514 755 598 801 cst
620 761 784 816 super
810 744 989 799 omnia
1022 745 1163 801 Deus
1196 744 1517 800 benedictus
1546 744 1596 796 in
1624 758 1721 798 sae-

159 844 277 901 cula.
307 843 491 896 Atncn.
527 838 585 892 Ni
608 854 642 893 n
675 845 857 892 autem
888 836 1030 907 quod
1056 836 1328 892 exciderit
1352 836 1575 891 verbum
1604 832 1717 888 Dei.

159 938 256 993 Non
280 934 414 991 enim
444 945 639 987 omnes
670 929 760 1001 qui
809 945 872 983 ex
903 928 1069 984 Israel
1101 938 1125 964 ι
1150 937 1296 995 sunt,
1330 928 1363 982 ii
1395 936 1521 982 sunt
1552 926 1723 980 Israc-

160 1030 249 1084 litre
277 1045 288 1082 :
321 1039 496 1095 neque
524 1027 614 1093 qui
662 1036 847 1077 semen
879 1030 1004 1075 sunt
1050 1020 1307 1085 Abrahae,
1352 1032 1543 1072 omnes
1587 1016 1718 1069 lilii:

161 1120 239 1177 sed
274 1120 322 1174 in
362 1117 511 1173 Isaac
540 1115 823 1169 vocabitur
856 1113 950 1168 tibi
994 1126 1179 1167 semcn
1208 1130 1219 1165 :
1249 1112 1300 1166 id
1334 1121 1438 1177 est,
1474 1126 1580 1164 nou
1627 1108 1721 1162 ﬁlii

159 1213 332 1278 carnis,
375 1210 428 1265 bi
465 1210 559 1265 ﬁlii
598 1210 729 1273 Dei;
760 1208 856 1264 sed
888 1208 976 1277 qui
1018 1207 1111 1261 ﬁlii
1147 1218 1272 1261 sunt
1312 1204 1722 1277 promissionis,

162 1308 468 1363 mstimautur
516 1302 571 1357 in
614 1303 845 1357 semine.
892 1300 1278 1354 Promissionis
1319 1299 1466 1353 enim
1498 1298 1722 1353 verbum

162 1400 247 1454 hoc
271 1408 346 1453 est
378 1414 388 1449 :
418 1393 731 1450 Secundum
763 1392 866 1447 hoc
901 1402 1112 1461 tempus
1145 1392 1382 1457 veniam,
1412 1399 1466 1445 et
1494 1390 1596 1444 erit
1626 1389 1727 1444 Sa-

163 1510 221 1549 ra:
250 1492 392 1546 ﬁlius.
426 1489 547 1544 Non
577 1489 752 1543 solum
786 1495 965 1541 autem
997 1486 1083 1541 illa
1122 1484 1255 1539 :sed
1298 1495 1352 1539 et
1381 1484 1631 1538 Rebecca
1660 1498 1723 1536 cx

163 1600 251 1641 uno
288 1583 583 1639 concttbitu
633 1582 861 1647 habens,
913 1580 1062 1634 Isaac
1118 1578 1291 1647 patris
1343 1577 1537 1633 nostri.
1594 1575 1726 1631 Cum

162 1680 281 1735 enim
315 1677 554 1733 nondum
603 1676 713 1731 nati
747 1676 999 1739 fuissent,
1046 1681 1138 1726 aut
1173 1672 1381 1743 aliquid
1418 1672 1542 1725 boui
1590 1672 1731 1739 egis-

161 1781 281 1837 sent,
312 1781 399 1825 aut
432 1770 565 1826 mali
594 1774 675 1840 (ut
705 1766 999 1823 secundum
1034 1766 1361 1821 electionem
1390 1766 1727 1835 propositum

1821 553 2009 619 sionis,
2029 560 2081 607 et
2108 561 2318 623 petram
2342 548 2617 608 scandali:
2643 545 2886 604 etomnis
2907 544 2996 617 qui
3012 542 3183 600 credit
3206 544 3256 599 iu
3278 558 3425 611 eum,

1825 661 1927 700 non
1962 645 2351 702 confundetur.

1898 743 1909 814 1
1942 740 2072 813 Cap.
2106 741 2174 796 Χ.
2204 739 2212 810 |
2242 741 2461 797 Fratres
2482 783 2495 807 ,
2529 740 2782 796 voluntas
2811 738 3031 811 quidem
3078 736 3258 793 cordis
3289 734 3426 803 mei,

1826 842 1881 889 ct
1904 833 2218 889 obsecratio
2256 833 2321 887 ad
2353 833 2553 899 Deum,
2583 832 2641 887 ﬁt
2668 848 2767 902 pro
2813 832 2921 887 illis
2952 831 3005 885 in
3039 830 3293 885 salutem.
3328 827 3433 883 'I‘c-

1826 926 2140 982 stimonium
2176 925 2319 981 enim
2350 925 2612 995 perbibeo
2661 924 2798 990 illis,
2844 924 2990 995 quod
3021 922 3433 977 aemulationem

1830 1020 1921 1075 Dei
1956 1019 2179 1083 habent,
2206 1019 2299 1074 sed
2328 1034 2431 1072 non
2456 1019 2755 1075 secundum
2781 1018 3087 1074 scientiam.
3118 1016 3438 1088 Ignorautcs

1828 1112 1973 1166 enim
2001 1110 2270 1180 justitiam
2321 1110 2453 1178 Dei,
2512 1120 2567 1164 et
2615 1125 2767 1164 suam
2798 1119 3107 1181 quarrentes
3153 1117 3432 1174 statuere,

1825 1203 2051 1274 justititc
2098 1203 2192 1258 Dei
2253 1219 2358 1256 non
2407 1214 2532 1257 sunt
2574 1202 2827 1273 subjecti.
2872 1202 3021 1257 Finis
3075 1202 3218 1255 cnim
3268 1200 3436 1270 legis,

1830 1297 2101 1363 Christus,
2154 1295 2217 1351 ad
2257 1296 2520 1366 justitiam
2550 1300 2697 1351 omni
2724 1296 2989 1351 credenti.
3021 1294 3234 1366 Moyses
3290 1293 3437 1349 enim

1832 1390 2084 1459 scripsit,
2136 1389 2389 1458 quoniam
2435 1389 2703 1459 justitiam
2730 1428 2746 1451 .
2780 1404 2900 1459 qua:
2930 1403 2997 1444 ex
3030 1389 3149 1457 lege
3185 1395 3271 1443 est
3298 1430 3311 1455 ,
3346 1386 3440 1457 qui

1834 1482 2023 1537 fecerit
2050 1482 2249 1549 homo,
2279 1484 2425 1537 vivet
2449 1482 2499 1536 iu
2525 1499 2610 1537 ea.
2643 1483 2775 1550 Qua:
2799 1490 2981 1538 autem
3010 1499 3075 1536 ex
3108 1482 3211 1537 ﬁde
3242 1492 3325 1538 est
3354 1482 3441 1551 ju-

1833 1577 1999 1642 stitia,
2028 1576 2106 1630 sic
2123 1576 2256 1630 dicit
2288 1593 2300 1629 :
2329 1576 2407 1630 Ne
2435 1576 2637 1631 dixeris
2663 1579 2715 1631 in
2749 1578 2915 1633 corde
2938 1584 3031 1632 tuo
3057 1594 3070 1630 :
3097 1576 3220 1647 quis
3250 1590 3436 1631 ascen.

1835 1670 1927 1725 det
1958 1672 2009 1725 in
2038 1670 2233 1727 (telum
2254 1672 2275 1723 ?
2300 1669 2349 1725 id
2381 1681 2494 1736 est,
2541 1669 2817 1725 Christum
2849 1671 3139 1727 deducere.
3187 1671 3293 1725 Aut
3322 1670 3445 1741 quis

1840 1763 2129 1819 descendet
2161 1764 2212 1817 in
2243 1765 2498 1835 abyssum
2523 1763 2546 1817 ?
2572 1762 2673 1818 hoc
2704 1773 2820 1829 est,
2849 1762 3129 1818 Christum
3159 1779 3188 1817 a
3218 1764 3446 1817 mortuis

162 1864 240 1919 Dei
267 1863 554 1935 maneret),
586 1877 691 1917 non
724 1877 789 1916 ex
823 1860 1101 1930 operibus,
1139 1860 1233 1912 sed
1276 1875 1343 1912 ex
1385 1867 1613 1912 vocante
1643 1857 1728 1910 di-
1764 1864 1809 1923 Β
1838 1872 2116 1911 revocare.
2147 1856 2251 1911 Sed
2283 1856 2412 1926 quid
2460 1855 2591 1911 dicit
2630 1856 2952 1926 Scriptura?
3005 1857 3179 1927 Prope
3212 1867 3295 1912 est
3324 1872 3446 1911 vcr-

163 1968 283 2013 ctum
321 1966 398 2012 cst
428 1957 479 2012 ei
510 1957 682 2023 :Quia
711 1954 886 2023 major
926 1954 1129 2006 serviet
1168 1952 1385 2015 minori,
1423 1951 1565 2004 sicut
1607 1950 1733 2003 scri~

164 2060 288 2121 ptum
333 2058 461 2105 est:
504 2048 676 2105 Jacob
717 2046 909 2111 dilexi,
962 2047 1102 2100 Esau
1151 2054 1330 2100 autem
1382 2044 1508 2099 odio
1546 2044 1729 2098 habui.

154 2136 279 2209 Quid
308 2158 433 2213 ergo
458 2140 745 2196 dicemus?
772 2137 1030 2208 numquid
1059 2138 1318 2207 iniquitas
1354 2136 1494 2206 apud
1526 2134 1735 2190 Deum?

164 2233 312 2291 Absit.
346 2232 525 2305 Moysi
555 2232 699 2287 enim
724 2230 857 2285 dicit
887 2248 899 2283 :
930 2229 1228 2284 Misercbor
1263 2228 1416 2297 cujus
1445 2228 1455 2299 [
1482 2226 1581 2281 Ms.
1617 2226 1735 2297 cui]

163 2325 397 2379 misereor
432 2335 532 2379 :ct
579 2320 1013 2377 misericordiam
1066 2322 1340 2388 prmstabo
1388 2320 1543 2388 cujus
1594 2318 1731 2390 HIs.

162 2418 267 2489 cui]
298 2416 617 2473 miserebor.
655 2414 820 2485 Igitur
860 2428 964 2467 nou
1002 2412 1257 2479 volentis,
1296 2428 1472 2481 neque
1503 2427 1728 2467 curren-

166 2509 239 2575 tis,
276 2510 363 2565 sed
403 2509 717 2565 miscrentis
758 2515 843 2562 est
889 2506 1007 2560 Dei.
1056 2506 1198 2562 I)‘.cit
1260 2507 1403 2561 enim
1446 2505 1724 2573 Scriptura

164 2601 399 2657 Pharaoni
432 2620 445 2655 :
473 2602 617 2669 Quia
643 2601 698 2656 iu
744 2601 845 2655 hoc
873 2601 1048 2671 ipsum
1080 2599 1313 2653 excitavi
1346 2608 1396 2653 te
1420 2640 1434 2666 ,
1465 2608 1523 2651 ut
1555 2607 1741 2653 osten-

165 2692 267 2749 dam
308 2694 359 2749 in
398 2706 451 2750 te
479 2696 737 2749 virtutem
777 2708 951 2759 meatu
993 2710 1008 2749 :
1046 2703 1099 2747 et
1138 2690 1268 2762 illa.
1297 2701 1397 2746 tuo.
1425 2690 1503 2762 et]
1550 2699 1607 2745 ut
1646 2706 1742 2745 au-

165 2789 416 2846 nuntictur
443 2805 652 2845 nomen
682 2804 859 2844 meum
886 2790 938 2843 in
980 2787 1233 2842 universa
1267 2798 1435 2843 terra.
1479 2786 1621 2856 Ergo
1647 2768 1755 2839 cui

164 2882 236 2950 jus
256 2884 359 2938 vult
383 2884 700 2948 miseretur,
722 2893 776 2937 et
800 2897 960 2952 quem
984 2880 1101 2935 vult
1132 2879 1367 2934 indurat.
1388 2879 1535 2933 Dicis
1563 2880 1742 2948 itaque

167 2974 275 3029 mihi
308 2994 321 3029 :
355 2974 494 3041 Quid
543 2973 721 3029 adhuc
770 2971 1069 3043 qumritur?
1110 2972 1372 3027 voluntati
1424 2971 1568 3023 enim
1622 2971 1743 3038 ejus

169 3068 264 3138 quis
292 3069 533 3125 fc-ISIII?
577 3069 621 3122 0
664 3068 847 3133 homo,
896 3074 959 3119 tu
1012 3064 1136 3135 quis
1160 3079 1241 3130 es,
1274 3063 1365 3135 qui
1406 3062 1741 3131 respondeas

170 3161 295 3219 Deo?
342 3160 623 3233 Numquid
665 3160 799 3216 dicit
842 3159 1157 3230 ﬁgmentum
1196 3156 1269 3222 ci,
1314 3155 1404 3226 qui
1449 3171 1506 3209 se
1544 3154 1739 3208 ﬁnxit:

1838 1950 1964 2005 butn
1989 1950 2043 2004 in
2073 1965 2165 2005 ore
2193 1960 2285 2005 tuo
2308 1991 2322 2016 ,
2384 1958 2441 2004 et
2471 1950 2524 2003 in
2553 1948 2721 2004 corde
2747 1958 2879 2004 tuo:
2941 1950 3043 2004 hoc
3084 1958 3167 2003 cst
3217 1949 3445 2004 verbum

1838 2044 1993 2107 ﬁdei,
2021 2043 2168 2113 quod
2202 2044 2578 2111 prmdicamus.
2631 2043 2767 2110 Quia
2798 2044 2842 2097 si
2896 2044 3212 2099 conﬁtearis
3263 2044 3316 2098 in
3350 2058 3447 2099 ore

1840 2148 1931 2192 ttto
1965 2136 2245 2191 Dominum
2294 2136 2517 2203 Jesum,
2552 2146 2607 2193 et
2650 2136 2703 2191 in
2749 2137 2915 2191 corde
2964 2145 3058 2192 tuo
3111 2137 3445 2205 credideris,

1839 2230 1980 2303 quod
2016 2231 2159 2287 Deus
2200 2229 2348 2286 illum
2395 2232 2679 2287 suscitavit
2719 2247 2747 2286 a
2796 2232 3027 2287 mortuis
3053 2275 3066 2297 ,
3104 2235 3283 2288 salvus
3313 2233 3446 2289 eris.

1839 2324 2016 2381 Corde
2040 2324 2182 2381 enim
2211 2325 2456 2381 creditur
2486 2326 2551 2381 ad
2602 2326 2866 2396 justitiam
2902 2344 2915 2380 :
2968 2344 3065 2384 ore
3105 2337 3285 2384 autem
3318 2344 3448 2385 con-

1843 2419 2004 2476 fessio
2028 2420 2087 2475 ﬁt
2126 2419 2191 2475 ad
2224 2422 2477 2477 salutem.
2512 2421 2651 2477 Dicit
2679 2422 2823 2477 enim
2870 2422 3181 2495 Scriptura:
3218 2424 3441 2493 Omnis,

1840 2513 1932 2581 qui
1954 2512 2127 2568 credit
2150 2512 2201 2567 in
2227 2513 2375 2569 illum
2397 2554 2411 2580 ,
2442 2529 2546 2569 non
2580 2513 2966 2570 confundetur.
3020 2515 3136 2571 Non
3192 2519 3335 2572 enim
3369 2527 3453 2573 est

1842 2605 2121 2662 distinctio
2150 2606 2324 2661 Judati
2357 2618 2411 2663 et
2437 2608 2612 2663 (ἕτωεί
2645 2624 2659 2665 :
2713 2625 2834 2662 nam
2867 2608 3008 2664 idem
3040 2609 3307 2665 Dominus
3337 2627 3455 2665 om-

1843 2700 1991 2755 nium
2021 2741 2037 2767 ,
2083 2702 2234 2755 dives
2282 2700 2336 2755 in
2384 2715 2579 2757 omnes
2620 2702 2711 2772 qui
2748 2702 3003 2757 invocant
3056 2703 3228 2757 illum.
3258 2703 3451 2759 Omnis

1844 2793 1987 2847 cnim
2018 2793 2344 2862 quicumque
2384 2794 2713 2849 invocaverit
2741 2808 2937 2850 nomen
2970 2794 3181 2850 Domini
3213 2841 3227 2865 ,
3267 2796 3451 2851 salvus

1845 2886 1967 2941 erit.
2000 2885 2285 2954 Quomodo
2314 2902 2446 2958 ergo
2477 2886 2801 2942 invocabunt
2827 2931 2840 2955 ,
2877 2887 2928 2943 in
2958 2904 3116 2959 quem
3150 2905 3252 2945 non
3276 2889 3457 2946 credi-

1846 2981 2083 3036 derunt?
2114 2986 2220 3035 Aut
2240 2982 2515 3053 quomodo
2544 2980 2773 3036 credent
2800 2981 2882 3047 ei,
2914 2996 3075 3051 quem
3130 2998 3236 3037 non
3263 2984 3453 3039 audie-

1848 3075 2013 3130 runt?
2064 3075 2347 3143 Quomodo
2395 3084 2575 3131 autem
2631 3072 2851 3129 audient
2900 3072 3021 3130 sine
3070 3074 3453 3146 prmdicante?

1849 3172 2133 3239 Quomodo
2180 3186 2310 3225 vero
2354 3169 2749 3239 pra'dicabunt,
2786 3169 2889 3223 nisi
2939 3169 3266 3224 mittantur?
3316 3171 3453 3227 sicut

169 3257 287 3322 Quid
316 3273 402 3313 me
431 3256 617 3313 fecisti
650 3256 764 3311 sic?
787 3255 869 3310 Au
906 3270 1015 3308 non
1056 3252 1218 3308 habet
1253 3258 1579 3321 potestatem
1615 3251 1740 3319 ﬁgu-

1855 3265 2113 3335 scriptum
2137 3272 2221 3319 est
2248 3282 2259 3318 :
2292 3262 2463 3330 Quam
2491 3261 2727 3330 speciosi
2762 3259 2927 3330 pedes
2972 3262 3456 3333 evangelizantium

169 3352 238 3405 lus
260 3351 371 3419 luti,
400 3368 467 3406 ex
492 3349 688 3405 eadem
724 3361 899 3403 massa
931 3346 1112 3402 facere
1141 3343 1291 3399 aliud
1323 3342 1540 3411 quidem
1573 3357 1666 3395 vas
1692 3342 1743 3395 in

172 3444 435 3513 honorem,
460 3445 615 3499 aliud
641 3458 770 3499 vero
797 3442 848 3497 in
877 3440 1262 3499 contumeliam
1288 3438 1310 3491 ?
1334 3438 1495 3505 Quod
1525 3438 1570 3492 si
1605 3438 1746 3493 Deus

175 3542 343 3597 volens
370 3540 675 3598 ostendere
723 3540 883 3603 iram,
916 3548 972 3594 et
1011 3547 1193 3593 notam
1239 3535 1419 3591 facere
1455 3532 1747 3604 potentiam

173 3650 323 3699 suam,
353 3634 619 3691 sustinuit
649 3633 704 3688 in
729 3633 899 3688 multa
926 3630 1208 3701 patientia,
1236 3643 1365 3683 vasa
1391 3628 1510 3693 irae,
1546 3637 1667 3696 apta
1697 3626 1749 3680 iu

173 3725 450 3795 interitum,
490 3735 553 3783 ut
582 3725 903 3783 ostenderet
925 3724 1143 3779 divitias
1172 3722 1360 3793 gloria:
1404 3736 1517 3776 sua:
1548 3722 1597 3775 in
1629 3734 1751 3773 vasa

172 3823 572 3887 misericordiae,
610 3838 732 3892 qua:
760 3818 1084 3891 prmparavit
1122 3818 1181 3872 in
1226 3815 1477 3887 gloriam.
1516 3816 1664 3883 Quos
1701 3823 1756 3869 et

171 3918 365 3974 vocavit
390 3933 495 3973 nos
522 3932 634 3972 non
659 3914 835 3971 solum
860 3929 928 3969 ex
960 3912 1186 3977 Judteis,
1220 3910 1314 3966 sed
1338 3911 1501 3965 etiam
1530 3924 1594 3964 ex
1625 3924 1759 3979 gen-

176 4008 299 4065 tibus
320 4009 373 4065 in
401 4010 552 4067 Osee
577 4008 751 4065 dicit:
783 4000 997 4062 Vocabo
1033 4020 1139 4059 non
1167 4002 1381 4074 plebem
1420 4016 1617 4067 meam,
1645 4000 1759 4070 ple-

179 4103 283 4161 bem
314 4121 492 4173 meam
523 4122 537 4159 :
565 4112 622 4159 et
653 4116 758 4156 non
780 4099 1054 4165 dilectam,
1078 4098 1331 4153 dilectam
1359 4113 1372 4149 :
1396 4105 1448 4150 et
1472 4109 1578 4149 non
1607 4094 1761 4148 mise-

175 4197 440 4255 ricordiam
483 4205 869 4261 consecutam,
910 4191 1339 4249 misericordiam
1381 4199 1755 4245 consecutam.

176 4288 231 4344 Et
248 4292 341 4346 erit
365 4312 377 4345 :
405 4291 463 4347 In
504 4291 655 4354 loco,
690 4289 778 4343 ubi
802 4287 1008 4342 dictum
1037 4294 1121 4341 est
1152 4285 1231 4341 eis
1257 4302 1270 4338 :
1295 4283 1415 4339 Non
1446 4282 1601 4353 plebs
1641 4296 1761 4336 mea

177 4398 255 4438 vos
284 4402 295 4437 :
320 4385 391 4439 ibi
422 4383 775 4439 vocabuntur
802 4380 898 4434 ﬁlii
930 4379 1025 4434 Dei
1058 4377 1189 4433 vivi.
1232 4376 1403 4431 Isaias
1432 4382 1612 4429 autem
1654 4374 1764 4428 cla-

177 4486 268 4533 mat
298 4493 392 4549 pro
442 4476 623 4533 Israel
662 4494 673 4529 :
726 4476 782 4531 Si
824 4473 989 4530 fuerit
1028 4485 1290 4529 numerus
1331 4470 1561 4526 filiorum
1602 4469 1763 4523 Israel

178 4577 424 4642 tamquam
469 4585 643 4627 arena
673 4568 857 4637 maris,
887 4567 1135 4639 reliquis:
1159 4566 1329 4621 salva:
1356 4566 1507 4620 ﬁent.
1531 4564 1764 4620 Verbum

177 4667 297 4721 cnim
329 4679 761 4731 consummans,
792 4672 847 4720 et
876 4662 1197 4718 abbrevians
1230 4660 1281 4715 iu
1308 4661 1562 4731 (equitate
1594 4677 1608 4715 :
1641 4658 1763 4730 quia
1794 4678 1844 4739 ι)

178 4761 378 4816 verbum
403 4761 715 4818 breviatum
748 4756 912 4814 faciet
942 4756 1202 4811 Dominus
1230 4768 1392 4824 super
1424 4761 1628 4808 terram
1664 4769 1677 4806 :
1712 4761 1767 4807 et

177 4852 299 4908 sicut
337 4853 600 4926 praedixit
628 4851 795 4908 Isaias
829 4869 841 4904 :
901 4848 1012 4905 Nisi
1059 4848 1319 4903 Dominus
1359 4847 1594 4903 Sabaoth
1637 4846 1765 4901 reli-

180 4947 560 5011 quissetnobis
588 4959 810 5011 semen,
851 4945 993 4998 sicut
1018 4940 1255 4999 Sodoma
1305 4940 1429 4995 facti
1484 4954 1763 5007 essemus,

180 5048 222 5092 et
244 5040 371 5096 sicut
402 5039 722 5099 Gomorrba
747 5038 953 5095 similes
994 5038 1307 5093 fuissemus.
1339 5036 1479 5105 Quid
1511 5051 1642 5108 ergo
1686 5036 1770 5092 di-

180 5138 390 5190 cemus?
444 5135 612 5203 Quod
669 5143 889 5205 gentes,
960 5149 1082 5205 quae
1142 5149 1251 5187 non
1293 5134 1643 5189 sectabantur
1680 5133 1770 5203 ju-

181 5227 359 5285 stitiam
415 5230 911 5301 apprehenderunt
961 5228 1228 5297 justitiam
1281 5244 1293 5281 :
1342 5227 1613 5297 justitiam
1667 5242 1767 5282 au-

191 5327 311 5387 tem,
361 5339 484 5394 quae
544 5339 617 5379 ex
671 5321 776 5378 ﬁde
831 5331 936 5377 est.
992 5303 1157 5377 Israel
1207 5336 1337 5375 vero
1385 5319 1645 5377 seclando
1692 5320 1770 5377 le-

181 5426 285 5483 gem
343 5416 583 5486 justitice
621 5460 635 5483 ,
710 5416 764 5472 in
833 5416 1005 5487 legem
1054 5414 1277 5485 justiticc
1339 5430 1445 5470 non
1503 5415 1771 5485 pervenit.

183 5504 385 5570 Quare?
426 5510 574 5577 Quia
614 5522 719 5564 non
760 5524 823 5564 ex
858 5509 995 5575 ﬁde,
1046 5508 1141 5565 sed
1191 5508 1342 5579 quasi
1376 5524 1441 5564 ex
1473 5508 1773 5579 Operibus:

184 5596 521 5661 offenderunt
599 5603 741 5658 enim
810 5603 861 5659 in
913 5602 1148 5674 lapidem
1208 5602 1559 5671 oﬁ‘ensiouis,
1636 5601 1779 5658 sicut

244 5766 464 5827 "Tacet
514 5768 664 5824 idem
712 5780 810 5822 rus.
838 5765 925 5823 hic
960 5767 1184 5824 verbum
1230 5776 1400 5823 sunt:
1452 5780 1579 5820 mox
1627 5777 1784 5835 neque

185 5837 292 5962 2:5"2
318 5842 496 5927 .138“:
549 5856 655 5912 ι)Γο
698 5857 859 5909 "etim"
911 5842 1028 5909 qui,
1073 5840 1137 5898 ad
1172 5840 1423 5898 Graecum
1480 5838 1782 5907 exemplar,

224 5927 275 5962 νο
311 5935 409 5962 οτι.

224 5927 275 5965 νο
311 5935 409 5969 οτι.

1854 3372 2066 3427 pacem,
2095 3354 2586 3426 evangelizantium
2614 3354 2756 3411 bona
2782 3356 2796 3409 ε
2832 3353 2939 3409 Sed
2973 3370 3079 3408 non
3106 3369 3297 3410 omnes
3328 3354 3458 3411 obe-

1852 3450 2007 3505 diuut
2060 3449 2375 3520 Evangelio.
2428 3448 2591 3504 Isaias
2621 3448 2765 3504 enim
2798 3446 2933 3502 dicit
2966 3464 2979 3502 :
3042 3447 3271 3504 Domine
3299 3491 3311 3516 ,
3343 3448 3463 3519 quis

1853 3542 2084 3597 credidit
2113 3541 2316 3597 auditui
2346 3540 2581 3597 nostro?
2634 3540 2745 3611 Ego
2793 3539 2928 3595 ﬁdes
2974 3556 3041 3595 ev
3074 3540 3261 3596 auditu
3287 3583 3302 3608 ,
3360 3558 3459 3597 au-

1855 3634 1999 3689 ditus
2028 3644 2207 3689 autent
2241 3651 2337 3705 per
2365 3635 2588 3691 verbum
2612 3632 2835 3689 Christi.
2860 3632 2967 3688 Sed
2999 3633 3120 3689 dico
3146 3649 3161 3686 :
3189 3632 3460 3705 Numquid

1858 3744 1964 3782 nou
2000 3726 2331 3782 audierunt?
2364 3727 2429 3781 Et
2451 3725 2666 3796 quidem
2699 3725 2753 3780 in
2787 3740 3003 3781 omnem
3063 3736 3260 3781 terram
3293 3726 3462 3783 exivit

1859 3837 2023 3876 sonus
2050 3836 2239 3874 eorum
2262 3861 2276 3884 ,
2314 3829 2369 3875 ct
2398 3821 2449 3874 in
2484 3820 2617 3875 ﬁnes
2662 3818 2812 3874 orbis
2844 3826 3006 3875 terrm
3056 3820 3220 3875 verba
3248 3836 3462 3881 eorum.

1859 3914 1965 3971 Sed
1994 3915 2164 3970 dico:
2223 3914 2495 3985 Numquid
2552 3914 2715 3969 Israel
2744 3928 2854 3969 non
2901 3914 3199 3985 cognovit?
3251 3914 3463 3971 I'rimus

1860 4009 2071 4082 Moyses
2100 4009 2232 4065 dicit
2266 4027 2277 4063 :
2341 4009 2485 4080 Ergo
2514 4008 2580 4064 ad
2610 4008 3011 4064 mmulatiouem
3065 4023 3165 4065 vos
3196 4008 3461 4067 adducam

1863 4106 1915 4161 in
1950 4121 2056 4159 non
2081 4112 2298 4175 gentem
2334 4121 2346 4158 :
2376 4112 2591 4174 gentem
2644 4103 3032 4174 insipientem,
3082 4103 3133 4159 in
3184 4103 3317 4158 iram
3366 4118 3464 4160 vos

1864 4200 2096 4254 mittam.
2133 4197 2298 4254 Isaias
2328 4208 2506 4253 autem
2535 4197 2725 4264 audet,
2753 4205 2808 4252 et
2837 4196 2969 4253 dicit
2995 4215 3007 4252 :
3051 4198 3303 4254 Inventus
3343 4215 3464 4255 sum

1865 4308 1895 4348 a
1920 4308 2023 4348 non
2054 4290 2428 4362 quaerentibus
2454 4304 2542 4345 me
2576 4308 2587 4342 :
2619 4291 2794 4360 palam
2823 4292 3050 4361 apparui
3099 4291 3192 4358 iis,
3251 4292 3340 4363 qui
3381 4307 3469 4350 mc

1870 4404 1974 4444 non
2008 4386 2432 4457 interrogabant.
2468 4384 2549 4439 Ad
2580 4383 2742 4439 Israel
2771 4394 2950 4439 autem
2990 4384 3121 4440 dicit
3150 4403 3163 4439 :
3216 4383 3351 4441 Tota
3379 4386 3469 4445 die

1868 4480 2099 4551 expandi
2148 4493 2343 4533 manus
2374 4492 2523 4533 meas
2571 4477 2637 4532 ad
2682 4478 2938 4549 populum
2972 4493 3075 4533 non
3104 4477 3417 4537 credentem
3449 4521 3465 4549 ,

1870 4586 1924 4633 et
1945 4575 1973 4614 ιι
2004 4574 2494 4631 contradicentem.

1943 4671 1951 4742 |
1988 4668 2112 4740 Cap.
2150 4667 2237 4721 XI.
2263 4666 2279 4737 Δ1
2313 4667 2441 4723 Dico
2470 4680 2599 4738 ergo
2634 4684 2647 4721 :
2683 4665 2952 4737 Numquid
2983 4665 3123 4721 Deus
3146 4666 3347 4737 repulit
3368 4682 3467 4739 po-

1872 4761 2053 4831 pulum
2077 4760 2277 4815 suum?
2308 4759 2483 4815 Absit.
2534 4758 2664 4813 Nam
2694 4768 2748 4815 et
2805 4772 2904 4830 ego
2954 4758 3196 4815 Israelita
3251 4775 3371 4815 sum
3403 4775 3469 4816 ex

1816 4848 1823 4851 ⁷
1871 4854 2079 4910 semine
2102 4853 2409 4920 Abraham,
2457 4852 2524 4909 de
2574 4848 2717 4908 tribu
2760 4852 3065 4923 Benjamiu.
3118 4853 3231 4909 Non
3277 4852 3475 4923 repulit

1874 4950 2012 5004 Deus
2061 4947 2271 5019 plebem
2320 4962 2473 5002 suam
2494 4988 2508 5014 ,
2537 4961 2693 5017 quam
2728 4948 3018 5017 przescivit.
3052 4947 3135 5002 An
3167 4946 3389 5002 nescitis
3417 4946 3471 5001 in

1876 5046 1992 5101 Elia
2015 5043 2142 5117 quid
2172 5044 2298 5098 dicit
2335 5044 2652 5114 Scriptura:
2677 5042 3134 5115 quemadmodum
3165 5040 3475 5112 interpellat

1875 5140 2045 5195 Deum
2095 5138 2381 5194 adversum
2440 5137 2644 5193 Israel?
2696 5137 2952 5205 Domine,
3007 5136 3299 5208 prophetas
3356 5146 3477 5192 tuos

1874 5230 2225 5299 occiderunt,
2251 5230 2439 5285 altaria
2483 5238 2572 5285 tua
2599 5229 2937 5285 suﬁ'odcrunt
2977 5246 2990 5284 :
3031 5238 3084 5285 et
3112 5244 3212 5301 ego
3256 5229 3476 5287 relictus

1875 5340 1993 5381 sum
2025 5326 2203 5395 solus,
2248 5333 2303 5382 et
2343 5333 2596 5395 quaerunt
2641 5325 2877 5380 animam
2933 5340 3129 5381 meam.
3187 5325 3294 5381 Sed
3345 5325 3474 5397 quid

1878 5418 2007 5473 dicit
2038 5418 2115 5471 illi
2148 5418 2387 5472 divinum
2429 5418 2798 5489 responsum?
2842 5416 3056 5489 Reliqui
3095 5417 3229 5474 mihi
3270 5430 3479 5491 septem

1880 5506 2046 5562 millia
2098 5508 2373 5574 virorum,
2428 5508 2521 5578 qui
2568 5523 2675 5563 non
2729 5518 3093 5565 curvaverunt
3129 5524 3303 5581 genua
3353 5521 3483 5569 ante

1883 5602 2032 5659 Baal.
2064 5602 2153 5659 Sic
2176 5616 2304 5674 ergo
2326 5611 2379 5659 et
2409 5601 2462 5659 in
2485 5601 2588 5660 hoc
2616 5612 2883 5677 tempore,
2916 5604 3157 5677 reliquias
3178 5607 3483 5666 secundum

1963 5762 2300 5855 PrS‘ubjuugit
2330 5765 2562 5855 Palatia.
2586 5782 2716 5855 ms.,
2748 5768 2896 5855 mihi,
2912 5768 3071 5854 .quod
3090 5769 3315 5855 quidem
3338 5784 3487 5855 ,ιη-ο-

1890 5840 2173 5969 ἓξίξὲῗέιὶη
2222 5840 2407 5912 paucis
2444 5854 2716 5914 quoquee
2752 5840 2963 5901 Graecis
3004 5840 3279 5903 codicibus
3337 5840 3490 5901 inve-
