4166 6336
669 328 772 384 759
1677 335 1737 388 S.
1780 330 2153 388 IIIEIiONYMI
2197 324 2431 383 DIVINA
2470 325 2945 384 BlBLlOTHECA.
3846 334 3938 392 HO

663 448 992 503 electionem
1018 448 1206 518 gratia:
1233 448 1395 503 ξιιμ-ιιι
1426 446 1580 504 facta:
1606 461 1749 505 sunt.
1780 450 1835 506 Si
1861 457 2042 503 autem
2074 448 2270 518 gratia,
2302 444 2348 503 Α
2378 447 2434 495 et
2459 440 2703 495 scientiae
2736 441 2825 494 Dei
2858 457 2871 492 :
2902 453 3061 509 quam
3093 437 3655 509 incomprehensibilia
3677 446 3938 514 suntjudi-

661 537 769 609 jatn
808 555 914 594 non
944 554 1012 596 ex
1060 540 1321 609 Operibns
1352 559 1363 595 :
1396 541 1633 613 alioquin
1674 542 1846 613 gratia
1874 541 1984 611 jam
2026 556 2136 595 non
2187 547 2272 594 est

663 632 861 701 gratia.
890 633 1027 701 Quid
1056 636 1232 705 ergo?
1273 634 1413 704 quod
1455 634 1729 705 qumrebat
1761 634 1922 690 Israel
1951 676 1965 699 ,
2014 633 2119 688 hoc
2162 647 2267 688 non

664 733 748 779 est
768 734 1094 781 consecutus
1122 742 1137 780 :
1173 724 1368 781 electio
1393 737 1572 781 autem
1599 735 1891 781 consecuta
1920 735 2003 781 ost
2037 742 2049 777 ε
2086 722 2270 780 οςιτιριί

665 833 796 873 vero
824 819 1081 875 excmcati
1104 828 1232 874 sunt
1260 832 1275 874 :
1335 820 1472 874 sicut
1502 821 1761 891 scriptum
1790 829 1876 873 est
1906 835 1917 873 :
1953 818 2115 875 Dedit
2166 814 2271 874 illis

662 909 811 966 Deus
847 911 1097 981 spiritum
1141 913 1577 983 compunctionis
1607 929 1620 966 :
1653 912 1842 968 oculos
1866 952 1882 975 ,
1927 921 1983 965 ιιι
2035 926 2145 967 non
2188 911 2270 966 vi-

663 1003 859 1070 deant,
888 1016 945 1062 et
970 1020 1160 1075 aures,
1193 1016 1248 1059 ut
1273 1022 1378 1061 non
1403 1006 1646 1075 audiant,
1676 1020 1847 1076 usque
1866 1006 1918 1061 in
1948 1006 2267 1077 hodiernum

661 1097 828 1154 diem.
861 1099 930 1154 Et
963 1099 1130 1155 David
1160 1099 1337 1159 dicit:
1370 1100 1489 1155 Fiat
1511 1116 1695 1155 mensa
1723 1115 1913 1157 eorum
1938 1101 1991 1156 iu
2012 1100 2266 1172 laqueum

658 1191 797 1247 etin
827 1192 1172 1262 captionem,
1230 1202 1283 1247 et
1327 1193 1382 1248 in
1420 1194 1769 1263 scandalum,
1810 1202 1867 1248 et
1922 1192 1973 1247 in
2028 1191 2265 1247 retribu-

657 1282 867 1339 tionem
896 1283 1031 1339 illis.
1061 1283 1440 1340 Obscurentur
1460 1285 1607 1340 oculi
1653 1299 1841 1340 eorum
1861 1325 1876 1349 ,
1910 1300 1979 1339 ne
2005 1283 2226 1338 videant
2252 1300 2265 1338 :

656 1387 710 1432 et
744 1376 968 1433 dorsum
993 1393 1181 1434 eorum
1206 1394 1425 1451 semper
1457 1381 1699 1435 incurva.
1737 1379 1872 1435 Dico
1901 1394 2066 1448 ergo:
2094 1376 2265 1432 Num-

659 1470 786 1541 quid
817 1470 895 1526 sic
918 1470 1264 1529 oﬂ‘enderunt
1289 1483 1344 1527 ιιι
1369 1472 1670 1529 caderent?
1699 1472 1875 1528 Absit.
1908 1471 2016 1528 Sed
2049 1470 2263 1527 illorum

660 1562 861 1619 delicto
888 1566 1036 1621 salus
1058 1574 1144 1622 est
1174 1566 1458 1637 gentibus,
1487 1575 1545 1621 ut
1580 1565 1708 1621 illos
1728 1566 2076 1620 aemulentur.
2110 1562 2264 1630 Quod

657 1658 707 1715 si
728 1657 988 1715 delictum
1021 1660 1239 1715 illorum
1265 1660 1466 1716 divitia:
1497 1667 1625 1715 sunt
1650 1658 1834 1714 mundi
1858 1700 1874 1726 ,
1897 1667 1955 1713 et
1976 1656 2266 1713 diminutio

659 1767 849 1809 eorum
904 1752 1115 1808 divitia:
1158 1753 1447 1825 gentium:
1500 1761 1703 1822 quanto
1761 1751 1929 1823 magis
1983 1749 2262 1821 plenitudo

2376 534 2457 590 cia
2515 538 2662 604 ejus,
2724 546 2778 589 et
2828 533 3242 604 investigabiles
3286 533 3389 589 vite
3439 534 3602 604 ejus!
3643 536 3768 604 Quis
3810 543 3935 596 enim

2373 630 2630 697 cognovit
2655 641 2876 685 sensum
2911 626 3121 682 Domini
3151 626 3173 679 ?
3201 624 3310 681 Aut
3337 626 3454 697 quis
3485 629 3812 684 consiliarius
3837 634 3938 702 ejus

2373 720 2518 777 fuit?
2554 721 2664 778 Aut
2703 722 2827 794 quis
2869 722 3021 793 prior
3060 720 3212 777 dedit
3260 719 3376 788 illi,
3406 732 3461 777 et
3491 722 3806 778 retribuctur
3856 727 3938 780 ei?

2372 814 2638 885 Quoniam
2667 831 2733 873 ex
2761 817 2912 887 ipso,
2942 826 2997 871 et
3020 830 3116 886 per
3156 816 3365 885 ipsum,
3397 826 3452 870 et
3475 816 3529 869 in
3558 817 3670 884 ipso
3695 827 3813 870 sunt
3837 834 3937 872 0m-

2377 907 2461 963 nia
2494 925 2507 961 :
2541 908 2640 977 ipsi
2671 908 2841 979 gloria
2871 908 2922 961 in
2952 907 3149 963 saecula
3180 905 3326 978 [M3,
3359 906 3618 961 sarculum
3650 906 3681 977 1.
3714 910 3887 964 Amen.

2445 997 2597 1071 [ϐαρ.
2628 997 2771 1069 Xll.]
2801 1000 3041 1055 Obsecro
3075 998 3254 1069 itaque
3281 1013 3396 1064 vos,
3432 999 3648 1065 fratres,
3681 1016 3769 1069 per
3796 1003 3935 1058 mise-

2371 1090 2662 1146 ricordiam
2703 1090 2822 1155 Dei.
2852 1102 2910 1147 ut
2941 1092 3245 1147 exbibeatis
3267 1106 3496 1160 corpora
3522 1102 3698 1147 vestra
3728 1091 3933 1150 hostiam

2374 1185 2677 1251 viventem,
2723 1193 2988 1252 sanctam,
3027 1184 3137 1239 Deo
3170 1183 3492 1252 placentem,
3524 1184 3827 1241 rationabile
3853 1187 3934 1242 ob-

2369 1278 2617 1349 sequium
2647 1286 2912 1334 vestrum.
2948 1276 3017 1332 Et
3048 1277 3216 1332 nolite
3242 1275 3571 1331 coitiormari
3602 1276 3724 1333 lmic
3739 1280 3932 1345 sacculo,

2369 1370 2465 1426 sed
2488 1370 2856 1431 refurmamini
2891 1371 2941 1424 in
2970 1370 3211 1425 novitate
3240 1384 3433 1426 sensus
3458 1368 3625 1424 vestri
3649 1386 3664 1424 :
3692 1380 3747 1424 ut
3767 1372 3935 1441 probe-

2371 1463 2438 1517 tis
2462 1480 2584 1533 qua:
2603 1464 2675 1519 sit
2697 1463 2949 1518 voluntas
2977 1461 3073 1517 Dei
3096 1462 3257 1523 bona,
3281 1470 3338 1518 et
3360 1462 3740 1532 beneplacens,
3759 1472 3809 1518 et
3831 1480 3938 1534 per-

2366 1555 2526 1612 fecta.
2564 1556 2691 1612 Dico
2735 1557 2879 1610 enim
2933 1572 3027 1625 per
3066 1556 3295 1626 gratiam
3344 1569 3467 1626 qua
3501 1555 3627 1611 data
3669 1567 3746 1612 est
3795 1558 3933 1626 mihi,

2367 1647 2619 1710 omnibus
2646 1648 2740 1719 qui
2777 1656 2905 1703 sunt
2934 1649 3077 1704 inter
3121 1662 3256 1703 vos:
3288 1647 3406 1704 Non
3441 1648 3563 1717 plus
3596 1662 3778 1716 sapere
3800 1664 3932 1719 quam

2368 1752 2584 1811 oportet
2629 1756 2825 1812 sapt-re
2846 1784 2861 1807 ,
2893 1743 2988 1798 sed
3018 1756 3210 1812 sapere
3240 1742 3307 1797 ad
3354 1742 3735 1807 sobrietatem,
3763 1753 3812 1798 et
3834 1745 3930 1800 uni.

658 1846 889 1902 eorum?
922 1847 1084 1903 Vobis
1110 1847 1256 1904 enim
1282 1847 1406 1904 dico
1426 1848 1677 1918 gentibus
1708 1865 1720 1900 :
1745 1845 2013 1915 Quamdiu
2042 1845 2260 1917 quidem
2294 1830 2340 1892 Β
2368 1836 2563 1907 cuique
2593 1839 2733 1892 sicut
2759 1837 2898 1892 Deus
2927 1835 3109 1891 divisit
3142 1851 3455 1891 mensuram
3477 1834 3622 1893 fidei.
3650 1836 3793 1893 Sicut
3813 1839 3933 1893 enim

657 1953 760 2009 ego
784 1954 903 1995 sunt
931 1942 1172 2010 gentium
1206 1942 1487 2012 apostolus
1507 1983 1522 2005 ,
1552 1941 1910 1997 ministerium
1958 1955 2136 1996 meum
2167 1938 2264 1995 bo-

660 2032 993 2101 norilicabo,
1022 2033 1068 2087 si
1115 2033 1390 2103 quomodo
1448 2034 1513 2089 ad
1566 2032 1932 2089 aemulandum
1975 2045 2262 2102 provocem

657 2138 877 2180 carnem
911 2140 1123 2189 meam,
1154 2137 1207 2180 et
1235 2126 1416 2180 salvos
1458 2123 1650 2181 faciam
1679 2106 1894 2195 aliquos
1920 2141 1990 2179 ex
2026 2124 2154 2179 illis.
2205 2121 2262 2180 Si

656 2217 801 2273 enim
830 2218 1054 2275 amissio
1082 2234 1302 2286 eorum,
1335 2219 1710 2275 reconciliatio
1738 2229 1822 2274 est
1848 2218 2033 2274 mundi
2080 2235 2093 2271 :
2143 2233 2263 2287 qua:

660 2310 993 2381 assumptio,
1036 2311 1137 2366 nisi
1173 2312 1275 2367 vita
1320 2327 1383 2367 ex
1416 2313 1683 2368 mortuis?
1710 2311 1865 2380 Quod
1911 2313 1957 2367 si
2005 2310 2264 2367 delibatio

658 2413 848 2459 sancta
877 2415 997 2468 est,
1030 2415 1084 2460 et
1108 2419 1285 2460 massa
1312 2423 1326 2459 :
1351 2416 1405 2461 et
1444 2405 1487 2460 si
1535 2404 1689 2460 radix
1734 2414 1919 2460 sancta
1945 2447 1961 2473 ,
1994 2414 2049 2460 et
2103 2405 2260 2460 rami.

656 2496 811 2562 Quod
841 2496 886 2552 si
938 2497 1101 2569 aliqui
1147 2513 1212 2555 ex
1244 2497 1410 2553 ramis
1435 2497 1778 2563 Iractisnnt,
1823 2475 1881 2554 tu
1911 2506 2093 2552 autem
2137 2513 2261 2552 cum

656 2590 894 2646 oleaster
921 2606 1101 2658 esses,
1138 2593 1373 2647 insertus
1399 2607 1459 2647 es
1482 2591 1534 2646 in
1561 2590 1700 2658 illis,
1730 2600 1784 2646 et
1808 2590 1990 2647 socius
2035 2589 2262 2655 radicis,

656 2692 710 2738 et
741 2684 1084 2755 pinguedinis
1113 2686 1273 2741 olivae
1294 2685 1469 2742 factus
1492 2700 1553 2741 es
1572 2727 1587 2752 ,
1618 2685 1727 2742 noli
1751 2686 1977 2757 gloriari
2003 2686 2265 2741 adversus

656 2776 1042 2843 ramos.Quod
1065 2777 1110 2832 si
1139 2778 1433 2848 gloriaris:
1486 2793 1594 2832 non
1641 2789 1696 2833 tu
1749 2777 1985 2834 radicem
2038 2776 2261 2847 portas',

656 2869 752 2924 sed
776 2869 926 2925 radix
978 2880 1050 2926 te.
1076 2870 1235 2927 Dices
1274 2886 1408 2942 ergo
1437 2889 1452 2926 :
1488 2870 1666 2926 Fracti
1698 2880 1824 2927 sunt
1850 2871 1986 2925 rami
2015 2911 2030 2936 ,
2063 2880 2119 2924 nt
2162 2885 2264 2943 ego

659 2964 888 3021 inserar.
934 2966 1120 3022 Bene:
1153 2976 1373 3038 propter
1420 2966 1858 3022 incredulitatem
1909 2964 2063 3021 fracti
2113 2974 2259 3021 sunt.

655 3056 737 3113 Tu
766 3067 947 3112 autem
994 3058 1099 3115 tide
1130 3069 1284 3115 stas:
1335 3059 1447 3114 noli
1487 3059 1654 3114 altum
1687 3073 1914 3128 sapere,
1960 3059 2057 3114 scd
2108 3057 2261 3120 time.

655 3148 716 3206 Si
745 3150 893 3205 enim
942 3150 1085 3207 Deus
1145 3152 1482 3207 naturalibus
1515 3154 1678 3207 ramis
1709 3166 1819 3208 non
1851 3152 2094 3221 pepercit
2125 3168 2140 3205 :
2196 3164 2265 3206 ne

2372 1930 2422 1985 in
2456 1946 2565 1985 uno
2595 1945 2829 1999 corpore
2856 1931 3022 1985 multa
3061 1929 3308 1985 membra
3340 1928 3627 1997 habemus,
3654 1930 3819 1985 omnia
3851 1945 3934 1984 au-

2370 2030 2480 2077 tem
2518 2023 2759 2078 membra
2792 2037 2900 2078 non
2937 2021 3189 2078 eumdem
3228 2032 3409 2078 aetum
3440 2021 3675 2077 habent:
3715 2022 3782 2077 ita
3804 2022 3934 2079 multi

2367 2131 2535 2171 unum
2563 2132 2761 2188 corpus
2791 2130 2978 2172 sumus
3014 2117 3069 2171 in
3098 2115 3346 2181 Christo,
3379 2115 3582 2186 singuli
3609 2125 3781 2171 autem
3814 2114 3935 2171 alter

2368 2210 2597 2266 alterius
2626 2210 2891 2265 membra.
2922 2209 3197 2265 Habentes
3226 2217 3407 2265 autem
3429 2208 3745 2263 donationes
3772 2222 3935 2263 secun-

2371 2306 2499 2360 dum
2547 2306 2810 2373 gratiam,
2841 2318 2963 2374 qua:
2988 2302 3111 2358 da'a
3143 2314 3228 2359 est
3255 2301 3437 2370 nobis,
3470 2300 3775 2357 dtll‘erentes
3801 2317 3815 2366 ;
3841 2302 3937 2357 sive

2370 2397 2709 2468 prophetiam
2737 2397 3037 2453 secundum
3076 2398 3340 2453 rationem
3372 2396 3534 2461 ﬁdei,
3565 2396 3678 2451 sive
3723 2398 3935 2452 ministe-

2368 2490 2509 2545 rium
2540 2490 2593 2544 in
2625 2489 3003 2557 ministrando,
3037 2489 3151 2545 sive
3181 2491 3270 2561 qui
3299 2490 3465 2545 docet
3507 2488 3561 2543 in
3591 2488 3839 2554 doctrina,
3862 2488 3933 2560 qui

2366 2583 2729 2639 exhortatur'I
2746 2584 2797 2638 in
2826 2583 3286 2654 exbortando,qui
3310 2583 3509 2638 tribuit
3528 2581 3582 2637 in
3608 2583 3931 2653 simplicitate,

2367 2678 2456 2748 qui
2497 2684 2696 2747 praeest
2725 2678 2777 2730 in
2799 2676 3166 2732 sollicitudine
3195 2716 3212 2743 ,
3254 2677 3343 2746 qui
3375 2675 3668 2731 miseretur
3695 2676 3746 2729 in
3775 2674 3931 2729 ltilari-

2344 2756 2500 2825 'tate.
2531 2770 2759 2825 Dilectio
2787 2769 3300 2829 sinesimnlatione.
3332 2768 3593 2825 Odit-tiles
3625 2769 3829 2834 malum,
3854 2769 3932 2822 ad-

2375 2860 2649 2917 haerentes
2680 2863 2824 2917 IlOliO
2852 2880 2864 2915 :
2889 2861 3169 2917 Cltaritate
3200 2861 3566 2917 fraternitatis
3594 2862 3806 2917 invicem
3831 2860 3931 2915 dili-

2365 2967 2592 3025 gentes:
2623 2957 2840 3013 llonorc
2872 2958 3103 3012 invicem
3135 2958 3571 3024 praevenientes:
3599 2954 3931 3013 Sollicitudine

2368 3064 2473 3103 non
2523 3050 2697 3120 pigri:
2752 3048 2958 3120 Spiriu
3001 3053 3309 3107 ferventes:
3366 3050 3599 3106 Domino
3628 3050 3926 3106 servientes:

2366 3141 2474 3212 Spe
2493 3144 2823 3212 gaudentes:
2846 3143 2902 3198 lu
2928 3144 3280 3199 tribulatione
3304 3145 3577 3215 patientes
3594 3162 3606 3199 :
3622 3143 3847 3201 Orationi
3869 3142 3928 3198 iu-

654 3242 797 3300 forte
824 3259 920 3300 nec
942 3244 1038 3300 tibi
1072 3254 1274 3316 parcat.
1312 3244 1445 3300 Vide
1486 3260 1617 3313 ergo
1650 3246 1975 3313 benitatetn,
2024 3251 2079 3299 et
2107 3256 2262 3299 seve-
2288 3226 2333 3289 C
2366 3246 2611 3291 Stantes:
2648 3235 3075 3294 Necessitatibus
3121 3251 3439 3295 sanctorum
3473 3240 3925 3295 communicantes:

653 3334 869 3391 ritatem
896 3334 990 3391 Dei
1022 3352 1036 3389 :
1060 3336 1113 3391 itt
1141 3350 1238 3392 eos
1267 3336 1486 3406 quidem
1509 3375 1525 3401 ,
1551 3337 1641 3406 qui
1671 3335 2020 3403 ceciderunt,
2056 3338 2262 3391 severi-

654 3436 861 3486 tatem:
905 3430 956 3484 in
1001 3440 1057 3485 te
1077 3439 1261 3485 autem
1297 3430 1595 3486 bonitatem
1623 3429 1716 3484 Dei
1742 3465 1760 3496 ,
1808 3429 1852 3484 si
1896 3427 2261 3497 permanseris

652 3521 707 3577 in
738 3520 1015 3592 bonitate,
1044 3522 1287 3594 alioquin
1304 3533 1360 3578 et
1390 3533 1445 3577 tu
1485 3522 1778 3578 excideris.
1810 3522 1918 3578 Sed
1949 3533 2003 3576 et
2054 3522 2127 3575 illi
2149 3562 2162 3585 .
2196 3522 2258 3576 ‘si

650 3630 761 3671 non
792 3618 1193 3686 permanserint
1238 3617 1293 3673 in
1323 3618 1732 3684 incredulitate,
1764 3619 2071 3675 iuserentur
2100 3636 2114 3672 :
2164 3633 2259 3686 po-

651 3716 775 3764 tens
799 3718 883 3763 est
911 3707 1055 3765 enim
1087 3708 1230 3766 Deus
1260 3709 1456 3766 iterum
1490 3711 1728 3766 inserere
1758 3710 1901 3767 illos.
1950 3709 2084 3765 Nam
2125 3710 2173 3765 si
2203 3720 2255 3765 tu

652 3815 718 3857 cx
762 3801 993 3860 naturali
1022 3803 1239 3858 excisus
1261 3816 1322 3858 es
1348 3804 1590 3859 oleastro
1610 3843 1625 3872 ,
1681 3814 1734 3860 et
1766 3812 1958 3859 contra
2007 3814 2255 3858 naturam

650 3893 885 3950 insertus
908 3910 968 3951 es
1016 3896 1068 3951 in
1094 3896 1289 3950 bonam
1345 3896 1582 3951 olivam:
1624 3907 1829 3967 quanto
1855 3895 2114 3966 magisii,
2163 3896 2253 3967 qui

649 3987 952 4043 secundum
982 4003 1229 4045 naturam
1251 3988 1564 4047 inserentur
1590 4005 1705 4045 suae
1733 3991 1929 4045 olivas?
1953 3989 2089 4045 Nolo
2106 3991 2254 4045 enim

650 4098 747 4139 vos
782 4083 1059 4153 ignorare,
1102 4082 1298 4141 fratres
1318 4125 1334 4150 ,
1365 4085 1683 4157 mysterium
1713 4085 1813 4140 ltoc
1871 4083 1966 4146 (ut
1997 4099 2104 4140 non
2133 4084 2254 4139 sitis

652 4174 811 4229 vobis
841 4174 976 4245 ipsis
1000 4178 1275 4246 sapientes
1303 4175 1324 4246 )
1349 4216 1365 4244 ,
1400 4177 1522 4247 quia
1564 4176 1781 4232 caecitas
1828 4193 1893 4233 ex
1925 4184 2076 4247 parte
2125 4191 2254 4232 con-

652 4264 768 4336 tigit
791 4266 844 4320 in
874 4266 1038 4321 Israel
1056 4306 1071 4332 ,
1105 4266 1282 4323 donec
1307 4268 1593 4340 plenitudo
1615 4270 1857 4340 gentitnu
1908 4270 2135 4326 intraret
2160 4311 2175 4338 ,
2199 4280 2255 4326 et

649 4359 731 4415 sic
751 4362 930 4414 omnis
975 4358 1141 4416 Israel
1168 4363 1353 4417 salvus
1410 4360 1600 4429 ﬂeret,
1653 4362 1794 4418 sicut
1836 4364 2099 4435 scriptum
2129 4375 2250 4422 est:

655 4454 848 4511 Veniet
875 4469 941 4511 ex
964 4453 1094 4511 Sion
1112 4500 1126 4525 ,
1152 4455 1247 4525 qui
1284 4456 1503 4527 eripiat,
1532 4465 1589 4511 et
1611 4465 1827 4513 avertat
1854 4458 2188 4528 impietatem
2218 4474 2247 4513 a

646 4542 836 4605 Jacob.
868 4548 938 4605 Et
966 4548 1072 4606 boe
1103 4550 1210 4605 illis
1254 4566 1283 4604 a
1333 4565 1421 4607 me
1451 4559 1870 4607 testamentum:
1901 4567 2022 4608 cum
2065 4555 2250 4610 abstu-

2366 3332 2807 3404 Ilospitalitatent
2846 3342 3137 3390 sectantes.
3171 3334 3489 3390 Benedicite
3524 3332 3925 3404 persequentibus

2364 3442 2494 3483 vos:
2526 3427 2862 3496 benedicite,
2895 3438 2950 3485 et
2978 3430 3148 3486 nolite
3176 3429 3531 3485 maledicere.
3565 3428 3801 3484 Gaudere
3823 3441 3925 3481 ctun

2363 3523 2752 3593 gaudentibus,
2786 3522 2920 3579 ﬂere
2962 3539 3086 3579 cum
3127 3523 3419 3579 ﬂentibus:
3470 3522 3702 3592 Idlpsum
3730 3519 3923 3576 invicem

2338 3616 2660 3673 sentientes
2689 3634 2700 3670 :
2732 3615 2851 3671 Non
2896 3616 3004 3671 alta
3035 3617 3330 3687 sapientes,
3364 3615 3466 3671 sed
3494 3615 3772 3699 humilibus
3811 3627 3922 3666 con-

2360 3711 2679 3767 sentientes.
2712 3710 2890 3766 Nolite
2911 3725 3033 3768 esse
3056 3711 3356 3782 prudentes
3383 3711 3529 3783 apud
3563 3711 3919 3779 vosmetipsos:

2360 3801 2503 3858 Nulli
2539 3804 2738 3860 malum
2773 3819 2871 3873 pro
2896 3804 3039 3858 malo
3084 3802 3407 3860 reddentes:
3456 3801 3784 3875 providentes
3808 3799 3922 3853 bona

2361 3911 2470 3951 non
2497 3906 2706 3952 tantum
2753 3912 2934 3952 coram
2968 3896 3102 3964 Deo,
3134 3897 3228 3952 sed
3267 3899 3436 3951 etiam
3474 3911 3654 3952 coram
3706 3892 3922 3948 omnibus

2360 3990 2689 4049 hominibus.
2746 3993 2802 4047 Si
2834 3992 2947 4047 ﬁeri
2975 3980 3183 4063 potest,
3237 3990 3383 4063 quod
3428 4007 3498 4047 ex
3527 3990 3678 4046 vobis
3697 3996 3793 4054 est,
3818 3998 3918 4041 cura

2357 4085 2610 4141 omnibus
2655 4085 2967 4141 hominibus
3017 4101 3204 4156 pacem
3247 4084 3542 4141 habentes:
3584 4083 3692 4139 Non
3716 4087 3918 4136 vosmet-

2358 4176 2505 4247 ipsos
2548 4177 2927 4244 defendentes,
2968 4177 3298 4243 charissimi,
3345 4177 3445 4233 sed
3475 4177 3599 4232 date
3629 4177 3793 4231 locum
3821 4174 3913 4226 irae.

2355 4268 2631 4340 Scriptum
2662 4280 2746 4325 est
2774 4270 2918 4326 enim
2954 4286 2969 4325 :
3000 4270 3130 4326 Mihi
3164 4269 3397 4325 vindicta
3435 4289 3450 4338 ;
3493 4286 3593 4342 ego
3623 4266 3914 4329 retribuam,

2355 4362 2486 4417 dicit
2532 4362 2812 4418 Dominus.
2852 4362 2958 4418 Sed
3006 4362 3050 4418 si
3098 4362 3357 4418 esurierit
3386 4363 3635 4419 inimicus
3659 4371 3790 4426 tuus,
3814 4357 3913 4413 ciba

2354 4455 2535 4510 illum:
2568 4456 2613 4510 si
2641 4456 2778 4524 sitit,
2812 4466 2998 4524 potum
3028 4455 3096 4511 da
3127 4454 3226 4511 illi.
3255 4454 3370 4512 Hoc
3398 4457 3543 4512 enim
3577 4454 3786 4521 faciens,
3814 4465 3916 4505 ear-

2356 4550 2523 4605 bones
2554 4549 2692 4619 ignis
2722 4564 2988 4621 congeres
3029 4563 3193 4621 super
3225 4559 3388 4621 caput
3410 4549 3553 4621 ejus.
3601 4548 3716 4604 Noli
3740 4543 3866 4602 vinci
3890 4555 3912 4597 ι

647 4642 766 4699 lero
784 4653 1000 4714 peccata
1032 4659 1246 4700 eorum.
1270 4643 1583 4700 Secundum
1611 4646 1965 4717 Evangelium
1994 4646 2240 4717 quidem,
2275 4626 2329 4688 υ
2353 4642 2515 4707 malo,
2546 4641 2645 4698 sed
2673 4641 2831 4698 vince
2856 4642 2910 4697 in
2944 4642 3088 4715 bono
3117 4642 3341 4698 malum.
3474 4670 3499 4687 ι

648 4735 853 4791 inimici
880 4748 1103 4807 propter
1134 4753 1273 4807 vos:
1312 4726 1612 4794 secundum
1665 4740 1987 4795 electionem
2028 4749 2241 4809 autem,

648 4828 955 4883 cltarissimi
1014 4837 1237 4899 propter
1281 4838 1484 4900 patres.
1538 4830 1669 4886 Siue
1719 4830 2037 4901 pmnitentia
2100 4834 2244 4888 enim

646 4931 772 4976 sunt
800 4920 941 4975 dona
968 4928 1024 4976 et
1051 4921 1263 4976 voeatio
1295 4921 1409 4977 Dei.
1463 4922 1617 4980 Sicut
1664 4923 1807 4980 enim
1856 4924 2150 4995 aliquando
2191 4934 2248 4982 et

646 5029 745 5069 vos
770 5030 876 5069 non
907 5014 1218 5071 credidistis
1251 5015 1361 5070 Deo
1388 5057 1403 5083 ,
1437 5030 1579 5071 nunc
1599 5025 1778 5072 autem
1811 5018 2243 5076 misericordiam

646 5108 925 5164 consecuti
980 5108 1114 5164 estis
1155 5117 1379 5179 propter
1406 5106 1841 5165 incredulitatem
1868 5109 2129 5166 illorum:
2174 5113 2245 5167 ita

644 5209 700 5258 et
726 5202 813 5257 isti
843 5216 988 5258 nunc
1017 5216 1122 5257 non
1163 5199 1516 5257 crediderunt
1555 5201 1610 5256 in
1645 5210 1880 5258 vestram
1934 5204 2247 5261 misericor-

645 5299 825 5367 diam,
859 5308 990 5354 utet
1025 5299 1127 5370 ipsi
1169 5298 1600 5355 misericordiam
1629 5309 2052 5369 consequantur.
2104 5299 2248 5356 Cou-

647 5393 804 5451 clusit
851 5394 995 5450 enim
1052 5396 1193 5453 Deus
1222 5394 1404 5449 omnia
1447 5393 1500 5448 in
1557 5392 1940 5451 incredulitate
1974 5416 1987 5452 :
2021 5404 2080 5452 ut
2128 5409 2245 5451 om-

644 5489 796 5559 nium
845 5490 1190 5547 misereatur.
1248 5489 1292 5545 0
1344 5488 1573 5545 altitudo
1624 5488 1935 5547 divitiarum
1963 5494 2245 5563 Sapimatia

644 5652 651 5659 ’
719 5664 744 5690 ιι
794 5651 1041 5726 Pressius
1076 5650 1150 5704 'ad
1198 5650 1444 5726 Graecum
1479 5646 1809 5726 exemplar,
1861 5654 1908 5704 ἒν
1957 5657 2020 5726 τῇ
2066 5671 2239 5726 nepa-

645 5734 844 5795 κλήσει,
878 5725 1106 5781 Palaziu.
1154 5738 1282 5790 nts.,
1322 5722 1374 5777 in
1402 5723 1792 5789 exhortatione,
1825 5735 1921 5791 pro
1958 5722 2012 5776 in
2039 5722 2230 5777 exhor-

640 5803 969 5934 “mlfailusta
1019 5868 1224 5941 aliquot
1278 5862 1501 5923 Graecos
1554 5862 1723 5921 libros
1755 5903 1770 5931 ,
1832 5862 2027 5927 Πὰσαις
2093 5864 2234 5932 ἕξου-

2425 4734 2577 4810 [Cap.
2610 4735 2770 4809 XIII.|
2799 4734 2990 4792 Omnis
3013 4735 3039 4776 δ
3066 4738 3248 4792 anima
3280 4734 3633 4807 potestatibus
3669 4729 3913 4789 sublimio-

2286 4831 2302 4843 ⁹
2351 4827 2501 4884 ribus
2522 4829 2739 4886 subdita
2771 4830 2878 4884 sit:
2914 4829 3032 4886 Non
3062 4829 3315 4891 est.enim
3350 4839 3592 4899 potestas
3617 4826 3716 4883 nisi
3738 4842 3763 4880 τι
3788 4823 3907 4878 Deo:

2351 4936 2474 4991 quae
2496 4930 2678 4978 autem
2703 4931 2850 4987 sunt,
2877 4936 2907 4976 a
2931 4921 3048 4978 Deo
3073 4919 3337 4977 ordinata:
3360 4929 3510 4977 sunt.
3538 4920 3714 4990 Itaque
3731 4915 3813 4987 qui
3833 4926 3906 4968 re-

2349 5014 2493 5070 sistit
2537 5016 2813 5086 potestati,
2846 5015 2940 5072 Dei
2970 5014 3299 5071 ordinationi
3346 5014 3571 5071 resistit.
3607 5014 3703 5081 Qui
3753 5016 3906 5065 autent

2349 5107 2654 5172 resistunt,
2689 5108 2792 5178 ipsi
2834 5107 2937 5164 sibi
2982 5108 3384 5174 damnatiOnem
3435 5106 3753 5179 acquirunt:
3805 5111 3906 5156 nam

2350 5202 2626 5274 principes
2652 5220 2761 5259 non
2792 5213 2917 5258 sunt
2941 5202 3122 5258 timori
3156 5203 3284 5259 boni
3306 5202 3514 5273 operis,
3542 5200 3635 5258 sed
3664 5197 3803 5254 mali.
3832 5191 3906 5247 Vis

2347 5307 2529 5353 autem
2581 5313 2688 5354 non
2722 5298 2916 5354 timere
2944 5297 3317 5369 potestatem?
3363 5296 3568 5351 Bonum
3597 5295 3710 5357 iac;
3753 5297 3799 5343 et
3824 5284 3903 5340 Ita-

2348 5396 2505 5453 bebis
2537 5393 2753 5450 laudem
2782 5407 2850 5448 ex
2878 5391 3002 5446 illa:
3038 5391 3134 5446 Dei
3166 5390 3309 5446 enim
3345 5389 3591 5445 minister
3617 5395 3700 5442 est
3729 5379 3813 5437 tibi
3856 5375 3901 5430 in

2345 5492 2572 5549 b0num.
2590 5489 2646 5545 Si
2670 5497 2850 5544 autem
2876 5486 3077 5542 malum
3102 5484 3319 5554 feceris,
3346 5485 3502 5545 time:
3530 5497 3634 5537 non
3654 5478 3785 5536 enim
3802 5474 3901 5531 sine

2350 5650 2484 5708 σίαις
2538 5645 2932 5720 ὑπερεχᾳιξσαις
2985 5641 3352 5720 ύποτὸιᾳσισθε
3380 5641 3515 5720 _,__in_
3546 5636 3896 5720 Palalittoltpf;

2340 5701 2570 5845 legitur,
2619 5701 2867 5771 (infititias
2910 5701 3257 5786 potestatibus
3307 5701 3685 5768 sublimioribus
3727 5701 3895 5761 subditi

2340 5802 2394 5845 es
2416 5805 2448 5845 ο
2472 5804 2519 5845 e.

2340 5802 2519 5847 ειιοιθ.

4055 4236 4057 4311 l
