4166 6336
338 335 438 396 τοι

1193 340 1522 398 EPISTULA
1569 342 1628 396 Β.
1672 341 1876 397 Ριυιι
1920 339 2261 398 APOSTOLI
2306 339 2396 396 AD
2435 339 2784 400 ROMANOS.

3539 345 3644 402 74?.

336 465 500 505 eausa
531 450 764 519 gladium
795 459 989 520 portat.
1028 453 1119 506 Dei
1149 453 1288 507 enim
1321 455 1565 508 miniter
1598 465 1678 510 Cri.
1704 475 1714 509 :
1744 455 1938 511 vindex
1966 463 2014 517 Α
2045 453 2163 507 Noli
2197 453 2318 508 cibo
2353 465 2443 508 tuo
2475 455 2623 509 illum
2660 456 2906 525 perdere,
2943 472 3036 527 pro
3067 473 3175 528 quo
3205 457 3454 514 Christus
3495 477 3560 513 ιιιι
3589 480 3639 514 ι·-

338 542 392 596 in
426 544 556 595 iram
591 544 662 604 ei,
696 546 786 613 qui
823 545 1019 598 malum
1051 546 1178 616 agit.
1217 545 1342 601 Ideo
1381 545 1706 604 necessitate
1739 549 1938 604 subditi

337 643 452 688 esto
479 651 510 688 e
533 677 546 700 ,
592 653 695 689 non
729 638 900 691 solum
949 650 1165 708 propter
1212 640 1367 706 iram,
1394 642 1490 696 sed
1523 644 1686 696 etiam
1719 655 1939 712 propter

335 728 754 783 etme-tentiam.
779 729 904 784 ideo
933 731 1076 786 enim
1104 740 1155 784 et
1191 731 1387 786 tributa
1415 736 1715 802 prmstatis:
1752 736 1941 790 minis-

337 820 404 871 tri
436 821 583 875 enim
616 822 706 875 Dei
735 832 882 885 sunt,
929 823 984 877 in
1015 823 1117 878 hoc
1149 829 1322 894 ipsum
1355 827 1672 884 servientes.
1710 829 1937 884 Reddite

334 926 465 979 ergo
497 913 751 968 omnibus
779 914 960 969 debita
990 935 1003 974 :
1047 917 1130 970 cui
1166 918 1446 985 tributum,
1488 921 1745 976 tributum
1781 939 1793 975 :
1852 923 1936 977 cui

337 1003 592 1074 vectigal,
627 1007 884 1078 vectigal:
919 1010 1003 1063 etti
1030 1009 1308 1078 timorem,
1343 1013 1620 1069 timorem:
1647 1017 1733 1070 cui
1769 1016 1938 1071 bono-

333 1110 486 1158 rem,
532 1097 814 1154 honorem.
851 1100 1062 1156 Nemini
1095 1103 1386 1174 quidquam
1419 1107 1695 1173 debeatis,
1733 1109 1832 1162 nisi
1880 1120 1938 1164 ιιι

334 1187 569 1244 invicem
606 1191 840 1262 diligatis
867 1209 880 1253 ;
911 1195 1001 1263 qui
1031 1196 1174 1249 enim
1203 1196 1378 1268 diligit
1407 1200 1730 1267 proximum,
1767 1202 1934 1271 legem

336 1279 606 1352 implevit.
637 1284 798 1340 Nam:
835 1286 954 1342 Non
1001 1287 1362 1347 adulterabis:
1398 1293 1513 1347 Non
1541 1294 1786 1350 occides:
1818 1293 1935 1349 Non

330 1373 630 1433 furaberis:
664 1379 778 1434 Non
813 1381 1006 1436 falsum
1043 1385 1413 1440 testimonium
1443 1386 1590 1442 dices
1617 1405 1628 1441 :
1660 1387 1776 1442 Non
1807 1403 1936 1443 con-

332 1474 613 1543 cupisces:
638 1485 687 1530 et
717 1476 758 1528 si
788 1477 931 1545 quod
961 1486 1044 1533 est
1071 1477 1218 1533 aliud
1254 1480 1588 1549 mandatum,
1611 1482 1662 1537 in
1689 1483 1790 1537 hoc
1818 1498 1937 1538 ver-

331 1563 404 1619 bo
426 1564 756 1620 instauratur
774 1585 787 1620 :
806 1566 1008 1638 Diliges
1025 1570 1329 1637 proximum
1349 1580 1494 1625 tuum
1509 1572 1650 1627 sicut
1668 1580 1719 1628 te
1737 1573 1934 1642 ipsum.

331 1655 560 1712 Dilectio
593 1659 823 1736 proximi
855 1661 1054 1715 malum
1079 1678 1186 1716 non
1214 1673 1489 1732 Operatnr.
1524 1664 1814 1721 Plenitudo
1844 1682 1934 1721 cr-

329 1764 401 1819 go
430 1751 564 1822 legis
599 1764 682 1806 est
726 1735 967 1808 dilectio.
1002 1754 1066 1808 Et
1111 1754 1213 1810 hoc
1260 1756 1497 1812 scientes
1529 1767 1780 1827 tempus:
1813 1759 1934 1829 quia

331 1843 469 1898 hora
496 1855 581 1900 est
605 1846 714 1916 jam
746 1863 846 1902 nos
868 1848 936 1904 de
968 1864 1161 1905 somno
1187 1865 1431 1922 surgere.
1466 1851 1614 1908 Nunc
1639 1856 1780 1908 enim
1813 1870 1937 1922 pro—

330 1934 453 2004 pior
500 1948 581 1992 est
624 1949 808 1993 nostra
848 1941 996 1996 salus
1023 1983 1036 2005 ,
1070 1957 1228 2010 quam
1277 1958 1400 1998 cum
1431 1945 1784 1998 credidimus.
1817 1945 1932 2001 Nox

332 2033 651 2100 praecessit,
707 2034 823 2090 dies
854 2047 1032 2091 autem
1084 2037 1562 2109 appropinquavit.
1605 2040 1936 2109 Abjiciamus

330 2138 463 2192 ergo
486 2140 650 2193 Opera
687 2127 1056 2195 tenebrarum,
1087 2140 1138 2184 et
1161 2131 1447 2187 induamur
1465 2147 1613 2187 arma
1642 2133 1796 2189 lucis.
1823 2134 1939 2191 Sic-

335 2219 473 2274 utiu
505 2220 593 2274 die
645 2222 872 2277 honeste
918 2223 1295 2292 ambulemus;
1329 2242 1433 2280 non
1480 2227 1531 2280 in
1577 2228 1932 2284 comessatio-

334 2313 498 2369 nibus
547 2323 603 2369 et
628 2314 1002 2380 ebrietatibus,
1035 2333 1139 2372 non
1189 2319 1240 2371 in
1270 2319 1542 2375 cubilibus
1571 2329 1626 2376 et
1659 2321 1938 2391 impudici-

333 2403 445 2470 tiis,
473 2421 581 2460 non
616 2407 668 2461 in
695 2412 1043 2464 contentione
1071 2423 1120 2466 et
1156 2412 1533 2482 aemulatione,
1569 2414 1664 2470 sed
1700 2425 1722 2450 υ
1756 2398 1936 2470 indui-

332 2499 471 2555 mini
495 2500 784 2556 Dominum
811 2503 998 2559 Jesum
1024 2502 1326 2573 Chrisnun,
1357 2516 1413 2562 et
1441 2507 1624 2562 carnis
1655 2524 1840 2562 curam
1872 2524 1938 2564 nc

331 2594 578 2652 feceritis
613 2599 665 2652 iu
695 2598 1002 2654 desideriis.

409 2688 559 2760 [Cap.
588 2688 754 2760 XIV.J
791 2690 1064 2745 luﬁrmum
1098 2705 1280 2748 autem
1301 2693 1351 2746 in
1387 2693 1490 2748 ﬁde
1520 2695 1799 2764 assumite,
1832 2711 1936 2751 non

332 2782 391 2837 in
425 2782 914 2853 disceptationibus
951 2785 1368 2853 cogitationum.
1404 2785 1560 2842 Alius
1592 2788 1736 2842 enim
1765 2789 1942 2844 credit

333 2889 395 2930 se
424 2876 758 2932 manducare
789 2877 1007 2932 omnia:
1041 2877 1132 2947 qui
1163 2889 1341 2932 autem
1375 2879 1623 2933 inﬁrmus
1669 2889 1782 2948 est,
1819 2881 1938 2934 olus

332 2968 464 3041 μισ.
493 2969 700 3039 holera]
730 2971 1037 3026 manducet.
1056 2971 1106 3026 Is
1129 2973 1219 3041 qui
1251 2972 1562 3038 manducat,
1585 2990 1691 3026 non
1716 2973 1941 3028 mandu-

333 3070 552 3118 cantem
586 3080 691 3117 non
722 3075 970 3134 spernat:
1006 3072 1063 3118 et
1090 3066 1180 3134 qui
1216 3079 1322 3118 non
1364 3065 1673 3132 manducat,
1710 3066 1938 3122 mandu-

334 3165 552 3210 cantem
587 3172 693 3210 non
721 3156 962 3225 judicet:
997 3157 1138 3212 Deus
1165 3157 1308 3212 enim
1340 3157 1488 3212 illum
1521 3159 1834 3228 assumpsit.
1860 3158 1939 3213 Tu

2045 555 2166 603 tuus
2199 558 2304 602 est.
2345 547 2458 602 Non
2495 565 2628 618 ergo
2680 551 3090 621 blasphemetur
3146 553 3342 607 bonum
3375 565 3640 610 nostrum.

2041 636 2158 692 Non
2188 649 2272 694 est
2301 641 2446 694 enim
2480 657 2704 711 regnum
2733 643 2865 710 Dei,
2900 660 3022 700 esca
3055 654 3111 700 et
3143 659 3335 715 potus:
3369 649 3462 703 sed
3488 649 3644 718 justi-

2045 731 2137 796 tia,
2163 741 2218 787 et
2254 748 2357 803 pax
2383 777 2398 802 ,
2428 744 2485 789 et
2513 736 2771 804 gaudium
2807 738 2858 792 in
2893 738 3096 808 Spiritu
3126 749 3318 796 sancto
3344 759 3356 794 :
3387 743 3475 812 qui
3499 744 3640 798 enim

2045 825 2096 878 in
2129 824 2233 880 hoc
2264 828 2438 883 servit
2479 829 2727 898 Christo,
2779 833 2960 904 placet
3011 835 3150 901 Deo,
3198 845 3253 890 et
3281 837 3536 906 probatus
3564 851 3646 894 est

2043 916 2374 975 hominibus.
2411 921 2591 992 Itaque
2614 939 2732 994 quae
2767 927 2915 994 pacis
2944 937 3090 994 sunt,
3117 937 3422 984 sectemur:
3444 942 3496 986 et
3527 948 3644 1003 qua:

2041 1011 2417 1068 :ednﬁcationis
2471 1026 2633 1085 sunt,
2693 1019 2744 1070 in
2801 1021 3032 1074 invicem
3085 1023 3476 1079 custodiamus.
3522 1024 3643 1080 Noli

2040 1114 2264 1175 propter
2309 1122 2488 1163 eseam
2529 1110 2815 1166 destruere
2861 1127 2996 1182 Opus
3040 1113 3161 1167 Dei.
3197 1115 3386 1168 Omnia
3421 1118 3641 1186 quidem

2040 1210 2165 1254 sunt
2199 1202 2396 1257 munda
2425 1223 2436 1256 :
2469 1205 2562 1259 sed
2602 1205 2801 1260 malum
2831 1221 2913 1262 εει
2951 1208 3185 1276 homini,
3221 1212 3308 1280 qui
3344 1227 3441 1280 per
3471 1211 3644 1267 offen-

2040 1289 2283 1347 diculum
2313 1294 2622 1349 manducat.
2667 1297 2870 1352 Bonum
2903 1307 2988 1353 est
3031 1316 3135 1354 non
3169 1300 3497 1358 manducare
3525 1318 3644 1358 car-

2041 1395 2186 1445 nem,
2221 1389 2276 1438 et
2315 1399 2422 1439 non
2449 1383 2638 1440 bibere
2668 1387 2852 1441 viuum
2873 1431 2885 1452 ,
2914 1404 3089 1460 neque
3122 1393 3172 1444 in
3193 1407 3300 1462 quo
3323 1395 3490 1448 frater
3523 1403 3644 1448 tuus

2041 1471 2068 1512 1’
2099 1474 2413 1545 offenditur,
2451 1487 2545 1533 aut
2577 1482 2998 1549 scandalizatur,
3037 1494 3130 1539 aut
3180 1485 3510 1540 infirmatur.
3562 1488 3641 1542 Tu

2041 1564 2203 1620 ﬁdem
2251 1568 2464 1624 habes?
2497 1585 2664 1640 penes
2700 1573 3044 1644 temetipsum
3093 1575 3232 1630 habe
3273 1593 3457 1632 coram
3492 1579 3639 1633 Deo:

2041 1658 2259 1726 Beatus,
2293 1663 2381 1731 qui
2414 1678 2520 1718 non
2545 1664 2754 1734 judicat
2780 1670 3132 1738 semetipsum
3163 1672 3214 1725 in
3247 1687 3312 1725 eo
3340 1673 3484 1742 quod
3517 1688 3641 1742 pro-

2042 1751 2153 1808 bat.
2180 1754 2280 1821 Qui
2311 1768 2494 1811 autem
2525 1759 2806 1826 discernit,
2838 1762 2881 1815 si
2907 1763 3335 1826 niauducaverit,
3357 1767 3645 1821 damnatus

1969 1863 2012 1922 Β
2043 1857 2158 1910 est;
2191 1847 2317 1916 quia
2349 1865 2454 1903 non
2479 1865 2544 1904 ex
2575 1850 2702 1906 ﬁde.
2735 1852 2906 1909 Omne
2935 1867 3116 1910 autem
3149 1859 3290 1926 quod
3324 1875 3430 1914 non
3462 1871 3543 1914 est
3577 1877 3641 1916 ex

2041 1935 2168 2002 ﬁde,
2202 1951 2482 2007 peccatum
2511 1953 2615 1996 est.

2113 2030 2264 2111 [qu.
2295 2032 2412 2087 XV.
2423 2033 2439 2104 j
2474 2035 2738 2091 Debemus
2764 2047 2946 2094 autem
2978 2055 3075 2094 n0s
3101 2041 3370 2096 ﬁrn'iiores
3400 2043 3643 2100 imbecil-

2041 2123 2224 2178 litates
2253 2125 2381 2198 [Μι.
2413 2126 2871 2199 imbecillitatem]
2905 2132 3242 2187 inﬁrmorum
3273 2135 3564 2203 sustinere,
3592 2147 3648 2192 et

2041 2233 2150 2273 non
2181 2222 2341 2276 nobis
2385 2221 2620 2292 placere.
2675 2223 3057 2297 Unusquisque
3102 2241 3338 2285 vestrum
3394 2234 3642 2302 proximo

2041 2326 2142 2366 suo
2170 2313 2381 2382 placeat
2414 2326 2433 2352 ο
2468 2315 2520 2369 in
2552 2315 2752 2370 bonum
2786 2359 2800 2383 ,
2847 2319 2914 2373 ad
2947 2321 3381 2378 zediﬁeationem.
3427 2325 3642 2380 Etenim

2041 2404 2292 2462 Christus
2342 2423 2448 2462 non
2490 2409 2592 2464 sibi
2635 2410 2870 2480 placuit,
2905 2413 3001 2469 sed
3047 2416 3190 2470 sicut
3234 2421 3497 2489 scriptum
3529 2434 3640 2475 est:

2041 2497 2377 2568 lmproperia
2428 2501 2912 2572 improperantinm
2968 2507 3063 2562 tibi
3120 2510 3432 2565 ceciderunt
3480 2527 3642 2582 super

2042 2605 2149 2645 me.
2181 2590 2551 2663 Quaecumque
2576 2594 2720 2649 enim
2745 2599 2944 2668 scripta
2975 2609 3123 2666 sunt,
3155 2602 3223 2656 ad
3251 2613 3490 2658 nostram
3516 2605 3646 2660 doc-

2042 2683 2238 2737 trinam
2270 2685 2472 2755 scripta
2500 2695 2662 2742 sunt:
2713 2699 2768 2743 ut
2795 2704 2892 2759 per
2937 2692 3277 2763 patientiam,
3313 2706 3367 2749 et
3392 2698 3642 2751 consola-

2043 2776 2244 2832 tionem
2275 2776 2700 2848 Scripturarum,
2734 2796 2885 2850 spem
2930 2784 3252 2858 habeamus.
3294 2788 3435 2843 Deus
3463 2800 3642 2845 autem

2044 2869 2318 2940 patientia:
2359 2883 2415 2925 et
2439 2873 2641 2940 solatii,
2673 2874 2761 2929 det
2797 2876 2951 2931 vobis
2981 2879 3214 2947 idipsum
3244 2896 3437 2950 sapere
3489 2885 3540 2936 in
3567 2885 3646 2938 al-

2046 2972 2308 3017 terutrum
2337 2965 2636 3020 secundum
2667 2966 2854 3022 Jesum
2885 2969 3158 3026 Christum
3187 2989 3202 3026 :
3249 2984 3306 3029 ut
3337 2978 3645 3043 unanimes,

2046 3069 2152 3108 uno
2181 3069 2277 3111 ore
2307 3054 2682 3113 houoriﬁcetis
2711 3060 2900 3130 Deum,
2936 3074 2990 3115 et
3020 3075 3227 3132 patrem
3267 3065 3479 3122 Domini
3511 3084 3641 3124 nos-
3667 3049 3694 3072 ’

2045 3147 2116 3202 tri
2166 3147 2294 3204 Jesu
2349 3149 2569 3205 Christi.
2606 3151 2837 3221 Propter
2890 3156 3032 3223 quod
3081 3159 3340 3228 suscipite
3385 3160 3644 3228 invicem,

335 3250 462 3317 quis
490 3264 550 3303 es
575 3289 588 3314 ,
637 3249 726 3318 qui
764 3248 976 3319 judieas
1007 3249 1244 3304 alienum
1298 3251 1557 3305 servum?
1586 3250 1816 3308 Domino
1843 3267 1941 3307 suo
1970 3263 2016 3327 ρ
2047 3241 2190 3296 Sicut
2228 3253 2282 3296 ει
2321 3241 2576 3300 Chrisws
2625 3248 2869 3316 ευδοθρίί
2901 3245 2929 3284 d
2983 3265 3078 3305 "05
3127 3252 3178 3306 ill
3233 3253 3492 3310 honorem
3529 3257 3644 3312 Dei.

335 3353 466 3409 stat,
495 3353 592 3397 aut
617 3344 759 3398 cadit
792 3362 804 3397 :
846 3345 1012 3399 stabit
1039 3355 1220 3400 autem
1248 3363 1262 3399 :
1296 3357 1488 3414 potens
1513 3355 1594 3400 est
1621 3347 1762 3400 enim
1797 3347 1936 3403 Deus

335 3444 578 3491 Statuere
607 3436 779 3490 illum.
812 3435 946 3490 Nam
999 3438 1136 3492 alius
1157 3437 1368 3506 judicat
1412 3437 1555 3494 diem
1586 3439 1725 3493 inter
1755 3438 1934 3494 diem:

335 3529 476 3584 alios
516 3541 696 3586 autem
743 3531 952 3600 judicat
979 3546 1197 3586 omnem
1238 3533 1416 3587 diem:
1465 3533 1832 3602 unusquiSque
1887 3531 1939 3587 in

338 3638 442 3678 suo
473 3640 637 3679 sensu
660 3625 917 3679 abundet.
949 3622 1053 3691 Qui
1081 3625 1224 3694 sapit
1245 3625 1412 3689 diem,
1440 3625 1668 3680 Domino
1695 3626 1852 3694 sapit.
1875 3625 1942 3680 Et

336 3718 431 3786 qui
464 3717 776 3786 manducat,
813 3719 1043 3773 Domino
1070 3719 1389 3773 manducet:
1435 3720 1636 3788 gratias
1658 3721 1802 3774 enim
1833 3721 1943 3790 agit

342 3808 475 3863 Deo.
507 3807 576 3863 Et
600 3808 694 3878 qui
731 3825 836 3863 non
873 3809 1161 3864 manducat
1191 3851 1204 3875 ,
1241 3811 1468 3864 Domino
1493 3827 1599 3864 non
1631 3810 1940 3879 manducat,

341 3913 399 3958 et
443 3903 646 3973 gratias
671 3904 783 3974 agit
832 3905 963 3959 Deo.
998 3903 1168 3959 Nemo
1196 3905 1339 3960 enim
1371 3915 1616 3960 nostrum
1655 3905 1756 3960 sibi
1788 3904 1938 3973 vivit,

342 4008 398 4051 ct
427 4011 586 4051 nemo
618 3997 720 4051 sibi
768 3996 1018 4051 moritur.
1055 3997 1178 4052 Sive
1220 3998 1363 4052 enim
1413 3997 1677 4064 vivimus,
1717 3998 1942 4052 Domino

340 4091 576 4146 vivimus
601 4108 613 4147 :
638 4090 754 4146 sive
785 4092 1044 4145 morimur
1064 4131 1077 4156 ,
1104 4091 1330 4145 Domino
1357 4092 1640 4146 morimur.
1661 4090 1790 4146 Sive
1815 4104 1944 4160 ergo

341 4187 604 4253 vivimus,
631 4189 744 4243 sive
776 4187 1058 4248 morimur,
1097 4186 1310 4241 Domini
1341 4201 1548 4241 sumus.
1575 4186 1633 4241 In
1669 4187 1769 4240 hoc
1798 4184 1944 4240 enim

342 4282 599 4338 Christus
631 4293 877 4338 mortuus
900 4292 1004 4348 est,
1050 4293 1103 4334 et
1139 4281 1475 4335 resurrexit:
1509 4291 1568 4335 ut
1620 4287 1676 4335 et
1706 4290 1946 4334 mortuo-

346 4391 467 4430 rum
495 4388 547 4430 et
585 4376 832 4431 vivorum
876 4374 1210 4430 dominetur.
1256 4375 1336 4428 Tu
1367 4384 1548 4430 autent
1579 4373 1706 4444 quid
1736 4373 1946 4444 judieas

345 4468 570 4524 fratrem
608 4469 796 4523 tuum?
848 4480 935 4522 aut
969 4478 1022 4522 tu
1061 4483 1228 4538 quare
1256 4468 1468 4536 spernis
1500 4467 1724 4522 fratrem
1761 4467 1946 4520 tuum?

347 4563 551 4618 Omnes
573 4563 715 4618 enim
737 4563 1000 4618 Sittblltlus‘
1027 4573 1148 4616 ante
1175 4562 1408 4616 tribunal
1431 4561 1631 4614 Christi
1657 4559 1780 4632 [Με.
1802 4557 1944 4628 Deil.

2048 3334 2180 3390 Dico
2219 3337 2363 3390 enim
2412 3336 2686 3394 Christum
2735 3339 2918 3395 Jesum
2970 3345 3274 3400 ministrmn
3324 3349 3492 3405 fuisse
3545 3352 3650 3404 cir-

2047 3429 2396 3485 cumcisionis
2445 3441 2664 3500 prepter
2714 3436 2994 3489 veritatem
3027 3437 3164 3502 Dei,
3214 3440 3281 3494 ad
3323 3442 3650 3498 Conﬁrman-

2048 3521 2146 3577 das
2199 3525 2586 3591 promissiones
2644 3539 2911 3595 patrum:
2974 3531 3175 3587 Gentes
3241 3544 3422 3590 autem
3481 3550 3648 3606 super

2050 3617 2419 3672 misericordia
2471 3620 2740 3676 honorare
2775 3623 2966 3692 Deum,
3031 3627 3170 3681 sicut
3220 3632 3483 3701 scriptum
3517 3647 3646 3689 est:

2051 3708 2344 3778 PrOpIetea
2368 3711 2667 3768 conﬁtebor
2698 3715 2792 3768 tibi
2823 3716 2874 3768 in
2897 3718 3171 3786 gentibus,
3201 3719 3449 3791 Domine,
3475 3735 3528 3780 et
3554 3742 3649 3781 no-

2051 3799 2185 3854 mini
2224 3815 2312 3855 tuo
2353 3803 2605 3858 cantabo.
2641 3805 2709 3859 Et
2754 3808 2948 3861 iterum
2981 3809 3149 3865 dicit:
3185 3811 3489 3883 Lzetamini,
3517 3833 3650 3888 gen-

2051 3903 2152 3960 tes,
2176 3910 2296 3950 cum
2325 3896 2478 3965 plebe
2503 3897 2639 3967 ejus.
2667 3899 2731 3953 Et
2758 3901 2985 3956 iterum:
3013 3903 3277 3976 Laudate,
3306 3926 3493 3967 omnes
3521 3930 3651 3982 gen-

2051 3998 2166 4056 tes,
2200 3990 2486 4046 Dominum
2523 4009 2536 4046 :
2570 3995 2625 4048 et
2649 3996 2996 4065 magniﬁcate
3036 4015 3180 4070 eum,
3208 4019 3399 4060 omnes
3441 4009 3646 4077 papuli.

2051 4084 2118 4137 Et
2148 4099 2332 4140 rursus
2363 4084 2529 4140 Isaias
2559 4087 2636 4142 ait
2665 4104 2679 4143 :
2708 4087 2829 4143 Erit
2860 4091 3011 4146 radix
3042 4095 3219 4162 Jesse,
3256 4107 3306 4151 et
3335 4099 3425 4168 qui
3454 4116 3648 4157 exsur-

2050 4185 2141 4245 get
2182 4192 2372 4246 regere
2415 4189 2632 4249 gentes,
2674 4179 2726 4234 in
2774 4195 2898 4236 eum
2932 4194 3123 4252 gentes
3155 4193 3470 4257 sperabunt.
3513 4194 3650 4251 Deus

2050 4278 2232 4325 autem
2262 4270 2378 4340 spei
2411 4273 2617 4341 repleat
2647 4287 2742 4328 vos
2779 4276 2926 4334 omni
2961 4279 3162 4346 gaudio
3193 4291 3248 4336 et
3280 4298 3415 4351 pace
3445 4285 3500 4341 in
3533 4302 3653 4344 cre-

2053 4363 2233 4419 dendo
2253 4382 2264 4417 :
2283 4378 2342 4418 ut
2372 4365 2662 4421 abundetis
2685 4370 2736 4421 in
2766 4382 2866 4438 spe
2893 4377 2947 4423 et
2971 4370 3168 4426 virtute
3190 4373 3427 4444 Spiritus
3455 4383 3648 4435 sancti.

2052 4457 2246 4512 Certus
2275 4474 2390 4512 sum
2415 4471 2618 4527 autem,
2654 4459 2848 4516 fratres
2879 4464 3008 4532 mei,
3033 4453 3214 4537 et'ego
3242 4468 3358 4540 ipse
3386 4471 3453 4528 de
3478 4475 3650 4544 vobis,

2055 4550 2312 4619 quoniam
2345 4559 2402 4604 et
2426 4551 2528 4620 ipsi
2563 4553 2702 4621 pleni
2745 4553 2875 4608 estis
2901 4555 3215 4627 dilectione,
3262 4563 3459 4630 repleti
3506 4568 3653 4622 omni

346 4659 619 4728 Scripmm
652 4665 737 4712 ea,
767 4660 909 4712 enim
943 4674 955 4710 ε
995 4657 1128 4711 Vivo
1160 4672 1258 4726 ego
1283 4697 1296 4719 ’
1330 4655 1465 4709 dicit
1496 4654 1776 4720 Dominus,
1809 4667 1947 4723 quo-
1973 4658 2026 4719 Ι)
2053 4641 2302 4710 scientia,
2332 4645 2402 4696 ita
2433 4653 2492 4698 ut
2515 4641 2733 4713 possitis
2755 4646 3073 4704 alterutrum
3106 4666 3352 4709 monere.
3377 4655 3654 4716 Audacius

349 4750 493 4803 niam
542 4750 674 4804 mihi
727 4750 977 4805 ﬂectetur
1027 4765 1188 4803 omne
1227 4765 1364 4818 genu
1401 4765 1413 4802 :
1467 4757 1519 4802 et
1550 4745 1727 4801 omnis
1766 4744 1947 4816 lingua

347 4844 702 4898 conﬁtebitur
741 4845 868 4898 Deo.
910 4843 1097 4914 Itaque
1146 4842 1514 4912 unusquisque
1555 4850 1798 4918 nostrum
1852 4855 1950 4910 pro

351 4950 412 4991 se
443 4937 706 4990 rationem
743 4936 933 4991 reddet
970 4939 1095 4991 Deo.
1130 4935 1246 4990 Non
1271 4951 1403 5006 ergo
1431 4935 1666 5004 amplius
1713 4935 1947 4990 invicem

346 5029 656 5098 iudicemus
685 5046 695 5083 :
731 5035 823 5086 sed
878 5034 979 5085 hoc
1012 5031 1252 5100 judicate
1285 5032 1483 5100 magis,
1522 5044 1587 5084 ne
1620 5029 1834 5100 ponatis
1865 5027 1950 5084 of-

351 5124 683 5178 fendiculum
716 5125 888 5192 fratri,
915 5127 998 5179 vel
1023 5126 1360 5179 scandalum.
1393 5124 1538 5188 Scio,
1571 5135 1625 5179 et
1651 5121 1866 5179 conﬁdo
1894 5122 1948 5178 in

355 5217 587 5272 Domino
618 5221 767 5287 Jesu,
792 5219 915 5289 quia
940 5218 1069 5272 nihil
1094 5231 1384 5272 commune
1411 5216 1540 5288 ιΜδ.
1566 5215 1694 5268 add.
1728 5214 1830 5286 est]
1857 5231 1948 5284 per

357 5311 555 5381 ipsum,
591 5313 696 5367 nisi
722 5314 770 5367 ci
801 5313 891 5384 qui
922 5311 1194 5367 exisﬁmat
1221 5311 1347 5381 quid
1378 5324 1664 5365 commune
1696 5323 1838 5376 esse,
1872 5308 1947 5363 illi

358 5417 647 5457 commune
685 5414 786 5458 est.
835 5405 891 5461 Si
937 5407 1080 5460 enim
1126 5412 1343 5473 propter
1385 5402 1563 5457 cibum
1614 5400 1780 5455 frater
1830 5409 1950 5456 tuus

359 5495 710 5550 contristatur
728 5515 742 5552 :
759 5501 866 5567 jam
894 5516 996 5553 non
1019 5497 1314 5553 secundum
1331 5496 1654 5550 charitatem
1679 5494 1944 5548 ambulas.

432 5669 458 5695 ἰ
490 5660 719 5714 Palatio.
758 5678 882 5723 nisu,
915 5663 1000 5715 sed
1032 5661 1232 5715 induite
1262 5657 1566 5726 Dominum,
1599 5666 1702 5714 etc.
1738 5657 1948 5720 Grt‘cce,

361 5731 470 5809 ἀλλ’.
489 5731 758 5809 adduxere;
791 5738 983 5809 Κύριοχ.

461 5801 486 5840 b
551 5802 698 5883 ltl‘t-llll
725 5801 1136 5883 tris.,'oﬂeitdis;
1168 5802 1262 5858 Gr.
1298 5801 1636 5883 προσιεὸπτει.
1674 5873 1682 5883 Ι

460 5884 480 5912 ο
553 5873 728 5930 Aliter
785 5875 839 5930 in
900 5874 1146 5930 Palatino
1201 5871 1352 5938 ms.;
1413 5873 1613 5946 placeat
1666 5873 1721 5927 in
1776 5871 1960 5928 bonam

2052 4746 2232 4791 autem
2265 4738 2458 4807 scripsi
2488 4739 2658 4804 vobis,
2704 4739 2920 4809 fratres,
2967 4760 3033 4798 ex
3066 4757 3247 4814 parte,
3282 4757 3557 4821 tamquam
3599 4757 3653 4812 in

2055 4832 2370 4888 memoriam
2401 4846 2494 4887 vos
2518 4833 2780 4890 reducens
2815 4853 2827 4888 :
2855 4849 3082 4908 propter
3101 4842 3352 4912 gratiam,
3387 4861 3506 4915 qua:
3530 4847 3654 4904 data

2054 4934 2138 4980 est
2167 4923 2295 4979 mihi
2324 4941 2352 4978 a
2385 4925 2520 4992 Deo,
2553 4935 2608 4981 ut
2637 4927 2738 4998 sim
2771 4930 3021 4985 minister
3045 4931 3247 4989 Christi
3272 4937 3399 4992 Jesu
3443 4939 3494 4994 in
3525 4955 3656 5011 gen-

2057 5019 2224 5086 tibus,
2271 5019 2618 5074 sanctiﬁcans
2672 5019 3024 5094 Evangelium
3069 5025 3190 5093 Dei,
3232 5038 3290 5083 ut
3318 5033 3407 5086 fiat
3451 5033 3656 5090 oblatio

2057 5112 2295 5183 gentiutn
2348 5122 2592 5185 accepta,
2627 5124 2681 5168 et
2709 5117 3044 5173 sanctificata
3088 5121 3139 5174 in
3186 5122 3390 5191 Spiritu
3439 5139 3651 5184 sancto.

2061 5205 2243 5280 llaheo
2286 5206 2446 5276 igitur
2479 5207 2705 5278 gloriam
2736 5209 2789 5263 in
2814 5211 3028 5266 Christo
3055 5211 3185 5268 Jesu
3224 5216 3290 5269 ad
3325 5216 3513 5273 Deum.
3540 5221 3655 5278 Non

2060 5300 2204 5354 cnim
2230 5300 2404 5354 audeo
2431 5299 2635 5370 aliquid
2661 5303 2802 5372 loqui
2828 5318 3040 5370 eorum,
3066 5323 3184 5376 qua:
3210 5323 3306 5378 per
3330 5327 3415 5366 me
3448 5329 3552 5368 non
3581 5317 3660 5371 ef-

2061 5393 2172 5447 ﬁcit
2193 5392 2442 5446 Christus
2463 5391 2516 5447 in
2541 5393 2904 5450 obedientiam
2926 5398 3191 5470 gentium,
3215 5403 3384 5460 verbo
3403 5416 3458 5462 et
3481 5408 3657 5469 factis:

2061 5492 2116 5546 in
2146 5487 2345 5541 virtute
2373 5484 2650 5556 signorum
2684 5497 2738 5541 et
2778 5489 3171 5561 prodigiorum,
3208 5495 3259 5550 in
3295 5499 3494 5558 virtute
3533 5503 3656 5576 Spi-

2060 5648 2497 5720 tediﬁcatiouem,
2550 5649 2738 5705 Graeco
2780 5664 2955 5708 tamen
3004 5656 3123 5727 ipso
3176 5670 3324 5718 textu
3382 5670 3656 5726 contradi-

2192 5740 2242 5776 (ξ.

2063 5734 2326 5848 “Tum
2352 5791 2556 5876 Graicis
2586 5793 2858 5866 plerisque
2885 5796 3038 5857 libris
3064 5818 3176 5874 nos,
3213 5822 3307 5876 pro
3348 5823 3431 5864 vos
3461 5809 3662 5870 Palati-

2067 5882 2169 5924 nus
2199 5878 2304 5920 ms-
2339 5863 2579 5934 praefert.
