4166 6336
514 317 623 378 ’1ιῦ

1516 320 1577 382 S.
1616 319 2000 381 IIIERONYMI
2037 320 2271 383 DIVINA
2314 319 2787 382 BIBLIOTHECA.

3713 318 3819 377 7H

518 436 661 493 ritus
688 432 859 492 sancti
879 434 982 492 :ita
1010 440 1071 493 ut
1094 436 1163 494 ab
1187 436 1493 494 Jerusalem
1518 454 1616 511 per
1638 440 1925 496 circuitum
1951 456 2120 510 usque
2147 443 2195 504 Α
2226 440 2435 497 beravit
2467 442 2521 497 in
2572 441 2748 495 vobis.
2790 438 3038 496 Salutate
3082 434 3454 493 Andronicum
3509 444 3563 492 et
3605 435 3822 493 .luniam

518 530 584 583 ad
613 528 880 601 Illyricum
914 529 1238 600 repleverim
1274 531 1622 603 Evangelium
1652 532 1879 588 Christi.
1908 533 1999 591 Sic
2022 548 2119 588 au-

519 629 630 679 tem
663 622 950 693 pt'tedicavi
978 621 1330 694 livaugelium
1354 633 1379 662 ⁸
1405 623 1529 693 hoc,
1564 639 1670 680 non
1684 625 1781 701 ubi
1811 627 2123 680 nominatus

518 723 605 772 est
628 715 895 785 Christus,
931 731 999 772 ue
1019 731 1186 788 super
1222 717 1460 773 alienum
1510 716 1921 773 fundamentum
1951 715 2121 773 {edifi-

520 826 703 869 carem
732 828 746 865 :
772 810 869 868 sed
899 811 1044 868 sicut
1067 812 1334 882 scriptum
1356 821 1441 869 est
1472 829 1485 866 :
1517 812 1727 879 Quibus
1759 826 1867 868 non
1897 823 1982 868 est
2024 827 2123 866 an-

520 905 828 961 nuntiatqu
874 903 944 961 de
972 920 1062 972 eo,
1094 903 1394 960 videbunt:
1424 915 1480 960 et
1509 903 1603 975 qui
1649 919 1757 960 non
1805 882 2120 971 audieritnt,

518 998 847 1071 intelligent.
890 997 1128 1069 Propter
1172 996 1317 1069 quod
1362 1006 1419 1053 et
1461 996 1799 1068 impediebar
1828 998 2120 1072 plurimum

521 1092 711 1149 venire
731 1089 798 1146 ad
826 1106 924 1146 vos
947 1088 976 1130 δ
1003 1098 1059 1147 et
1081 1091 1387 1161 prohibitus
1412 1105 1531 1146 sum
1554 1106 1727 1162 usque
1749 1090 1945 1146 adhuc.
1973 1091 2124 1146 Nunc

521 1200 654 1242 vero
684 1184 916 1240 ulterius
962 1184 1141 1241 locum
1189 1200 1295 1242 non
1327 1185 1536 1241 habens
1569 1185 1622 1241 in
1656 1185 1744 1242 his
1771 1185 2119 1257 regionibus,

520 1278 875 1348 cupiditatem
906 1288 1087 1336 autem
1120 1278 1328 1336 habens
1352 1280 1612 1336 veniendi
1636 1280 1702 1335 ad
1730 1295 1826 1336 vos
1849 1295 1915 1335 ex
1936 1280 2123 1335 niultis

516 1371 630 1443 jam
664 1370 1101 1443 praecedentibus
1142 1372 1300 1428 annis
1332 1388 1347 1427 :
1377 1386 1499 1428 cum
1546 1372 1601 1428 in
1647 1371 1964 1442 Hisltaniam
2001 1388 2123 1442 pro-

522 1468 691 1525 ficisci
719 1484 962 1541 cmpero,
988 1485 1150 1541 spero
1172 1470 1314 1541 quod
1337 1471 1656 1541 prieteriens
1678 1469 1891 1527 videam
1921 1486 2040 1533 vos,
2070 1480 2125 1526 et

523 1576 553 1615 a
579 1562 733 1618 vobis
759 1562 999 1619 deducor
1030 1563 1175 1630 illuc,
1204 1564 1248 1617 si
1277 1564 1432 1619 vobis
1462 1565 1693 1634 primum
1718 1580 1782 1617 ex
1809 1575 1959 1635 parte
1986 1563 2118 1618 ἔτιιὶ-

521 1663 607 1711 tus
638 1656 810 1712 fuero.
834 1656 992 1712 Nunc
1014 1656 1179 1727 igitur
1206 1656 1523 1727 proficiscar
1551 1658 1604 1712 in
1632 1656 1935 1712 Jerusalem
1963 1656 2122 1711 mini-

522 1760 699 1806 strare
724 1750 953 1829 sanctis.
998 1734 1375 1807 Probaverunt
1420 1751 1562 1805 enim
1596 1749 1932 1816 Macedonia,
1962 1759 2018 1804 ct
2048 1749 2122 1804 Λ-

2226 534 2399 608 [Μδσ.
2434 535 2705 607 Iulium],
2741 546 3002 606 cognatos
3039 542 3098 587 et
3125 531 3477 602 coneaptiros
3515 546 3704 587 meos:
3735 531 3823 603 qui

2222 637 2351 682 sunt
2384 627 2598 684 nobiles
2630 630 2684 682 in
2712 626 3013 698 Apostolis,
3046 624 3135 695 qui
3160 634 3216 681 et
3244 634 3375 681 ante
3411 639 3497 680 me
3521 623 3733 679 fuerunt
3767 624 3823 679 iu

2222 716 2464 775 Christo.
2511 718 2755 776 Salutate
2782 716 3112 787 Ampliatum
3160 716 3578 772 dileCIissimum
3608 716 3738 770 mihi
3769 714 3824 771 in

2225 810 2479 867 Domino.
2521 810 2766 868 Salutate
2809 809 3082 866 Urbanum
3128 809 3430 881 adjutorem
3478 818 3727 864 nostrum
3772 810 3825 864 in

2223 906 2445 962 Christo
2472 916 2497 945 °
2518 906 2671 974 Jesu,
2702 913 2759 962 et
2789 904 3025 978 Stachyn
3053 905 3305 962 di‘cctum
3344 918 3546 961 meum.
3579 903 3831 960 Salutate

2223 1001 2487 1073 Appellen
2518 1001 2750 1071 probum
2790 1001 2843 1055 in
2888 1000 3127 1055 Christo.
3164 997 3406 1056 Salutate
3434 1014 3551 1065 eos,
3577 998 3669 1069 qui
3698 1006 3828 1053 sunt

2222 1108 2288 1151 ex
2312 1092 2608 1149 Aristoboli
2638 1092 2826 1148 domo.
2858 1091 3105 1149 Salutate
3135 1091 3498 1147 llcrodionem
3532 1103 3826 1162 cognatum

2226 1202 2432 1243 meum.
2475 1187 2719 1244 Salutate
2762 1201 2874 1253 eos,
2910 1185 3000 1255 qui
3047 1194 3171 1240 sunt
3201 1200 3265 1241 ex
3304 1184 3546 1242 Narcissi
3574 1183 3595 1225 ί
3628 1184 3828 1253 domo,

2224 1280 2319 1351 qui
2348 1288 2478 1336 sunt
2505 1280 2558 1335 in
2582 1279 2830 1335 Domino.
2856 1278 3100 1334 Salutate
3123 1276 3484 1350 Tryphaenam
3507 1286 3562 1333 et
3583 1275 3834 1349 Trypho-

2225 1387 2375 1440 sam,
2418 1389 2539 1443 quae
2580 1372 2830 1429 laborant
2875 1371 2928 1427 iu
2969 1371 3226 1427 Domino.
3267 1372 3511 1429 Salutate
3552 1372 3832 1428 Persidem

2225 1468 2606 1534 clarissimam,
2654 1483 2773 1538 quae.
2802 1466 3030 1522 multum
3063 1466 3331 1522 laboravit
3359 1465 3413 1521 in
3444 1467 3694 1523 Domino.
3727 1466 3833 1523 Sa-

2227 1562 2395 1617 lutate
2424 1562 2618 1617 Rufum
2647 1562 2885 1618 electum
2920 1563 2973 1615 in
3000 1560 3250 1628 Domino,
3278 1568 3332 1616 et
3356 1570 3587 1616 matrem
3612 1562 3752 1631 ejus,
3778 1569 3835 1617 et

2226 1672 2424 1712 meant.
2457 1655 2702 1713 Salutate
2732 1654 3110 1729 Asyncritum,
3134 1653 3514 1725 Phlegoutem,
3548 1653 3830 1722 Hermam,

2226 1749 2539 1815 Patrobam,
2573 1752 2833 1819 llermen,
2855 1760 2910 1806 et
2941 1749 3033 1818 qui
3059 1763 3182 1805 cum
3206 1747 3286 1805 eis
3308 1756 3458 1819 sunt,
3489 1747 3707 1804 fratres.
3733 1748 3838 1804 Sac

524 1843 702 1913 chaia,
737 1844 1087 1901 collationem
1128 1844 1367 1913 aliquam
1400 1843 1579 1899 facere
1613 1844 1664 1897 iu
1702 1857 1968 1913 pauperes
1997 1856 2122 1898 sau-
2152 1834 2200 1896 B
2225 1846 2396 1904 lutate
2447 1848 2782 1918 Philologum
2829 1855 2883 1903 et
2926 1845 3159 1911 Juliam;
3201 1843 3436 1901 Nereum
3480 1852 3534 1899 et
3581 1857 3833 1899 sororem

534 1948 773 2008 ctorum,
803 1938 896 2010 qui
924 1946 1051 1994 sunt
1075 1937 1127 1992 in
1151 1938 1479 1994 Jerusalem.
1518 1937 1727 1991 Placuit
1758 1935 1904 1992 enim
1936 1935 2037 2002 eis,
2067 1944 2124 1991 et

525 2029 801 2088 debitores
827 2039 955 2086 sunt
998 2046 1208 2086 eorum.
1258 2030 1389 2086 Nam
1431 2028 1478 2085 si
1518 2029 1882 2100 spiritualium
1932 2043 2121 2084 eorum

522 2122 812 2195 participes
843 2123 968 2180 facti
1009 2133 1135 2178 sunt
1165 2124 1439 2191 gentiles:
1479 2122 1685 2178 debent
1725 2133 1778 2177 et
1805 2122 1857 2176 in
1886 2121 2126 2178 carnali—-

522 2215 626 2274 bus
656 2217 968 2273 ministrare
993 2216 1118 2271 illis.
1155 2217 1268 2271 Hoc
1299 2216 1462 2288 igitur
1489 2231 1613 2273 cum
1645 2229 2122 2279 eonsummavero,

522 2322 579 2367 et
610 2310 962 2382 assignavero
984 2309 1063 2366 eis
1096 2310 1330 2365 fructttm
1366 2309 1509 2365 hunc
1532 2329 1544 2363 :
1567 2325 1663 2380 per
1691 2323 1785 2364 vos
1811 2309 2126 2379 proficiscar

523 2404 578 2461 in
611 2404 949 2475 llispaniam.
976 2404 1102 2461 Scio
1131 2415 1309 2458 autem
1345 2404 1608 2475 quoniam
1643 2403 1867 2459 v‘euicns
1898 2402 1963 2456 ad
1994 2416 2085 2454 vos
2108 2441 2122 2466 ,

522 2495 577 2553 in
608 2496 937 2554 abundantia
985 2495 1386 2553 benedictionis
1413 2509 1435 2538 ιτ
1469 2495 1752 2565 Evangelii
1797 2493 1996 2549 ChriSti
2031 2507 2129 2551 ve.-

521 2588 691 2646 niam.
722 2589 968 2645 Obsecro
998 2604 1130 2659 ergo
1161 2603 1281 2654 vos,
1313 2587 1534 2656 fratres,
1578 2602 1678 2658 per
1704 2586 1991 2643 Dominum
2022 2601 2123 2641 no-

523 2693 697 2738 strum
726 2682 912 2738 .Icsum
939 2680 1238 2767 Christum,
1260 2689 1315 2735 et
1338 2697 1434 2751 per
1462 2681 1779 2736 rharitatem
1809 2683 1981 2735 sancti
2003 2678 2127 2750 Spi-

518 2777 675 2846 ritus,
709 2776 736 2815 ιι
770 2784 829 2831 ιιι
859 2776 1137 2848 adjuvetis
1171 2793 1258 2833 me
1309 2778 1361 2831 in
1409 2777 1754 2833 orationibus
1795 2776 1995 2832 vestris
2026 2790 2125 2847 pro

525 2887 614 2929 me
634 2871 700 2928 ad
746 2871 940 2938 Deum,
993 2879 1053 2926 ut
1096 2871 1299 2926 liberer
1328 2872 1397 2927 ab
1431 2871 1752 2927 infidelibus
1781 2870 1875 2941 qui
1907 2878 2034 2926 sunt
2066 2870 2122 2925 in

517 2965 732 3032 Judaea,
768 2973 826 3022 et
851 2964 1099 3035 obsequii
1130 2962 1241 3020 mei
1266 2964 1473 3020 oblatio
1501 2972 1725 3036 accepta
1756 2962 1849 3018 fiat
1881 2962 1934 3018 in
1966 2962 2127 3018 Jeru-

516 3057 687 3113 salem
722 3055 956 3127 sanctis,
1000 3064 1060 3111 ut
1097 3056 1311 3111 veniam
1346 3056 1412 3111 ad
1448 3071 1543 3112 vos
1574 3055 1627 3111 in
1678 3054 1874 3126 gaudio
1903 3069 2003 3126 per
2030 3071 2128 3110 vo-

518 3147 783 3205 luntatent
822 3148 944 3218 Dei,
975 3156 1029 3204 et
1072 3148 1371 3218 refrigercr
1414 3148 1721 3205 vobiscum.
1768 3148 1910 3204 Deus
1938 3158 2118 3205 autem

517 3242 671 3311 pacis
693 3239 764 3295 sit
791 3254 916 3296 cum
947 3238 1204 3295 omnibus
1230 3239 1407 3296 vobis.
1458 3243 1651 3296 Amen.

589 3333 744 3406 [Cap.
766 3332 910 3388 XVI.
929 3332 947 3404 j
976 3333 1312 3390 Commendo
1331 3343 1513 3390 autem
1534 3334 1689 3391 vobis
1710 3334 1948 3392 thben
1972 3349 2124 3392 soro-

518 3438 636 3481 rem
676 3433 943 3494 uostram,
977 3440 1098 3495 quat
1121 3433 1205 3481 est
1241 3426 1296 3481 in
1340 3426 1649 3483 ministerio
1677 3427 1957 3493 Ecclesiae,
2000 3444 2121 3498 qua:

517 3529 603 3578 est
653 3522 707 3577 in
755 3521 1026 3578 Cenchris
1062 3537 1079 3577 :
1113 3531 1174 3578 ut
1216 3536 1336 3579 eam
1399 3523 1715 3593 suscipiatis
1775 3523 1828 3578 in
1883 3522 2121 3579 Domino

518 3614 683 3683 digne
708 3614 913 3672 sanctis
950 3632 963 3667 :
996 3622 1051 3670 et
1078 3614 1350 3670 assistatis
1373 3616 1421 3671 ei
1453 3616 1504 3669 iu
1531 3630 1873 3687 quocumque
1901 3616 2120 3686 negotio

518 3708 687 3766 vestri
711 3707 1036 3779 indiguerit;
1064 3707 1265 3763 etenim
1297 3707 1413 3779 ipsa
1445 3722 1661 3780 quoque
1693 3707 1868 3765 astitit
1895 3709 2112 3777 multis,

518 3809 575 3858 et
611 3800 742 3856 mihi
768 3799 891 3870 ipsi.
918 3799 1164 3856 Salutate
1205 3798 1445 3855 Priscam
1476 3808 1531 3856 et
1556 3800 1801 3871 Aquilam
1839 3799 2118 3869 adjutores

516 3908 671 3951 meos
700 3893 753 3949 in
783 3891 1006 3950 Christo
1032 3892 1161 3949 Jesu
1205 3894 1326 3964 (qui
1351 3908 1448 3964 pro
1475 3895 1656 3949 anima
1690 3910 1810 3950 mea
1837 3910 1963 3952 suas
1996 3909 2119 3952 cer-

516 3985 668 4043 vices
703 3993 1156 4057 supposuerunt:
1193 3986 1394 4057 quibus
1426 4002 1532 4041 non
1578 3987 1731 4043 solus
1771 4003 1872 4060 ego
1918 3990 2121 4060 gratias

517 4093 642 4152 ago,
671 4077 768 4135 sed
796 4086 854 4135 et
879 4088 1089 4136 cuncta:
1118 4080 1377 4136 Ecclesia:
1422 4082 1738 4155 gentium);
1765 4090 1820 4139 et
1863 4082 2122 4140 domesti-

519 4185 640 4226 cam
672 4170 974 4228 Ecclesiam
1014 4169 1179 4245 [Μιε.
1228 4171 1529 4229 domestica
1579 4174 1869 4249 Ecclesia]
1911 4191 2121 4233 eorum.

521 4265 769 4323 Salutate
789 4264 1108 4336 Epametum
1132 4265 1390 4323 dilectum
1414 4267 1571 4335 mihi,
1601 4268 1691 4340 qui
1715 4278 1799 4326 est
1820 4268 2129 4341 primitivus

523 4358 672 4418 Asiae
706 4359 762 4417 in
804 4357 1317 4455 Christo.‘Salutate
1345 4361 1569 4418 Mariam
1595 4403 1611 4431 ,
1642 4377 1765 4435 quae
1788 4365 2019 4422 multum
2051 4366 2131 4422 la-

2148 3219 2195 3283 C

2226 1939 2364 2009 ejus,
2410 1947 2467 1995 ct
2491 1939 2893 2012 Olympiadem,
2926 1947 2981 1995 et
3024 1951 3237 2005 omnes,
3282 1936 3373 2009 qui
3414 1951 3537 1992 cum
3570 1938 3649 1992 eis
3671 1943 3834 2001 sunt,

2225 2041 2464 2087 sanctos.
2495 2033 2741 2088 Salutate
2768 2031 3001 2087 invicem
3032 2032 3084 2085 in
3113 2029 3303 2085 osculo
3333 2039 3548 2085 sancto.
3579 2026 3838 2085 Salutant

2228 2141 2325 2180 vos
2350 2140 2540 2181 omnes
2563 2125 2819 2181 Ecclesiae
2841 2124 3063 2181 Christi.
3089 2123 3240 2194 Rogo
3263 2133 3443 2178 autem
3465 2136 3586 2187 vos,
3610 2120 3832 2189 fratres,

2228 2228 2286 2274 ut
2314 2218 2624 2274 observetis
2661 2233 2779 2284 eos,
2824 2218 2915 2289 qui
2958 2215 3332 2273 dissensiones
3360 2224 3417 2271 et
3458 2213 3779 2270 offendicula
3808 2255 3824 2281 ,

2229 2323 2427 2387 praeter
2454 2312 2760 2368 doctrinam
2790 2326 2950 2382 quam
2976 2324 3073 2365 vos
3098 2309 3386 2377 didiciStis,
3411 2308 3635 2374 faciunt,
3666 2318 3722 2364 et
3746 2306 3842 2362 de-

2226 2402 2424 2460 cliuate
2447 2413 2470 2452 ts
2496 2403 2564 2458 ab
2589 2403 2728 2458 aliis.
2773 2400 3158 2472 Hujuscemodi
3181 2401 3325 2457 enim
3362 2399 3581 2457 Christo
3603 2400 3840 2456 Domino

2226 2506 2415 2552 nostro
2445 2512 2552 2552 non
2586 2498 2852 2561 serviunt,
2898 2494 2993 2551 sed
3024 2510 3125 2551 suo
3154 2493 3359 2561 ventri,
3406 2502 3462 2551 et
3502 2508 3597 2565 per
3645 2491 3839 2550 dulces

2226 2604 2533 2653 sermones,
2560 2599 2615 2644 et
2637 2588 3065 2655 benedictioncs,
3089 2586 3358 2645 seducunt
3378 2585 3541 2642 corda
3572 2586 3838 2643 innocen-

2228 2685 2382 2738 tium.
2428 2681 2621 2738 Vestra
2659 2681 2803 2737 enim
2847 2680 3159 2736 ohedientia
3190 2680 3243 2735 in
3279 2694 3497 2736 omnem
3532 2679 3711 2735 locum
3740 2678 3833 2734 di-

2225 2779 2441 2850 vulgata
2473 2788 2578 2835 est.
2607 2777 2832 2835 Gaudeo
2861 2775 3023 2848 igitur
3053 2776 3106 2831 in
3130 2774 3305 2831 vobis.
3338 2774 3446 2831 Sed
3469 2774 3593 2830 volo
3615 2788 3714 2831 vos
3739 2787 3832 2829 sa—

2226 2875 2441 2945 pientes
2475 2887 2598 2929 esse
2638 2874 2690 2927 in
2738 2872 2900 2939 bono,
2951 2880 3006 2926 et
3054 2869 3329 2941 simplices
3374 2870 3426 2925 in
3476 2868 3639 2924 malo.
3684 2867 3833 2925 Deus

2226 2978 2404 3021 autem
2448 2966 2598 3036 pacis
2638 2974 2886 3021 conterat
2929 2964 3181 3020 Satanam
3223 2963 3323 3019 sub
3372 2962 3609 3038 pedibus
3639 2962 3841 3017 vestris

2224 3060 2508 3117 velociter.
2552 3059 2738 3116 Gratia
2770 3056 2984 3113 Domini
3018 3057 3190 3112 nostri
3232 3057 3362 3113 Jesu
3397 3054 3599 3111 Christi
3649 3054 3844 3110 vobis-

2225 3168 2366 3208 cum.
2398 3151 2610 3209 Salutat
2630 3165 2727 3206 vos
2754 3149 3076 3206 Timotheus
3097 3148 3312 3220 adjutor
3334 3163 3507 3215 meus,
3531 3155 3588 3205 et
3608 3146 3834 3215 Lucius,

2232 3257 2286 3302 et
2315 3246 2507 3314 Jason,
2545 3254 2601 3300 et
2627 3244 2931 3315 Sosipater,
2962 3244 3177 3314 cognati
3208 3240 3337 3299 mei.
3373 3242 3566 3300 Saluto
3606 3256 3702 3297 vos
3730 3257 3838 3311 ego

2233 3337 2472 3403 Tertius,
2512 3336 2603 3407 qui
2646 3335 2840 3406 scripsi
2871 3334 3192 3406 epistolam,
3231 3333 3287 3389 in
3332 3333 3580 3389 Domino.
3626 3333 3843 3388 Salutat

2233 3446 2327 3485 vos
2356 3428 2519 3485 Caius
2548 3431 2747 3499 hospes
2774 3442 2949 3495 meus,
2972 3437 3025 3484 et
3045 3426 3296 3483 universa
3327 3425 3593 3481 Ecclesia.
3624 3423 3845 3481 Salutat

2232 3540 2327 3583 vos
2351 3525 2577 3581 Erastus
2592 3524 2833 3581 arcarius
2856 3523 3113 3590 civitatis,
3133 3532 3187 3579 et
3210 3522 3468 3591 Quartus,
3492 3520 3674 3576 frater.
3697 3519 3845 3576 Gra-

2231 3620 2304 3675 tia
2346 3617 2558 3673 Domini
2594 3617 2764 3673 nostri
2803 3618 2933 3673 Jesu
2968 3615 3172 3671 Citriin
3203 3630 3327 3672 cum
3363 3613 3618 3672 omnibus
3657 3612 3837 3670 vobis.

2222 3716 2416 3769 Amen.
2453 3711 2516 3766 Ei
2537 3720 2740 3777 autem,
2764 3709 2855 3781 qui
2881 3718 3075 3782 potens
3098 3719 3184 3766 est
3208 3723 3305 3765 vos
3333 3709 3662 3766 confirmare
3679 3707 3840 3778 juxta

2224 3804 2583 3877 Evangelium
2614 3818 2818 3871 meum,
2851 3811 2908 3859 et
2945 3803 3396 3874 prardicatiouem
3432 3804 3562 3859 Jesu
3591 3800 3837 3870 Christi,

2224 3898 2524 3956 secundum
2549 3897 2934 3953 revelationem
2960 3896 3206 3968 mysterii
3234 3896 3570 3968 temporibus
3593 3895 3837 3963 aeternis,

2228 3995 2375 4050 taciti
2406 3992 2589 4067 (quod
2622 4007 2729 4047 non
2756 3990 3087 4063 patefactum
3115 4000 3199 4046 est
3229 4006 3328 4061 per
3356 3989 3677 4060 Scripturas
3699 3989 3840 4044 Pro-

2229 4086 2512 4160 phetarum
2538 4084 2837 4142 secundum
2870 4092 3202 4156 praeceptum
3232 4085 3421 4140 :eterni
3458 4082 3575 4149 Dei,
3608 4081 3676 4138 ad
3703 4081 3843 4138 obe-

2228 4181 2488 4237 ditionem
2513 4179 2639 4236 fidei
2664 4179 2705 4252 ),
2735 4179 2787 4234 in
2815 4181 3030 4234 cunctis
3050 4176 3306 4249 gentibus
3325 4176 3550 4248 cogniti,
3574 4175 3672 4232 soli
3700 4174 3838 4247 ius.

2230 4273 2449 4346 cognito
2475 4271 2624 4344 solo]
2649 4270 2886 4344 sapienti
2920 4272 3028 4327 Dco
3058 4285 3155 4341 per
3185 4268 3370 4326 Jesum
3397 4267 3713 4333 Christum;
3748 4264 3839 4322 cui

2236 4369 2413 4425 honor
2432 4375 2489 4424 et
2516 4366 2691 4438 gloria
2717 4365 2773 4420 in
2796 4365 2995 4422 sazcula
3018 4363 3371 4422 saculorum.
3407 4361 3604 4418 Amen.

1455 4515 1685 4591 Explicit
1719 4519 1952 4595 Epistola
1982 4524 2045 4581 Β.
2081 4524 2242 4583 Pauli
2267 4526 2490 4599 apostoli
2514 4527 2583 4582 ad
2617 4525 2898 4584 Romanos.

597 4688 646 4758 ξ
661 4676 852 4758 Neque
880 4676 933 4734 in
966 4676 1160 4736 Graeco
1199 4692 1502 4750 pronomen
1534 4678 1630 4736 hoc
1656 4692 1902 4751 resonat,
1950 4699 2125 4758 neque
2152 4688 2208 4752 D
2308 4694 2332 4724 ο
2371 4683 2578 4743 Nomen
2602 4687 2756 4752 Jesu,
2787 4686 2876 4743 hic
2898 4686 3003 4744 loci
3034 4702 3158 4743 cum
3187 4683 3395 4744 Graecis
3435 4681 3594 4742 libris
3634 4681 3839 4740 Palati~

525 4751 581 4809 in
609 4749 856 4808 Palatino
886 4764 991 4806 ms.

596 4821 625 4861 ι’
765 4820 977 4905 _Valesii
1007 4820 1367 4905 lectionibus,
1399 4825 1484 4882 καὶ
1519 4825 1770 4887 ἐκωλύθην
1814 4831 1980 4905 μέχρι
2002 4836 2088 4885 νῦν
2109 4868 2124 4895 ,

524 4894 728 4968 prodiit
764 4892 980 4970 Latine,
1018 4904 1068 4970 et
1099 4893 1399 4970 prohibitus
1434 4912 1548 4951 sunt
1579 4915 1738 4967 usque
1764 4892 1961 4966 adhuc,
2004 4892 2128 4970 quas

529 4965 709 5023 tamen
739 4965 905 5022 verba
935 4965 1268 5031 in,Palatino
1300 4982 1401 5022 ms.
1433 4965 1660 5025 omnino
1687 4987 1796 5025 non
1833 4965 2123 5028 habentur.

602 5048 627 5077 α
671 5035 1024 5114 Desideratur
1048 5037 1100 5093 in
1128 5037 1375 5094 Palatino
1393 5053 1505 5114 ms.
1529 5038 1824 5114 Evangelii,
1856 5043 1999 5114 quod
2030 5060 2128 5099 no-

526 5123 652 5180 men
681 5123 713 5165 e
737 5109 944 5180 Graecis
963 5123 1178 5180 quoque
1201 5110 1477 5167 nonnullis
1502 5127 1634 5168 mss.
1666 5109 1841 5168 abest.

595 5178 624 5254 εἴ
665 5180 770 5237 l'ro
799 5179 883 5235 Itis
912 5178 1115 5248 verbis,
1139 5182 1476 5254 utadjtwetis
1504 5199 1584 5238 me
1609 5184 1661 5237 in
1688 5185 2009 5240 orationibus
2042 5202 2129 5243 tte-

529 5253 649 5325 stris
672 5269 765 5323 pro
790 5268 893 5325 me,
926 5259 1059 5320 etc.,
1086 5253 1149 5325 in
1176 5252 1426 5325 Palatino
1453 5270 1555 5308 ms.
1588 5254 1809 5325 legitur,
1848 5265 1905 5311 ut
1933 5257 2130 5313 sollici-

524 5323 756 5398 tudinem
781 5323 1153 5398 impertiamini
1182 5323 1307 5379 mihi
1332 5325 1387 5398 in
1406 5323 1724 5398 orationibus
1743 5342 1837 5396 pro
1865 5344 1968 5397 me,
1993 5339 2126 5398 etc.;

528 5393 675 5466 quod
705 5393 1032 5463 estquidem
1069 5398 1295 5466 propius
1318 5396 1390 5451 ad
1420 5395 1670 5453 Grtecum
1706 5393 2133 5467 textum,’awa¥

524 5468 953 5597 Ξῗέίσασθαίλμοι
992 5468 1044 5523 ἐν
1070 5475 1187 5532 ταῖς
1214 5478 1546 5546 προσευχαῖς
1576 5470 1711 5548 ὑπὲρ
1734 5472 1857 5545 ἐμοῦ
1886 5474 2017 5551 πρὸς
2046 5475 2132 5532 τὸν

627 5559 655 5595 ν
682 5560 733 5595 κ.
765 5561 818 5597 τ.
882 5576 897 5594 .

573 5556 655 5595 σον
682 5560 733 5595 κ.
765 5561 818 5597 τι
850 5556 897 5594 Α.

2231 4770 2333 4814 nus
2360 4772 2575 4828 quoque
2599 4775 2701 4813 ms.
2735 4768 2899 4814 tacet.

2306 4828 2326 4868 ί
2370 4829 2487 4885 Non
2530 4829 2682 4885 addit
2710 4830 2990 4886 Palatinus
3018 4845 3122 4885 ms.
3172 4831 3348 4891 domo.
3388 4830 3540 4900 juxta
3582 4829 3836 4885 Graecum

2231 4909 2461 4969 textum,
2496 4901 2639 4970 quod
2665 4911 2843 4957 tamen
2871 4918 3072 4958 nomen
3101 4900 3547 4967 subintelligitur.
3570 4901 3692 4956 Mox
3716 4901 3839 4968 plus

2228 4972 2286 5028 in
2313 4974 2506 5029 eodem
2544 4988 2646 5028 ms.
2694 4972 2943 5040 habetur,
2983 4990 3100 5044 qua:
3127 4978 3351 5028 multum
3389 4972 3653 5037 laborant,
3686 4970 3837 5042 quod

2232 5054 2411 5101 tamen
2442 5044 2756 5101 adverbium
2804 5045 3057 5102 secundis
3088 5045 3162 5102 ibi
3193 5044 3432 5100 additum
3463 5054 3549 5099 est
3577 5045 3743 5107 curis,
3779 5051 3838 5098 el.

2230 5116 2453 5172 Graecus
2494 5117 2612 5185 ipse
2660 5125 2838 5173 textus
2889 5116 3080 5172 nescit.
3129 5116 3368 5185 Denique
3406 5114 3680 5170 Persidam
3714 5128 3836 5185 pro

2234 5186 2505 5243 Persidem
2522 5184 2751 5259 legitur,
2783 5197 2844 5245 ut
2863 5198 2919 5246 et
2951 5189 3112 5259 paulo
3144 5184 3556 5260 post’llerman,
3577 5202 3678 5256 pro
3696 5184 3838 5240 Iler-

2234 5274 2346 5315 men
2355 5299 2369 5313 .

2311 5343 2343 5403 tt
2375 5329 2602 5388 Rectius
2627 5330 2690 5385 ab
2715 5331 2844 5399 illis,
2869 5347 2971 5403 pro
2991 5331 3056 5386 ab
3081 5332 3222 5399 aliis,
3255 5345 3377 5387 cum
3403 5331 3455 5384 in
3478 5329 3695 5394 Grmco,
3720 5336 3834 5382 tum

2238 5401 2291 5458 in
2324 5401 2569 5459 Palatino
2592 5420 2694 5459 ms.
2731 5401 2946 5474 legitur.
2974 5403 3146 5460 Paulo
3177 5411 3301 5474 post
3337 5403 3598 5458 reticetur
3628 5409 3833 5469 nostra,

2240 5474 2329 5531 ubi
2355 5474 2573 5546 dicitur,
2596 5474 2726 5531 Jesu
2754 5472 2965 5530 Christo
2991 5472 3217 5531 Domino
3246 5482 3448 5529 nostra.
