4166 6336
311 300 417 360 745

1124 305 1461 366 EPISTULA
1504 308 1565 364 Β.
1610 307 1814 365 PAULI
1852 307 2185 367 APOSTOLI
2227 312 2318 368 AD
2357 310 2766 370 CORINTIIIOS
2796 315 2834 368 Ι.

3508 315 3611 372 746

321 416 3583 451 ___________________________________________________

1068 529 1240 640 Β.
1319 528 1883 666 PAULI
1961 530 2871 648 APOSTOLI

1814 721 2110 787 INCIPIT

601 879 1568 1033 EPISTOLA
1670 887 1932 1029 ΑΒ

2028 884 3294 1049 CORINTHIOS

1758 1125 2214 1210 PRIMA.

309 1477 316 1486 ι
386 1401 615 1475 [Cap.'l.
637 1401 654 1474 ]
679 1401 904 1470 Paulus,
939 1410 1166 1459 vocatus
1197 1402 1476 1472 apostolus
1516 1401 1646 1457 Jesu
1679 1401 1911 1464 Christi,
1946 1401 1994 1459 A
2024 1398 2124 1456 bus
2165 1414 2344 1460 autem
2384 1406 2667 1462 stultitiam
2697 1449 2710 1473 ,
2746 1409 2877 1478 ipsis
2904 1417 3084 1465 autem
3140 1410 3348 1465 vocatis
3369 1410 3577 1479 ,Judaris
3603 1456 3620 1479 ,

319 1511 415 1568 per
457 1495 796 1552 voluntatem
839 1495 957 1560 Dei,
999 1504 1055 1552 et
1085 1497 1384 1552 Sosthenes
1429 1495 1618 1562 frater,
1656 1495 1914 1550 Ecclesia».

315 1591 434 1658 Dei,
466 1607 589 1662 qua:
615 1603 696 1647 est
725 1591 998 1658 Corinthi,
1033 1592 1386 1646 sanctificatis
1419 1592 1473 1646 in
1500 1589 1722 1647 Christo
1744 1591 1872 1646 Jesu
1900 1633 1913 1656 ,

316 1685 524 1740 vocatis
555 1687 782 1753 sanctis,
831 1701 952 1740 cum
991 1686 1264 1748 omnibus,
1295 1677 1676 1756 qni‘invocant
1719 1701 1914 1739 nomen

315 1779 530 1835 Domini
568 1780 741 1834 nostri
775 1778 903 1834 Jesu
941 1778 1169 1846 Christi,
1207 1779 1257 1832 in
1290 1779 1439 1833 omni
1473 1781 1592 1834 loco
1640 1779 1914 1846 ipsorum,

316 1885 371 1927 et
393 1883 601 1928 nostro.
630 1871 815 1928 Gratia
841 1872 996 1927 vobis
1033 1881 1087 1928 et
1111 1888 1210 1942 pax
1243 1889 1271 1928 a
1298 1873 1412 1928 Deo
1443 1873 1601 1927 Patre
1628 1883 1836 1936 nostro,
1865 1879 1920 1926 et

318 1964 550 2021 Domino
579 1965 709 2022 Jesu
735 1963 976 2021 Christo.
1018 1965 1236 2022 Gratias
1273 1983 1372 2036 ago
1405 1968 1514 2021 fleo
1545 1981 1668 2020 meo
1700 1980 1919 2035 semper

317 2075 416 2130 pro
443 2058 602 2114 vobis
623 2060 675 2113 in
699 2063 870 2129 gratia
900 2059 1020 2123 Dei,
1045 2074 1166 2131 quae
1193 2061 1316 2114 data
1345 2068 1428 2114 est
1453 2059 1607 2114 vobis
1626 2058 1677 2112 in
1702 2058 1921 2112 Chrism

317 2153 450 2209 Jesu
487 2172 499 2207 :
529 2153 674 2224 quod
706 2154 756 2206 in
789 2153 1045 2208 omnibus
1073 2152 1270 2208 divites
1302 2153 1424 2208 facti
1457 2153 1590 2206 estis
1622 2153 1672 2205 in
1715 2152 1829 2217 illo,
1863 2151 1917 2204 iu

317 2244 468 2301 omni
494 2245 683 2313 verbo,
719 2255 774 2300 et
811 2245 864 2299 in
891 2245 1036 2299 omni
1069 2244 1296 2300 scientia
1325 2263 1339 2298 :
1372 2244 1511 2298 sicut
1540 2245 1916 2297 testimonium

315 2339 522 2396 Christi
549 2340 930 2395 confirmatum
963 2349 1046 2395 est
1072 2341 1124 2393 in
1165 2339 1326 2394 vobis
1353 2356 1365 2392 :
1391 2338 1464 2393 ita
1496 2347 1549 2392 ut
1584 2336 1717 2392 nihil
1755 2337 1918 2391 vobis

317 2433 462 2490 desit
502 2435 553 2488 in
604 2435 714 2490 ulla
760 2435 970 2506 gratia,
1022 2433 1471 2504 exspectantibus
1526 2431 1918 2486 revelationem

319 2525 536 2582 Domini
564 2527 734 2582 nostri
765 2526 893 2582 Jesu
925 2525 1150 2583 ChriSti.
1191 2525 1393 2581 Fidelis
1424 2525 1608 2600 Deus':
1639 2540 1732 2593 per
1758 2539 1919 2592 quem

323 2619 506 2675 vocati
537 2621 670 2676 eStis
703 2620 758 2674 in
789 2621 1103 2688 societatem
1136 2618 1258 2675 Filii
1291 2621 1409 2690 ejus
1437 2619 1564 2674 Jesu
1593 2618 1791 2674 Christi
1818 2617 1919 2672 Do-

318 2711 459 2768 mini
488 2713 680 2768 nostri.
709 2714 951 2770 Obsecro
978 2724 1158 2769 autem
1196 2728 1313 2784 vos,
1351 2714 1568 2779 fratres,
1604 2727 1700 2782 per
1725 2726 1920 2766 nomen

2019 1507 2179 1569 atque
2211 1499 2438 1567 Graecis,
2466 1500 2742 1555 Christum
2774 1502 2864 1556 Dei
2897 1503 3173 1570 virtutem,
3198 1512 3253 1559 et
3285 1504 3378 1560 Dei
3407 1506 3621 1574 sapien-

2022 1590 2146 1647 tiam
2176 1611 2186 1643 :
2220 1594 2344 1662 quia
2376 1593 2517 1664 quod
2547 1594 2766 1648 stultum
2799 1603 2881 1649 est
2914 1596 3037 1658 Dei,
3074 1597 3378 1666 sapientius
3409 1609 3490 1653 est
3519 1599 3616 1653 ho-

2020 1684 2290 1739 minibus:
2327 1686 2549 1754 etquod
2586 1688 2858 1741 inlirmmn
2896 1699 2980 1743 est
3005 1689 3136 1756 Dei,
3165 1689 3355 1745 fortius
3397 1701 3480 1746 est
3523 1692 3622 1748 h0-

2023 1782 2287 1838 minibus.
2325 1783 2518 1839 Videte
2541 1786 2684 1840 enim
2720 1786 3058 1840 vocationem
3086 1795 3358 1850 vestram,
3391 1785 3620 1851 fratres,

2021 1877 2148 1948 quia
2197 1893 2302 1932 non
2357 1877 2506 1931 multi
2550 1879 2827 1948 sapientes
2866 1876 3162 1933 secundum
3203 1892 3422 1932 carnem
3451 1919 3465 1942 ,
3515 1892 3622 1932 non

2023 1970 2176 2024 multi
2202 1979 2491 2040 potentes,
2530 1987 2636 2025 non
2681 1971 2832 2025 multi
2876 1970 3088 2026 nobiles
3123 1986 3138 2028 :
3172 1970 3268 2026 sed
3301 1987 3420 2041 quae
3461 1972 3623 2036 stulta

2024 2071 2151 2117 sunt
2183 2061 2389 2130 mundi,
2419 2063 2582 2131 elegit
2609 2063 2774 2130 Deus,
2807 2072 2866 2118 ut
2895 2063 3192 2118 confundat
3216 2065 3490 2133 sapientes
3512 2104 3527 2130 ,
3571 2073 3625 2118 et

2023 2155 2241 2210 infirma
2272 2155 2460 2210 mundi
2488 2156 2650 2227 elegit
2687 2157 2860 2222 Deus,
2905 2165 2958 2210 ut
2981 2155 3280 2211 confundat
3328 2155 3489 2211 fortia
3524 2174 3538 2211 :
3571 2164 3626 2210 et

2027 2251 2286 2322 ignobilia
2313 2252 2524 2314 mundi,
2549 2261 2603 2306 et
2626 2251 3056 2321 contemptibilia
3089 2251 3254 2321 elegit
3280 2251 3446 2319 Deus,
3479 2260 3532 2304 et
3561 2265 3622 2305 ea

2025 2360 2146 2416 qua:
2175 2361 2282 2398 non
2309 2353 2470 2410 sunt,
2501 2355 2559 2398 ut
2586 2361 2646 2400 ea
2690 2360 2812 2414 quae
2843 2354 2995 2409 sunt,
3037 2343 3344 2399 destrueret
3374 2360 3386 2396 :
3423 2351 3483 2397 ut
3517 2358 3623 2398 non

2024 2437 2292 2506 glorietur
2323 2436 2499 2491 omnis
2523 2451 2651 2491 caro
2674 2437 2726 2490 in
2755 2448 3049 2507 conspecm
3078 2435 3218 2506 ejus.
3272 2437 3353 2491 Ex
3375 2436 3492 2506 ipso
3523 2452 3619 2491 au-

2028 2536 2135 2583 tem
2170 2544 2267 2582 vos
2301 2533 2432 2583 estis
2455 2530 2508 2583 in
2532 2527 2756 2584 Christo
2783 2527 2910 2582 Jesu
2933 2569 2948 2593 ,
3001 2528 3090 2598 qui
3127 2527 3305 2584 factus
3348 2538 3430 2582 est
3468 2528 3628 2583 nobis

2027 2620 2284 2691 sapientia
2316 2637 2342 2672 a
2373 2621 2505 2685 Deo,
2532 2632 2584 2674 ct
2604 2621 2837 2690 justitia,
2869 2631 2924 2674 et
2948 2599 3396 2687 sanctificatio,et
3416 2621 3627 2676 redem-

2032 2716 2140 2780 ptio
2175 2734 2186 2766 ;
2224 2724 2279 2767 ut
2309 2714 2765 2783 quemadmodum
2800 2714 3059 2784 scriptum
3086 2722 3172 2769 est
3218 2727 3232 2767 :
3284 2713 3387 2781 Qui
3418 2714 3621 2785 gloria-

321 2803 542 2862 Domini
571 2809 742 2862 nostri
783 2806 910 2862 .lesu
938 2807 1140 2863 Christi
1172 2818 1269 2861 :ut
1299 2807 1536 2876 idipsum
1573 2805 1768 2862 dicatis
1797 2819 1915 2860 om-
1955 2792 2004 2853 Β
2034 2817 2140 2871 tur,
2172 2807 2223 2861 iu
2259 2808 2487 2864 Domino
2516 2809 2800 2880 glorietur.

321 2912 459 2969 nes,
492 2908 548 2955 et
585 2915 697 2955 non
741 2901 850 2955 sint
891 2899 944 2954 in
981 2901 1143 2955 vobis
1182 2899 1473 2955 schismata
1522 2917 1535 2952 :
1585 2897 1703 2953 sitis
1743 2906 1922 2952 autem

319 2991 551 3064 perfecti
595 2990 649 3048 in
688 2992 879 3049 eodem
921 3007 1119 3060 sensu,
1162 3003 1216 3048 et
1257 2995 1311 3047 in
1351 2991 1540 3048 eadem
1575 3000 1599 3028 ⁸
1632 2990 1920 3045 sententia,

321 3084 701 3156 Significatum
744 3095 828 3142 est
865 3088 1010 3141 enim
1053 3085 1183 3140 mihi
1227 3085 1295 3140 de
1335 3084 1509 3153 vobis,
1566 3083 1761 3138 fratres
1792 3081 1922 3146 mei,

323 3178 397 3233 ab
450 3179 518 3234 iis
571 3181 660 3250 qui
714 3190 840 3235 sunt
895 3181 1128 3245 Chloes,
1185 3180 1308 3249 quia
1359 3177 1734 3234 contentiones
1800 3187 1927 3230 sunt

324 3274 472 3331 inter
500 3290 616 3330 vos.
648 3276 759 3333 Hoc
806 3284 989 3331 autem
1026 3276 1179 3345 dico,
1223 3275 1367 3346 quod
1421 3273 1796 3344 unusquisque
1837 3262 1936 3326 ve?

323 3379 504 3425 strum
531 3370 703 3426 dicit:
739 3371 852 3441 Ego
880 3370 1100 3442 quidem
1147 3386 1266 3427 sum
1319 3369 1470 3425 Pauli
1523 3388 1536 3422 :
1588 3384 1690 3440 ego
1745 3377 1926 3422 autem

322 3463 524 3535 Apollo
550 3481 562 3516 :
595 3479 697 3534 ego
721 3478 853 3519 vero
881 3462 1082 3534 Cephae
1104 3479 1116 3517 :
1141 3477 1242 3534 ego
1272 3473 1452 3518 autem
1477 3460 1697 3517 Christi.
1715 3459 1929 3515 Divisus

325 3568 417 3616 est
445 3560 732 3615 Christus?
754 3557 1022 3629 Numquid
1054 3559 1252 3614 Paulus
1277 3559 1570 3614 crucifixus
1599 3568 1682 3613 est
1703 3573 1801 3628 pro
1835 3572 1930 3611 vo-

324 3654 450 3711 bis?
476 3664 569 3710 aut
597 3654 652 3710 in
676 3657 897 3710 nomine
920 3654 1075 3710 Pauli
1107 3655 1363 3723 haptizati
1388 3654 1555 3710 estis?
1587 3653 1800 3708 Gratias
1831 3668 1930 3723 ago

325 3747 466 3818 Deo,
490 3740 635 3818 quod
668 3749 940 3804 neminem
967 3758 1203 3804 vestrum
1237 3747 1499 3817 baptizavi
1541 3747 1642 3802 nisi
1680 3745 1928 3817 Crispum

327 3851 388 3898 et
407 3842 593 3899 Caium
622 3858 636 3897 :
673 3858 741 3899 ne
770 3843 889 3914 quis
913 3843 1055 3897 dicat
1083 3841 1231 3913 quod
1260 3843 1311 3896 in
1339 3843 1557 3897 nomine
1596 3857 1716 3896 meo
1760 3840 1933 3911 baptio

325 3937 441 3994 zati
471 3937 602 3994 estis
627 3936 756 4012 [Μδ.
789 3936 952 4010 sitis].
980 3936 1249 4007 Baptizavi
1299 3945 1478 3991 autem
1534 3945 1588 3990 ct
1643 3934 1932 4005 Stephanae

330 4030 561 4086 domum
590 4045 604 4083 :
640 4041 900 4087 caeterum
930 4030 1114 4085 nescio
1140 4030 1184 4083 si
1216 4045 1377 4100 quem
1417 4030 1583 4084 alium
1628 4027 1936 4098 haptizave-

327 4122 460 4178 rim.
486 4121 602 4177 Non
654 4122 798 4178 enim
848 4122 995 4178 misit
1049 4135 1135 4177 me
1184 4120 1439 4176 Christus
1483 4120 1796 4188 baptizare,
1838 4119 1931 4174 sed

2104 2900 2253 2974 [Cap.
2287 2901 2378 2973 IL]
2413 2900 2480 2957 Et
2507 2918 2626 2972 ego,
2655 2918 2779 2957 cum
2812 2903 3082 2958 venissem
3119 2903 3184 2956 ad
3218 2917 3342 2970 vos,
3389 2899 3586 2956 fratres
3609 2944 3624 2968 ,

2028 2997 2152 3050 veni
2184 2997 2366 3050 nonin
2394 2997 2728 3051 sublimitate
2759 2997 3050 3063 sermonis,
3084 3007 3175 3050 aut
3207 2995 3506 3066 sapientize,
3527 3009 3625 3049 an-

2029 3089 2290 3143 nuntians
2319 3090 2471 3144 vobis
2505 3090 2871 3144 testiInOuium
2904 3088 3128 3144 Christi.
3163 3090 3276 3142 i\0n
3319 3089 3628 3156 enimjndi-

2031 3184 2149 3239 cavi
2180 3199 2265 3239 me
2287 3185 2425 3239 scire
2453 3184 2654 3254 aliquid
2679 3185 2818 3238 inter
2843 3199 2958 3249 vos,
2976 3184 3076 3246 nisi
3104 3183 3287 3238 lesnm
3319 3182 3621 3249 Christum,

2031 3287 2083 3332 et
2114 3277 2260 3334 hunc
2288 3279 2624 3332 crucifixum.
2652 3278 2717 3331 Et
2742 3293 2842 3348 ego
2868 3278 2919 3332 iu
2953 3277 3290 3342 infirmitate,
3325 3285 3380 3332 et
3409 3276 3627 3342 timore,

2032 3386 2086 3429 et
2110 3382 2346 3428 tremore
2374 3373 2542 3427 multo
2572 3372 2642 3426 fui
2674 3372 2814 3442 apud
2851 3387 2944 3427 vos
2976 3389 2990 3424 :
3035 3381 3090 3426 et
3129 3385 3313 3425 sermo
3360 3385 3543 3435 meus,
3577 3379 3633 3423 et

2033 3465 2348 3538 praedicatio
2373 3481 2516 3531 mea,
2544 3481 2649 3519 non
2675 3467 2726 3520 in
2757 3464 3207 3536 persuasibilihus
3251 3465 3501 3517 humana:
3546 3477 3632 3516 sa-

2034 3560 2251 3630 pientia:
2272 3561 2450 3615 verbis
2465 3605 2478 3629 ,
2503 3559 2595 3615 sed
2614 3559 2667 3613 in
2683 3559 2993 3614 ostensione
3016 3557 3243 3628 spiritus
3260 3567 3313 3610 et
3329 3556 3544 3612 virtutis
3560 3553 3586 3592 δ
3616 3574 3627 3608 ;

2037 3661 2091 3706 ut
2124 3653 2254 3708 fides
2283 3663 2458 3708 vestra
2483 3669 2588 3707 non
2619 3649 2689 3706 sit
2715 3652 2766 3705 in
2799 3650 3061 3718 sapientia
3091 3647 3367 3704 hominum
3393 3662 3418 3716 ,‘
3449 3646 3543 3702 sed
3574 3646 3626 3700 in

2037 3745 2242 3801 virtute
2275 3745 2390 3800 Dei.
2441 3745 2770 3814 Sapientiam
2812 3753 2992 3798 autem
3033 3742 3305 3812 loquimur
3338 3741 3479 3796 inter
3511 3755 3634 3808 per-

2035 3838 2207 3897 fectos
2241 3857 2255 3894 :
2293 3839 2613 3910 sapientiam
2656 3853 2786 3893 vero
2820 3853 2925 3892 non
2967 3836 3129 3906 hujus
3174 3834 3358 3890 saeculi
3385 3875 3402 3900 ,
3457 3849 3633 3900 neque

2037 3935 2340 4006 principum
2376 3935 2533 4003 hujus
2556 3931 2764 3997 saeculi,
2788 3931 2878 4003 qui
2910 3917 3264 3986 destruuntur
3303 3947 3314 3980 :
3342 3927 3636 3998 sedloqui-

2037 4045 2158 4085 mur
2183 4029 2274 4084 Dei
2302 4028 2620 4098 sapientiam
2645 4027 2697 4080 in
2730 4025 3012 4096 mysterio,
3035 4039 3154 4092 quae
3175 4021 3491 4077 abscondita
3522 4028 3630 4088 est,

2038 4139 2198 4194 quam
2251 4121 2654 4192 praedestinavit
2712 4120 2851 4172 Dcus
2905 4125 3032 4171 ante
3081 4118 3278 4171 sarcula
3321 4117 3374 4171 in
3407 4115 3632 4187 gloriam

331 4215 715 4288 evangelizare
747 4231 897 4271 :non
941 4216 992 4270 in
1020 4215 1284 4286 sapientia
1310 4213 1503 4282 verbi,
1536 4221 1597 4269 ut
1645 4229 1752 4269 non
1804 4229 1932 4267 eva-
1963 4183 2009 4248 C
2043 4224 2306 4279 nostram,
2333 4229 2493 4285 quam
2521 4227 2682 4266 nemo
2716 4210 3018 4280 principum
3045 4208 3204 4278 hujus
3229 4208 3415 4262 smculi
3447 4221 3641 4278 cogno-

331 4317 530 4366 cuetur
556 4325 693 4366 crux
724 4307 948 4364 Christi.
980 4308 1212 4364 Verbum
1243 4309 1388 4365 enim
1419 4310 1623 4378 crucis,
1655 4308 1928 4379 pereunti-

332 4399 440 4456 bus
469 4401 690 4473 quidem
713 4400 943 4457 stultitia
974 4410 1097 4456 est:
1129 4400 1196 4456 iis
1223 4410 1427 4468 autem,
1462 4401 1554 4471 qui
1586 4403 1720 4457 salvi
1766 4400 1900 4455 fiunt
1921 4442 1935 4466 ,

334 4493 396 4551 id
419 4505 506 4550 est
528 4495 706 4563 nobis,
739 4495 830 4550 Dei
858 4495 1038 4550 virtus
1063 4504 1169 4551 est.
1198 4495 1469 4566 Scriptum
1495 4503 1581 4550 est
1602 4497 1744 4551 enim
1768 4512 1779 4547 :
1808 4494 1938 4549 Pcr-

336 4591 466 4647 dam
492 4591 814 4662 sapientiam
842 4591 1191 4661 sapientium,
1223 4600 1278 4646 et
1316 4590 1660 4660 prudentiam
1709 4588 1941 4660 pruden-

338 4684 476 4740 tium
501 4682 830 4753 reprobabo.
867 4682 968 4738 Ubi
999 4683 1253 4751 sapiens?
1280 4682 1369 4737 ubi
1413 4682 1636 4737 scriba?
1673 4681 1763 4735 ubi
1806 4697 1937 4736 con-

339 4777 577 4845 quisitor
599 4775 760 4847 hujus
790 4776 1012 4831 saeculi?
1033 4775 1226 4832 Nonne
1250 4776 1466 4831 stultam
1496 4774 1620 4832 fecit
1667 4777 1810 4831 Deus
1857 4792 1943 4831 sa-

340 4870 609 4942 pientiam
649 4869 807 4939 hujus
843 4871 1063 4925 mundi?
1104 4869 1240 4926 Nam
1286 4869 1410 4941 quia
1450 4871 1501 4925 in
1548 4871 1641 4926 Dei
1679 4870 1941 4941 sapientia

345 4980 463 5021 non
486 4965 745 5035 cognovit
775 4965 1008 5019 mundus
1033 4981 1128 5035 per
1153 4965 1472 5035 sapientiam
1499 4966 1661 5020 Deum
1691 4982 1705 5018 :
1744 4966 1946 5034 placuit

344 5057 466 5114 Deo
488 5073 588 5129 per
621 5058 908 5114 stultitiam
957 5058 1362 5129 prazdicationis
1403 5058 1583 5113 salvos
1616 5057 1793 5114 facere
1829 5073 1949 5114 cre—

346 5149 546 5207 dentes
575 5167 589 5208 :
619 5151 883 5219 Quoniam
905 5161 958 5207 et
992 5151 1164 5206 Judaei
1198 5152 1350 5222 signa
1407 5159 1634 5220 petunt,
1673 5161 1729 5206 et
1773 5151 1948 5207 Graeci

345 5244 964 5315 sapientiam‘quacrunt
999 5261 1011 5298 :
1046 5260 1148 5300 nos
1179 5256 1358 5300 autem
1397 5245 1756 5314 pra’dicamus
1795 5245 1953 5302 Chri-

347 5345 497 5394 stum
524 5337 846 5394 cruciﬁxum
872 5352 886 5389 :
912 5335 1117 5394 Judaeis
1138 5339 1354 5408 quidem
1389 5341 1700 5395 scandalum
1723 5382 1738 5408 ,
1771 5339 1951 5409 genti-

429 5514 455 5543 α
493 5503 959 5577 Quemadmodum
993 5505 1047 5577 in
1077 5503 1268 5577 Graeco
1304 5501 1524 5577 quidam
1549 5515 1704 5577 mss.
1733 5505 1918 5577 γνώσει
1940 5546 1953 5571 ,

355 5572 667 5652 ριὀ-σγῖιξώμῃ
696 5576 1008 5652 pra-ferunt,
1037 5576 1109 5652 ita
1134 5584 1196 5652 et
1217 5572 1452 5652 Palatin.
1500 5589 1603 5629 ms.
1657 5572 1753 5628 hic'
1785 5577 1926 5652 scier:

357 5647 436 5704 tia
463 5647 746 5717 habet'pro
771 5649 1042 5702 sententia.
1072 5647 1352 5701 Paululum
1375 5662 1586 5717 quoque
1614 5660 1734 5700 mox
1761 5647 1958 5711 variat,

355 5720 872 5794 quodhconterttioncs
895 5721 1008 5794 sint
1039 5720 1168 5773 inter
1200 5735 1310 5784 vos,
1352 5729 1460 5794 etc_.

433 5791 462 5830 δ
493 5791 762 5849 Secundis
788 5792 960 5855 curis,
997 5806 1169 5860 neque
1203 5799 1382 5846 tamen
1435 5790 1488 5846 id
1522 5800 1702 5857 recte,
1743 5789 1964 5845 additur

361 5861 424 5921 in
445 5860 694 5919 Palatino
727 5878 825 5917 ms.
853 5862 944 5918 hic
969 5861 1087 5916 Dei.

654 5954 932 6016 Ρλτιιοι.
982 5954 1224 6016 XXIX.

2042 4313 2116 4363 vit
2142 4325 2156 4363 :
2187 4309 2229 4364 si
2260 4309 2405 4363 enim
2438 4306 2858 4377 cognovissent,
2897 4317 3170 4371 nunquam
3208 4300 3492 4356 Dominum
3522 4299 3639 4370 glo-

2045 4405 2137 4457 ria:
2169 4400 2588 4456 crncifixisscnt.
2629 4398 2737 4454 Sed
2778 4398 2919 4452 sicut
2950 4396 3211 4464 scriptum
3255 4403 3380 4450 est:
3429 4405 3447 4431 ε
3483 4391 3639 4460 Quod

2046 4498 2235 4552 oculus
2266 4513 2370 4550 non
2409 4494 2561 4558 vidit,
2599 4509 2700 4548 nec
2730 4493 2878 4547 auris
2919 4491 3157 4555 audivit,
3204 4506 3302 4543 nec
3337 4489 3389 4542 in
3417 4503 3512 4543 cor
3543 4488 3642 4542 ho-

2048 4592 2207 4644 minis
2240 4588 2504 4651 ascendit,
2534 4602 2654 4656 qua:
2704 4585 3029 4653 prcharavit
3073 4583 3213 4637 Deus
3267 4581 3332 4636 iis
3385 4580 3478 4650 qui
3523 4581 3646 4635 dili-

2049 4690 2181 4750 gunt
2204 4681 2353 4734 illum
2391 4696 2402 4732 :
2439 4678 2594 4731 nobis
2618 4685 2797 4729 autem
2814 4672 3070 4728 revelavit
3100 4671 3239 4726 Deus
3273 4687 3367 4742 per
3393 4672 3640 4740 spiritum

2051 4789 2205 4827 suum
2237 4788 2249 4824 :
2285 4770 2520 4840 Spiritus
2539 4767 2683 4823 enim
2706 4767 2888 4822 omnia
2914 4774 3206 4832 scrutatur,
3234 4766 3394 4819 etiam
3425 4764 3646 4831 profuit-

2051 4865 2117 4920 da
2150 4865 2269 4918 Dei.
2302 4864 2433 4931 Quis
2454 4862 2598 4917 enim
2632 4860 2911 4916 hominum
2937 4859 3042 4913 scit
3068 4873 3185 4927 quae
3216 4865 3341 4911 sunt
3372 4855 3646 4922 hominis,

2056 4959 2158 5014 nisi
2187 4959 2410 5029 spiritus
2437 4955 2695 5023 hominis,
2723 4954 2812 5023 qui
2839 4953 2892 5006 in
2930 4953 3045 5022 ipso
3070 4965 3150 5008 est
3180 4952 3204 5006 ’ἶ
3230 4954 3302 5007 ita
3331 4962 3386 5008 et
3411 4970 3531 5023 qua:
3558 4955 3652 5008 Dei

2055 5064 2199 5116 sunt,
2230 5068 2390 5106 nemo
2420 5051 2707 5121 ci‘gnovit,
2743 5049 2845 5104 nisi
2884 5048 3118 5119 Spiritus
3154 5048 3270 5102 Dei.
3317 5047 3426 5102 Nos
3469 5056 3648 5103 autem

2054 5165 2163 5204 non
2189 5147 2439 5216 Spiritum
2464 5144 2626 5215 hujus
2660 5143 2846 5197 mundi
2877 5143 3186 5213 accepimus
3211 5182 3224 5207 ,
3252 5141 3345 5196 sed
3387 5141 3650 5210 Spiritum

2057 5245 2147 5314 qui
2178 5260 2245 5296 cx
2277 5241 2386 5296 Deo
2417 5248 2522 5306 est,
2551 5247 2607 5292 ut
2633 5237 2873 5292 sciamus
2900 5252 3019 5305 qua:
3052 5250 3081 5289 a
3126 5233 3235 5290 Deo
3276 5233 3475 5288 donata
3527 5247 3655 5290 sunt

2059 5338 2215 5393 nobis
2241 5354 2252 5388 :
2281 5350 2401 5406 quae
2429 5342 2484 5390 et
2507 5330 2779 5402 loquimur
2811 5346 2916 5383 non
2967 5327 3020 5382 in
3059 5327 3234 5384 doctis
3274 5326 3524 5383 humana:
3572 5343 3660 5384 sa-

2137 5511 2156 5539 σ
2196 5497 2414 5552 Duobus
2448 5495 2596 5550 hisee
2625 5494 2911 5548 versiculis
2933 5508 2999 5546 ex
3031 5491 3163 5544 Isaia
3190 5507 3308 5561 cap.
3334 5507 3454 5546 utv
3474 5493 3662 5547 lauda-

2063 5574 2133 5628 tis
2163 5571 2216 5624 in
2252 5567 2498 5624 Palatino
2527 5583 2629 5620 ms.
2655 5566 2796 5619 obeli
2848 5565 3060 5633 pra‘fixi
3111 5573 3255 5618 sunt.
3315 5565 3662 5632 Antiquarins

2063 5659 2164 5698 cur
2195 5641 2254 5696 id
2280 5639 2496 5704 fecerit,
2524 5638 2682 5693 facile
2707 5638 2974 5705 intelliges
2998 5653 3066 5690 ex
3098 5638 3212 5704 ip~~0
3246 5635 3581 5707 Hieronymo
3611 5637 3666 5691 in

2065 5712 2490 5770 Counnentariis
2519 5709 2587 5765 ad
2613 5709 2767 5764 illum
2794 5711 2942 5764 Isaia:
2969 5709 3146 5764 locum
3176 5749 3189 5769 ,
3250 5709 3301 5760 in
3357 5723 3570 5778 quem,
3625 5711 3668 5762 si

2066 5786 2200 5841 tanti
2229 5792 2374 5848 sunt,
2407 5781 2610 5838 videsis
2638 5789 2692 5834 et
2712 5796 2834 5852 qua:
2860 5795 2958 5838 nos
2983 5781 3311 5836 notavimus.

3156 5940 3234 6002 2h
