4166 6336
535 320 639 379 Ίιίῖ

1547 315 1609 377 3.
1646 304 2031 383 HIERONYMI
2066 310 2301 383 DIVINA
2340 314 2814 383 BIBLIOTHECA.

3734 312 3843 380 MO

542 431 763 507 picntias
783 396 996 501 verbis,
1026 433 1122 491 sed
1149 434 1204 491 in
1233 434 1484 492 doctrina
1530 436 1803 507 Spiritus,
1844 433 2141 507 spiritttali-
2169 436 2216 496 Α
2246 445 2340 492 aut
2369 438 2438 491 ah
2484 437 2721 495 humano
2745 437 2835 493 die
2871 454 2884 493 :
2940 436 3036 494 sed
3094 449 3271 510 neque
3316 432 3583 508 meipsum
3622 435 3842 508 judico.

540 530 643 585 bus
663 530 968 599 spiritualia
994 538 1401 602 comparantes.
1452 532 1717 589 Animalis
1751 542 1932 589 autem
1974 528 2140 587 homo

536 638 643 679 non
673 624 905 694 percipit
928 638 992 679 ea
1022 637 1144 695 qua:
1164 634 1295 680 sunt
1322 624 1557 696 Spiritus
1585 624 1678 680 Dei
1704 640 1718 677 :
1748 623 1975 679 stultitia
1991 622 2136 678 enim

541 729 625 773 est
666 717 765 785 illi,
794 728 847 774 et
890 733 993 773 non
1043 726 1223 789 potest
1248 717 1551 789 intelligere
1580 734 1593 772 :
1623 718 1748 786 quia
1777 714 2139 788 spiritualitet‘

538 810 898 866 examinator.
919 810 1226 880 Spiritnalis
1245 821 1424 866 autem
1443 810 1651 881 judicat
1670 809 1852 865 omnia
1869 822 1884 863 :
1900 816 1956 863 et
1973 809 2089 878 ipse
2104 822 2137 862 a

542 902 756 959 nemine
772 902 1063 972 judicatur.
1090 900 1220 970 Quis
1233 901 1379 965 enim
1394 902 1643 973 cognovit
1660 915 1878 965 sensum
1896 898 2135 977 Domini,

538 996 630 1066 qui
644 996 874 1051 instruat
890 996 1049 1073 eum?
1070 994 1180 1055 Nos
1197 1010 1377 1059 autem
1390 1011 1608 1059 sensum
1627 993 1828 1055 Christi
1850 994 2133 1076 habemus.
2190 1007 2211 1016 ’

609 1087 761 1162 [ϐαρ.
780 1088 892 1161 ill.]
911 1087 975 1142 Et
989 1104 1111 1159 ego,
1128 1088 1344 1154 fratres,
1365 1104 1468 1143 non
1486 1090 1633 1160 potui
1649 1088 1801 1146 vobis
1818 1088 1963 1158 loqui
1983 1086 2136 1158 quasi

536 1182 927 1253 Spiritualibus,
945 1184 1037 1239 sed
1056 1181 1207 1252 quasi
1229 1182 1555 1238 carnalibus.
1573 1182 1869 1254 Tamquam
1892 1178 2138 1251 parvulis

531 1278 585 1332 in
606 1262 847 1344 Christo,
873 1276 953 1332 lae
980 1277 1134 1333 vobis
1156 1286 1340 1347 potum
1364 1276 1511 1346 dedi,
1530 1292 1635 1332 non
1657 1291 1869 1335 escam:
1891 1272 2133 1334 nondum

535 1374 679 1429 enim
710 1373 976 1444 poteratis
1012 1392 1024 1429 :
1059 1373 1156 1429 sed
1187 1389 1286 1428 nec
1312 1390 1456 1428 nunc
1488 1372 1704 1444 quidem
1730 1373 1963 1444 potestis
1991 1389 2005 1425 :
2040 1371 2135 1425 ad-

537 1465 644 1521 huc
671 1467 819 1522 enim
843 1466 1093 1522 carnales
1120 1468 1273 1523 estis.
1306 1465 1443 1525 Cum
1467 1468 1610 1523 enim
1642 1468 1714 1523 sit
1737 1466 1878 1523 inter
1906 1479 2005 1521 vos
2047 1478 2136 1520 ze-

532 1561 640 1628 lus,
673 1569 729 1617 et
752 1561 1050 1627 contentio,
1083 1560 1266 1617 nonne
1290 1562 1536 1617 carnales
1565 1562 1721 1631 estis,
1754 1571 1809 1617 et
1835 1558 2134 1616 secundum

532 1654 809 1711 hominem
835 1654 1164 1710 ambulatis?
1189 1655 1319 1711 Cum
1350 1656 1494 1712 enim
1520 1656 1640 1726 quis
1666 1654 1814 1711 dicat
1838 1672 1852 1710 :
1873 1653 1986 1726 Ego
2012 1651 2134 1724 qui-

528 1749 652 1806 dem
684 1765 806 1805 sum
830 1750 983 1805 Pauli
1012 1769 1023 1803 :
1054 1751 1192 1807 alius
1223 1761 1405 1807 autem
1437 1770 1449 1806 :
1498 1751 1613 1824 Ego
1652 1750 1857 1823 Apollo
1896 1768 1910 1806 :
1954 1764 2136 1806 nonne

2242 530 2384 589 Nihil
2412 535 2557 589 enim
2590 532 2722 591 mihi
2743 532 2999 590 conscius
3017 545 3138 591 sum
3175 551 3187 588 :
3216 532 3311 589 sed
3345 539 3449 589 non
3473 534 3526 588 in
3550 532 3656 588 hoc
3676 530 3844 604 justi-

2242 628 2430 683 ticatus
2462 643 2622 682 sum:
2665 629 2759 699 qui
2788 637 2971 683 autem
3004 626 3214 698 judicat
3254 643 3375 695 me,
3423 627 3684 682 Dominus
3729 634 3839 680 est.

2242 721 2429 791 Itaque
2459 720 2627 777 nolite
2652 731 2781 776 ante.
2808 729 3021 790 tempus
3044 719 3290 790 judicare
3316 760 3332 787 ,
3361 718 3717 792 quoadusque
3747 732 3839 773 ve-

2243 814 2355 868 uiat
2380 812 2643 869 Dominus
2677 831 2690 866 :
2732 813 2825 883 qui
2866 821 2923 869 et
2950 812 3281 868 illuminabit
3327 810 3648 869 abscondita
3680 818 3841 866 tene—

2240 907 2481 976 brarum,
2519 918 2573 962 et
2617 904 2988 967 manifesmbit
3032 905 3263 965 consilia
3300 904 3580 970 cordinm,
3614 913 3671 959 et
3716 913 3845 958 tunc

2244 998 2360 1055 laus
2381 999 2484 1055 erit
2518 1000 2814 1071 unicuique
2840 1017 2868 1055 a
2890 1000 3017 1056 Deo.
3050 999 3175 1055 Haec
3201 1007 3405 1069 autem,
3422 997 3637 1065 fratres,
3666 1008 3846 1053 trans-

2239 1095 2463 1165 ﬁguravi
2518 1096 2572 1150 in
2602 1111 2687 1151 tne
2716 1106 2772 1152 et
2796 1095 3013 1167 Apollo,
3044 1102 3267 1167 propter
3296 1109 3394 1150 vos
3425 1134 3441 1161 ,
3470 1102 3530 1150 ut
3584 1093 3639 1150 in
3682 1092 3845 1150 nobis

2238 1189 2488 1258 discatis,
2512 1205 2581 1247 ne
2606 1206 2769 1260 supra
2798 1206 2960 1262 quam
2985 1190 3247 1262 scriptum
3275 1198 3382 1255 est,
3410 1202 3555 1245 unus
3578 1186 3843 1243 adversus

2239 1282 2472 1340 alterum
2503 1284 2721 1340 inﬂetur
2752 1299 2852 1355 pro
2896 1282 3024 1341 alio.
3056 1284 3192 1353 Quis
3235 1284 3381 1339 enim
3439 1292 3494 1339 te
3542 1281 3844 1338 discernit?

2237 1377 2376 1446 Quid
2397 1388 2579 1435 autem
2612 1378 2805 1448 habes,
2829 1377 2976 1450 quod
3010 1394 3117 1434 non
3148 1376 3445 1450 accepisti?
3466 1375 3524 1433 Si
3545 1385 3729 1433 autem
3757 1389 3848 1430 ac-

2239 1471 2453 1543 cepisti,
2478 1470 2609 1545 quid
2640 1472 2901 1544 gloriaris
2923 1471 3079 1544 quasi
3120 1486 3228 1527 non
3253 1468 3568 1541 acceperis?
3609 1467 3728 1527 lam
3758 1483 3847 1527 sa-

2243 1568 2407 1622 turati
2432 1566 2587 1635 estis,
2614 1566 2728 1638 jam
2746 1565 2954 1622 divites
2975 1564 3100 1621 facti
3131 1564 3293 1621 estis:
3325 1563 3445 1621 sine
3470 1561 3627 1618 nobis
3651 1574 3846 1631 regna-

2252 1659 2320 1714 tis
2354 1675 2367 1713 :
2399 1669 2447 1713 et
2480 1656 2687 1715 utinam
2713 1657 2958 1728 regnetis
2989 1654 3118 1729 [Μδ.
3159 1650 3507 1727 regnaretis],
3551 1659 3611 1709 ut
3646 1661 3703 1709 et
3745 1665 3849 1709 nos

2240 1751 2525 1808 vobiscum
2553 1765 2865 1824 regnemus.
2902 1751 3038 1805 Puto
3067 1750 3215 1807 enim
3245 1747 3393 1821 quod
3419 1747 3561 1805 Deus
3584 1760 3684 1805 nos
3713 1760 3850 1817 apo-

533 1845 782 1901 lrominos
800 1845 973 1899 estis?
1002 1844 1142 1913 Quid
1196 1846 1356 1917 igitur
1412 1840 1496 1902 est
1550 1844 1798 1916 Apollo?
1828 1844 1969 1917 quid.
2001 1857 2133 1899 vero
2163 1836 2209 1896 Β
2238 1848 2411 1904 stolos
2442 1848 2769 1904 novissimos
2790 1846 3052 1912 ostendit,
3080 1853 3357 1916 tamquam
3396 1842 3557 1901 murti
3599 1840 3847 1901 destina-

537 1939 781 1995 I‘mlus?
810 1939 1049 1995 Ministri
1079 1938 1219 2009 ejus,
1257 1940 1344 1995 cui
1367 1938 1677 1996 credidisﬁs
1698 1980 1713 2005 ,
1753 1946 1807 1994 et
1838 1937 2134 2008 unicuique

533 2032 675 2088 sicut
708 2032 965 2088 Dominus
991 2032 1162 2089 dedit.
1199 2032 1312 2104 Ego
1342 2033 1582 2105 plantavi
1613 2076 1629 2101 ,
1660 2032 1858 2109 Apollo
1884 2029 2084 2101 rigavit
2118 2048 2128 2081 ε

530 2125 627 2181 sed
659 2126 804 2181 Deus
826 2126 1227 2182 incrementum
1251 2125 1419 2183 dedit.
1446 2127 1634 2196 Itaque
1662 2140 1837 2198 neque
1859 2126 1949 2197 qui
1983 2124 2135 2194 pian-

533 2204 630 2286 tat,
660 2228 744 2274 est
772 2218 994 2293 aliQuid,
1024 2234 1198 2291 neque
1227 2220 1318 2290 qui
1346 2219 1487 2292 rigat
1514 2237 1529 2286 ;
1562 2220 1681 2287 sed,
1710 2220 1800 2290 qui
1830 2220 2135 2295 incremen-

534 2317 646 2366 tum
672 2310 787 2377 dat,
823 2312 987 2368 Deus.
1009 2311 1109 2379 Qui
1135 2320 1318 2367 autt-m
1343 2312 1575 2382 plantat,
1596 2320 1649 2367 et
1676 2311 1766 2382 qui
1790 2311 1951 2382 rigat,
1969 2324 2133 2364 unum

533 2412 679 2459 sunt.
709 2403 1096 2476 Unusquisque
1131 2416 1314 2460 autem
1339 2406 1615 2475 propriam
1648 2402 1956 2459 mercedem
1992 2400 2151 2458 acci-’

533 2498 643 2567 piet
672 2497 971 2553 secundum
1004 2512 1161 2552 suum
1189 2497 1450 2554 laborem.
1481 2498 1575 2552 Dei
1606 2498 1751 2552 enim
1776 2513 1961 2553 sumus
1982 2495 2135 2567 adju-

530 2597 697 2659 tores,
735 2589 826 2645 Dei
854 2589 1189 2662 agricultura
1220 2589 1373 2659 estis,
1421 2590 1513 2646 Dei
1538 2588 1826 2645 mdificatio
1851 2589 2004 2646 CsliS.
2038 2590 2137 2645 Se-

534 2685 769 2741 cundum
801 2685 1031 2757 gratiam
1059 2682 1180 2752 Dei,
1213 2701 1336 2756 quae
1362 2678 1487 2740 data
1520 2695 1602 2740 est
1635 2684 1767 2740 mihi
1794 2726 1808 2751 ,
1834 2694 1890 2739 ut
1917 2684 2137 2755 sapiens

530 2778 864 2835 architectus
888 2777 1300 2834 fundamentum
1326 2779 1655 2851 posuizalius
1679 2787 1858 2835 autem
1891 2793 2133 2848 superae-

523 2872 732 2928 dificat.
759 2872 1149 2944 Unusquisque
1176 2882 1358 2929 autem
1389 2874 1572 2929 videat
1592 2872 1865 2945 quomodo
1899 2888 2135 2943 superae-

530 2964 731 3020 dillcet.
757 2963 1195 3021 Fundamentum
1227 2967 1371 3021 enim
1396 2965 1546 3022 aliud
1573 2980 1737 3022 nemo
1761 2975 1939 3036 potest
1963 2979 2131 3036 pone-

528 3076 608 3129 re,
644 3072 844 3131 prmter
870 3062 921 3116 id
951 3061 1095 3133 quod
1129 3063 1361 3131 positum
1390 3070 1511 3130 est,
1553 3062 1697 3133 quod
1741 3068 1828 3119 est
1871 3058 2120 3115 Christus

523 3155 702 3213 Jesus.
737 3156 796 3213 Si
820 3158 942 3233 quis
965 3167 1147 3212 autem
1181 3156 1585 3228 supersedificat
1616 3172 1785 3228 super
1810 3154 2136 3211 fundamen-

528 3264 641 3310 tum
669 3255 796 3330 hoc,
820 3229 1038 3319 aurum,
1066 3266 1379 3327 argentum,
1414 3253 1619 3324 lapides
1643 3252 1935 3324 pretiosos,
1964 3251 2130 3322 ligna,
2162 3229 2210 3295 C

529 3347 734 3410 fenum.
793 3345 1071 3418 stipulam,
1127 3346 1557 3418 uniuscujusque
1607 3361 1744 3419 opus
1789 3344 2134 3401 manifestum

527 3439 633 3493 erit
662 3456 677 3492 :
705 3437 832 3495 Dies
861 3439 1004 3494 enim
1040 3439 1254 3493 Domini
1283 3437 1617 3505 declarabit,
1652 3440 1772 3509 quia
1804 3439 1855 3493 in
1892 3437 2016 3509 igne
2045 3453 2134 3493 re-

531 3530 841 3587 velabitur:
886 3541 942 3585 et
993 3532 1429 3603 uniuscujusque
1479 3546 1617 3602 opus
1652 3532 1812 3604 quale
1857 3532 1955 3598 sit,
2000 3531 2139 3604 ignis

532 3622 805 3694 probabit.
841 3622 896 3679 Si
926 3622 1082 3695 cujus
1114 3638 1251 3695 Opus
1281 3625 1543 3681 manserit
1566 3625 1708 3697 quod
1738 3625 2141 3696 superaediiica-

534 3716 629 3783 vit,
661 3699 968 3771 mercedem
991 3716 1267 3788 accipiet:
1312 3716 1371 3774 Si
1398 3716 1551 3789 cujus
1582 3733 1718 3787 opus
1761 3718 1958 3774 arserit
1986 3763 2001 3789 ,
2042 3719 2138 3774 de-

535 3810 852 3866 trimentum
883 3810 1117 3881 patietur
1149 3829 1162 3867 :
1197 3812 1315 3883 ipse
1341 3819 1519 3867 autem
1552 3812 1731 3868 salvus
1760 3814 1864 3868 erit
1900 3830 1911 3865 :
1954 3812 2032 3868 sic
2061 3822 2141 3866 ta-

464 3964 473 3975 .
540 3919 662 3959 men
717 3903 873 3974 quasi
917 3918 1015 3972 per
1061 3902 1261 3974 ignem.
1313 3903 1545 3961 Nescitis
1590 3907 1716 3977 quia
1749 3907 2011 3976 templum
2046 3906 2141 3961 llei

538 3997 693 4063 estis,
727 4006 784 4052 et
805 3996 1044 4067 Spiritus
1079 3997 1169 4052 Dei
1199 3997 1405 4055 habitat
1427 3999 1479 4054 in
1504 3999 1694 4055 vobis?
1723 3998 1781 4071 Si
1813 4001 1936 4070 quis
1958 4009 2137 4056 autem

540 4091 801 4161 templum
839 4089 930 4144 Dei
955 4088 1258 4156 violaverit,
1301 4091 1581 4161 disperdet
1612 4092 1765 4147 illum
1792 4092 1955 4148 Deus.
1982 4093 2142 4148 Tem-

542 4182 688 4252 plum
711 4181 855 4237 enim
885 4179 981 4235 Dei
1014 4188 1261 4236 sanctum
1293 4191 1412 4249 est,
1458 4182 1601 4253 quod
1647 4185 1781 4239 estis
1810 4198 1929 4239 vos.
1970 4184 2141 4243 Nemo

541 4288 600 4327 se
631 4271 759 4347 [ηδ.
793 4270 919 4343 vos]
948 4270 1213 4327 seducat:
1244 4263 1289 4328 si
1330 4275 1450 4343 quis
1486 4272 1706 4330 videtur
1738 4276 1879 4332 inter
1910 4292 2006 4332 vos
2035 4292 2140 4332 sa—

544 4371 699 4437 piens
725 4367 931 4422 essein
966 4365 1070 4422 hoc
1100 4366 1325 4434 sm-culo,
1358 4368 1555 4423 stultus
1580 4369 1694 4434 fiat,
1722 4378 1780 4425 ut
1803 4370 1875 4425 sit
1896 4371 2137 4441 sapiens.

542 4458 820 4531 Sapientia
846 4458 991 4514 enim
1018 4456 1177 4527 hujus
1199 4458 1404 4527 mundi,
1422 4459 1655 4515 stultitia
1680 4470 1764 4517 est
1788 4463 1930 4533 apud
1951 4463 2137 4519 Deum.

542 4555 816 4625 Scriptum
848 4564 932 4609 est
976 4553 1120 4608 cnim
1171 4569 1184 4607 :
1236 4550 1707 4625 Comprehendam
1758 4557 2033 4627 sapientes
2085 4559 2138 4613 in

540 4651 737 4707 astutia
759 4665 968 4706 eorum.
998 4649 1059 4704 Et
1085 4651 1278 4704 iterum
1299 4666 1313 4707 :
1341 4651 1598 4707 Dominus
1622 4652 2140 4725 novitcogitationes

543 4743 895 4813 sapientium,
927 4740 1185 4811 quoniam
1216 4757 1369 4798 vanm
1401 4753 1545 4798 sunt.
1587 4743 1762 4801 Nemo
1800 4746 1985 4816 itaque
2022 4748 2138 4818 glo-

544 4836 714 4889 rictur
734 4833 788 4889 in
820 4832 1152 4889 hominibus.
1183 4832 1377 4891 Omnia
1407 4836 1551 4891 enim
1598 4849 1778 4893 vestra
1829 4848 1954 4894 sunt
1977 4879 1991 4906 ,
2026 4840 2142 4899 sive

547 4925 770 4993 Paulus,
796 4926 913 4982 sive
939 4927 1158 4998 Apollo,
1192 4928 1307 4983 sive
1327 4928 1566 4999 Cephas,
1591 4930 1707 4985 sive
1729 4931 1960 4984 mundus
1980 4973 1994 4997 ,
2025 4930 2142 4988 sive

545 5020 675 5085 vita,
708 5018 824 5075 sive
855 5033 1022 5087 mors,
1051 5019 1171 5075 sive
1200 5021 1519 5091 prasentia,
1550 5021 1664 5077 sive
1696 5021 1874 5078 futura
1908 5039 1923 5077 :
1957 5027 2139 5079 omnia

543 5113 688 5170 enim
717 5120 901 5170 vestra
928 5121 1053 5170 sunt
1082 5128 1222 5169 :vos
1270 5123 1453 5172 autem
1488 5114 1690 5170 Christi
1724 5132 1738 5169 :
1770 5114 2018 5174 Christus
2045 5134 2140 5175 au-

545 5216 653 5263 tem
682 5205 801 5262 Dei.

617 5301 771 5375 [Cap.
796 5301 911 5376 lV.]
943 5301 1036 5359 Sic
1059 5317 1175 5371 ,nos
1206 5300 1484 5360 existimet
1527 5303 1690 5360 homo
1713 5346 1729 5372 ,
1779 5315 1838 5361 ut
1864 5305 2147 5364 ministros

544 5393 774 5462 Christi,
797 5407 853 5452 et
881 5395 1288 5467 dispensatores
1321 5396 1705 5470 mysteriorum
1746 5389 1863 5454 Dei.
1908 5399 2007 5455 Hic
2030 5400 2142 5469 jam

541 5488 809 5561 quaeritur
836 5490 981 5546 inter
1003 5490 1435 5562 dispensatores,
1468 5501 1528 5549 ut
1547 5491 1725 5553 ﬁdelis
1747 5493 1868 5563 quis
1901 5494 2144 5551 invenia-

548 5592 654 5638 tur.
688 5581 823 5641 ΜΠιί
844 5593 1025 5640 autem
1055 5597 1153 5655 pro
1182 5587 1406 5641 nrinimo
1428 5595 1549 5654 est,
1582 5595 1639 5645 ut
1665 5602 1695 5642 a
1720 5587 1873 5644 vobis
1893 5588 2151 5662 jndieer,

2238 1955 2322 2000 tos
2356 1962 2368 2000 :
2395 1945 2524 2018 quia
2546 1943 2914 2017 spectaculum
2941 1942 3075 2001 facti
3106 1956 3299 1999 sumus
3321 1940 3528 1999 mundo
3553 1981 3571 2009 ,
3600 1949 3657 1997 et
3677 1954 3850 2012 ange—

2238 2038 2326 2105 lis,
2357 2047 2411 2095 ct
2440 2037 2775 2097 hominibus.
2805 2036 2918 2095 Nos
2945 2037 3099 2096 stulti
3134 2046 3358 2110 propter
3386 2033 3692 2104 Christum,
3727 2048 3830 2091 vos

2236 2141 2421 2188 autem
2447 2131 2741 2203 prudentes
2769 2133 2819 2187 in
2851 2130 3076 2189 Christo
3102 2149 3114 2184 :
3150 2146 3253 2187 nos
3281 2129 3505 2196 infirmi,
3534 2143 3635 2186 vos
3657 2136 3848 2185 autem

2236 2225 2410 2283 fortes
2443 2242 2457 2279 :
2492 2242 2591 2282 vos
2614 2227 2846 2294 nobiles,
2882 2242 2981 2283 nos
3006 2233 3193 2283 autem
3229 2224 3516 2297 ignobiles.
3574 2222 3759 2296 Usque
3784 2223 3848 2280 in

2238 2321 2381 2377 hanc
2404 2321 2592 2377 horam
2622 2330 2676 2377 et
2706 2320 3007 2388 esurimus,
3035 2328 3094 2376 et
3110 2319 3351 2387 sitimus,
3385 2329 3437 2376 et
3466 2319 3596 2376 nudi
3628 2332 3846 2384 smnus,

2236 2422 2293 2470 et
2314 2412 2558 2486 colaphis
2584 2414 2869 2484 credimur,
2894 2422 2953 2471 et
2980 2413 3271 2469 instabiles
3296 2427 3515 2479 sumus,
3542 2420 3599 2468 et
3627 2411 3850 2468 labora—

2237 2522 2357 2563 mus
2386 2516 2677 2578 0perautes
2708 2506 2959 2564 manibus
2974 2505 3212 2565 nostris:
3241 2504 3639 2572 maledicimur,
3664 2518 3720 2562 ct
3748 2505 3853 2561 be-

2237 2601 2542 2663 nedicimus
2573 2618 2587 2655 :
2620 2601 3055 2675 persecutionem
3087 2601 3345 2670 patimur,
3362 2610 3416 2656 et
3447 2598 3791 2655 sustinemus
3818 2612 3838 2652 :

2237 2694 2707 2764 blasphemamur,
2749 2704 2806 2752 et
2844 2693 3203 2751 obsecramus
3246 2709 3269 2749 ι
3313 2702 3591 2764 tamquam
3639 2706 3843 2764 purga-

2239 2795 2420 2843 menta
2445 2786 2602 2856 hujus
2635 2787 2827 2845 mundi
2858 2785 2986 2844 laeti
3008 2800 3228 2856 sumus,
3259 2786 3507 2845 omnium
3539 2785 3853 2856 peripsema

2238 2898 2412 2955 usque
2450 2881 2645 2938 adhuc.
2701 2881 2819 2941 Non
2846 2892 2906 2937 ut
2934 2880 3275 2939 confundam
3314 2893 3436 2943 vos,
3475 2879 3595 2935 hanc
3628 2876 3849 2944 scribo,

2236 2976 2333 3033 sed
2359 2985 2415 3035 ut
2442 2975 2581 3032 ﬁlios
2606 2989 2756 3031 meos
2781 2973 3136 3033 charissimos
3163 2986 3387 3031 moneo.
3406 2970 3542 3029 Nam
3571 2969 3620 3035 si
3648 2969 3849 3027 decem

2238 3067 2410 3129 millia
2452 3068 2870 3141 paedagogorum
2900 3067 3148 3124 habeatis
3188 3067 3247 3125 in
3274 3066 3542 3139 Christo;
3588 3065 3685 3123 sed
3733 3079 3853 3123 non

2240 3165 2439 3223 multos
2464 3175 2669 3233 patres.
2697 3161 2832 3221 Nam
2865 3162 2921 3218 in
2942 3160 3164 3241 Christo
3189 3162 3318 3221 Jesu
3344 3178 3447 3234 per
3487 3161 3859 3231 Evangeliun

2239 3272 2340 3329 ego
2376 3272 2472 3315 vos
2502 3257 2685 3328 genui.
2713 3256 2868 3330 Rogo
2895 3273 3023 3329 ergo
3047 3257 3176 3331 [με.
3203 3256 3377 3331 enim]
3393 3272 3517 3325 vos,
3540 3258 3855 3315 imitatores

2242 3352 2349 3407 mei
2382 3359 2583 3420 estote,
2613 3362 2639 3390 ιι
2666 3352 2809 3412 sicut
2828 3361 2896 3411 et
2922 3368 3023 3427 ego
3054 3351 3279 3419 Christi.
3331 3353 3460 3411 ideo
3500 3351 3629 3410 misi
3650 3353 3721 3410 ad
3748 3365 3861 3409 vos

2241 3444 2608 3513 Timotheum,
2637 3447 2727 3515 qui
2756 3453 2847 3503 est
2860 3444 3001 3510 filius
3020 3461 3177 3505 meus
3190 3446 3570 3515 charissitnus,
3592 3456 3648 3503 et
3669 3446 3859 3507 ﬁdelis

2242 3537 2295 3592 in
2328 3537 2582 3605 Domino,
2612 3539 2707 3610 qui
2736 3553 2833 3595 vos
2856 3538 3462 3599 commonefaeietwias
3492 3555 3645 3599 meas
3664 3584 3683 3609 ,
3717 3556 3848 3612 qum-

2242 3642 2369 3690 sunt
2395 3633 2448 3689 in
2479 3632 2698 3691 Christo
2726 3634 2878 3706 Jesu,
2912 3636 3052 3694 sicut
3082 3637 3286 3708 ubique
3316 3637 3370 3695 in
3398 3639 3547 3697 omni
3596 3637 3855 3695 Ecclesia

2244 3728 2435 3787 doceo.
2470 3728 2773 3800 Tamquam
2801 3746 2912 3788 non
2931 3742 3196 3790 venturus
3220 3734 3328 3791 sim
3356 3733 3424 3791 ad
3471 3749 3606 3802 vos,
3645 3726 3723 3789 sic
3762 3733 3859 3791 in—

2243 3820 2354 3877 [lati
2378 3831 2506 3879 sunt
2527 3822 2774 3895 quidam.
2808 3824 3041 3881 Veniam
3074 3839 3259 3884 autem
3285 3825 3354 3883 ad
3376 3842 3475 3882 vos
3504 3825 3640 3894 cito,
3664 3826 3723 3882 si
3741 3825 3857 3882 Do-

2244 3916 2425 3971 minus
2446 3916 2681 3973 voiuerit
2705 3933 2720 3973 :
2746 3925 2800 3974 et
2826 3932 3150 3989 cognoscam
3178 3935 3290 3977 non
3311 3934 3621 3977 sermo-em
3647 3934 3857 3977 eorum

2242 4006 2335 4077 qui
2367 4005 2537 4063 inflati
2567 4019 2716 4078 sunt,
2744 4008 2840 4065 sed
2870 4012 3155 4066 virtutem.
3183 4009 3307 4069 Non
3326 4012 3475 4069 enim
3503 4013 3563 4071 in
3589 4024 3855 4068 sermone

2242 4110 2329 4158 est
2351 4117 2578 4174 regnum
2600 4103 2723 4175 Dei,
2751 4106 2849 4161 sed
2879 4107 2934 4163 in
2955 4108 3180 4165 virtute.
3215 4106 3355 4176 Quid
3377 4108 3591 4167 vultis?
3627 4108 3859 4176 invirga

2244 4196 2459 4253 veniam
2481 4198 2549 4253 ad
2577 4213 2694 4266 vos,
2726 4212 2793 4254 an
2823 4199 2877 4255 in
2909 4201 3196 4269 charitate,
3227 4209 3283 4257 et
3311 4200 3519 4272 spiritu
3536 4208 3871 4260 mansuetu-

2244 4287 2394 4347 dinis
2414 4291 2438 4345 Ἰ

2318 4381 2463 4457 [ϐαρ.
2501 4383 2590 4458 v.1
2615 4386 2849 4443 Omnino
2889 4387 3106 4445 auditur
3147 4389 3288 4447 inter
3316 4404 3421 4448 vos
3447 4389 3757 4455 fornicatie,
3789 4396 3861 4447 et

2246 4475 2367 4533 talis
2393 4475 2703 4547 fornicatio,
2722 4480 2905 4552 qualis
2926 4498 3025 4540 nee
3049 4483 3192 4543 inter
3210 4494 3431 4556 gentes,
3449 4484 3521 4543 ita
3544 4490 3607 4541 ιιι
3624 4496 3857 4540 uxorem

2248 4571 2415 4637 patris
2442 4571 2525 4627 sui
2556 4572 2755 4644 aliquis
2783 4573 2999 4635 habeat.
3034 4576 3103 4633 Et
3130 4592 3233 4633 vos
3258 4575 3432 4635 inﬂati
3453 4576 3633 4635 estis:
3662 4589 3719 4633 et
3739 4589 3855 4631 non

2250 4663 2421 4735 magis
2449 4663 2651 4720 luctum
2676 4665 2971 4735 habuistis,
2989 4678 3050 4725 ut
3069 4668 3293 4725 tollatur
3310 4668 3381 4725 de
3406 4667 3589 4727 tudio
3608 4675 3861 4724 vestrm

2248 4755 2338 4826 qui
2372 4757 2472 4812 hoc
2502 4774 2638 4830 opus
2666 4758 2814 4817 fecit.
2842 4761 2953 4834 Ego
2975 4762 3193 4835 quidem
3218 4762 3421 4819 absens
3437 4777 3685 4831 corpore.
3710 4775 3857 4831 pm-

2249 4861 2375 4900 sens
2395 4858 2585 4905 autent
2597 4851 2817 4921 spiritu,
2832 4852 2942 4922 jam
2960 4852 3225 4924 iudicavi,
3247 4863 3309 4911 ut
3327 4868 3583 4925 prmus,
3610 4868 3735 4909 eum
3754 4850 3861 4922 qui

2249 4939 2326 4994 sic
2351 4953 2605 5012 operatus
2636 4954 2720 5000 est
2750 4962 2763 4997 :
2794 4945 2848 5000 in
2872 4949 3088 5003 nomine
3114 4946 3327 5003 Domini
3348 4946 3521 5004 noetri
3543 4945 3859 5003 JesuChri-

2248 5034 2340 5103 sti,
2370 5038 2711 5108 congregatis
2740 5039 2899 5094 vobis
2917 5047 2975 5096 et
2992 5041 3357 5112 meespiritu,
3377 5056 3505 5097 cum
3525 5041 3723 5099 virtute
3741 5040 3863 5097 Do-

2246 5125 2378 5182 mini
2408 5129 2577 5185 nostri
2608 5129 2767 5199 Jesu,
2794 5132 3013 5193 tradere
3039 5132 3350 5204 hujusmedi
3374 5135 3601 5193 Saurea:
3622 5137 3676 5191 in
3703 5133 3857 5192 inte-

2251 5218 2417 5276 ritum
2446 5223 2649 5292 earnis,
2689 5234 2747 5281 ut
2775 5226 3005 5295 spiritus
3028 5227 3309 5285 salvussit
3325 5231 3383 5286 in
3407 5229 3499 5285 die
3517 5228 3731 5285 Domini
3752 5243 3861 5287 no-

2248 5312 2348 5367 stri
2391 5311 2522 5371 Jesu
2543 5312 2770 5376 Christi.
2803 5318 2919 5379 Non
2951 5331 3039 5377 est
3061 5322 3197 5377 bona
3229 5322 3491 5394 gloriatio
3512 5333 3711 5381 vestae.
3742 5321 3863 5383 Να-

2246 5408 2397 5465 scitis
2444 5410 2569 5480 quia
2600 5412 2872 5469 niodicum
2906 5413 3231 5472 fermentum
3267 5426 3431 5473 totam
3462 5431 3694 5473 massam
3725 5431 3854 5473 cor-

2246 5502 2485 5574 rumpit?
2520 5505 2837 5580 Expurgate
2875 5521 3030 5566 vetus
3077 5513 3425 5579 hermam,
3458 5520 3521 5568 ιιο
3558 5511 3679 5568 sitis
3708 5525 3855 5568 nova

2247 5599 2600 5665 conspersio,
2641 5599 2781 5657 sicut
2825 5604 2961 5658 estis
3004 5604 3202 5677 azymi.
3252 5606 3461 5663 Etenim
3505 5603 3723 5663 Pascha
3753 5618 3863 5662 no-

648 5792 672 5819 ιι
700 5779 1130 5881 Ιξξὲιειιίιι⁶
1172 5798 1276 5840 ms.
1310 5785 1501 5852 verba,
1534 5788 1666 5847 sicut
1714 5796 1761 5843 et
1796 5804 1891 5860 ego
1928 5790 2160 5859 Clu-isti,
2195 5808 2317 5865 qua:
2366 5814 2539 5870 neque
2587 5803 2643 5856 in
2682 5803 2880 5861 Gnaeo
2902 5815 3050 5863 tutu
3078 5849 3091 5876 ,
3129 5807 3316 5880 paucis
3352 5808 3607 5881 exceptis
3640 5808 3853 5868 codici-

547 5854 671 5922 bus,
700 5851 988 5909 habentur.
