4166 6336
318 344 425 407 N9

1110 348 1440 423 EPISTOLA
1482 363 1542 424 Β.
1584 360 1793 423 penu
1829 356 2161 424 APOSTOLI
2200 363 2294 426 an
2330 366 2742 433 COBINTHIOS
2781 375 2822 435 ι.

3502 386 3606 444 ⁷50

318 471 493 519 strum
525 463 837 526 immolatus
860 476 947 529 est
966 471 1238 534 Christus.
1264 480 1447 549 itaque
1471 483 1772 552 epulamur,
1800 498 1903 537 non
1934 478 1990 542 Α
2016 482 2145 536 estis
2178 487 2382 540 vestri?
2415 486 2593 557 Empti
2635 490 2779 546 enim
2811 492 2943 549 estis
2972 495 3149 565 pretio
3180 511 3394 571 magno.
3426 502 3610 560 Glori-

314 555 365 609 in
406 556 677 617 fermento
711 566 903 634 veteri,
948 581 1123 638 neque
1160 570 1213 626 in
1256 570 1523 630 fermento
1562 575 1809 641 malitia},
1854 587 1909 631 et

307 651 567 723 ncquitite
622 672 635 710 :
681 658 776 714 sed
825 660 877 714 in
924 663 1127 734 azymis
1173 665 1507 723 sinceritatis
1541 678 1597 724 et
1637 670 1902 725 veritatis.

306 746 514 816 Scripsi
547 748 701 805 vobis
737 752 791 806 in
832 753 1060 823 epistola
1092 775 1105 811 :
1139 758 1214 813 Ne
1239 761 1699 817 commisceamini
1733 762 1901 818 forni-

308 841 492 896 Curiis.
525 841 643 899 Non
686 849 869 919 utique
902 850 1202 908 inmittat-Lis
1230 853 1387 925 hujus
1417 856 1627 927 mundi,
1661 867 1755 913 aut
1778 872 1906 914 ava-

312 933 410 1001 ris,
439 946 533 989 aut
576 940 880 1008 rapacibus,
914 954 1005 999 aut
1034 946 1190 1003 idolis
1222 949 1583 1005 servientibus
1614 966 1629 1005 :
1662 952 1900 1023 alioquin

312 1025 629 1087 debueratis
655 1035 725 1089 de
748 1035 849 1093 hoc
869 1040 1069 1095 mundo
1089 1042 1308 1097 exiissc.
1335 1043 1487 1099 Nunc
1509 1055 1685 1100 autem
1708 1045 1899 1117 scripsi

314 1122 466 1177 vrbis
495 1139 600 1179 non
632 1135 655 1163 α
686 1132 1065 1193 commisceri;
1100 1135 1144 1190 si
1177 1136 1219 1191 is
1248 1138 1337 1207 qui
1373 1139 1533 1194 frater
1567 1139 1897 1208 nominatur,

305 1229 381 1267 csa
426 1214 743 1289 fornicator,
786 1232 879 1279 aut
918 1239 1138 1294 avarus,
1177 1241 1270 1285 aut
1312 1229 1474 1287 idolis
1510 1233 1780 1298 serviens,
1808 1248 1899 1292 aut

300 1308 618 1379 maledicus,
660 1323 753 1368 aut
791 1315 1065 1386 ebriosus,
1108 1330 1198 1377 aut
1238 1339 1433 1394 rapax;
1480 1342 1600 1381 cum
1628 1330 1897 1398 ejusmodi

297 1416 399 1457 nec
428 1404 612 1462 cibum
654 1422 892 1469 sumere.
930 1414 1068 1483 Quid
1091 1418 1237 1473 enim
1267 1417 1398 1475 mihi
1429 1419 1497 1476 de
1524 1421 1610 1490 iis,
1645 1423 1734 1493 qui
1766 1424 1897 1481 foris

294 1510 442 1559 sunt,
473 1499 759 1570 judicare?
784 1504 977 1565 Nonne
1004 1509 1073 1567 de
1100 1510 1187 1578 iis,
1219 1513 1310 1584 qui
1338 1514 1483 1571 intus
1511 1524 1660 1584 sunt,
1685 1531 1782 1574 vos
1803 1518 1889 1588 ju-

294 1591 526 1650 dit‘aliS?
560 1613 681 1653 nam
712 1615 829 1665 eos,
858 1603 948 1670 qui
972 1603 1104 1659 foris
1130 1616 1278 1675 sunt,
1310 1606 1454 1665 Deus
1470 1608 1755 1681 iudicabit.
1784 1612 1894 1668 Au-

294 1689 429 1744 ferte
462 1691 661 1748 malum
695 1711 759 1751 ex
793 1696 947 1752 vobis
978 1696 1130 1769 ipsis.

368 1784 521 1857 [ϐαρ.
556 1787 665 1861 VL]
695 1789 871 1848 Audet
900 1792 1093 1866 aliquis
1122 1806 1359 1852 vestrum
1385 1797 1593 1855 habens
1615 1801 1888 1874 negotium

2014 576 2169 633 ficate
2197 590 2249 635 et
2282 591 2492 649 portate
2520 584 2688 640 Deum
2722 589 2772 642 in
2802 603 3033 660 corpore
3067 604 3266 650 vestro.

2082 671 2236 743 [ϐαρ.
2271 673 2403 748 Vll.|
2438 678 2510 735 De
2534 681 2728 751 quibus
2759 692 2939 741 autem
2970 689 3267 759 scripsistis
3294 691 3424 747 mihi
3456 710 3469 747 :
3499 696 3605 751 Bo-

2008 780 2135 821 num
2168 778 2250 824 est
2284 773 2486 827 homini
2516 776 2800 833 mulierem
2831 795 2937 836 non
2966 792 3222 854 tangere:
3255 796 3473 857 propter
3496 789 3607 845 for-

2008 860 2332 920 nicationem
2365 878 2541 924 autem
2569 874 2936 946 unusquisque
2959 894 3109 934 suam
3135 897 3360 937 uxorem
3387 884 3605 953 habeat,

2006 964 2059 1009 et
2091 970 2426 1030 unaquaeque
2448 976 2604 1018 suum
2631 964 2806 1022 virum
2832 971 3045 1026 haheat.
3074 973 3237 1029 Uxori
3260 975 3342 1031 vir
3363 977 3601 1035 debitum

2007 1048 2200 1105 reddat
2231 1068 2245 1108 :
2274 1053 2528 1112 similiter
2553 1071 2735 1115 autem
2758 1071 2814 1117 et
2835 1077 2970 1119 uxor
2998 1067 3136 1121 viro.
3166 1068 3359 1125 Mulier
3379 1072 3459 1125 sui
3485 1087 3603 1128 cor-

2005 1143 2151 1209 poris
2178 1154 2502 1215 potestatem
2533 1166 2638 1206 non
2666 1154 2847 1219 habet,
2879 1158 2974 1212 sed
3002 1158 3103 1213 vir.
3128 1160 3395 1219 Similiter
3421 1174 3604 1222 autem

2004 1246 2055 1290 et
2084 1239 2165 1292 vir
2195 1239 2276 1295 sui
2303 1246 2545 1313 corporis
2570 1256 2887 1317 potestatem
2924 1266 3030 1307 non
3055 1253 3238 1323 habet,
3264 1258 3360 1314 sed
3387 1260 3598 1317 mulier.

2003 1328 2178 1387 Nolite
2212 1332 2463 1393 fraudare
2505 1340 2733 1396 invicem
2780 1359 2793 1398 :
2840 1341 2942 1400 nisi
2972 1344 3110 1403 forte
3137 1364 3203 1404 ex
3234 1365 3501 1409 consensu
3535 1355 3603 1411 ad

1990 1430 2231 1493 tempus,
2269 1435 2328 1481 ut
2358 1432 2562 1486 vacetis
2592 1435 2823 1490 oratitmi
2849 1453 2863 1494 :
2888 1448 2937 1493 et
2970 1439 3164 1495 iterum
3190 1446 3522 1501 revertimini
3546 1446 3600 1501 in

2001 1516 2253 1588 idipsum,
2272 1538 2336 1578 ne
2360 1533 2529 1581 tentet
2551 1541 2649 1583 vos
2668 1529 2897 1585 Satanas
2920 1545 3139 1604 propter
3156 1534 3600 1596 incontinentiam

2000 1618 2256 1668 vestram.
2303 1616 2414 1672 Iloc
2451 1626 2628 1674 autem
2677 1623 2801 1677 dico
2843 1627 3137 1682 secundum
3187 1629 3596 1703 indulgentiam,

2000 1718 2102 1759 non
2133 1709 2427 1765 secundum
2457 1713 2766 1783 imperium.
2804 1716 2938 1775 Volo
2962 1721 3104 1776 enim
3134 1737 3323 1779 omnes
3349 1741 3447 1780 vos
3478 1742 3601 1785 esse

1997 1799 2138 1854 sicut
2175 1803 2437 1873 meipsttm
2474 1822 2487 1861 :
2522 1807 2614 1861 sed
2661 1811 3032 1883 unusquisque
3080 1817 3352 1887 proprium
3392 1820 3597 1877 donum

294 1879 562 1936 adversus
580 1883 1088 1955 aiterum,judicari
1110 1891 1252 1959 apud
1278 1891 1516 1963 iniquos,
1544 1902 1724 1951 etnon
1749 1898 1891 1967 apud
1922 1880 1973 1946 Β
2000 1890 2161 1948 habet
2184 1910 2247 1949 ex
2285 1895 2397 1951 Deo
2431 1914 2443 1952 :
2478 1899 2615 1955 alius
2642 1901 2857 1971 quidem
2888 1904 2988 1973 sic,
3020 1907 3157 1963 alius
3190 1924 3316 1967 vero
3339 1912 3436 1967 sic.
3468 1914 3598 1970 Dico

292 1973 551 2029 sanctos?
592 1976 673 2031 An
713 1979 936 2034 nescitis
962 1981 1215 2052 quoniam
1249 1985 1425 2040 sancti
1455 1986 1524 2042 de
1555 1986 1657 2043 hoc
1688 1990 1890 2047 mundo

284 2067 646 2134 judicabunt?
689 2080 742 2126 et
777 2072 820 2127 si
869 2073 923 2128 in
962 2075 1115 2131 vobis
1155 2077 1485 2145 judieabitur
1515 2081 1769 2150 mundus,
1809 2083 1891 2139 in-

288 2156 433 2229 digni
460 2162 594 2217 estis
615 2162 704 2230 qui
727 2162 793 2217 de
816 2165 1053 2222 minimis
1069 2168 1358 2237 judicetis?
1379 2171 1608 2231 Nescitis
1631 2177 1887 2247 quoniam

285 2257 512 2327 angelos
535 2254 937 2328 judicablmus?
968 2271 1172 2334 quanto
1216 2268 1388 2340 magis
1419 2270 1738 2327 strcularia!
1774 2270 1890 2328 Sac-

285 2350 489 2404 cularia
525 2353 685 2424 igitur
711 2354 909 2425 judicia
952 2356 996 2413 si
1045 2358 1342 2419 habueritis
1388 2380 1400 2419 :
1448 2367 1887 2438 contemptibiles

284 2446 376 2513 qui
405 2453 533 2500 sunt
561 2446 613 2502 in
645 2446 911 2518 Ecclesia,
944 2450 1065 2508 illos
1086 2455 1398 2512 constituite
1420 2457 1883 2529 adjudicandum.

285 2542 367 2596 Ad
400 2544 779 2601 verecundiam
814 2557 1046 2605 vestram
1075 2549 1217 2608 dico.
1249 2552 1338 2610 Sic
1366 2570 1472 2610 non
1500 2565 1583 2613 est
1618 2556 1757 2614 inter
1786 2575 1888 2616 vos

284 2635 505 2703 sapiens
533 2637 838 2710 quisquam,
870 2642 958 2712 qui
993 2645 1164 2712 possit
1197 2642 1443 2715 judicare
1483 2645 1630 2705 inter
1658 2649 1883 2709 fratrem

284 2729 487 2784 suum?
533 2722 637 2788 Sed
684 2732 852 2787 frater
890 2747 1009 2791 cum
1044 2734 1207 2793 fratre
1240 2738 1443 2808 judi.io
1471 2743 1752 2799 contendit
1786 2763 1800 2800 :
1832 2752 1889 2802 et

284 2820 391 2878 hoc
420 2824 561 2894 apud
592 2824 876 2883 infideles?
898 2827 1016 2884 Jam
1041 2828 1257 2901 quidem
1281 2833 1500 2891 omnino
1524 2834 1777 2894 delictum
1802 2850 1886 2897 est

284 2918 339 2974 in
374 2920 556 2985 vobis,
589 2924 731 2992 quod
768 2923 971 2993 judicia
1004 2927 1217 2986 habetis
1241 2930 1383 2987 inter
1414 2947 1529 2989 vos.
1565 2934 1746 3001 Quare
1775 2950 1881 2992 non

284 3015 463 3085 magis
498 3017 749 3087 injuriam
781 3023 1061 3094 accipitis?
1091 3042 1257 3092 quare
1299 3044 1403 3084 non
1435 3029 1606 3100 magis
1639 3029 1880 3086 fraudem

285 3108 570 3176 patimini?
609 3111 717 3169 Sed
761 3128 858 3171 vos
898 3116 1155 3187 injuriam
1188 3119 1386 3189 facilis,
1414 3132 1469 3178 et
1497 3121 1754 3180 fraudatis
1788 3143 1799 3177 :
1830 3131 1882 3179 et

283 3200 389 3257 hoc
436 3204 710 3262 fratribus.
757 3206 839 3264 An
884 3212 1106 3268 nescitis
1145 3216 1272 3285 quia
1316 3216 1480 3287 iniqui
1522 3230 1751 3289 regnum
1784 3215 1879 3273 Dei

1998 1990 2176 2038 autem
2202 2000 2307 2041 non
2342 1991 2545 2058 nuptis,
2572 2002 2621 2046 et
2647 1991 2821 2049 viduis
2845 2011 2858 2050 :
2882 1995 3086 2053 Bonum
3110 2007 3191 2055 est
3209 2001 3283 2056 illi
3305 2004 3347 2057 si
3375 2004 3453 2059 sic
3477 2020 3598 2075 per-

2000 2089 2250 2134 maneant
2281 2080 2408 2153 [.ils.
2452 2087 2900 2161 permanserint],
2943 2090 3076 2146 sicut
3122 2102 3176 2148 et
3209 2109 3326 2165 ego.
3367 2096 3520 2164 Quod
3550 2098 3596 2153 si

1994 2186 2101 2228 non
2143 2189 2203 2230 se
2230 2178 2533 2244 eontinent,
2569 2181 2789 2237 nubant.
2826 2184 3015 2240 Melius
3051 2198 3136 2245 est
3175 2191 3319 2246 enim
3363 2194 3591 2263 nubere,

1994 2281 2153 2336 qttam
2195 2270 2297 2323 uri.
2346 2270 2413 2323 lis
2456 2282 2658 2341 autem,
2707 2278 2795 2345 qui
2841 2280 3183 2337 matrimonio
3226 2284 3398 2353 juncti
3444 2299 3593 2356 sunt,

1996 2362 2253 2432 praecipio
2282 2378 2387 2418 non
2422 2380 2543 2437 ego,
2579 2367 2674 2423 sed
2712 2369 2989 2441 Dominus,
3026 2389 3250 2432 uxorem
3281 2394 3311 2432 a
3340 2379 3457 2434 viro
3486 2395 3593 2436 non

1992 2452 2276 2511 discedere
2316 2475 2328 2510 :
2367 2460 2508 2528 quod
2552 2461 2595 2513 si
2642 2460 2977 2533 discesserit,
3019 2483 3243 2525 manere
3278 2470 3586 2542 innuptam,

1991 2557 2078 2600 aut
2107 2548 2225 2602 viro
2252 2565 2351 2605 suo
2382 2552 2746 2609 reconciliari.
2781 2554 2845 2610 Et
2886 2557 2967 2612 vir
3003 2575 3229 2618 ttxorem
3269 2579 3375 2618 non
3403 2564 3592 2621 dimit-

1988 2650 2083 2694 tat.
2103 2640 2232 2697 Nam
2250 2644 2465 2700 cmteris
2491 2659 2592 2715 ego
2615 2646 2757 2714 dico,
2791 2664 2896 2704 non
2930 2651 3207 2708 Dominus.
3240 2653 3297 2711 Si
3329 2658 3449 2726 quis
3479 2658 3589 2714 fra-

1990 2746 2069 2791 ter
2109 2752 2332 2794 uxoretn
2371 2739 2529 2795 habet
2561 2740 2859 2813 infidelem,
2894 2754 2948 2800 et
2977 2746 3092 2803 haec
3131 2751 3400 2815 consentit
3431 2751 3588 2809 babi-

1989 2838 2103 2883 tare
2143 2845 2263 2885 eum
2310 2831 2423 2897 illo,
2462 2846 2567 2888 non
2611 2834 2848 2892 dimittat
2875 2838 3044 2893 illam.
3086 2841 3152 2896 Et
3189 2842 3234 2897 si
3265 2859 3367 2915 qua
3398 2847 3592 2904 mulier

1988 2921 2161 2977 fidelis
2194 2923 2355 2979 habet
2383 2924 2554 2982 virum
2592 2926 2893 2996 infidelem,
2919 2943 2971 2986 et
3016 2932 3102 2989 hic
3132 2938 3411 2993 consentit
3435 2939 3585 2995 habi-

1988 3027 2099 3071 tare
2143 3033 2265 3073 cum
2294 3019 2408 3085 illa,
2448 3037 2553 3075 non
2587 3022 2824 3079 dimittat
2851 3025 3022 3081 virum
3058 3043 3071 3081 :
3102 3031 3473 3089 sanctificatus
3504 3044 3589 3089 est

1984 3112 2126 3165 enim
2167 3112 2247 3166 vir
2288 3112 2521 3170 infidelis
2568 3113 2594 3153 δ
2634 3130 2730 3185 per
2783 3118 3064 3176 mulierem
3108 3123 3343 3192 fidelem,
3374 3136 3426 3182 et
3456 3140 3588 3183 san-

1987 3209 2219 3265 ctificata
2254 3222 2337 3266 est
2364 3211 2560 3267 mulier
2587 3212 2819 3270 infidelis
2852 3231 2949 3286 per
2977 3217 3145 3273 virum
3173 3219 3386 3277 fidelem
3412 3238 3426 3276 :
3453 3224 3588 3279 alio-

284 3314 393 3353 non
436 3302 827 3371 possidebunt?
869 3303 1045 3362 Nolite
1085 3323 1270 3365 errare
1306 3329 1317 3364 ε
1352 3308 1536 3382 Neque
1579 3310 1877 3381 fornicarii,

1990 3304 2112 3374 quin
2151 3304 2247 3359 ﬁlii
2280 3306 2445 3360 vestri
2478 3304 2741 3361 immundi
2784 3318 2989 3377 essent,
3020 3326 3163 3365 nunc
3198 3322 3379 3369 autem
3414 3317 3587 3372 sancti

283 3406 464 3464 neque
496 3395 656 3452 idolis
687 3394 1011 3467 servientes,
1045 3416 1219 3472 neque
1249 3401 1500 3472 adulteri,
1536 3419 1711 3474 neque
1740 3405 1878 3461 mol-

285 3488 400 3557 les,
439 3503 615 3560 neque
657 3492 1022 3549 masculorum
1054 3496 1460 3565 concubitores,
1501 3515 1679 3569 neque
1710 3500 1877 3569 fures,

284 3596 462 3654 neque
497 3586 667 3654 avari,
710 3602 889 3659 neque
928 3587 1148 3657 ebriosi,
1197 3608 1375 3663 neque
1405 3591 1676 3661 maledici,
1707 3608 1880 3666 neque

283 3689 533 3748 rapaces,
580 3695 803 3751 regnum
848 3679 942 3738 Dei
987 3683 1363 3753 possidebunt.
1407 3687 1474 3744 Et
1515 3687 1632 3743 haec
1658 3686 1876 3761 quidam

282 3772 464 3828 fuistis
513 3792 526 3828 :
569 3776 661 3830 sed
705 3775 873 3833 abluti
915 3777 1068 3846 estis,
1111 3779 1205 3837 sed
1248 3781 1571 3839 sanctificati
1598 3782 1750 3849 estis,
1783 3783 1877 3839 scd

280 3864 565 3936 iustiﬁcati
608 3868 759 3937 estis,
794 3868 843 3925 in
874 3872 1090 3929 nomine
1118 3872 1331 3931 Domini
1361 3878 1531 3933 nostri
1563 3876 1691 3933 Jesu
1722 3875 1880 3933 Chri-

282 3956 375 4020 sti,
414 3970 469 4015 et
507 3959 561 4015 in
601 3960 800 4031 Spiritu
833 3963 925 4020 Dei
958 3966 1147 4022 nostri.
1182 3965 1375 4024 Omnia
1405 3969 1535 4026 mihi
1564 3970 1748 4036 licent,
1781 3971 1878 4028 sed

284 4064 391 4106 non
432 4054 610 4108 omnia
655 4056 966 4125 expediunt.
1008 4056 1199 4115 Omnia
1244 4060 1371 4116 mihi
1409 4061 1596 4126 licent,
1641 4063 1736 4118 sed
1777 4078 1880 4135 ego

280 4143 385 4199 sub
416 4145 617 4203 nullius
642 4149 855 4220 redigar
885 4160 1173 4220 potestate.
1206 4153 1338 4210 Esca
1373 4156 1568 4219 ventri,
1601 4166 1655 4212 et
1686 4165 1879 4213 venter

279 4240 424 4295 escis
461 4256 477 4297 :
522 4241 664 4297 Deus
704 4252 884 4300 autem
920 4255 973 4302 et
1020 4245 1164 4304 hunc
1218 4258 1275 4306 et
1303 4248 1401 4304 has
1434 4249 1561 4323 [Μδ.
1596 4249 1759 4323 hanc]
1788 4251 1881 4308 de-

280 4342 460 4390 struet
485 4354 497 4388 :
525 4350 720 4407 corpus
747 4348 924 4395 autem
948 4353 1056 4396 non
1080 4341 1443 4411 fornicationi,
1480 4344 1575 4400 sed
1597 4343 1831 4401 Domino
1861 4359 1875 4401 :

280 4438 334 4484 et
366 4427 627 4485 Dominus
655 4432 891 4504 corpori.
920 4433 1064 4492 Deus
1088 4449 1220 4491 vero
1250 4444 1306 4493 et
1330 4436 1618 4494 Dominum
1650 4439 1877 4495 suscita-

277 4522 359 4577 vit
397 4539 411 4575 :
450 4530 504 4578 et
546 4538 646 4580 nos
676 4526 959 4583 suscitabit
1002 4541 1099 4598 per
1136 4526 1392 4587 virtutem
1426 4545 1600 4586 suam.
1647 4532 1878 4588 Nescitis

277 4614 533 4683 quoniam
572 4632 803 4687 corpora
844 4627 1021 4675 vestra
1062 4622 1306 4679 membra
1336 4634 1460 4679 sunt
1484 4624 1726 4679 Christi?
1750 4624 1877 4679 Tol-

279 4708 401 4765 lens
439 4722 570 4782 ergo
601 4714 843 4769 membra
876 4710 1100 4781 Christi,
1133 4717 1322 4774 faciam
1355 4720 1597 4776 membra
1630 4719 1878 4778 meretri.

277 4801 401 4858 eis?
438 4803 613 4860 Absit.
653 4807 733 4862 An
763 4806 986 4865 nescitis
1014 4810 1270 4880 quoniam
1303 4812 1393 4883 qui
1425 4812 1666 4869 adhaeret
1694 4829 1875 4873 mere-

278 4893 425 4962 trici,
456 4908 621 4951 unum
652 4910 849 4969 corpus
870 4898 1144 4958 efﬁcitur?
1164 4902 1338 4959 Erunt
1357 4906 1499 4962 enim
1523 4906 1743 4979 (inquit)
1769 4910 1876 4966 duo

280 4987 335 5041 in
366 4998 531 5044 carne
558 5002 686 5046 una.
716 4990 818 5060 Qui
847 5003 1027 5049 autem
1057 4994 1300 5053 adhaeret
1330 4996 1578 5064 Domino,
1609 5014 1747 5057 unus
1768 5004 1879 5073 spi-

278 5078 423 5135 ritus
467 5090 571 5140 est.
622 5082 811 5156 Fugite
856 5086 1291 5146 fornicationem.
1339 5090 1511 5149 Omne
1558 5103 1874 5163 peceatum,

283 5174 662 5247 quodcumque
687 5176 879 5237 fecerit
898 5181 1083 5253 homo,
1115 5196 1266 5241 extra
1298 5200 1494 5256 corpus
1520 5196 1638 5245 est:
1664 5191 1756 5262 qui
1784 5206 1879 5245 au-

283 5274 394 5323 tem
436 5266 751 5339 fornicatur,
777 5276 832 5331 in
869 5290 1067 5347 corpus
1104 5293 1261 5337 suum
1298 5294 1503 5353 peccat.
1538 5284 1617 5338 An
1661 5284 1882 5341 nescitis

283 5360 540 5432 quoniam
566 5368 804 5425 membra
828 5379 1029 5440 vestra,
1057 5371 1313 5444 templum
1346 5387 1469 5430 sunt
1491 5376 1728 5447 Spiritus
1752 5390 1879 5434 san-

282 5453 379 5524 cti,
425 5459 516 5527 qui
563 5460 615 5515 iu
663 5462 820 5519 vobis
856 5476 963 5531 est,
1005 5482 1163 5536 quem
1207 5467 1423 5525 habetis
1456 5485 1484 5523 a
1522 5471 1651 5529 Deo.
1686 5480 1743 5525 et
1774 5487 1878 5526 non

359 5710 600 5783 “Aliter
635 5716 805 5769 multo
848 5717 901 5772 in
937 5717 1179 5774 Palatino
1218 5735 1371 5783 tnss.,
1416 5739 1516 5775 non
1552 5724 1881 5777 commisceu~

283 5782 435 5850 mini,
468 5782 624 5865 siqui
656 5787 816 5865 frater
845 5792 1137 5865 nominatur
1158 5791 1293 5847 inter
1318 5810 1399 5847 ros
1430 5794 1733 5865 fornicator,
1768 5803 1874 5849 etc.

289 5868 413 5921 qua:
440 5855 657 5936 quidem
689 5858 850 5915 lectio
873 5869 1027 5917 vetus
1053 5863 1219 5917 videri
1249 5874 1372 5919 ante
1405 5855 1876 5936 llieronymianam

291 5925 727 5986 emendationem
776 5941 948 6000 potest
978 5949 989 5986 :
1024 5936 1115 5989 sed
1155 5945 1207 5989 et
1237 5937 1428 5991 alit-ubi
1459 5925 1787 6009 itL.cpistolis
1814 5938 1881 5991 ab

1985 3405 2129 3451 sunt.
2160 3396 2313 3465 Quod
2344 3398 2387 3454 si
2432 3397 2665 3455 infidelis
2693 3399 2949 3470 discedit,
2980 3402 3225 3461 discedat
3254 3424 3268 3463 :
3299 3424 3405 3464 non
3440 3410 3586 3467 enim

1983 3493 2224 3548 servituti
2256 3492 2530 3564 subjectus
2554 3504 2635 3550 est
2666 3495 2830 3553 frater
2860 3506 2952 3552 aut
2976 3513 3138 3555 soror
3158 3502 3209 3556 in
3234 3501 3583 3573 hujusmodi;

1983 3587 2036 3642 iu
2080 3603 2210 3658 pace
2256 3598 2434 3645 autem
2481 3592 2697 3646 vocavit
2742 3608 2841 3646 nos
2886 3592 3049 3649 Deus.
3084 3595 3237 3653 Unde
3274 3601 3417 3654 enim
3452 3604 3579 3670 seis,

1984 3680 2200 3746 mulier,
2244 3682 2288 3737 si
2335 3684 2506 3737 virum
2553 3684 2762 3738 salvum
2792 3683 2992 3741 facies?
3018 3696 3109 3742 aut
3140 3689 3280 3745 unde
3311 3693 3440 3760 seis,
3474 3695 3577 3760 vir,

1984 3775 2028 3830 si
2076 3774 2358 3831 mulierem
2391 3776 2595 3832 salvam
2625 3776 2829 3834 facies?
2856 3780 2956 3834 nisi
2992 3781 3303 3854 unicuique,
3334 3787 3472 3841 sicut
3502 3788 3583 3845 di-

1984 3865 2104 3920 visit
2133 3865 2417 3931 Dominus,
2447 3883 2881 3941 unumquemque
2904 3874 3040 3927 sicut
3078 3875 3290 3932 vocavit
3314 3877 3481 3947 Deus,
3508 3882 3580 3935 ita

1982 3958 2242 4029 ambulet,
2267 3972 2319 4016 et
2343 3960 2481 4016 sicut
2504 3961 2555 4015 in
2579 3963 2833 4017 omnibus
2856 3964 3101 4021 ecclesiis
3120 3967 3312 4025 doceo.
3335 3968 3550 4027 Circum
3574 4012 3579 4015 -

1982 4053 2126 4106 cisus
2147 4052 2341 4122 aliquis
2367 4063 2593 4108 vocatus
2618 4055 2739 4110 est?
2763 4070 2868 4111 non
2897 4056 3128 4113 adducat
3150 4065 3496 4133 praeputium.
3522 4065 3577 4121 ln

1984 4147 2246 4215 praeputio
2267 4146 2461 4216 aliquis
2482 4156 2701 4202 vocatus
2722 4148 2840 4205 est?
2860 4163 2966 4205 non
2990 4151 3433 4211 circumcidatur.
3456 4156 3579 4214 Cir-

1981 4239 2243 4294 cumcisio
2283 4240 2415 4294 nihil
2447 4251 2548 4307 est,
2585 4250 2638 4296 et
2666 4244 2988 4312 praeputium
3030 4245 3161 4301 nihil
3194 4256 3277 4303 est
3308 4265 3321 4302 :
3359 4250 3455 4306 sed
3483 4250 3562 4307 οὶ-

1980 4332 2216 4388 servatio
2242 4332 2617 4389 mandatorum
2647 4336 2762 4392 Dei.
2798 4334 3179 4410 Unusquisque
3207 4340 3260 4396 in
3287 4358 3390 4414 qua
3418 4359 3580 4400 voca-

1982 4429 2127 4484 tione
2154 4441 2377 4485 vocatus
2408 4440 2511 4493 est,
2546 4430 2599 4483 in
2631 4444 2691 4485 ea
2730 4443 3065 4497 permaneat.
3100 4432 3300 4490 Servus
3343 4446 3574 4493 vocatus

1981 4521 2080 4578 es?
2112 4534 2219 4577 non
2254 4523 2324 4575 sit
2357 4522 2448 4576 tibi
2479 4537 2624 4576 cura:
2655 4540 2668 4575 :
2698 4522 2792 4577 sed
2824 4522 2868 4577 si
2900 4533 3052 4590 potes
3074 4524 3193 4580 fieri
3222 4524 3382 4593 liber,
3412 4530 3580 4601 magis

1980 4624 2151 4672 utere.
2179 4614 2280 4683 Qui
2310 4616 2453 4671 enim
2487 4616 2539 4670 in
2573 4615 2800 4671 Domino
2819 4628 3045 4673 vocatus
3061 4627 3145 4674 est
3172 4633 3382 4687 servus,
3412 4623 3578 4679 liber-

1985 4720 2071 4766 tus
2090 4719 2172 4766 est
2195 4708 2409 4764 Domini
2437 4725 2450 4760 :
2476 4708 2724 4764 similiter
2748 4707 2837 4780 qui
2862 4710 2999 4765 liber
3021 4721 3242 4768 vocatus
3264 4722 3365 4782 est,
3390 4729 3579 4773 servus

1984 4816 2067 4861 est
2105 4802 2324 4858 Christi.
2360 4801 2537 4858 Pretio
2576 4803 2741 4873 empti
2779 4804 2928 4869 estis,
2962 4803 3131 4862 nolite
3164 4807 3281 4861 fieri
3313 4808 3455 4863 servi
3482 4808 3581 4865 ho-

1984 4900 2210 4955 minum.
2238 4896 2622 4967 UnuSquisque
2652 4896 2705 4952 in
2749 4913 2853 4968 quo
2887 4909 3107 4955 vocatus
3134 4910 3236 4967 est,
3271 4900 3489 4972 fratres,
3524 4905 3576 4959 in

1984 4995 2086 5050 hoc
2106 5003 2419 5065 permaneat
2443 4993 2581 5063 apud
2606 4992 2795 5047 Deum.
2824 4991 2900 5049 De
2920 4993 3216 5065 virginibus
3239 5005 3418 5052 autem
3441 5014 3578 5069 prae-

1981 5097 2198 5159 ceptum
2223 5086 2431 5142 Domini
2455 5100 2564 5141 non
2591 5084 2800 5142 habeo:
2826 5086 3111 5142 Consilium
3135 5097 3310 5144 autent
3330 5091 3419 5158 do,
3439 5099 3549 5147 tam
3566 5118 3580 5131 -

1982 5198 2141 5256 quam
2186 5182 2611 5239 misericordiam
2653 5190 2975 5236 consecutus
3018 5197 3048 5237 a
3086 5181 3338 5249 Domino,
3386 5196 3442 5240 ut
3472 5187 3571 5242 sim

1985 5278 2179 5334 ﬁdelis.
2232 5278 2493 5331 Existimo
2539 5289 2669 5344 ergo
2716 5273 2817 5328 hoc
2860 5271 3060 5328 bonum
3092 5288 3214 5330 esse
3244 5286 3467 5348 propter
3496 5280 3580 5334 in-

1982 5381 2216 5429 stantem
2241 5368 2638 5433 necessitatcm,
2665 5368 2916 5437 quoniam
2939 5366 3141 5424 bonum
3168 5379 3250 5425 est
3274 5370 3479 5428 homini
3503 5376 3580 5432 sic

1985 5485 2126 5524 esse.
2169 5465 2432 5535 Alligatus
2467 5479 2526 5520 es
2554 5462 2750 5518 uxori?
2793 5462 2899 5517 noli
2941 5478 3188 5533 quaerere
3224 5465 3578 5526 solutionem.

1996 5709 2757 5802 titemnymoingpnodulum
2869 5782 2905 5802 ,ἱ
3313 5784 3323 5802 ,
3380 5787 3394 5802 ,
3455 5797 3466 5802 _
3531 5790 3542 5802 ,

2057 5788 2087 5828 δ
2117 5782 2364 5845 Pressius
2400 5783 2601 5839 Gra‘cze
2643 5783 2835 5838 litterar
2869 5782 3141 5863 Palatinus
3175 5798 3276 5839 Ius.
3310 5784 3493 5858 habet,
3525 5790 3579 5845 in

1989 5863 2199 5917 mttfiet'e
2225 5855 2386 5928 ﬁdeli,
2421 5856 2469 5911 ἒν
2495 5864 2554 5930 τῇ
2578 5859 2796 5929 γυναικὶ.
2822 5862 2929 5909 etc.
