4128 6330
537 328 642 386 7M

1546 317 1606 374 S.
1647 310 2026 372 HIERONYMI
2065 305 2295 366 DIVINA
2336 300 2820 368 BIBLIOTHECA.

3730 298 3844 358 752

537 442 760 500 Solutus
789 451 849 494 es
874 436 942 492 ab
969 436 1178 492 uxore?
1200 434 1310 490 noli
1333 448 1581 506 quaerere
1603 446 1853 488 uxorem.
1881 428 1940 486 Si
1961 435 2138 483 autem
2169 425 2216 485 A
2246 424 2495 481 infirmis.
2529 424 2588 482 Si
2619 424 2762 480 enim
2797 422 2917 492 quis
2957 416 3160 477 viderit
3185 430 3336 484 eum,
3365 415 3454 488 qui
3481 413 3643 472 habet
3669 415 3850 471 scien-

539 533 818 605 acceperis
843 547 1064 586 uxorem
1091 547 1104 584 :
1130 545 1236 584 non
1261 528 1514 599 peccasti.
1541 527 1608 582 Et
1630 526 1676 580 si
1702 521 1942 596 nupserit
1969 521 2141 589 virgo,

537 647 649 688 non
675 628 940 700 peccavit.
974 625 1399 681 Ti-ibutationem
1447 634 1624 676 tamen
1656 620 1838 675 carnis
1869 615 2144 670 habebunt

541 722 878 796 hujusmodi.
907 723 1016 790 Ego
1049 732 1230 776 autem
1260 721 1411 773 vobis
1441 731 1626 787 parco.
1655 714 1771 768 lloc
1793 713 1974 782 itaque
1995 708 2141 771 dico,

539 818 739 875 fratres
768 834 784 878 ;
825 815 1066 885 'l‘empus
1108 814 1270 868 breve
1301 821 1414 876 est;
1451 809 1718 878 reliquum
1750 814 1856 873 est,
1887 815 1945 859 ut
1973 811 2029 859 et
2052 801 2142 872 qui

537 913 747 968 habent
774 923 990 972 uxores,
1029 915 1303 977 tamquam
1347 920 1452 957 non
1486 901 1751 956 habentes
1782 898 1891 953 sint
1922 913 1936 952 ξ
1967 906 2024 951 et
2053 894 2141 965 qui

536 1005 694 1072 ﬂent,
721 1016 991 1074 tamquam
1017 1016 1121 1054 non
1144 998 1335 1053 ﬂentes
1360 1012 1373 1049 :
1399 1006 1451 1050 et
1473 993 1564 1064 qui
1587 991 1846 1064 gaudent,
1869 998 2142 1068 tamquam

538 1116 650 1156 non
678 1097 974 1171 gaudentes
1014 1111 1029 1150 :
1068 1102 1125 1149 et
1159 1091 1250 1163 qui
1286 1098 1492 1154 emunt,
1523 1097 1798 1158 tamquam
1837 1100 1942 1140 non
1973 1083 2146 1154 possi-

541 1195 733 1251 dentes
773 1207 788 1246 :
830 1200 885 1246 et
925 1187 1016 1260 qui
1058 1193 1285 1242 utuntur
1325 1183 1428 1238 hoc
1467 1181 1690 1249 mundo,
1726 1189 1996 1248 tamquam
2037 1191 2142 1230 non

543 1294 765 1340 utantur
797 1300 811 1339 ;
845 1287 1087 1353 praeterit
1106 1279 1250 1335 enim
1276 1278 1446 1346 liguia
1471 1275 1630 1343 hujus
1653 1271 1861 1328 mtmdi.
1889 1270 2030 1327 Volo
2049 1284 2147 1323 au-

541 1391 654 1438 tem
699 1393 798 1432 vos
830 1379 947 1432 sine
975 1373 1340 1430 sollicitudine
1370 1385 1516 1426 esse.
1549 1367 1650 1436 Qui
1679 1367 1798 1422 siue
1841 1379 2009 1421 uxore
2038 1373 2140 1427 est,

545 1474 814 1531 sollicitus
834 1480 918 1527 est
937 1485 1056 1541 qua:
1081 1465 1294 1523 Domini
1315 1475 1460 1530 sunt,
1485 1461 1758 1533 quomodo
1781 1460 1988 1530 placeat
2010 1459 2140 1514 Deo.

547 1569 650 1637 Qui
674 1576 870 1635 autem
914 1579 1035 1619 cum
1079 1577 1247 1618 uxore
1287 1569 1390 1626 est,
1434 1557 1700 1612 sollicitus
1739 1562 1824 1610 est
1860 1569 1980 1624 qua:
2020 1563 2146 1628 sunt

547 1661 756 1725 mundi,
794 1656 1064 1730 quomodo
1101 1654 1309 1726 placeat
1343 1651 1498 1706 uxori
1545 1667 1558 1702 :
1603 1659 1653 1704 et
1699 1647 1903 1702 divisus
1941 1655 2042 1702 est.
2079 1646 2146 1700 Et

550 1755 754 1812 mulier
798 1754 1044 1821 innupta,
1072 1757 1126 1802 et
1161 1748 1331 1816 virgo,
1365 1740 1565 1812 cogitat
1597 1756 1712 1810 quae
1742 1739 1956 1794 Domini
1984 1745 2142 1803 sunt;

2247 525 2399 588 tiam,
2429 524 2479 578 in
2501 521 2664 584 idolio
2686 520 3091 576 recumbentem
3116 535 3130 572 :
3153 531 3331 572 nonne
3351 513 3681 570 conscientia
3705 513 3847 582 ejus,

2247 630 2367 670 cum
2400 616 2469 667 sit
2509 613 2743 681 inﬁrma,
2776 612 2805 650 ὀ
2837 613 3135 668 :I-dilicatur
3161 610 3230 664 ad
3265 609 3698 688 manducandum
3733 606 3853 662 ido—

2249 706 2490 778 l0tliyta?
2531 707 2596 762 Et
2633 707 2830 776 peribit
2865 706 3112 760 inﬁrmus
3145 706 3196 758 in
3240 712 3330 756 tua
3369 703 3620 769 scientia,
3651 701 3847 770 frater,

2249 810 2468 869 propter
2495 815 2654 869 quem
2689 797 2939 853 Christus
2966 806 3214 852 mortuus
3240 795 3362 852 est?
3393 793 3483 850 Sic
3512 803 3689 849 autem
3724 806 3852 863 pec-

2247 901 2433 948 cautes
2457 894 2507 947 in
2535 893 2754 958 fratres,
2777 901 2834 948 et
2858 892 3223 961 percutientes
3243 887 3632 944 c0oscientiam
3656 900 3850 942 eorum

2249 987 2544 1052 infirmam,
2584 989 2638 1041 in
2665 985 2937 1042 Christum
2980 983 3238 1056 peccatis.
3272 984 3613 1053 Quapropter
3642 981 3685 1036 si
3719 995 3851 1036 esca

2248 1081 2578 1136 scandalizat
2609 1079 2832 1136 fratrem
2865 1095 3047 1136 meum
3082 1096 3096 1134 :
3129 1094 3234 1134 non
3270 1077 3608 1132 manducabo
3629 1090 3852 1133 carnem

2251 1173 2301 1228 in
2332 1184 2618 1241 aeternum,
2650 1189 2718 1228 ne
2748 1173 2969 1228 fratrem
3000 1189 3179 1228 meum
3223 1170 3606 1228 scandalizem.

2322 1266 2470 1339 [ϐαρ.
2490 1267 2608 1340 IX.]
2634 1267 2748 1322 Non
2763 1282 2882 1323 sum
2909 1265 3204 1322 liber?Non
3221 1283 3338 1321 sum
3361 1265 3676 1335 apostolus?
3699 1265 3850 1321 Non-

2251 1376 2319 1416 ne
2341 1361 2620 1416 Christum
2661 1359 2849 1417 Jesum
2883 1359 3168 1414 Dominum
3206 1369 3450 1424 nostrum
3483 1359 3630 1414 vidi?
3657 1357 3856 1416 Nonne

2249 1469 2386 1525 opus
2418 1470 2596 1510 meum
2625 1469 2725 1510 vos
2753 1453 2884 1510 estis
2913 1455 2964 1508 in
3000 1453 3269 1508 Domino?
3299 1452 3364 1508 Et
3387 1453 3430 1506 si
3451 1453 3576 1509 aliis
3600 1467 3707 1508 non
3727 1467 3854 1508 sum

2249 1549 2557 1618 apostolus,
2601 1547 2697 1603 sed
2741 1556 2922 1602 tamen
2961 1547 3115 1602 vobis
3159 1562 3313 1602 sum:
3348 1564 3470 1602 nam
3509 1547 3853 1618 signaculum

2250 1642 2587 1712 apostolatus
2619 1642 2725 1698 mei
2766 1656 2863 1697 vos
2899 1642 3032 1696 estis
3073 1642 3126 1696 in
3160 1641 3415 1696 Domino.
3456 1641 3572 1696 Mea
3599 1640 3856 1697 defensio

2253 1735 2393 1805 apud
2415 1751 2532 1802 eos,
2561 1737 2652 1808 qui
2677 1753 2763 1792 me
2783 1736 3143 1807 interrogant,
3171 1736 3288 1792 haec
3309 1745 3413 1792 est.
3444 1736 3709 1807 Numquid
3739 1752 3855 1790 non

549 1849 693 1906 utsit
715 1854 899 1902 sancta
921 1857 1170 1911 corpore,
1193 1847 1247 1894 et
1271 1835 1480 1907 spiritu.
1507 1835 1637 1901 Quae
1657 1843 1835 1888 autem
1861 1839 2022 1900 nupta
2045 1840 2148 1895 est,
2182 1821 2228 1882 B
2260 1829 2521 1884 habemus
2550 1840 2872 1900 potestatem
2912 1831 3274 1886 manducandi
3307 1839 3360 1886 et
3387 1830 3653 1886 bibendi?
3685 1831 3858 1887 Num—

555 1944 757 2015 cogitat
775 1955 896 2011 quae
916 1944 1042 1994 sunt
1061 1932 1267 1999 mundi,
1291 1928 1564 2001 quomodo
1589 1927 1798 1994 placeat
1820 1926 1958 1980 viro.
1980 1924 2151 1979 Porro

554 2037 658 2092 hoc
685 2034 750 2090 ad
774 2032 1058 2090 utilitatem
1082 2040 1318 2082 vestram
1346 2023 1467 2078 dico
1497 2039 1511 2078 :
1543 2037 1647 2076 non
1681 2030 1740 2076 ut
1770 2020 2017 2090 laqueum
2048 2032 2172 2080 vo-

548 2130 634 2185 bis
671 2128 930 2199 injiciam,
961 2125 1056 2180 sed
1088 2124 1154 2178 ad
1188 2122 1264 2190 id,
1296 2125 1439 2195 quod
1471 2121 1756 2173 honestum
1789 2122 1890 2180 est,
1926 2120 1981 2167 et
2004 2108 2150 2182 quod

551 2221 867 2277 facultatem
907 2218 1146 2290 prwbeat
1175 2219 1292 2273 sine
1321 2215 1711 2288 impedimento
1743 2211 2026 2266 Dominum
2053 2206 2152 2262 ob-

558 2314 806 2372 secrandi
843 2312 972 2386 [Μδ.
1005 2311 1337 2385 obsecrare].
1379 2310 1438 2366 Si
1476 2309 1597 2378 quis
1634 2314 1814 2361 autem
1848 2310 2063 2372 turpem
2091 2315 2152 2354 se
2216 2355 2218 2358 ,

550 2407 722 2462 videri
768 2405 1042 2461 existimat
1081 2417 1244 2474 super
1281 2402 1486 2472 virgine
1528 2414 1656 2465 sua,
1685 2396 1828 2469 quod
1859 2395 1928 2449 sit
1965 2407 2153 2462 super-

549 2497 760 2568 adulta,
779 2506 832 2553 et
854 2497 928 2552 ita
956 2503 1172 2567 oportet
1198 2495 1312 2551 fieri
1334 2511 1348 2551 :
1376 2493 1520 2565 quod
1545 2491 1663 2547 vult
1682 2490 1870 2545 faciat:
1896 2503 2001 2540 non
2027 2500 2150 2556 pec-

547 2601 667 2659 cat,
693 2589 738 2646 si
773 2591 960 2646 nubat.
1005 2587 1138 2643 Nam
1174 2587 1265 2659 qui
1305 2586 1496 2642 statuit
1534 2586 1586 2640 in
1615 2582 1782 2641 corde
1808 2594 1908 2636 suo
1940 2580 2147 2642 firmus,

557 2699 665 2740 nou
695 2683 904 2739 habens
931 2681 1334 2748 necessitatem,
1369 2687 1688 2750 potesuitem
1730 2686 1909 2730 autem
1942 2671 2152 2726 habens

550 2793 664 2833 sua:
703 2777 1013 2843 voluntatis,
1055 2782 1108 2829 et
1147 2772 1249 2828 hoc
1288 2770 1548 2842 judicavit
1593 2771 1648 2824 in
1689 2767 1854 2823 corde
1885 2781 2008 2829 suo,
2035 2779 2152 2819 ser-

555 2884 683 2926 vare
715 2867 979 2937 virginem
1007 2881 1183 2931 suam,
1213 2866 1350 2921 bene
1378 2864 1521 2920 facit.
1553 2862 1722 2933 Igitur
1747 2869 1802 2916 et
1831 2859 1921 2930 qui
1965 2858 2152 2913 matri-

547 2963 732 3019 monio
755 2963 935 3034 jungit
976 2961 1243 3031 virginem
1280 2974 1454 3021 suam,
1485 2959 1622 3013 bene
1653 2955 1807 3020 facit;
1839 2962 1894 3010 et
1919 2952 2012 3024 qui
2042 2968 2148 3008 non

543 3056 741 3128 jungit,
775 3055 974 3110 melius
1004 3052 1152 3108 facit.
1189 3051 1377 3107 ltlulier
1404 3050 1620 3122 alligata
1651 3059 1734 3106 est
1761 3058 1785 3088 η
1817 3048 1921 3118 legi
1943 3057 2151 3118 quanto

545 3159 795 3220 tempore
833 3148 915 3203 vir
950 3147 1066 3216 ejus
1097 3145 1228 3200 vivit
1273 3161 1286 3200 :
1331 3143 1474 3215 quod
1502 3144 1548 3198 si
1587 3142 1871 3197 dormierit
1899 3141 1978 3194 vir
2008 3139 2148 3210 ejus,

2251 1924 2380 1992 quid
2419 1938 2526 1978 non
2569 1923 2832 1980 habemus
2869 1934 3195 1995 petestalem
3238 1924 3520 1980 mulierem
3553 1935 3576 1964 ⁶
3601 1939 3854 1981 sororem

2251 2015 2713 2084 circumducendi,
2739 2017 2884 2070 sicut
2906 2027 2959 2072 ct
2980 2017 3164 2072 caeteri
3189 2015 3444 2088 apostoli,
3468 2028 3521 2072 et
3543 2018 3738 2073 fratres
3756 2017 3858 2071 Do-

2251 2109 2384 2164 mini
2413 2150 2426 2174 ,
2459 2118 2514 2162 et
2541 2109 2796 2180 Cephas?
2837 2119 2931 2164 aut
2961 2125 3061 2181 ego
3090 2110 3270 2178 solus,
3317 2122 3372 2166 et
3404 2111 3708 2177 Barnabas,
3742 2126 3854 2167 non

2252 2201 2515 2256 habemus
2543 2210 2865 2272 potestatem
2899 2203 3001 2260 hoc
3025 2204 3327 2274 Operandi?
3355 2205 3488 2272 Quis
3515 2205 3713 2260 militat
3736 2207 3858 2262 suis

2252 2294 2537 2364 stipendiis
2554 2296 2846 2363 umquam?
2868 2295 3003 2364 Quis
3029 2298 3480 2366 plantatvineam,
3505 2299 3648 2355 etde
3673 2299 3855 2356 fructu

2252 2388 2370 2454 ejus
2402 2403 2508 2442 nou
2539 2387 2700 2442 edit?
2727 2387 2866 2455 Quis
2894 2390 3066 2459 pascit
3103 2405 3344 2461 gregem,
3376 2403 3430 2448 et
3455 2391 3523 2446 de
3561 2393 3700 2448 lacte
3727 2408 3858 2463 grc-

2250 2481 2333 2550 gis
2357 2496 2462 2535 non
2486 2480 2809 2536 manducat?
2831 2481 3100 2554 Numquid
3124 2484 3420 2539 secundum
3441 2484 3710 2541 hominem
3736 2487 3856 2542 lucc

2252 2575 2412 2631 dico?
2435 2575 2519 2632 An
2551 2587 2605 2632 et
2627 2577 2712 2632 lex
2742 2576 2857 2632 haec
2886 2593 2993 2632 non
3027 2578 3197 2634 dicit?
3222 2579 3495 2656 Scriptum
3522 2589 3605 2636 est
3627 2581 3773 2636 enim
3797 2583 3854 2637 in

2253 2671 2358 2742 legi
2392 2673 2589 2744 Moysi:
2638 2672 2752 2726 Non
2796 2671 3046 2743 alligabis
3083 2687 3145 2728 os
3185 2672 3307 2729 bovi
3343 2675 3637 2730 trituranti.
3679 2674 3854 2730 Num-

2254 2765 2379 2835 quid
2411 2766 2479 2821 de
2510 2766 2682 2821 bobus
2713 2781 2848 2822 cura
2879 2777 2962 2822 est
2991 2767 3151 2824 Deo?
3181 2766 3263 2823 An
3299 2780 3522 2839 ριιοριει.
3553 2783 3655 2825 nos
3683 2767 3709 2805 ά
3743 2770 3855 2825 mi-
3931 2759 3934 2764 .

2253 2872 2360 2927 que
2391 2857 2494 2913 hoc
2526 2858 2692 2914 dicit?
2730 2859 2864 2913 Nam
2900 2868 3121 2930 propter
3150 2875 3250 2914 nos
3279 2861 3485 2931 scripta
3526 2871 3674 2918 sunt.
3706 2863 3854 2931 Quo«

2254 2953 2401 3021 niam
2429 2952 2591 3008 debet
2618 2953 2672 3006 in
2701 2967 2827 3023 Spe,
2871 2957 2960 3024 qui
2992 2961 3144 3019 arat,
3176 2969 3364 3011 arare:
3409 2965 3464 3011 et
3489 2953 3581 3026 qui
3615 2947 3870 3028 triturat,‘

2255 3047 2307 3102 in
2335 3060 2434 3117 spe
2465 3046 2670 3104 fructus
2711 3047 3065 3118 percipiendi.
3110 3047 3168 3104 Si
3212 3064 3312 3105 nos
3350 3050 3507 3106 vobis
3549 3049 3853 3121 spiritualia

2254 3141 2666 3206 seminavimus,
2702 3155 2954 3211 magnum
2977 3152 3062 3197 est
3086 3143 3131 3196 si
3155 3157 3253 3197 nos
3275 3143 3512 3197 carnalia
3535 3153 3713 3199 vestra
3735 3159 3856 3199 me-

547 3205 782 3301 libei'ata
814 3253 897 3300 est
923 3259 937 3296 :
963 3205 1044 3297 cui
1068 3240 1180 3296 vult
1202 3205 1366 3294 nubai
1393 3256 1406 3292 :
1434 3248 1638 3294 tantum
1664 3239 1718 3294 in
1741 3236 1988 3291 Domino.
2018 3235 2151 3290 Bea-
2177 3205 2222 3268 C
2257 3234 2468 3288 tamus?
2490 3234 2545 3289 Si
2565 3233 2656 3289 alii
2678 3234 2963 3303 potestatis
2986 3245 3182 3290 vestra:
3207 3236 3496 3306 participes
3518 3225 3664 3303 sunt,
3687 3251 3857 3308 quare

549 3339 655 3399 tior
676 3345 855 3392 autem
879 3334 983 3390 erit
1019 3334 1171 3389 sisic
1204 3333 1593 3404 permanserit,
1635 3329 1930 3386 secundum
1969 3344 2152 3384 meum

547 3430 836 3487 consilium
886 3446 901 3484 :
948 3437 1078 3499 puto
1119 3436 1296 3483 autem
1335 3426 1478 3498 quod
1518 3439 1573 3482 et
1613 3441 1716 3497 ego
1755 3425 2015 3496 Spiritum
2057 3422 2152 3477 Dei

547 3522 799 3579 habeam.

623 3616 779 3691 [Cap.
813 3615 976 3688 Vlli.j
1005 3616 1082 3672 De
1106 3616 1173 3671 iis
1197 3626 1402 3681 autem,
1427 3629 1547 3685 quae
1575 3613 1734 3668 idolis
1756 3614 2148 3680 saerilicantur,

548 3712 755 3768 scimus
795 3711 918 3782 quia
959 3724 1148 3765 omnes
1176 3709 1459 3765 scientiam
1488 3707 1772 3762 habemus.
1805 3707 2044 3764 Seientia
2072 3708 2154 3762 in-

546 3805 666 3872 ﬂat,
715 3802 955 3859 charitas
989 3817 1120 3858 vero
1160 3801 1408 3858 aedificat.
1438 3801 1496 3857 Si
1527 3804 1647 3871 quis
1675 3812 1852 3858 autem
1881 3817 1942 3857 se
1968 3801 2154 3858 existi-

541 3905 656 3951 mat
680 3896 823 3952 scire
863 3893 1086 3964 aliquid,
1133 3893 1373 3948 nondum
1415 3893 1670 3964 cognovit
1696 3893 2150 3964 quemadmodum

548 3995 798 4057 oporteat
837 4001 959 4042 eum
991 3986 1150 4041 scire.
1182 3984 1237 4040 Si
1266 3985 1387 4055 quis
1416 3993 1599 4040 autem
1629 3984 1806 4056 diligit
1842 3986 2031 4053 Deum,
2068 3987 2154 4042 hic

549 4078 800 4150 cognitus
824 4087 907 4133 est
935 4078 1002 4133 ab
1022 4091 1108 4134 eo.
1134 4077 1209 4132 De
1235 4078 1378 4133 escis
1403 4087 1607 4145 autem,
1633 4092 1752 4148 quze
1777 4077 1935 4132 idolis
1957 4076 2153 4132 immo-

545 4170 748 4237 lantur,
775 4171 977 4226 scimus
1017 4171 1312 4242 quia'nibil
1357 4178 1442 4226 est
1475 4170 1681 4226 idolum
1723 4171 1775 4226 in
1822 4171 2025 4227 mundo
2049 4215 2063 4240 ,
2099 4184 2154 4228 et

547 4263 697 4334 quod
723 4263 903 4319 nullus
931 4275 1015 4319 est
1043 4263 1206 4332 Deus,
1239 4265 1341 4319 nisi
1383 4279 1539 4320 unus.
1568 4263 1701 4319 Nam
1746 4265 1849 4319 etsi
1891 4275 2021 4319 sunt
2064 4263 2155 4336 qui

547 4355 795 4413 dicantur
836 4355 932 4422 dii,
977 4356 1094 4411 sive
1136 4356 1188 4410 in
1230 4355 1392 4423 ccelo,
1435 4355 1549 4411 sive
1589 4357 1641 4410 in
1685 4363 1829 4410 terra
1860 4355 2153 4428 (siquidem

547 4457 674 4504 sunt
705 4448 780 4503 dii
821 4447 998 4516 multi,
1029 4455 1086 4503 et
1115 4446 1318 4502 domini
1350 4446 1534 4518 multi)
1569 4462 1585 4501 :
1619 4446 1775 4502 nobis
1806 4457 1986 4503 tamen
2017 4464 2152 4504 unus

546 4542 719 4613 Deus,
751 4541 936 4608 Pater,
964 4557 1030 4596 ex
1058 4556 1167 4614 quo
1193 4541 1396 4609 omnia,
1426 4549 1480 4597 et
1507 4554 1608 4596 nos
1640 4541 1690 4594 in
1723 4539 1874 4595 illum
1900 4557 1915 4595 ;
1939 4549 1992 4596 et
2015 4557 2154 4597 unus

552 4638 816 4694 Dominus
835 4636 994 4693 Jesus
1013 4635 1287 4699 Christus.
1318 4650 1415 4706 per
1444 4650 1604 4707 quem
1627 4634 1833 4705 omnia,
1860 4645 1915 4690 et
1936 4651 2034 4690 nos
2056 4651 2152 4707 per

551 4732 752 4802 ipsum.
784 4730 892 4787 Sed
917 4745 1024 4786 non
1058 4732 1111 4784 in
1141 4729 1394 4786 omnibus
1423 4738 1508 4786 est
1533 4731 1779 4786 scientia.
1804 4730 2034 4798 Quidam
2058 4747 2154 4787 au-

549 4835 660 4882 tem
691 4841 814 4881 cum
857 4825 1188 4881 conscientia
1224 4839 1396 4896 usque
1437 4839 1579 4879 nunc
1606 4824 1756 4888 idoli,
1785 4825 1939 4893 quasi
1971 4825 2146 4881 idolo-

550 4919 762 4990 thytum
803 4917 1130 4976 manducaut
1162 4932 1176 4973 :
1209 4927 1264 4972 et
1299 4915 1626 4973 conscientia
1657 4917 1898 4988 ipsorum
1927 4933 2049 4972 eum
2082 4918 2153 4974 sit

548 5010 788 5077 inﬁrma,
818 5010 1093 5081 polluitur.
1142 5009 1278 5065 Esca
1318 5021 1498 5065 autem
1541 5025 1640 5067 nos
1669 5025 1774 5065 non
1805 5011 2153 5068 commendat

549 5102 684 5158 Deo.
718 5103 902 5174 Neque
923 5105 1070 5159 enim
1091 5103 1136 5159 si
1161 5103 1689 5168 manducaverimus,
1714 5103 2108 5159 abundavimus
2133 5121 2148 5157 :

545 5211 722 5266 neque
761 5196 808 5252 si
852 5212 961 5252 non
1000 5195 1538 5262 manducaverimus,
1582 5196 1912 5251 deticiemus.
1963 5196 2152 5252 Videte

547 5299 725 5346 autem
760 5305 830 5346 ne
858 5289 999 5347 forte
1027 5289 1144 5346 haec
1173 5290 1392 5346 licentia
1434 5299 1612 5346 vestra
1641 5289 2028 5347 offendiculum
2059 5293 2150 5348 fiat

619 5439 647 5503 ἢ
677 5429 791 5484 Non
815 5428 1269 5503 additPalatinus
1303 5443 1405 5503 ms.
1428 5429 1549 5502 legi,
1579 5429 1730 5503 quod
1751 5445 1948 5485 nomen
1974 5447 2148 5503 neque
2175 5427 2184 5432 ’

549 5499 645 5556 alii
673 5517 774 5555 ms.
811 5500 985 5555 Latini
1029 5501 1174 5566 libri,
1217 5499 1598 5569 Corbeien'ses,
1629 5513 1682 5555 et
1709 5499 2145 5572 Sangermanen-

546 5586 656 5643 ses,
700 5583 864 5638 atque
905 5573 996 5627 alii
1036 5587 1230 5642 magno
1262 5587 1509 5639 numero,
1537 5587 1676 5643 quos
1707 5578 1848 5627 docti
1882 5576 1980 5628 viri
2009 5593 2143 5632 eun.

544 5642 851 5718 soluerunt,
885 5645 970 5718 hic
999 5643 1106 5718 loci
1136 5643 1333 5718 habent
1360 5659 1375 5698 :
1402 5645 1496 5700 sed
1524 5642 1700 5718 neque
1726 5645 1780 5700 in
1807 5646 2012 5702 Graecis
2037 5649 2146 5718 ple-

540 5717 724 5785 risque
749 5715 1033 5772 codicibus
1057 5715 1304 5771 invenire
1333 5725 1435 5781 est,
1466 5726 1525 5772 ut
1551 5715 1723 5772 videri
1756 5720 1921 5786 possit
1949 5734 2014 5773 ex
2038 5715 2140 5775 ’διι-

541 5787 760 5916 patritam
803 5788 870 5844 ad
909 5787 1184 5844 Romanos
1222 5788 1450 5857 epistola
1486 5802 1607 5859 cap.
1643 5804 1740 5859 vn,
1772 5806 1918 5844 vers.
1950 5789 2006 5858 2,
2039 5792 2141 5848 huc

541 5873 572 5916 ι
613 5873 690 5916 sci
717 5875 831 5916 um.

541 5867 806 5917 adscitum
817 5898 831 5914 .

2228 3341 2363 3410 _non
2409 3326 2588 3396 petitis
2627 3326 2765 3382 nos?
2798 3327 2890 3383 sed
2923 3343 3028 3382 non
3061 3329 3147 3383 usi
3179 3343 3368 3384 sumus
3395 3328 3496 3384 hac
3542 3337 3812 3400 potestate
3835 3345 3854 3383 :

2253 3417 2348 3473 sed
2382 3417 2562 3474 omnia
2590 3417 2941 3485 sustinemus,
2976 3434 3043 3474 ne
3069 3419 3214 3487 quod
3243 3419 3630 3476 ofi'endiculum
3659 3420 3858 3478 demus

2255 3511 2551 3582 Evangelia
2575 3511 2802 3567 Christi.
2845 3511 3078 3567 Nescitis
3109 3512 3368 3583 quoniam
3397 3513 3489 3584 qui
3529 3514 3582 3568 in
3613 3513 3860 3570 sacrario

2256 3615 2574 3674 operantur,
2607 3621 2732 3676 quae
2753 3605 2820 3660 de
2844 3607 3084 3661 sacrario
3106 3613 3254 3673 sunt,
3280 3605 3481 3662 edunt:
3509 3617 3563 3663 et
3584 3608 3673 3679 qui
3699 3606 3860 3663 altari

2255 3700 2601 3769 deserviunt,
2649 3713 2771 3754 cum
2798 3697 2962 3754 altari
2992 3698 3362 3770 participant?
3395 3700 3466 3755 lta
3508 3711 3565 3758 et
3595 3701 3863 3756 Dominus

2256 3795 2531 3858 ordinavit
2557 3794 2643 3863 iis,
2675 3795 2766 3864 qui
2795 3793 3148 3864 Evangelium
3177 3795 3532 3862 annuntiant,
3577 3796 3643 3850 de
3677 3795 3862 3850 Evan-

2256 3889 2398 3960 gelio
2425 3889 2625 3944 vivere.
2659 3886 2774 3958 Ego
2802 3897 2982 3942 autem
3014 3887 3164 3942 nullo
3195 3885 3386 3942 horum
3407 3902 3538 3943 usus
3565 3903 3706 3944 sum.
3736 3887 3858 3945 Non

2255 3991 2437 4036 autem
2465 3977 2662 4051 scripsi
2691 3980 2830 4049 haec,
2852 3987 2907 4033 ut
2926 3981 2994 4033 ita
3021 3979 3222 4034 fiantin
3242 3994 3357 4034 me:
3385 3978 3681 4036 bonumeSt
3711 3981 3860 4036 enim

2259 4057 2393 4129 mihi
2423 4074 2592 4144 magis
2621 4075 2758 4129 mori
2778 4117 2792 4142 ,
2831 4089 2994 4144 quam
3025 4082 3083 4128 ut
3106 4073 3339 4145 gloriam
3373 4089 3549 4146 meam
3576 4075 3697 4145 quis
3726 4089 3860 4131 eva-

2255 4181 2399 4228 cuet.
2442 4172 2575 4227 Nam
2611 4173 2654 4228 si
2688 4173 3134 4244 evangelizavero
3158 4218 3171 4241 ,
3215 4190 3322 4229 non
3359 4180 3443 4228 est
3481 4172 3610 4228 mihi
3648 4172 3855 4244 gloria:

2255 4268 2555 4321 necessitas
2585 4267 2730 4321 enim
2755 4267 2885 4322 mihi
2911 4266 3212 4323 incumbit:
3245 4283 3325 4322 vae
3349 4268 3493 4323 enim
3519 4267 3649 4322 mihi
3673 4275 3777 4334 est,
3812 4266 3858 4322 si

2259 4374 2365 4413 non
2395 4359 2858 4430 evangelizavero.
2894 4359 2952 4416 Si
2979 4358 3123 4416 enim
3155 4359 3344 4415 volens
3374 4361 3474 4415 hoc
3506 4376 3626 4430 ago,
3653 4374 3862 4415 merce—

2253 4453 2377 4509 dem
2403 4454 2606 4510 habeo:
2630 4457 2674 4511 si
2701 4465 2880 4510 autent
2906 4455 3124 4524 invitus,
3147 4454 3479 4526 dispensatio
3502 4455 3632 4509 mihi
3654 4454 3860 4509 credita

2257 4557 2361 4604 est.
2404 4548 2534 4618 Qua.-
2552 4558 2636 4604 est
2655 4565 2788 4620 ergo
2815 4564 3026 4606 merces
3053 4550 3206 4604 mea?
3242 4547 3304 4606 Ut
3332 4548 3683 4620 Evangelium
3714 4565 3858 4619 prte-

2258 4639 2469 4709 dieaus,
2494 4642 2610 4698 sine
2632 4650 2852 4714 sumptu
2881 4657 3077 4712 ponam
3105 4641 3473 4712 Evangelium,
3509 4654 3564 4695 ut
3590 4656 3695 4696 non
3719 4640 3858 4696 abu-

2260 4745 2342 4790 tar
2366 4746 2635 4820 poteState
2658 4751 2777 4792 mea
2803 4738 2854 4791 in
2879 4737 3192 4809 Evangelio.
3214 4734 3346 4790 Nam
3370 4751 3494 4792 cum
3519 4735 3656 4790 liber
3675 4749 3854 4791 essem

2257 4845 2323 4884 ex
2355 4831 2631 4897 omnibus,
2665 4833 2906 4887 omnium
2940 4847 3027 4887 me
3062 4830 3438 4898 servum-feci,
3473 4837 3536 4886 ut
3565 4831 3744 4901 plures
3775 4828 3861 4884 lu-

2257 4925 2598 4981 crifacerem.
2635 4924 2702 4980 Et
2731 4925 2902 4980 factus
2933 4940 3052 4981 sum
3077 4925 3280 4981 Judwis
3305 4934 3580 4996 tamquam
3610 4923 3856 4988 Iudaeus,

2259 5024 2312 5070 ut
2343 5015 2559 5073 Judwos
2592 5019 2854 5073 lucrarer.
2897 5017 2970 5074 lis
3000 5018 3090 5088 qui
3119 5017 3219 5073 sub
3251 5017 3371 5089 lege
3400 5027 3547 5085 sunt,
3580 5016 3736 5088 quasi
3755 5017 3858 5071 sub

2260 5111 2377 5181 lege
2411 5125 2584 5165 essem
2629 5112 2773 5183 (cum
2803 5111 2923 5181 ipse
2952 5125 3058 5165 non
3090 5126 3266 5167 essem
3305 5111 3408 5166 sub
3437 5093 3602 5182 lege),
3649 5119 3706 5164 ut
3735 5123 3855 5177 eos,

2259 5207 2350 5277 qui
2383 5206 2486 5260 sub
2523 5206 2638 5275 lege
2680 5214 2868 5270 erant,
2913 5203 3300 5260 lucrifacerem.
3329 5255 3332 5260 .
3363 5204 3434 5260 Iis
3469 5205 3560 5275 qui
3588 5204 3708 5258 sine
3737 5203 3858 5273 lege

2260 5308 2447 5366 erant,
2480 5307 2736 5368 tanquam
2769 5297 2886 5352 sine
2927 5297 3045 5368 lege
3073 5311 3250 5354 essem
3270 5297 3427 5369 (cum
3457 5297 3576 5353 sine
3609 5296 3729 5367 lege
3761 5295 3857 5351 Dei

2329 5442 2356 5482 δ
2397 5437 2559 5492 Jthla
2588 5433 2683 5490 GP.
2715 5435 3186 5508 οἰκοδομηθήσεται,
3226 5435 3356 5506 legit
3375 5443 3432 5491 et
3457 5435 3629 5490 Palat.
3659 5449 3762 5489 ms.
3799 5433 3853 5488 in

2252 5507 2458 5573 futuro,
2485 5509 2847 5573 wdiﬁcabitur.
2876 5507 2882 5508 “
3793 5537 3806 5554 .

2331 5593 2352 5620 ο
2384 5580 2549 5635 Tacet
2571 5579 2742 5634 Palat.
2779 5594 2882 5635 ms.
2912 5596 3164 5648 sororem,
3196 5578 3339 5650 quod
3363 5593 3560 5636 nomen
3585 5579 3634 5632 in
3659 5577 3855 5644 Gnaeo

2252 5661 2432 5708 tamen
2460 5659 2610 5706 textu
2643 5661 2881 5707 resonat.

2321 5721 2344 5758 ἀ
2375 5724 2432 5778 ln
2467 5723 2640 5778 Palat.
2672 5739 2774 5780 ms.
2799 5765 2814 5792 ,
2847 5742 2915 5779 an
2943 5733 3152 5797 propter
3179 5740 3271 5779 nos
3304 5722 3412 5779 haec
3440 5723 3608 5778 dicit?
3633 5720 3853 5794 utique;

2250 5811 2367 5850 nam
2393 5837 2406 5862 ,
2436 5804 2541 5852 etc.
2590 5842 2603 5852 .
3259 5814 3271 5825 '
