4128 6330
323 366 431 421 75⁵5

1117 365 1449 425 EPISTOLA
1490 367 1551 422 B.
1595 365 1799 423 mou
1841 366 2174 425 arcerem
2215 368 2308 426 an
2345 369 2759 430 CORINTHIOS
2798 374 2841 427 ι.
2891 326 2896 332 ’

3509 376 3613 433 754

322 498 433 540 non
461 496 675 539 essem:
705 481 800 538 sed
831 481 883 538 in
916 481 1034 555 lege
1062 498 1242 540 essem
1271 482 1522 556 Chrisﬁ),
1554 493 1612 540 ut
1631 483 1919 540 lucriface-
1944 483 1998 545 Α
2022 485 2164 555 quod
2193 486 2438 542 alterius.
2480 486 2674 557 Omne,
2699 488 2840 558 quod
2873 489 2925 545 in
2956 491 3184 547 macello
3219 491 3379 547 vaenit
3408 534 3423 559 ,
3464 507 3620 550 man-

322 592 438 632 rem
483 577 610 647 eos",
657 575 750 647 qui
791 575 910 631 sine
949 575 1072 648 lege
1098 584 1272 632 erant.
1312 576 1509 633 Factus
1541 593 1659 632 sum
1694 575 1917 631 inﬁrmis

321 669 574 724 infirmus
594 709 611 736 ,
644 675 704 723 ut
734 667 982 725 inﬁrmos
1011 669 1411 725 lucrifacerem.
1441 669 1706 725 Omnibus
1737 669 1916 724 omnia

320 762 498 817 factus
527 775 667 828 sum,
701 769 757 815 ut
788 776 978 818 omnes
1008 761 1241 818 facerem
1275 763 1479 818 salvos.
1513 763 1706 818 Omnia
1735 769 1914 815 autem

318 853 462 910 facio
492 862 720 924 propter
746 853 1096 943 Evangelium
1123 872 1137 910 :
1169 867 1225 910 ut
1255 857 1525 926 particeps
1549 855 1664 926 ejus
1689 855 1912 909 elﬁciar.

316 948 554 1006 Nescitis
584 949 729 1021 quod
763 949 797 1005 ii
822 951 912 1021 qui
938 952 988 1006 in
1014 951 1194 1006 stadio
1218 960 1458 1015 currunt,
1488 965 1678 1005 omnes
1698 949 1913 1021 quidem

316 1050 578 1108 currunt,
611 1040 708 1098 sed
743 1057 880 1096 unus
905 1042 1104 1112 accipit
1134 1043 1424 1098 bravium?
1465 1043 1555 1099 Sic
1583 1043 1785 1099 currite
1805 1085 1817 1106 ,
1858 1051 1917 1097 ut

314 1135 810 1206 comprehendatis.
853 1135 1042 1191 Omnis
1069 1145 1249 1192 autem
1275 1137 1364 1206 qui
1399 1137 1450 1190 in
1486 1151 1661 1207 agone
1689 1125 1929 1189 conten?

313 1227 416 1295 dit,
447 1228 517 1282 ab
545 1229 801 1284 omnibus
831 1245 889 1283 se
918 1228 1156 1285 abstinet
1182 1246 1194 1284 :
1238 1239 1292 1285 et
1320 1230 1396 1285 illi
1426 1230 1667 1300 quidem.
1699 1237 1758 1283 ut
1788 1243 1910 1282 cor-

312 1319 628 1390 ruptibilem
651 1335 909 1376 coronam
940 1322 1212 1391 accipiant
1235 1302 1394 1387 ;'nos
1422 1331 1601 1376 autem
1632 1323 1914 1390 incorrup-

314 1422 446 1468 tam.
491 1415 604 1486 Ego
634 1414 799 1485 igitur
829 1415 907 1470 sic
937 1430 1134 1484 curro,
1186 1432 1290 1470 non
1321 1417 1472 1484 quasi
1506 1416 1558 1469 in
1603 1416 1908 1479 incertum;

312 1510 394 1566 sic
420 1525 622 1582 pugno,
653 1526 762 1566 non
793 1512 944 1581 quasi
975 1526 1154 1567 aerem
1188 1510 1486 1567 verberans
1515 1529 1526 1563 :
1578 1510 1674 1564 sed
1706 1509 1911 1579 castigo

311 1617 520 1674 corpus
547 1619 749 1670 meum,
777 1615 830 1659 et
855 1605 904 1659 in
929 1604 1248 1660 servitutem
1272 1603 1488 1674 redigo:
1526 1617 1592 1658 ne
1619 1601 1760 1657 forte
1784 1617 1909 1658 cum

308 1695 436 1752 aliis
463 1697 895 1767 prazdicaverim,
929 1697 1046 1767 ipse
1074 1697 1341 1767 reprobus
1371 1696 1600 1752 efﬁciar.

385 1791 538 1865 [Cap.
555 1792 651 1865 X.]
675 1792 809 1848 Nolo
825 1793 970 1850 enim
993 1808 1089 1849 vos
1114 1795 1380 1862 ignorare,
1406 1791 1622 1857 fratres,
1648 1792 1904 1861 quoniam

2023 580 2251 648 ducate,
2303 581 2433 637 nihil
2484 583 2885 654 interrogantes
2928 593 3150 655 propter
3197 586 3614 641 conscientiam.

2021 670 2233 726 Domini
2258 684 2332 727 est
2365 681 2527 741 terra,
2564 685 2613 727 et
2639 675 2921 745 plenitudo
2945 677 3083 747 ejus.
3107 676 3164 733 Si
3187 677 3306 747 quis
3333 686 3491 733 vocat
3512 693 3617 734 vos

2020 764 2341 836 inﬁdelium,
2375 779 2427 822 et
2458 768 2622 823 vultis
2653 769 2732 824 ire
2766 788 2778 823 :
2812 785 2994 837 omne,
3025 770 3166 840 quod
3197 771 3352 825 vobis
3383 771 3615 840 apponi-

2021 867 2127 925 tur,
2146 859 2493 927 manducate,
2509 861 2639 916 nihil
2667 863 3066 932 interrogantes
3089 871 3312 933 propter
3333 864 3619 919 conscien-

2021 953 2168 1008 tiam.
2218 952 2274 1010 Si
2306 953 2427 1020 quis
2464 964 2642 1009 autem
2676 953 2876 1008 dixerit
2909 973 2920 1008 :
2969 955 3081 1010 Iloc
3116 955 3451 1010 immolatum
3483 954 3615 1029 [Μδ.

2020 1042 2443 1116 ἰιηηιςιιειῑίιὶυιη]
2476 1054 2562 1101 est
2590 1046 2767 1114 idolis,
2801 1047 2975 1103 nolite
3003 1047 3354 1112 manducnre,
3387 1058 3612 1120 propter

2019 1140 2169 1195 illum
2208 1140 2299 1210 qui
2330 1139 2618 1208 indicavit,
2664 1152 2715 1196 et
2750 1152 2973 1212 propter
3000 1143 3432 1198 conscientiam:
3483 1159 3618 1198 con-

2017 1232 2300 1287 scientiam
2325 1242 2505 1286 autcm
2528 1233 2650 1287 dico
2674 1248 2779 1287 non
2807 1243 2973 1302 tuam,
3002 1235 3099 1290 sed
3123 1234 3365 1290 alterius.
3399 1235 3465 1290 Ut
3485 1235 3617 1306 quid

2017 1325 2158 1380 enim
2190 1325 2415 1380 libertas
2447 1341 2565 1380 mea
2589 1325 2868 1396 judicatur
2903 1328 2972 1380 ab
3013 1328 3189 1383 aliena
3232 1328 3616 1384 conscientia?

2015 1418 2072 1474 Si
2103 1435 2202 1490 ego
2231 1434 2352 1476 cum
2376 1421 2551 1491 gratia
2581 1421 2865 1492 participo,
2900 1421 3025 1491 quid
3055 1421 3405 1490 blasphemor
3427 1437 3526 1491 pro
3547 1436 3614 1479 eo

2014 1512 2158 1583 quod
2182 1513 2383 1583 gratias
2405 1527 2507 1582 ago
2530 1513 2554 1566 ?
2575 1511 2699 1569 Sive
2723 1528 2850 1584 ergo
2874 1513 3233 1579 manducetis,
3265 1514 3378 1568 sive
3401 1513 3609 1581 bibitis,

2014 1605 2129 1660 sive
2159 1604 2305 1659 aliud
2338 1604 2464 1674 quid
2499 1603 2707 1661 facitis:
2747 1606 2934 1660 omnia
2965 1608 3018 1661 in
3047 1607 3273 1677 gloriam
3302 1607 3397 1660 Dei
3427 1607 3608 1662 facite.

2011 1697 2141 1753 Sine
2172 1697 2472 1753 offensione
2501 1709 2676 1754 estote
2698 1699 2924 1766 Judacis,
2955 1710 3011 1754 et
3039 1701 3313 1770 gentibus,
3343 1711 3399 1756 et
3425 1701 3614 1757 Eccle-

2011 1791 2108 1846 sia:
2137 1790 2257 1846 Dei.
2285 1789 2442 1847 Sicut
2461 1800 2513 1846 et
2537 1807 2640 1862 ego
2663 1807 2760 1862 per
2783 1795 2961 1846 omnia
2987 1795 3238 1848 omnibus
3262 1796 3472 1863 placeo,
3499 1811 3611 1852 non

309 1897 493 1957 patres
516 1886 684 1941 nostri
709 1901 900 1941 omnes
921 1887 1023 1941 sub
1046 1887 1189 1941 nube
1215 1884 1453 1950 fuerunt,
1471 1893 1526 1939 et
1546 1899 1735 1938 omnes
1759 1898 1908 1938 mare
1937 1883 1984 1944 B
2013 1898 2260 1954 quaerens
2277 1882 2420 1954 quod
2436 1883 2719 1940 mihiutile
2746 1895 2848 1954 est,
2874 1886 2968 1941 sed
2992 1886 3132 1956 quod
3160 1887 3362 1952 multis,
3388 1897 3443 1942 ut
3471 1888 3606 1944 salvi

311 1979 672 2047 transierunt;
693 1988 748 2036 et
767 1995 955 2035 omnes
974 1981 1024 2034 in
1039 1979 1221 2052 Moyse
1235 1978 1488 2050 baptizati
1501 1986 1644 2044 sunt,
1666 1976 1719 2032 in
1739 1978 1904 2045 nube,

307 2074 440 2129 etin
469 2075 606 2129 mari
633 2084 718 2130 :et
743 2074 1191 2131 onmeseamdem
1219 2088 1399 2129 escam
1423 2073 1719 2142 spiritalem
1748 2086 1903 2127 man-

307 2166 676 2234 ducaverunt,
705 2175 759 2222 et
785 2181 976 2223 omnes
998 2167 1246 2223 eumdem
1278 2177 1460 2236 potum
1491 2163 1793 2235 spiritalem
1824 2163 1904 2217 bi-

306 2261 510 2318 berunt
531 2262 812 2333 (bibebant
831 2273 1010 2318 autem
1035 2263 1103 2318 de
1124 2262 1375 2332 spiritali,
1410 2273 1777 2331 consequente
1809 2272 1905 2315 eos

304 2370 497 2432 petra:
533 2368 684 2432 petra
713 2370 891 2416 autem
917 2370 1037 2415 erat
1065 2358 1378 2428 Christus);
1427 2357 1522 2414 sed
1563 2372 1669 2412 non
1703 2358 1753 2411 in
1788 2358 1904 2428 plu-

305 2458 460 2513 ribus
507 2473 694 2514 eorum
739 2457 1132 2527 beneplacitum
1179 2464 1264 2512 est
1300 2456 1452 2514 Deo:
1484 2470 1606 2511 nam
1645 2455 1903 2526 prostrati

303 2561 424 2606 sunt
459 2551 512 2606 in
541 2551 778 2606 deserto.
825 2550 952 2606 llzec
982 2558 1160 2605 autem
1190 2551 1245 2604 in
1279 2549 1445 2619 ﬁgura
1478 2548 1618 2604 facta
1649 2557 1776 2603 sunt
1807 2562 1904 2603 no-

302 2643 404 2699 stri
433 2643 563 2715 ΙΜει
603 2642 807 2713 ηυιιίει,
839 2653 897 2698 ut
927 2659 1033 2698 non
1066 2642 1234 2698 simus
1259 2641 1704 2712 concupiscentes
1732 2639 1904 2695 malo-

302 2751 444 2804 rum,
474 2735 616 2790 sicut
643 2744 695 2790 et
727 2737 800 2790 illi
823 2737 1232 2806 concupierunt.
1256 2734 1441 2805 Neque
1464 2733 1761 2790 idololatrze
1786 2731 1903 2788 effi-

302 2829 546 2896 ciamini,
571 2829 710 2884 sicut
730 2829 945 2899 quidam
970 2844 1031 2883 ex
1062 2829 1223 2897 ipsis:
1254 2826 1707 2898 quemadmodum
1733 2825 1902 2896 scrip-

303 2932 415 2976 tum
441 2929 560 2976 est:
597 2921 751 3000 Sedit
782 2923 1014 2993 populus
1039 2921 1362 2976 manducare
1388 2930 1439 2976 et
1464 2921 1673 2988 bibere,
1707 2930 1760 2976 ct
1782 2936 1902 2974 sur-

299 3001 568 3071 rExerunt
595 3015 806 3070 ludere.
830 3015 1016 3084 Neque
1043 3015 1396 3081 fornicamur,
1421 3016 1559 3070 sicut
1581 3016 1802 3085 quidam
1833 3031 1900 3070 ex

300 3108 432 3178 ipsis
465 3099 713 3163 fornicati
748 3117 896 3174 sunt,
925 3118 978 3163 et
1009 3109 1324 3163 ceciderunt
1347 3123 1450 3162 una
1473 3107 1562 3163 die
1585 3108 1769 3177 viginti
1795 3108 1898 3162 tria

301 3203 490 3259 millia.
514 3203 701 3274 Neque
717 3213 989 3260 tentemus
1001 3201 1274 3265 Christum
1291 3221 1302 3257 :
1321 3202 1460 3259 sicut
1475 3202 1689 3274 quidam
1711 3217 1899 3257 eorum

2009 1978 2165 2034 ﬁant.

2083 2072 2231 2146 [Cap.
2285 2071 2403 2143 XL]
2456 2071 2760 2127 Imitatores
2800 2072 2905 2128 mei
2946 2081 3120 2127 estote
3151 2113 3166 2138 ,
3225 2073 3365 2127 sicut
3409 2081 3465 2128 et
3503 2088 3604 2144 ego

2009 2165 2234 2222 Christi.
2279 2165 2464 2221 Laudo
2496 2175 2677 2221 autem
2712 2180 2830 2231 vos,
2866 2165 3090 2231 fratres,
3124 2165 3265 2234 quod
3295 2180 3394 2235 per
3425 2165 3608 2222 omnia

2009 2263 2113 2318 mei
2143 2275 2413 2317 memores
2443 2262 2574 2317 estis
2600 2279 2612 2314 :
2646 2270 2695 2314 et
2724 2259 2862 2314 sicut
2895 2260 3087 2314 tradidi
3113 2261 3296 2323 vobis,
3342 2258 3608 2330 praecepta

2009 2371 2128 2412 mea
2153 2355 2375 2411 tenetis.
2422 2354 2557 2410 Volo
2582 2363 2760 2409 autem
2790 2369 2886 2409 vos
2912 2355 3092 2418 scire,
3124 2353 3266 2423 quod
3298 2353 3475 2407 omnis
3507 2353 3611 2407 viri

2007 2447 2441 2521 caputChristus
2469 2456 2580 2503 est:
2612 2455 2774 2516 caput
2796 2455 2975 2501 autem
3005 2447 3273 2511 mulieris,
3295 2447 3377 2499 vir
3405 2463 3418 2498 :
3452 2460 3597 2515 capu

2005 2559 2136 2599 vero
2165 2541 2384 2608 Christi,
2417 2541 2578 2596 Deus.
2621 2539 2812 2595 Omnis
2844 2541 2922 2594 vir
2952 2555 3116 2595 orans
3143 2549 3236 2594 aut
3264 2538 3604 2609 prophetans

2005 2638 2184 2692 velato
2213 2638 2428 2706 capite,
2480 2634 2736 2704 deturpat.
2776 2641 2940 2704 caput
2977 2649 3154 2688 suum.
3197 2634 3387 2689 Omnis
3423 2641 3608 2688 autem

2005 2733 2200 2788 mulier
2221 2747 2386 2787 orans
2407 2740 2500 2786 aut
2524 2731 2854 2799 prephctans
2879 2745 2984 2783 non
3012 2727 3190 2797 velato
3207 2727 3404 2798 capite,
3426 2726 3613 2782 detur-

2007 2835 2096 2893 pat
2122 2833 2283 2896 caput
2311 2839 2512 2879 suum:
2561 2838 2727 2878 unum
2773 2824 2918 2876 enim
2959 2830 3041 2876 est
3084 2837 3145 2875 ac
3189 2821 3234 2875 si
3266 2819 3600 2876 decalvctur.

2003 2920 2137 2976 Nam
2162 2921 2206 2975 si
2237 2934 2342 2974 non
2373 2919 2582 2974 velatur
2602 2918 2821 2982 mulier,
2856 2917 3163 2971 tondeatur.
3197 2914 3251 2971 Si
3282 2929 3411 2969 vero
3441 2922 3599 2983 turpe

2003 3024 2087 3069 est
2109 3013 2322 3068 mulieri
2348 3013 2578 3074 tonderi,
2616 3022 2709 3066 aut
2729 3011 3026 3076 decalvari,
3060 3009 3200 3064 velet
3223 3015 3387 3078 caput
3409 3023 3564 3062 suum
3589 3025 3602 3061 :

2003 3108 2256 3178 quoniam
2291 3108 2467 3177 imago
2503 3114 2558 3160 et
2595 3105 2767 3176 gloria
2795 3104 2896 3158 viri
2926 3112 3028 3158 est.
3069 3101 3188 3157 Non
3217 3105 3362 3156 enim
3409 3100 3492 3154 vir
3531 3114 3602 3154 ex

2006 3206 2236 3262 muliere
2275 3216 2400 3273 est,
2451 3203 2546 3260 sed
2589 3203 2786 3259 mulier
2816 3218 2878 3259 ex
2914 3204 3053 3257 viro.
3113 3201 3332 3257 Etenim
3375 3216 3482 3255 non
3518 3208 3604 3274 est

300 3307 666 3368 tentaverunt,
695 3307 748 3353 et
777 3315 808 3353 a
839 3297 1183 3369 serpentibus
1213 3298 1508 3367 perierunt.
1539 3296 1723 3366 Neque
1751 3312 1898 3350 mur-
1925 3271 1970 3334 δ
2003 3310 2219 3358 creatus
2260 3300 2345 3354 vir
2386 3306 2610 3370 propter
2651 3296 2958 3362 mulierem,
3009 3295 3106 3351 sed
3153 3293 3351 3350 mulier
3381 3271 3603 3363 propter

300 3391 670 3460 muraveritis,
695 3392 835 3446 sicut
860 3391 1079 3462 quidam
1107 3407 1295 3446 eorum
1326 3399 1818 3457 murmuraverunt,
1843 3398 1899 3446 et

299 3485 581 3555 perierunt
611 3485 680 3540 ab
725 3487 1179 3541 exterminatore.
1223 3485 1352 3540 Haec
1393 3495 1573 3539 autem
1618 3485 1798 3540 omnia
1841 3485 1895 3540 in

299 3578 470 3647 ﬁgura
498 3576 887 3649 contingebant
915 3578 1058 3634 illis:
1093 3578 1292 3648 scripta
1321 3588 1446 3632 sunt
1472 3587 1651 3633 autem
1676 3579 1740 3631 ad
1769 3593 1894 3633 cur-

299 3671 603 3740 reptionem
635 3681 872 3726 nostram
894 3713 907 3738 ,
946 3672 998 3726 in
1027 3687 1163 3742 quos
1193 3670 1327 3727 ﬁnes
1369 3674 1692 3727 sarculorum
1732 3673 1898 3728 deve-

299 3775 515 3819 nerunt.
538 3765 721 3836 Itaque
744 3766 834 3836 qui
859 3780 916 3820 se
938 3767 1212 3820 existimat
1233 3776 1398 3831 stare,
1423 3765 1604 3822 videat
1625 3781 1694 3821 ne
1715 3767 1892 3821 cadat.

299 3856 550 3913 Tentatio
577 3873 677 3914 vos
703 3875 808 3913 non
839 3859 1213 3930 apprehendat
1243 3860 1346 3916 nisi
1379 3859 1612 3915 humana
1653 3878 1667 3918 :
1718 3859 1905 3918 ﬁdelis

300 3962 483 4035 autem
518 3952 662 4008 Deus
688 3960 808 4018 est,
853 3953 943 4023 qui
977 3969 1082 4008 non
1117 3954 1354 4024 patietur
1381 3970 1478 4011 vos
1507 3957 1700 4010 tentari
1732 3971 1896 4025 supra

309 4044 393 4112 id,
441 4043 582 4113 quod
625 4045 849 4114 potestis
878 4087 892 4110 ,
931 4046 1026 4100 sed
1067 4045 1226 4102 faciet
1254 4047 1415 4102 etiam
1449 4062 1569 4102 cmn
1601 4051 1899 4104 tentatione

307 4147 658 4206 proventum,
676 4145 735 4191 ut
755 4138 973 4208 possitis
994 4138 1283 4194 sustinere.
1312 4139 1542 4205 Pronter
1569 4141 1736 4210 quod,
1770 4140 1899 4195 cha-

303 4231 508 4287 rissimi
534 4231 689 4298 mihi,
714 4232 880 4304 fugite
902 4234 970 4288 ab
997 4233 1269 4288 idolorum
1297 4233 1530 4289 cultura.
1565 4234 1637 4290 Ut
1665 4235 1900 4304 pruden-

305 4327 446 4383 tibus
481 4329 696 4399 loquor,
731 4344 826 4384 vos
867 4330 966 4399 ipsi
995 4329 1237 4399 judicate
1267 4331 1411 4401 quod
1445 4331 1587 4385 dico.
1618 4329 1771 4386 Calix
1803 4332 1899 4386 be-

304 4421 653 4488 nedictionis,
689 4423 772 4477 cui
811 4423 1215 4490 benedicimus,
1267 4438 1448 4478 nonne
1478 4424 1899 4479 communicatio

303 4517 586 4587 sanguinis
623 4516 827 4572 Christi
867 4518 992 4574 est?
1031 4526 1086 4573 et
1126 4517 1280 4584 panis
1305 4559 1319 4584 ,
1373 4534 1532 4582 quem
1572 4519 1898 4589 frangimus,

302 4625 486 4666 nonne
512 4618 541 4647 ⁸
572 4611 912 4681 participatio
942 4611 1189 4682 corporis
1218 4611 1584 4668 Domin'rest?
1630 4611 1897 4680 Quoniam

303 4717 444 4758 unus
472 4703 650 4773 panis,
677 4718 840 4757 unum
865 4717 1062 4773 corpus
1088 4703 1239 4756 multi
1264 4718 1473 4769 sumus,
1499 4719 1687 4759 omnes
1714 4707 1804 4775 qui
1833 4706 1900 4761 de

303 4811 413 4849 uno
439 4810 578 4866 pane
610 4795 1019 4864 participamus.
1056 4794 1247 4850 Videte
1271 4793 1436 4852 Israel
1465 4783 1761 4852 secundum
1784 4813 1904 4853 car-

305 4904 463 4944 nem:
501 4905 678 4944 nonne
706 4891 798 4962 qui
828 4889 995 4945 edunt
1024 4889 1251 4956 hostias,
1287 4891 1575 4960 participes
1607 4900 1735 4946 sunt
1761 4893 1904 4947 alta-

306 4983 422 5038 ris?
450 4982 589 5049 Quid
617 4998 747 5052 ergo
773 4985 798 5037 't
829 4983 951 5038 dico
980 4985 1120 5054 quod
1156 4984 1312 5038 idolis
1344 4985 1676 5040 immolatum
1708 4986 1778 5041 sit
1805 4989 1905 5040 ali-

307 5077 480 5147 quid?
515 5086 609 5131 aut
638 5077 778 5148 quod
813 5078 1011 5132 idolum
1041 5078 1114 5132 sit
1144 5078 1345 5147 aliquid
1370 5080 1392 5132 ?
1431 5081 1542 5134 Sed
1561 5095 1683 5151 quae
1711 5081 1905 5135 immo-

305 5170 419 5226 lant
444 5181 635 5242 gentes
657 5212 674 5239 ,
706 5171 991 5228 darmoniis
1025 5173 1339 5238 immolant,
1371 5185 1424 5228 et
1456 5190 1562 5229 non
1590 5174 1723 5231 Deo.
1773 5175 1907 5232 Nolo

309 5273 493 5320 autem
534 5281 629 5319 vos
671 5265 850 5320 socios
891 5266 1010 5321 ﬁeri
1044 5266 1478 5322 daemoniorum:
1533 5284 1642 5323 non
1685 5270 1920 5338 potestis

309 5358 538 5414 calicem
589 5357 802 5412 Domini
847 5357 1062 5425 bibere,
1105 5367 1161 5413 et
1199 5361 1428 5416 calicem
1469 5359 1907 5416 daemoniorum:

310 5463 419 5504 non
447 5450 676 5520 potestis
698 5465 900 5506 mensae
918 5451 1131 5505 Domini
1156 5453 1450 5524 participes
1471 5467 1616 5522 esse,
1633 5463 1687 5508 et
1709 5467 1912 5509 mensae

309 5539 728 5598 daemoniorum.
778 5543 860 5596 An
904 5545 1228 5598 :emulautur
1267 5544 1597 5600 Dominum?
1641 5544 1912 5616 Numquid

309 5633 569 5690 fortiores
612 5635 704 5690 illo
744 5635 978 5690 sumus?
1023 5635 1219 5691 Omnia
1265 5636 1395 5692 mihi
1427 5638 1624 5704 licent,
1673 5637 1768 5694 sed
1805 5653 1913 5694 non

314 5732 500 5786 omnia
531 5729 822 5786 aediﬁcant.
868 5731 1039 5787 Nemo
1061 5731 1203 5804 quod
1231 5748 1389 5788 suum
1417 5741 1522 5799 est,
1554 5745 1780 5804 quaarat,
1817 5735 1914 5791 sed

2001 3395 2199 3450 virum.
2243 3393 2371 3448 Ideo
2397 3391 2562 3448 debet
2600 3391 2794 3446 mulier
2833 3397 3156 3460 potestatem
3196 3388 3396 3442 habere
3438 3400 3603 3456 supra

1999 3496 2164 3558 caput
2208 3496 2428 3556 propter
2460 3484 2702 3558 angelos.
2745 3483 3132 3540 Verumtamen
3165 3497 3338 3552 neque
3371 3480 3453 3535 vir
3482 3479 3603 3534 sine

2001 3583 2228 3638 muliere
2253 3623 2268 3647 ,
2314 3596 2489 3651 neque
2520 3579 2714 3636 mulier
2743 3579 2860 3634 sine
2887 3577 3035 3644 viro,
3085 3577 3138 3630 in
3167 3575 3421 3630 Domino.
3464 3574 3600 3628 Nam

1999 3677 2139 3732 sicut
2165 3676 2361 3730 mulier
2387 3675 2453 3729 de
2479 3675 2617 3741 viro,
2650 3673 2721 3728 ita
2755 3681 2807 3727 ct
2836 3672 2917 3727 vir
2937 3687 3030 3742 per
3061 3670 3340 3725 mulierem
3373 3685 3388 3724 :
3417 3668 3601 3722 omnia

2000 3775 2180 3822 autem
2206 3782 2270 3822 ex
2290 3766 2423 3821 Deo.
2445 3765 2554 3821 Vos
2578 3765 2677 3831 ipsi
2696 3764 2937 3834 judicate
2961 3780 2972 3815 ι
2998 3762 3153 3817 decet
3179 3760 3458 3815 mulierem
3489 3773 3598 3813 non

2001 3862 2231 3915 velatam
2254 3875 2414 3914 orare
2432 3858 2638 3914 Deum?
2659 3857 2768 3912 Nec
2788 3857 2902 3926 ipsa
2922 3864 3112 3910 natura
3135 3853 3295 3909 docet
3315 3868 3433 3917 vos,
3454 3851 3601 3920 quod

2001 3955 2085 4008 vir
2108 3952 2328 4023 quidem
2352 3950 2397 4007 si
2419 3965 2627 4005 comam
2652 3949 2879 4014 nutriat,
2906 3946 3202 4017 ignominia
3229 3942 3312 3999 est
3338 3943 3448 3998 llli:
3483 3957 3602 3996 mu-

2002 4047 2103 4102 lier
2132 4062 2259 4102 vero
2299 4048 2343 4100 si
2372 4060 2586 4100 comam
2616 4041 2836 4110 nutriat,
2871 4041 3042 4111 gloria
3072 4049 3154 4093 est
3193 4036 3298 4092 illi:
3339 4036 3595 4106 quoniam

2001 4141 2182 4210 capilli
2237 4155 2336 4210 pro
2383 4140 2656 4195 velamine
2703 4138 2756 4191 ei
2813 4137 2920 4190 dati
2975 4143 3124 4189 sunt.
3207 4133 3264 4189 Si
3325 4132 3446 4214 quis
3505 4145 3600 4183 au-

2005 4244 2111 4290 tem
2154 4234 2368 4290 videtur
2406 4233 2778 4288 contentiosus
2816 4245 2976 4285 esse:
3023 4243 3121 4283 nos
3166 4228 3324 4282 talem
3371 4239 3603 4280 consue-

2004 4328 2244 4384 tudinem
2295 4345 2398 4382 non
2443 4327 2702 4382 habemus
2729 4367 2744 4389 ,
2795 4340 2968 4394 neque
3013 4322 3256 4378 Ecclesia
3299 4320 3416 4376 Dei.
3489 4319 3602 4374 Hoc

2003 4431 2182 4476 autem
2229 4419 2518 4491 praecipio:
2581 4434 2685 4474 non
2735 4417 2992 4482 laudans,
3047 4415 3190 4486 quod
3241 4430 3349 4469 non
3392 4414 3444 4466 in
3492 4426 3610 4465 me-

2005 4518 2129 4586 lius,
2157 4519 2317 4573 scdin
2341 4517 2582 4572 deterius
2613 4515 2934 4572 convenitis.
2963 4515 3202 4568 Primum
3233 4512 3449 4578 quidem
3474 4527 3610 4565 con-

2005 4617 2356 4672 venientibus
2380 4615 2533 4669 vobis
2564 4615 2616 4668 in
2644 4613 2966 4677 Ecclesiam,
3000 4610 3162 4665 audio
3187 4610 3455 4664 scissuras
3478 4622 3604 4661 esse

2008 4712 2150 4766 inter
2205 4725 2298 4762 vos
2349 4707 2476 4780 Ulla.
2528 4717 2630 4760 tac.
2678 4707 2817 4761 inter
2845 4703 2988 4775 vos],
3026 4713 3083 4758 ct
3120 4718 3186 4758 ex
3220 4711 3373 4773 parte
3413 4702 3604 4756 credo.

2009 4801 2142 4857 Nam
2170 4807 2389 4870 oportet
2415 4808 2469 4854 et
2501 4799 2738 4854 haereses
2761 4811 2904 4862 esse,
2933 4806 2992 4851 ut
3018 4805 3072 4852 et
3097 4796 3186 4866 qui
3217 4794 3424 4865 probati
3456 4804 3604 4859 sunt,

2012 4896 2283 4951 manifeSIi
2313 4896 2445 4950 ﬁant
2473 4897 2524 4949 in
2567 4895 2742 4949 vobis.
2792 4893 3261 4965 Convenientibus
3291 4907 3420 4961 ergo
3452 4891 3611 4946 vobis

2011 4993 2065 5048 in
2100 5008 2289 5060 unum,
2316 4991 2427 5060 jam
2455 5006 2560 5044 non
2587 4997 2670 5043 est
2704 4989 3036 5044 Dominicam
3066 5001 3279 5042 ccenam
3314 4986 3610 5041 manduca-

2012 5099 2092 5140 re.
2145 5085 2527 5154 Unusquisque
2578 5083 2722 5136 enim
2767 5096 2918 5136 suam
2969 5095 3182 5136 coenam
3235 5078 3515 5148 prmsumit
3546 5078 3614 5132 ad

2014 5179 2475 5244 manducandum.
2510 5177 2576 5232 Et
2609 5176 2750 5230 alius
2782 5175 3001 5246 quidem
3033 5173 3222 5242 esurit,
3258 5171 3397 5226 alius
3428 5182 3613 5225 autem

2014 5276 2199 5330 ebrius
2224 5285 2326 5327 est.
2362 5271 2632 5342 Numquid
2665 5270 2857 5326 domos
2899 5284 3003 5323 non
3035 5267 3252 5322 habetis
3282 5265 3350 5321 ad
3380 5264 3617 5320 mandu-

2015 5369 2245 5423 candum
2272 5379 2326 5420 ct
2363 5366 2705 5422 bibendum?
2742 5373 2834 5419 aut
2873 5361 3166 5418 Ecclesiam
3197 5360 3294 5416 Dei
3316 5359 3625 5415 contemni-

2019 5461 2115 5523 tis,
2146 5469 2202 5514 et
2225 5458 2558 5514 confunditis
2582 5473 2708 5521 eos,
2743 5457 2831 5525 qui
2858 5472 2965 5510 non
2995 5455 3239 5512 habent?
3268 5453 3625 5520 Quid’dicam

2023 5553 2219 5609 vobis?
2257 5551 2441 5606 Laudo
2471 5552 2614 5606 vos?
2646 5552 2697 5604 in
2730 5549 2833 5604 hoc
2866 5565 2973 5605 non
3009 5548 3194 5603 laudo.
3228 5548 3341 5618 Ego
3363 5547 3506 5602 enim
3535 5561 3626 5603 ac-

2020 5647 2139 5716 cepi
2182 5663 2208 5699 a
2242 5645 2474 5700 Domino
2505 5644 2646 5714 quod
2676 5653 2730 5698 et
2764 5642 2964 5697 tradidi
3006 5642 3158 5696 vobis
3181 5683 3194 5705 ,
3226 5641 3482 5710 quoniam
3515 5638 3624 5693 Do-

2022 5743 2202 5797 minus
2245 5739 2406 5795 Jesus
2452 5739 2506 5792 in
2548 5752 2652 5807 qua
2703 5750 2865 5791 nocte
2917 5735 3257 5802 tradebatur,
3288 5733 3497 5802 accepit
3540 5746 3627 5801 pa-

390 5899 693 5958 eCurcelaci
723 5900 940 5960 codices
966 5903 1174 5961 addunt
1201 5903 1254 5961 in
1273 5901 1465 5962 Graeco
1484 5906 1565 5964 καὶ
1594 5908 1988 5982 τοῦοποτηρίου,
2012 5906 2156 5981 quod
2181 5916 2234 5963 et
2257 5905 2308 5963 in
2335 5903 2528 5962 Latino
2553 5901 2783 5959 Palatin.
2809 5916 2914 5958 ms.
2941 5899 3156 5967 retinet,
3179 5900 3305 5953 etde
3325 5915 3426 5954 uno
3447 5900 3626 5955 calice.
