4128 6330
535 354 643 419 755
1550 344 1614 409 ὃ.
1652 340 2041 406 ΒΙΕΒΟΝῩΜΙ
2079 337 2316 401 υινιιιιΑ
2352 333 2833 398 ωυιιοτηυω.
3770 329 3875 391 'tti

534 480 689 535 nem,
722 473 778 521 et
796 462 1003 534 gratias
1032 476 1200 533 agens
1247 457 1447 531 fregit,
1477 466 1535 517 et
1560 456 1698 517 dixit
1728 472 1744 515 :
1772 454 2043 525 Accipite,
2081 462 2137 513 et
2161 453 2218 521 Α
2242 450 2372 512 nui:
2405 450 2585 523 Opera
2612 455 2705 507 tua
2736 462 2845 509 non
2887 445 3106 523 indigeo
3136 461 3154 503 :
3181 452 3288 505 aut
3342 443 3559 535 iterum
3588 448 3761 535 caput
3784 456 3873 535 pe-

538 532 872 617 mauducate
909 573 923 612 :
959 555 1063 611 hoc
1086 532 1173 613 est
1196 566 1397 624 corpus
1436 565 1641 618 meum,
1672 548 1815 621 quod
1846 562 1945 618 pro
1985 544 2141 608 vobis
2246 543 2405 601 dibus
2434 560 2447 597 :
2477 542 2596 601 Non
2630 542 2765 603 estis
2802 538 2940 601 mihi
2970 537 3303 599 necessarii.
3340 533 3462 593 Sed
3506 532 3689 591 multo
3716 534 3879 603 magis

544 650 793 708 tradetur
837 666 850 703 :
883 647 988 713 hoc
1036 645 1201 702 facite
1248 644 1300 701 in
1333 657 1512 703 meam
1540 639 2139 703 commemorationem.
2244 652 2367 709 quae
2391 635 2643 695 videatur
2672 634 2918 694 membra
2948 632 3198 707 corporis
3230 628 3566 691 inﬁrmiora
3606 640 3755 692 esse.
3780 641 3877 685 ne-

544 743 817 804 Similiter
862 750 920 799 et
971 739 1220 809 calicem,
1270 749 1559 813 postquam
1599 735 1858 803 coenavit,
1905 733 2097 795 dicens
2122 749 2141 788 :
2242 730 2552 791 cessariora
2592 736 2754 791 sunt:
2787 733 2845 784 et
2872 741 2994 797 quae
3023 733 3287 797 putamus
3317 719 3671 813 ignobiliora
3706 734 3881 778 mem-

548 838 653 895 Ilic
679 836 827 894 calix
857 849 1057 895 novum
1081 841 1467 893 testamentum
1493 838 1579 891 est
1605 831 1659 889 in
1691 844 1815 890 meo
1840 827 2103 901 sanguine
2127 844 2141 882 :

544 931 653 989 hoc
698 929 860 986 facite
888 929 1343 1003 quotiescumque
1373 924 1576 984 bibetis
1608 923 1660 978 in
1704 938 1877 981 meam
1902 935 2147 983 comme-

542 1023 928 1080 morationem.
960 1018 1422 1095 Quotiescumque
1443 1016 1589 1075 enim
1620 1013 2019 1077 manducabitis
2045 1026 2143 1085 pa-

544 1132 674 1173 nem
705 1116 873 1188 hunc,
916 1121 973 1170 et
1017 1111 1244 1173 calicem
1286 1111 1507 1175 bibetis,
1538 1117 1770 1169 mortem
1810 1107 2023 1169 Domini
2052 1122 2139 1165 an-

542 1208 892 1279 nuntiabitis,
925 1206 1100 1263 donec
1127 1204 1327 1262 veniat.
1355 1205 1540 1276 Itaque
1557 1205 1891 1277 quicumque
1918 1200 2149 1263 mandu—

540 1302 753 1367 caverit
773 1316 969 1375 panem
1000 1300 1167 1367 hunc,
1199 1299 1287 1354 vel
1320 1297 1518 1361 biberit.
1564 1297 1792 1355 calicem
1820 1294 2037 1355 Domini
2068 1294 2152 1354 in-

544 1397 733 1469 digne,
768 1410 894 1452 reus
920 1391 1027 1459 erit
1059 1394 1308 1464 corporis
1348 1403 1405 1455 et
1434 1394 1713 1463 sanguinis
1741 1391 1981 1469 Domini.
2012 1388 2149 1449 Prov

540 1493 638 1551 bet
672 1500 853 1551 autem
883 1489 1128 1563 seipsum
1180 1487 1348 1549 homo
1376 1506 1387 1542 :
1418 1496 1474 1547 et
1517 1486 1597 1547 sic
1615 1485 1686 1545 de
1717 1500 1855 1557 pane
1884 1483 1977 1541 illo
1998 1482 2149 1549 edat,

544 1592 602 1643 et
631 1583 699 1640 de
727 1582 900 1639 calice
929 1581 1101 1639 bibat.
1136 1581 1239 1655 Qui
1283 1580 1431 1639 enim
1482 1578 1775 1641 mandarat
1805 1586 1862 1635 et
1890 1576 2027 1634 bibit
2071 1576 2153 1637 in-

540 1677 729 1750 digne,
752 1674 1022 1746 judicium
1047 1673 1150 1733 sibi
1175 1672 1470 1735 manducet
1497 1682 1551 1729 et
1575 1669 1737 1739 bibit,
1763 1684 1870 1725 non
1896 1668 2153 1741 judicans

545 1786 748 1844 corpus
778 1770 1016 1829 Domini.
1051 1769 1181 1829 Ideo
1212 1770 1357 1827 inter
1401 1783 1499 1829 vos
1528 1766 1684 1827 multi
1734 1764 1935 1823 inﬁrmi
1965 1774 2021 1825 et
2048 1764 2153 1825 im,

2246 822 2342 881 bra
2370 835 2494 884 esse
2519 819 2790 892 corporis,
2829 817 2914 875 his
2952 818 3219 877 honorem
3259 812 3754 875 abundantiorem
3780 813 3881 869 eir-

2246 914 2612 972 cumdamus:
2657 921 2715 968 et
2744 926 2866 985 qua
2908 911 3200 971 inhonesta
3244 916 3394 971 sunt
3447 914 3688 971 nostra.
3713 904 3884 964 abun-

2244 1008 2556 1069 dantiorem
2592 1008 2937 1065 honestatem
2974 1006 3200 1065 habent.
3234 1005 3502 1064 Honesta
3540 1011 3734 1063 autem
3761 1015 3885 1059 nos-

2250 1110 2331 1161 tra
2382 1101 2586 1163 nullius
2628 1109 2829 1173 egent:
2865 1100 2960 1159 sed
2991 1101 3133 1159 Deus
3173 1096 3529 1172 temperavit
3566 1111 3776 1169 corpus
3810 1098 3880 1169 ei,

2251 1197 2340 1253 cui
2370 1195 2581 1265 deerat,
2612 1195 3064 1253 abundantiorem
3104 1193 3415 1255 tribuendo
3459 1191 3779 1248 honorent:
3827 1199 3884 1249 at

2254 1307 2365 1353 non
2399 1292 2467 1346 sit
2491 1291 2727 1351 schisma
2752 1291 2803 1348 in
2833 1305 3089 1362 corpore,
3112 1288 3210 1346 sed
3237 1288 3494 1360 idipsutn
3522 1300 3632 1357 pro
3658 1284 3882 1345 invicem

2251 1385 2488 1443 sollicita
2511 1384 2624 1445 sint
2650 1385 2917 1441 membra.
2941 1382 3078 1443 Etsi
3105 1381 3239 1455 quid
3265 1381 3492 1453 patitur
3517 1393 3693 1438 unum
3716 1394 3884 1435 mem-

2254 1479 2438 1544 brum,
2468 1477 2876 1547 compatiuntur
2911 1475 3094 1535 omnia
3126 1474 3385 1533 membra
3416 1492 3431 1531 ;
3470 1472 3599 1531 sive
3626 1470 3885 1544 gloriatur

2257 1589 2422 1631 unum
2471 1573 2775 1633 membrum
2802 1617 2819 1643 ,
2855 1572 3196 1645 congaudent
3235 1571 3436 1630 omnia
3464 1568 3749 1629 ntembra.
3783 1568 3886 1625 Vos

2257 1679 2441 1725 autem
2474 1670 2606 1729 estis
2631 1684 2831 1740 corpus
2854 1669 3083 1748 Christi,
3118 1676 3179 1727 et
3205 1666 3472 1725 membra
3508 1663 3586 1723 de
3615 1662 3882 1724 membro.

2262 1765 2325 1821 Et
2354 1766 2616 1836 quosdam
2633 1764 2849 1833 quidem
2875 1763 3052 1835 posuit
3082 1763 3230 1823 Deus
3256 1762 3315 1819 in
3336 1760 3631 1826 Ecclesia,
3658 1759 3884 1830 primum

538 1841 787 1928 becilles,
812 1870 867 1919 et
894 1860 1176 1925 dormiunt
1208 1860 1381 1917 multi.
1412 1859 1566 1928 Quod
1593 1859 1640 1919 si
1669 1856 2039 1929 nosmetipsos
2066 1853 2143 1915 di—
2181 1841 2226 1909 Β
2254 1859 2551 1930 apostolos,
2575 1856 2816 1915 secundo
2839 1858 3151 1928 prophetas,
3175 1856 3344 1915 tertio
3371 1854 3674 1919 doctores,
3695 1849 3885 1909 deinde

541 1955 945 2026 iudicaremus,
979 1971 1090 2010 non
1123 1959 1308 2025 utique
1340 1953 1730 2023 iudicaremur.
1770 1951 1905 2004 Dum
1944 1947 2159 2031 judice:

547 2062 675 2104 mur
702 2057 884 2105 autem
914 2062 944 2103 a
1002 2046 1232 2107 Domino
1260 2046 1612 2118 corripimur,
1645 2052 1705 2103 ut
1740 2057 1850 2101 non
1898 2056 2023 2101 cum
2052 2041 2156 2098 hoc

543 2141 751 2197 mundo
781 2138 1124 2207 damnemur.
1166 2138 1374 2215 itaque,
1406 2136 1607 2199 fratres
1637 2136 1769 2204 mei,
1801 2149 1925 2197 cum
1955 2149 2156 2195 conve.

549 2232 680 2289 nitis
708 2232 776 2288 ad
808 2230 1274 2300 manducandum,
1308 2231 1537 2291 invicem
1568 2235 1906 2303 exapectate.
1936 2226 1996 2284 Si
2036 2227 2159 2305 quis

550 2325 745 2394 esurit,
772 2326 920 2382 domi
952 2325 1287 2385 manducet:
1337 2333 1395 2378 ut
1425 2338 1531 2386 non
1554 2322 1608 2385 in
1649 2322 1918 2406 judicium
1958 2334 2161 2382 conve-

543 2420 726 2475 niatis.
757 2417 969 2474 Czetera
999 2426 1182 2476 autem
1202 2458 1218 2484 ,
1264 2431 1387 2472 cum
1420 2430 1648 2483 venero,
1681 2414 1993 2491 disponam.

623 2513 781 2587 [ϐαρ.
811 2509 951 2587 XII.]
978 2512 1056 2569 De
1085 2510 1464 2587 spiritualibus
1488 2519 1693 2578 autem,
1727 2508 1854 2574 nolo
1885 2523 1985 2571 vos
2006 2509 2161 2589 igno-

551 2620 702 2674 rare,
733 2604 951 2663 fratres.
982 2603 1147 2660 Scitis
1186 2603 1445 2675 quoniam
1468 2617 1592 2667 cum
1621 2611 1817 2683 gentes
1844 2602 2063 2673 essetis,
2088 2600 2159 2663 ad

551 2699 845 2757 simulacra
876 2708 1023 2755 muta
1055 2709 1217 2771 prout
1252 2698 1599 2759 ducebamini
1640 2705 1860 2759 euntes.
1899 2695 2029 2757 ideo
2062 2710 2160 2753 no-

555 2800 672 2849 tum
701 2791 1054 2863 vobisfacio,
1087 2791 1230 2864 quod
1259 2806 1417 2847 nemo
1450 2790 1505 2853 in
1535 2790 1740 2865 Spiritu
1773 2790 1870 2853 Dei
1900 2789 2157 2861 loquens,

554 2885 687 2953 dicit
714 2884 1007 2943 anathema
1037 2884 1188 2941 Jesu.
1221 2884 1287 2939 Et
1315 2899 1477 2941 nemo
1508 2891 1690 2955 potest
1725 2882 1949 2951 dicere,
1977 2881 2159 2945 Domi.

554 2995 660 3035 nus
681 2978 862 3051 Jesus,
894 2978 999 3035 nisi
1047 2978 1101 3034 iu
1152 2976 1358 3049 Spiritu
1408 2974 1619 3041 sancto.
1670 2975 1974 3035 Divisiones
2027 2989 2162 3031 vero

553 3075 857 3143 gratiarum
889 3081 1039 3143 sunt,
1070 3071 1216 3129 idem
1248 3081 1430 3128 autem
1462 3070 1698 3147 Spiritus
1725 3088 1737 3133 ;
1765 3070 1833 3131 Et
1863 3068 2161 3127 divisiones

555 3164 1022 3221 ministrationum
1047 3171 1199 3235 sunt,
1225 3162 1373 3219 idem
1400 3168 1583 3225 autem
1609 3163 1907 3223 Dominus:
1932 3161 1998 3216 Et
2025 3161 2164 3217 divi-

2261 1951 2491 2011 virtutes
2537 1968 2552 2009 :
2600 1951 2805 2013 exinde
2858 1956 3062 2022 gratias
3104 1950 3463 2009 curationum
3500 1989 3517 2015 .
3574 1945 3886 2017 capitulatim

2262 2059 2380 2111 nes,
2408 2043 2835 2114 gubernationes
2857 2084 2874 2113 ,
2908 2059 3107 2114 genera
3141 2043 3505 2115 linguarum,
3532 2038 3565 2080 ι’
3616 2040 3885 2110 interpre-

2264 2138 2495 2197 tationes
2525 2150 2864 2195 sermonum.
2899 2135 3171 2209 Numquid
3194 2149 3397 2197 omnes
3425 2132 3719 2205 apostoli?
3747 2145 3886 2189 nemo

2258 2229 2388 2302 quid
2419 2244 2611 2291 omnes
2652 2229 2980 2303 propheta?
3017 2228 3277 2300 numquid
3335 2240 3546 2285 omnes
3585 2223 3886 2283 doctores?

2263 2324 2524 2398 numquid
2575 2340 2768 2385 omnes
2807 2324 3076 2385 virtutes?
3108 2322 3375 2394 numquid
3405 2335 3617 2381 omnes
3655 2318 3883 2391 gratiam

2262 2417 2466 2479 habent
2491 2419 2876 2479 curationum?
2907 2416 3166 2490 numquid
3193 2430 3395 2477 omnes
3426 2413 3639 2486 linguis
3662 2412 3884 2486 loquun-

2264 2513 2393 2571 tur?
2448 2512 2706 2587 numquid
2755 2526 2947 2569 omnes
2991 2508 3495 2581 interpretantur?
3526 2506 3879 2567 ιλΕωυΙιιηὶηὶ

2262 2616 2441 2665 autem
2496 2606 2826 2669 charismata
2879 2605 3037 2680 illa.
3062 2605 3251 2678 dona]
3295 2604 3568 2667 meliora.
3616 2601 3687 2657 Et
3716 2599 3882 2659 adhuc

2264 2700 2713 2765 excellentiorcm
2768 2700 2912 2761 viam
2967 2700 3307 2759 detuoustro.
3380 2696 3550 2771 (Ms.
3622 2695 3878 2757 demons~

2266 2794 2466 2867 traho].

2338 2889 2357 2964 i
2363 2887 2490 2964 Cap.
2524 2888 2689 2963 Xlll.i
2735 2888 2791 2949 Si
2823 2888 3027 2962 linguis
3056 2888 3337 2953 hominum
3370 2889 3604 2962 loquar,
3634 2896 3694 2949 et
3721 2902 3881 2961 ange-

2268 2982 2480 3053 lorum,
2509 2983 2835 3043 charitatem
2875 2991 3059 3043 autem
3106 2998 3214 3039 non
3244 2981 3487 3046 habeam
3508 3022 3526 3051 ,
3559 2980 3740 3043 factus
3767 2996 3879 3039 sum

2267 3072 2513 3135 velutzes
2558 3089 2782 3143 sonans,
2814 3083 2907 3131 aut
2936 3074 3248 3147 cymbalum
3279 3075 3554 3137 tinniens.
3592 3074 3662 3133 Et
3702 3075 3748 3131 si
3789 3072 3879 3129 has

2268 3166 2440 3225 huero
2490 3165 2858 3239 prophetiam,
2888 3174 2946 3227 et
2992 3168 3236 3227 noverim
3278 3168 3549 3241 mysteria
3594 3165 3799 3234 omnia,
3829 3174 3879 3225 et

557 3259 742 3315 siones
774 3259 1159 3331 operatiouum
1185 3266 1335 3325 sunt,
1385 3255 1527 3312 idem
1554 3272 1685 3312 vero
1710 3256 1876 3325 Deus,
1904 3256 1995 3327 qui
2027 3270 2155 3326 npe-
2192 3241 2240 3307 C
2272 3274 2487 3321 omnem
2517 3259 2802 3323 scientiam
2835 3278 2847 3317 :
2882 3269 2938 3319 et
2963 3261 3008 3321 si
3032 3260 3277 3321 habuero
3315 3276 3546 3322 omnem
3594 3259 3779 3325 tidem.
3808 3260 3876 3315 ita

556 3361 710 3408 ratur
734 3352 915 3411 omnia
935 3351 987 3411 in
1017 3350 1289 3418 omnibus.
1332 3347 1630 3425 Unicuique
1657 3360 1837 3411 autem
1863 3347 2025 3410 datur
2050 3363 2164 3403 ma-

559 3443 844 3501 nifestatio
888 3442 1125 3523 Spiritus
1153 3442 1222 3498 ad
1266 3441 1579 3505 utilitatem,
1634 3442 1742 3498 Alii
1795 3442 2016 3515 quidem
2069 3457 2166 3513 per

566 3538 828 3617 Spiritum
858 3537 1017 3601 datur
1046 3552 1231 3595 sermo
1256 3534 1543 3613 sapientia:
1570 3552 1584 3589 :
1628 3534 1717 3589 alii
1752 3543 1939 3591 autem
1980 3549 2164 3591 sermo

514 3622 519 3627 ’
562 3632 812 3688 scientiae
841 3631 1147 3693 secundum
1176 3631 1430 3688 eumdem
1477 3628 1777 3709 Spiritum:
1827 3628 1985 3687 alteri
2028 3627 2164 3683 ﬁdes

564 3733 620 3787 iu
644 3731 837 3788 eodem
865 3731 1069 3804 Spiritu
1109 3748 1122 3784 :
1154 3729 1247 3787 alii
1286 3727 1457 3805 gratia
1486 3726 1780 3789 sanitatum
1812 3727 1865 3790 in
1906 3740 2012 3781 uno
2043 3724 2164 3797 Spi-

558 3828 669 3883 ritu
695 3843 711 3882 :
741 3826 833 3881 alii
864 3826 1115 3899 operatio
1145 3826 1440 3893 virtutum,
1473 3823 1564 3885 alii
1590 3820 1904 3899 prOphetia,
1928 3818 2024 3883 alii
2055 3819 2167 3879 dis-

562 3924 737 3995 cretio
782 3921 1108 3994 Spirituum,
1152 3920 1243 3981 alii
1265 3932 1467 3993 genera
1497 3917 1827 3989 linguarum,
1858 3914 1951 3977 alii
1994 3914 2165 3977 inter-

561 4017 802 4087 pretatio
830 4012 1314 4085 sermonumﬁtec
1333 4022 1515 4075 autem
1539 4010 1720 4073 omnia
1744 4017 2003 4079 operatur
2028 4022 2170 4071 unus

565 4119 729 4182 atque
745 4108 886 4165 idem
906 4107 1163 4183 Spiritus,
1176 4104 1426 4165 dividens
1439 4104 1668 4175 singulis
1685 4109 1848 4181 prout
1863 4102 2000 4165 vnit.
2017 4101 2171 4163 Sicut

565 4203 714 4258 enim
732 4216 928 4272 corpus
948 4213 1113 4261 unum
1125 4207 1229 4268 est,
1249 4206 1303 4261 et
1326 4197 1567 4257 membra
1583 4194 1747 4259 habet
1769 4193 2165 4269 multa,'o_mn,ia

566 4302 749 4348 autem
777 4291 1015 4354 membra
1040 4289 1289 4367 corporis
1307 4303 1429 4343 cum
1453 4287 1563 4351 sint
1590 4285 1777 4352 multa,
1796 4301 1960 4342 unum
1993 4296 2169 4342 tamen

2272 3364 2331 3415 ut
2382 3363 2596 3417 montes
2645 3354 2986 3422 transferam,
3019 3354 3342 3418 charitatem
3394 3364 3589 3415 autem
3631 3368 3738 3413 non
3789 3352 3879 3409 ha-

2273 3448 2466 3517 huero,
2487 3448 2622 3511 nihil
2640 3464 2781 3507 sum.
2804 3447 2876 3504 Et
2896 3448 2941 3504 si
2967 3448 3300 3509 distribuere
3316 3449 3377 3506 in
3397 3449 3557 3509 cibos
3585 3460 3873 3520 pauperum

2271 3556 2462 3603 omnes
2488 3541 2772 3605 facultates
2802 3555 2975 3611 meas,
3003 3551 3057 3601 et
3085 3542 3133 3597 si
3165 3541 3447 3603 tradidero
3475 3554 3686 3613 corpus
3706 3552 3877 3597 meum

2271 3635 2344 3693 ita
2379 3643 2434 3697 ut
2465 3634 2691 3693 ardeam
2737 3632 2871 3708 [M3,
2921 3633 3151 3708 ardeat],
3190 3634 3524 3698 charitatem
3571 3640 3753 3693 autem
3775 3646 3874 3689 non

2272 3730 2544 3803 habuero,
2596 3729 2728 3791 nihil
2762 3730 2892 3787 mihi
2947 3730 3192 3801 prodest.
3233 3729 3501 3795 Charitas
3530 3730 3747 3803 patiens
3777 3734 3874 3791 est.

2273 3825 2505 3897 benigna
2536 3836 2651 3889 est:
2684 3823 2933 3887 Charitas
2959 3841 3069 3887 non
3109 3825 3425 3893 animatur,
3459 3839 3570 3899 non
3615 3823 3727 3894 agit
3761 3834 3873 3891 por~

2274 3933 2484 3987 ueram,
2511 3933 2619 3979 non
2670 3918 2908 3983 iuuatur,
2942 3934 3051 3981 non
3081 3926 3167 3975 est
3203 3918 3520 3983 ambitiosa,
3552 3931 3659 3979 non
3692 3911 3874 3986 quaerit

2272 4026 2394 4081 qum
2423 4025 2518 4067 sua
2547 4019 2694 4082 sunt,
2719 4026 2826 4068 nou
2847 4010 3117 4077 irritatur,
3143 4026 3252 4069 non
3283 4011 3491 4083 cogitat
3512 4009 3737 4078 malum,
3771 4019 3870 4065 non

2273 4101 2473 4173 gaudet
2508 4117 2672 4174 super
2702 4100 3021 4174 iniquitate,
3054 4100 3360 4175 cong‘andet
3405 4113 3597 4165 autem
3629 4098 3869 4159 veritati:

2274 4197 2455 4253 omnia
2470 4193 2682 4264 suffert,
2698 4193 2879 4251 omnia
2893 4195 3091 4269 credit,
3115 4197 3297 4255 omnia
3321 4205 3534 4269 sperat,
3558 4194 3737 4253 omnia
3757 4205 3870 4246 sus-

2275 4288 2430 4351 tinet.
2455 4288 2704 4347 Charitas
2732 4302 3024 4360 numquam
3045 4288 3400 4359 excidit,sive
3421 4287 3727 4360 prophetia:
3745 4297 3865 4343 eva-

566 4393 901 4459 corpussunt
925 4400 938 4439 :
964 4380 1384 4441 itaetChristus.
1404 4379 1617 4436 Etenim
1638 4380 1689 4445 in
1707 4394 1816 4436 uno
1837 4378 2038 4451 Spiritu
2055 4394 2173 4436 om-
2274 4379 2594 4448 cuabuntur,
2647 4381 2762 4438 sive
2788 4381 2983 4466 lingua:
3011 4381 3323 4452 cessabunt,
3353 4382 3474 4443 sive
3509 4380 3736 4441 scicntia
3775 4372 3865 4433 de—

565 4490 669 4533 nes
699 4488 798 4531 nos
826 4474 880 4528 in
912 4490 1074 4529 unum
1094 4488 1292 4547 corpus
1313 4470 1571 4546 baptizati
1595 4487 1802 4541 sumus,
1829 4472 1945 4528 sive
1973 4470 2169 4545 Judaei,

2275 4483 2535 4535 struetur.
2552 4474 2630 4533 Ex
2655 4485 2809 4547 parte
2826 4474 2971 4537 enim
2983 4476 3382 4546 cognoscimus,
3413 4483 3470 4535 et
3491 4489 3562 4533 ex
3585 4481 3734 4544 parte
3759 4484 3866 4540 pro-

564 4568 684 4623 sive
710 4566 959 4637 gentiles,
980 4565 1091 4622 sive
1112 4566 1277 4632 servi,
1301 4567 1417 4621 sive
1436 4564 1593 4627 liberi
1622 4580 1638 4621 :
1665 4574 1716 4620 et
1734 4578 1924 4619 omnes
1944 4572 1966 4601 η
1989 4563 2042 4619 ἰη
2067 4578 2173 4618 uno
2202 4632 2241 4640 _
2278 4566 2584 4639 phetamus.
2614 4567 2750 4629 Cum
2795 4577 2974 4631 autem
3006 4568 3215 4627 venerit
3243 4568 3385 4639 quod
3418 4567 3719 4640 perfectum
3764 4571 3861 4628 est,

566 4632 772 4729 Spiriiu
803 4632 967 4728 potati
996 4672 1202 4713 sumus.
1248 4656 1383 4713 Nam
1414 4665 1471 4712 et
1508 4670 1708 4728 corpus
1754 4670 1861 4717 non
1893 4664 1977 4711 est
2001 4671 2168 4710 unum
2202 4632 2254 4703 ο
2277 4632 2633 4723 evacttabitur
2656 4661 2800 4733 quod
2822 4676 2887 4719 ex
2918 4669 3071 4739 parte
3098 4670 3197 4725 est.
3226 4632 3361 4719 Cum
3596 4654 3859 4731 parvulus,

568 4753 900 4822 membrum,
930 4751 1027 4808 sed
1057 4752 1243 4807 multa.
1267 4750 1322 4807 Si
1354 4750 1552 4807 dixerit
1579 4764 1675 4831 pes
1713 4768 1726 4805 :
1758 4748 2027 4818 Quoniam
2060 4764 2169 4813 non

570 4861 692 4904 sum
718 4859 935 4917 manus,
960 4859 1066 4900 non
1094 4860 1212 4900 sum
1242 4843 1312 4901 de
1340 4859 1571 4915 corpore
1598 4860 1613 4898 :
1649 4859 1777 4899 num
1808 4844 1930 4909 ideo
1954 4859 2060 4903 non
2089 4854 2173 4899 est

571 4941 642 4997 de
668 4940 949 5010 corpore?
981 4940 1047 4995 Et
1085 4941 1130 4996 si
1159 4939 1360 5004 dixerit
1393 4939 1542 4995 auris
1573 4957 1586 4994 :
1614 4938 1881 5008 Quoniam
1917 4953 2023 4993 non
2050 4952 2168 4992 sum

574 5033 789 5095 oculus.
819 5047 927 5088 non
951 5045 1069 5088 sum
1099 5030 1167 5089 de
1206 5045 1476 5102 corpore:
1521 5047 1647 5087 num
1688 5031 1824 5087 rideo
1853 5048 1959 5086 non
1992 5034 2077 5087 est
2103 5032 2172 5087 de

570 5125 845 5196 corpore?
874 5123 933 5182 Si
973 5133 1142 5183 totum
1187 5137 1387 5203 corpus
1416 5123 1605 5180 oculus
1638 5142 1651 5179 :
1705 5123 1795 5180 ubi
1820 5123 2082 5179 auditus?
2109 5122 2167 5180 Si

572 5231 746 5278 totum
777 5222 995 5289 auditus
1031 5240 1044 5275 :
1095 5220 1187 5278 ubi
1236 5219 1543 5275 odoratus?
1581 5218 1737 5275 Nunc
1777 5228 1957 5274 autem
1990 5218 2169 5289 posuit

573 5315 720 5371 Deus
747 5315 1011 5386 membra,
1038 5314 1461 5395 unumquodque
1476 5328 1667 5370 eorum
1692 5313 1746 5369 in
1768 5327 2006 5384 corpore
2026 5311 2170 5371 sicut

581 5406 774 5460 voluit.
805 5405 962 5477 Quod
993 5408 1039 5463 si
1071 5416 1256 5463 essent
1284 5407 1469 5461 omnia
1515 5420 1686 5461 unum
1719 5405 2045 5471 membrum,
2076 5405 2167 5462 ubi

575 5498 818 5568 corpus?
843 5498 998 5556 Nunc
1039 5508 1221 5557 autem
1254 5501 1422 5555 multa
1451 5493 1670 5572 quidem
1703 5498 1971 5570 membra,
2002 5516 2171 5557 unum

570 5597 757 5646 autem
784 5605 1005 5662 corpus.
1036 5590 1156 5648 Non
1182 5600 1358 5664 potest
1386 5598 1565 5647 autem
1613 5590 1807 5648 oculus
1833 5590 2019 5649 dicere
2051 5607 2170 5649 ma-

649 5741 677 5777 ι
714 5733 905 5791 Active
944 5733 1165 5805 propius
1190 5733 1383 5791 Graeco
1422 5732 1592 5792 textui
1619 5731 1899 5805 Palatinus
1938 5731 2170 5805 marha-

574 5805 695 5929 bet6
714 5820 872 5858 unum
899 5802 1141 5871 spiritum
1178 5806 1494 5877 poterimus,
1552 5814 1681 5869 etc.,
1720 5802 1771 5859 εν
1809 5810 2012 5876 πνεῦμα
2050 5804 2164 5861 ἕπο-

579 5897 666 5933 τισ
702 5895 843 5948 opus.

2276 4753 2538 4833 loquebar
2551 4763 2608 4815 ut
2625 4754 2898 4829 parvulus,
2912 4754 3185 4826 sapiehum
3202 4762 3260 4815 ut
3272 4753 3555 4826 parvulus,
3571 4747 3860 4821 cogitabam

2277 4854 2336 4902 ut
2357 4848 2634 4923 parvulus.
2662 4846 2893 4916 Quando
2921 4857 3104 4911 autem
3131 4848 3302 4907 factus
3330 4863 3452 4912 sum
3485 4848 3587 4917 vir,
3619 4838 3859 4902 evacuavi
3956 4852 3961 4859 '

2275 4956 2396 5013 qna!
2422 4948 2577 5003 erant
2605 4942 2832 5013 parvuli.
2870 4940 3127 4999 Videnms
3176 4958 3321 5001 nunc
3346 4957 3444 5015 per
3489 4939 3763 5014 speculum
3812 4935 3858 4991 in

2277 5035 2591 5106 aenigmate:
2609 5044 2733 5097 tunc
2753 5046 2932 5093 autem
2954 5037 3090 5094 facie
3111 5039 3175 5095 ad
3199 5037 3412 5097 faciem.
3430 5039 3583 5099 Nunc
3603 5045 3859 5107 cognosco

2276 5142 2343 5184 ex
2368 5137 2517 5205 parte
2536 5146 2548 5189 :
2568 5140 2691 5193 tunc
2705 5138 2884 5186 autem
2896 5145 3220 5204 cognoscam
3239 5133 3446 5192 sicutet
3459 5132 3702 5205 cognitus
3722 5141 3853 5182 sum.

2273 5220 2426 5287 Nunc
2446 5232 2628 5289 autem
2652 5232 2893 5293 manent,
2927 5225 3081 5291 tidcs,
3111 5239 3257 5299 spes,
3286 5226 3543 5297 charitas,
3575 5225 3671 5282 tria
3703 5222 3852 5285 hinc:

2276 5316 2450 5388 major
2486 5327 2669 5385 autem
2690 5317 2887 5379 horum
2912 5329 2993 5383 est
3008 5321 3265 5385 charitas.

2349 5408 2687 5486 [ϐαμχιγς]
2716 5410 3019 5475 Sectsmini
3045 5412 3393 5482 charitatem.
3419 5410 3732 5475 aemulamini
3752 5402 3853 5476 spi-

2274 5503 2448 5569 ritalia
2476 5523 2489 5561 :
2525 5507 2698 5585 magis
2722 5513 2908 5569 autem
2937 5516 2996 5563 ut
3022 5508 3376 5580 propltetetis.
3402 5510 3507 5577 Qui
3531 5507 3670 5565 enim
3691 5500 3853 5571 loquic

2273 5604 2362 5661 tur
2391 5596 2597 5679 lingua,
2619 5613 2729 5665 non
2755 5598 3070 5667 hominibus
3099 5601 3362 5674 loquitur,
3389 5603 3486 5661 sed
3518 5603 3659 5659 Deo:
3694 5604 3841 5651 nemo

2347 5731 2379 5775 δ
2401 5733 2586 5792 Nescit
2614 5735 2890 5793 Palatinus
2920 5752 3021 5792 ms.
3062 5739 3251 5803 verba,
3282 5736 3724 5804 interpretationes
3750 5742 3845 5781 ser-

2276 5821 2510 5875 monum,
2528 5822 2651 5879 qua)
2679 5821 2733 5865 et
2766 5812 2870 5866 rari
2896 5825 2927 5868 e
2955 5810 3167 5869 Graecis,
3194 5826 3325 5866 mss.
3353 5810 3570 5869 habent.
