4128 6330
323 341 429 398 757

1006 386 1015 398 .
1102 333 1442 394 EPISTOLA
1482 336 1542 394 Β.
1589 335 1794 398 PAULI
1835 335 2175 398 APUS’I‘OLI
2217 335 2312 398 AD
2349 333 2762 396 οοιιιΝΤιιιυδ
2801 335 2840 390 1.

3518 331 3624 393 758

321 456 472 515 enim
512 450 682 512 audit.
727 448 936 524 Spiritu
975 457 1158 510 autem
1199 448 1436 521 loquitur
1463 446 1744 522 tnySteria.
1789 447 1922 509 Nam
1952 453 1998 520 Λ
2025 445 2462 518 judicent.Quod
2489 446 2537 502 si
2563 445 2654 506 alii
2686 444 2991 509 revelatum
3018 444 3186 506 fuerit
3213 445 3445 512 sedenti,
3478 447 3627 516 prior

323 549 420 622 qui
449 545 757 622 prophetat,
786 541 1101 604 hominibus
1126 541 1365 612 loquitur
1387 541 1453 602 ad
1483 541 1924 622 aedificationem,

322 652 384 704 et
435 637 871 696 exhortationem
897 678 912 706 ,
961 645 1014 691 et
1060 635 1514 696 consolationem.
1547 634 1649 702 Qui
1689 633 1928 704 loquitur

328 732 539 804 lingua,
569 729 922 799 semetipsum
950 726 1182 783 :edilicat
1215 743 1228 787 ;
1273 727 1362 800 qui
1401 734 1582 786 autem
1618 726 1926 802 prophetat,

325 823 631 884 Ecclesiam
665 831 689 859 α
722 821 815 880 Dei
848 819 1101 876 aedificat.
1128 819 1261 880 Volo
1301 829 1484 882 autem
1506 835 1696 881 omnes
1721 835 1819 882 vos
1848 820 1930 882 ιο,

324 917 425 992 qui
468 916 695 989 linguis,
751 915 924 985 magis
963 925 1142 974 autem
1190 913 1537 986 prophetare.
1576 914 1711 977 Nam
1755 914 1930 986 major

321 1019 409 1073 est
453 1011 542 1083 qui
574 1005 882 1082 pr0phetat,
923 1024 1084 1086 quant
1106 1011 1204 1080 'qtti
1258 1009 1498 1082 loquitur
1537 1009 1776 1081 linguis;
1823 1010 1929 1066 nisi

321 1102 467 1161 forte
496 1099 625 1177 [Μδ.
659 1101 786 1156 add.
815 1099 895 1173 ut]
927 1101 1347 1174 interpretetur,
1384 1112 1438 1158 ut
1480 1101 1722 1161 Ecclesia
1751 1101 1925 1160 todill-

320 1197 594 1254 cationetu
636 1195 890 1268 accipiat.
921 1193 1072 1250 Nunc
1117 1205 1332 1265 autem,
1365 1193 1606 1262 fratres,
1637 1196 1680 1250 si
1729 1209 1930 1252 venero

320 1293 392 1347 ad
419 1306 517 1347 vos
545 1290 744 1362 linguis
778 1292 1028 1360 loquens,
1057 1289 1186 1365 quid
1213 1290 1364 1348 vobis
1394 1289 1661 1364 pt‘odero,
1705 1290 1807 1348 nisi
1837 1306 1930 1348 v0-

319 1387 408 1444 bis
435 1386 626 1459 loquar
655 1383 831 1451 autin
867 1383 1222 1454 revelatione,
1256 1394 1349 1442 aut
1380 1385 1430 1440 in
1460 1383 1711 1450 scientia,
1754 1395 1847 1440 aut
1875 1385 1929 1446 in

323 1479 637 1554 prophetia,
669 1489 760 1534 aut
792 1478 845 1534 in
883 1477 1172 1537 doctrina?
1214 1478 1419 1540 Tamen
1452 1493 1573 1550 qua:
1605 1479 1722 1539 sine
1749 1479 1929 1542 anima

328 1584 459 1630 sunt
488 1587 677 1628 vocem
710 1571 914 1640 dantia,
946 1571 1062 1630 sive
1089 1571 1240 1641 tibia,
1270 1572 1386 1630 sive
1427 1569 1653 1641 cithara,
1685 1571 1790 1628 nisi
1821 1571 1930 1629 dis.

319 1663 642 1722 tinctionem
692 1662 964 1720 sonituum
998 1661 1276 1734 dederint,
1321 1662 1593 1732 quomodo
1633 1664 1835 1720 scietur
1877 1662 1929 1718 id

319 1757 468 1829 quod
494 1755 728 1824 canitur,
756 1766 849 1811 aut
888 1753 1031 1827 quod
1076 1754 1476 1814 citharizatur?
1518 1755 1728 1815 Etenim
1762 1757 1805 1810 si
1846 1757 1931 1813 in-

2033 549 2228 600 taceat.
2274 539 2508 600 Potestis
2538 539 2685 600 enim
2716 554 2909 599 omnes
2937 553 3032 610 per
3059 538 3298 610 singulos
3329 539 3624 609 prottheta-

2030 647 2120 693 re:
2151 642 2209 692 ιιι
2238 646 2426 694 omnes
2458 631 2690 699 discant,
2715 641 2769 688 et
2792 646 2984 690 omnes
3012 622 3402 691 exhortentur:
3433 641 3487 688 et
3513 631 3624 700 spi-

2029 725 2168 786 ritus
2191 724 2576 796 prophetarutn
2599 725 2880 796 prophetis
2907 725 3136 794 subjecti
3163 732 3308 779 sunt.
3332 723 3449 780 Non
3477 726 3619 787 enim

2030 827 2114 881 est
2139 815 2498 878 dissensionis
2526 816 2692 884 Deus,
2715 817 2809 878 sed
2840 819 3017 888 pacis:
3047 818 3189 874 sicut
3213 825 3268 874 et
3290 818 3342 873 in
3373 818 3624 876 omnibus

2031 909 2293 972 Ecclesiis
2323 920 2637 969 sanctorum
2667 910 3148 972 doceo.-Muliercs
3180 913 3233 969 in
3262 911 3521 967 Eeclesiis
3555 920 3626 970 ιιι.

2029 1013 2209 1072 eeant,
2243 1017 2349 1060 non
2396 1004 2539 1064 enim
2580 1003 2911 1073 permittitur
2940 1003 3018 1060 eis
3057 1003 3227 1076 loqui.
3259 1004 3354 1060 sed
3382 1002 3626 1059 subditas

2031 1111 2173 1162 esse,
2204 1098 2343 1154 sicut
2371 1104 2426 1154 et
2455 1096 2537 1152 lex
2570 1095 2722 1154 dicit.
2757 1096 2813 1154 Si
2852 1097 2978 1168 quid
3010 1107 3186 1153 autem
3223 1097 3410 1154 volunt
3449 1096 3628 1152 disces

2032 1205 2110 1255 re,
2142 1189 2286 1250 domi
2313 1188 2459 1248 viros
2491 1203 2617 1244 suos
2647 1189 3200 1260 interrogent.'l'ttrpe
3219 1200 3303 1248 est
3331 1190 3474 1252 enim
3507 1207 3625 1246 mu.

2032 1282 2150 1344 lieri
2196 1282 2339 1356 loqui
2364 1283 2414 1337 in
2448 1283 2712 1345 Ecclesia.
2757 1287 2838 1342 An
2864 1299 2892 1344 a
2924 1284 3078 1342 vobis
3109 1284 3334 1343 verbum
3369 1285 3460 1340 Dei
3500 1299 3627 1355 νικος

2031 1377 2231 1438 cessit?
2265 1385 2355 1440 aut
2401 1377 2453 1436 in
2488 1391 2585 1434 vos
2628 1378 2775 1433 solos
2808 1379 3054 1448 pervenit
3087 1378 3110 1432 ?
3151 1377 3210 1438 Si
3249 1378 3369 1448 quis
3414 1378 3629 1440 videtur

2031 1473 2295 1548 propheta
2325 1487 2468 1542 esse,
2501 1482 2594 1528 aut
2623 1471 2948 1544 spiritualis,
2977 1481 3270 1544 cognoscat
3296 1487 3418 1543 quas
3448 1473 3628 1528 scribo

2030 1566 2221 1634 vobis,
2261 1565 2384 1640 quia
2417 1565 2630 1628 Domini
2680 1574 2806 1628 sunt
2864 1565 3136 1628 mandata,
3178 1566 3235 1626 Si
3287 1568 3407 1638 quis
3445 1578 3626 1628 autem

2029 1661 2284 1732 ignorat,
2336 1660 2692 1734 ignorabitur.
2752 1661 2958 1733 Itaque,
3007 1660 3246 1731 fratres,
3295 1662 3626 1722 temttlantiul

2031 1755 2356 1825 prophetare
2382 1771 2398 1814 :
2427 1764 2479 1812 et
2507 1754 2653 1827 loqui
2681 1754 2876 1824 linguis
2906 1754 3074 1813 nolite
3094 1755 3408 1826 prohibere.
3433 1756 3627 1811 Omnia

319 1859 530 1908 certam
563 1865 751 1906 vocem
789 1849 879 1905 det
912 1849 1058 1920 tuba,
1103 1850 1222 1922 quis
1253 1848 1467 1922 parabit
1496 1864 1554 1904 se
1585 1849 1650 1906 ad
1692 1849 1926 1912 bellum?
1959 1844 2006 1912 Β
2033 1858 2210 1906 autem
2243 1849 2491 1916 honeste,
2516 1856 2572 1904 et
2597 1848 2892 1908 secundum
2919 1847 3164 1910 ordinem
3189 1848 3339 1910 ﬁant.

317 1943 400 2007 Ita
432 1955 488 2001 et
517 1961 611 2001 vos
654 1961 748 2017 per
780 1945 1022 2016 linguam
1064 1944 1170 2000 nisi
1221 1943 1569 2004 manifestum
1620 1960 1928 2006 sermonem

321 2037 630 2096 dederitis:
682 2037 956 2109 quomodo
986 2036 1191 2094 scietur
1231 2035 1286 2092 id
1315 2036 1456 2106 quod
1483 2036 1681 2096 dicitur
1711 2038 1733 2092 ?
1782 2039 1932 2096 eritis

322 2131 471 2188 enim
505 2130 558 2186 in
583 2145 710 2186 aera
741 2129 1047 2202 loquentes.
1079 2129 1212 2186 Tam
1241 2129 1433 2200 multa,
1461 2137 1518 2190 ut
1546 2139 1695 2206 puta,
1729 2146 1928 2202 genera

321 2227 635 2298 linguarum
677 2233 802 2279 sunt
832 2223 886 2279 in
920 2224 1022 2278 hoc
1075 2223 1318 2284 mundo:
1372 2232 1425 2278 et
1477 2224 1608 2282 nihil
1651 2223 1769 2282 sine
1799 2239 1931 2280 voce

325 2327 432 2374 est.
457 2317 513 2373 Si
543 2332 672 2389 ergo
703 2317 950 2372 nesciero
981 2315 1236 2372 virtutem
1269 2315 1439 2384 vocis,
1473 2330 1568 2370 cro
1615 2316 1687 2385 ci,
1734 2316 1819 2376 cui
1852 2316 1932 2372 lo-

323 2427 489 2483 quor,
511 2411 828 2473 barbarus:
858 2419 911 2466 et
951 2410 1041 2486 qui
1073 2410 1333 2481 loquitur.
1361 2407 1494 2467 mihi
1523 2403 1807 2466 barbarus.
1841 2409 1930 2468 Sic

323 2514 383 2560 et
406 2521 524 2570 vos,
554 2505 808 2576 quoniam
839 2505 1186 2562 aemulatores
1210 2505 1341 2560 estis
1373 2504 1684 2574 spirituum,
1711 2504 1776 2560 ad
1803 2504 1932 2562 mdiv

323 2601 638 2658 ficatiunem
677 2599 936 2656 Ecclesiae
958 2600 1188 2671 quaerite
1213 2643 1226 2668 ,
1269 2607 1327 2658 ut
1354 2599 1661 2658 abundctis.
1699 2600 1764 2660 Et
1806 2601 1930 2662 ideo

322 2694 418 2766 qui
474 2693 712 2765 loquitur
760 2693 979 2765 lingua,
1027 2703 1144 2750 oret
1176 2702 1234 2750 ut
1267 2693 1674 2764 interpretetur.
1703 2693 1836 2756 Nam
1883 2697 1928 2760 si

324 2803 478 2844 orem
509 2788 714 2860 lingua,
757 2790 982 2862 spiritus
1022 2805 1174 2845 meus
1222 2798 1362 2855 orat,
1408 2805 1561 2848 mens
1589 2800 1767 2850 autem
1810 2807 1928 2853 mea

324 2884 446 2942 sine
475 2883 649 2939 fructu
679 2895 783 2940 est.
808 2883 947 2956 Quid
962 2899 1091 2954 ergo
1109 2884 1227 2940 est?
1247 2882 1425 2940 Orabo
1448 2884 1661 2955 spiritu.
1686 2884 1854 2946 orabo
1875 2893 1932 2948 et

325 2990 512 3035 mente
539 2996 552 3033 :
587 2977 808 3051 psallam
841 2979 1058 3050 Spiritu,
1086 2979 1314 3051 psallam
1343 2987 1399 3036 et
1430 2988 1630 3036 mente.
1656 2977 1927 3044 (Steterunt

326 3073 374 3130 si
419 3073 770 3130 benedixeris
809 3074 1042 3146 spiritu:
1092 3075 1181 3145 qui
1232 3074 1448 3148 supplet
1498 3074 1674 3130 locum
1725 3073 1926 3142 idiotas,

326 3170 604 3238 quomodo
641 3167 806 3238 dicet,
837 3167 1036 3234 Amen,
1078 3183 1241 3240 super
1271 3178 1413 3224 tuam
1448 3169 1929 3230 benedictionem?

328 3260 582 3332 quoniam
612 3259 740 3332 quid
779 3260 959 3329 dicas,
1005 3261 1196 3322 nescit.
1239 3260 1374 3317 Nam
1428 3271 1480 3320 tu
1531 3261 1745 3332 quidem
1788 3261 1928 3324 bene

326 3354 533 3426 gratias
563 3354 711 3427 agis,
744 3354 840 3415 sed
889 3355 1028 3412 alter
1073 3371 1176 3411 non
1221 3354 1541 3414 aediﬁcatur.
1583 3354 1796 3414 Gratias
1827 3371 1929 3426 ago

330 3446 443 3501 Deo
472 3462 619 3516 meo,
645 3447 788 3518 quod
817 3447 1060 3510 omnium
1091 3456 1328 3504 vestrum
1366 3448 1552 3518 lingua
1584 3447 1802 3520 loquor.
1823 3447 1930 3506 Sed

328 3541 385 3600 in
409 3542 651 3600 Ecclesia
683 3542 812 3600 Volo
843 3543 1080 3615 quinque
1109 3543 1269 3604 verba
1301 3556 1464 3602 sensu
1511 3556 1634 3602 meo
1671 3540 1840 3614 loqui,
1870 3549 1932 3602 ut

328 3646 386 3694 et
414 3637 556 3694 alios
587 3638 851 3698 instruam
887 3655 900 3694 :
933 3653 1092 3710 quam
1134 3637 1319 3698 decem
1362 3636 1529 3698 millia
1561 3635 1848 3700 verborum
1875 3633 1928 3690 in

327 3731 537 3802 lingua.
566 3731 807 3798 Fratres,
842 3731 1008 3789 nolite
1039 3732 1189 3803 pueri
1222 3730 1358 3788 effici
1388 3729 1661 3796 sensibus,
1693 3729 1788 3794 sed
1819 3744 1933 3788 ma~

329 3825 446 3881 lilia
487 3827 695 3898 parvuli
735 3835 943 3884 estote:
977 3828 1228 3890 sensibus
1252 3835 1432 3890 autem
1466 3825 1692 3900 perfecti
1733 3835 1926 3884 estote.

329 3917 389 3975 ιη
422 3918 545 3986 lege
572 3919 833 3990 scriptum
857 3927 941 3980 est
969 3938 981 3980 :
1023 3919 1289 3990 Quoniam
1321 3918 1376 3974 in
1407 3919 1530 3974 aliis
1555 3919 1751 3989 linguis
1774 3929 1830 3974 et
1854 3918 1929 3978 la~

330 4010 434 4066 biis
461 4011 586 4073 aliis
637 4013 830 4084 loquar
860 4014 1061 4086 populo
1092 4013 1216 4070 huic
1242 4032 1254 4068 :
1303 4022 1358 4076 et
1402 4029 1501 4072 nec
1531 4014 1608 4068 sic
1635 4012 1933 4070 cxaudient

333 4119 442 4167 me,
477 4103 614 4159 dicit
660 4106 938 4166 Dominus.
987 4105 1173 4176 Itaque
1221 4105 1418 4176 lingua:
1467 4106 1519 4161 in
1563 4105 1776 4176 signum
1807 4113 1934 4162 sunt

333 4211 443 4251 non
475 4195 745 4266 ﬁdelibus,
779 4198 870 4254 sed
902 4197 1252 4262 inﬁdelibus:
1287 4196 1589 4269 prophetiae
1618 4206 1796 4260 autem
1824 4213 1930 4258 non

330 4290 668 4361 infidelibus,
696 4290 790 4348 sed
821 4291 1092 4353 ﬁdelibus.
1118 4291 1173 4346 Si
1206 4306 1337 4363 ergo
1365 4291 1654 4371 conveniat
1682 4290 1930 4354 universa

332 4384 578 4442 Ecclesia
603 4386 656 4442 in
678 4401 866 4458 unum,
890 4395 942 4442 et
967 4400 1160 4444 omnes
1177 4386 1373 4458 linguis
1398 4387 1707 4457 loquantur,
1735 4386 1936 4450 intrent

333 4487 516 4534 autem
545 4477 748 4547 idiota,
779 4489 871 4534 aut
892 4478 1166 4536 infideles:
1199 4493 1377 4542 nonne
1399 4479 1581 4535 dicent
1611 4478 1758 4550 quod
1785 4479 1930 4553 iusa-

334 4573 500 4628 nitis?
529 4573 582 4636 Si
608 4581 785 4635 autem
809 4589 1002 4632 omnes
1036 4576 1378 4646 prophetent,
1412 4575 1575 4630 intret
1599 4583 1781 4634 autem
1812 4573 1934 4646 quis

337 4663 599 4739 inﬁdelis,
628 4666 709 4729 vel
744 4665 934 4732 idiota,
966 4666 1304 4730 convincitur
1331 4666 1398 4722 ab
1426 4666 1698 4732 omnibus,
1739 4665 1932 4735 dijudi-

336 4770 490 4822 catur
539 4759 607 4813 ab
647 4761 898 4820 omnibus
934 4778 945 4814 :
998 4761 1210 4816 occulta
1261 4760 1444 4818 cordis
1488 4759 1605 4838 ejus
1644 4759 1932 4823 manifesta

340 4852 494 4920 fiunt,
513 4862 567 4907 et
590 4854 662 4908 ita
686 4854 887 4912 cadens
910 4857 962 4912 in
989 4855 1183 4911 faciem
1211 4855 1456 4910 adorabit
1484 4855 1672 4922 Deum,
1696 4870 1934 4926 pronun-

341 4946 482 5001 tians
515 4947 660 5018 quod
705 4963 832 5008 vere
879 4949 1022 5006 Deus
1076 4950 1128 5008 in
1161 4949 1311 5004 vobis
1339 4949 1429 5004 sit.
1485 4947 1626 5016 Quid
1657 4965 1786 5019 ergo
1833 4959 1936 5016 est,

342 5037 578 5093 fratres?
597 5053 720 5094 cum
747 5041 1048 5102 convenitis
1075 5082 1088 5104 ,
1123 5041 1492 5112 unusquisque
1523 5050 1758 5104 vestrum
1793 5043 1935 5112 psal-

343 5147 488 5186 mum
533 5131 720 5200 habet,
759 5131 1056 5197 doctrinam
1103 5133 1292 5199 habet,
1336 5135 1700 5208 apocalypsim
1745 5135 1936 5202 habet,

345 5222 585 5294 linguam
621 5224 811 5291 habet,
853 5227 1358 5298 interpretationettt
1411 5228 1607 5283 habet:
1664 5229 1842 5292 omnia
1874 5231 1937 5286 ad

325 5316 758 5373 'tediftcationem
789 5318 1081 5376 fiant.Sive
1106 5319 1284 5391 lingua
1311 5321 1432 5394 quis
1458 5321 1714 5389 IOquilur,
1747 5337 1945 5380 secun-

347 5407 470 5463 dutn
519 5409 685 5480 duos,
738 5420 829 5466 aut
872 5421 931 5466 ut
968 5413 1195 5467 multum
1230 5423 1375 5478 tres,
1431 5421 1488 5468 et
1512 5429 1608 5484 per
1639 5423 1854 5484 partes,
1890 5424 1946 5471 et

346 5517 487 5557 unus
527 5503 935 5573 interpretetur.
979 5506 1035 5560 Si
1072 5516 1252 5560 autem
1299 5523 1404 5562 non
1447 5508 1607 5562 luerit
1649 5508 1936 5578 interpres,

348 5605 524 5652 taceat
576 5599 629 5654 in
682 5599 928 5656 Ecclesia
957 5643 971 5663 ,
1014 5601 1113 5656 sibi
1157 5611 1336 5657 autem
1375 5602 1662 5672 lnquatur,
1704 5612 1760 5659 et
1806 5603 1940 5661 Deo.

347 5687 638 5760 PrOphetre
665 5701 843 5747 autem
884 5692 1013 5762 duo,
1047 5701 1138 5749 aut
1170 5703 1280 5749 tres
1311 5693 1513 5760 dicant,
1550 5703 1605 5750 et
1643 5677 1826 5751 cretcri
1865 5696 1946 5751 di-

423 5835 449 5864 ε
482 5826 690 5883 Nomen
727 5827 842 5894 Dei,
875 5829 1018 5898 quod
1054 5839 1112 5886 et
1143 5829 1194 5884 in
1223 5828 1414 5884 Greco
1444 5829 1640 5885 reticet
1676 5836 1860 5897 textu,
1891 5829 1946 5884 in

351 5898 600 5958 Palatino
635 5917 740 5957 ms.
774 5915 882 5956 non
920 5910 1024 5959 est.

1999 5487 2005 5492 ’
2049 5493 2374 5554 resurrectio
2419 5503 2776 5547 mortuorum.

2108 1939 2258 2011 [_Cap.
2302 1937 2442 2012 XV.]
2494 1939 2688 1996 Notum
2737 1948 2921 2000 autem
2963 1939 3116 1998 vobis
3165 1937 3346 2006 facio,
3399 1938 3625 2008 fratres,

2034 2032 2414 2103 Evangelium,
2447 2031 2591 2102 quod
2620 2031 2912 2102 prtedieavi
2934 2032 3092 2087 vobis
3115 2073 3130 2100 ,
3160 2034 3302 2102 quod
3330 2042 3386 2089 et
3408 2033 3629 2103 accepi.

2034 2124 2155 2188 stis,
2188 2124 2240 2176 in
2275 2137 2381 2192 quo
2403 2133 2456 2178 et
2482 2123 2659 2192 statis,
2694 2141 2788 2194 per
2819 2123 2961 2194 quod
2985 2125 3339 2186 etsalvamini
3369 2144 3380 2180 :
3413 2142 3518 2196 qua
3540 2141 3629 2182 re,
3727 2139 3730 2143 ‘

2035 2217 2179 2273 tione
2236 2216 2640 2292 pra-dicaverint
2689 2210 2884 2286 vehis,
2929 2219 2974 2282 si
3029 2217 3258 2286 tenetis,
3302 2221 3402 2276 nisi
3432 2219 3630 2276 frustra

2031 2312 2334 2375 credidisti.
2377 2311 2598 2372 Tradidi
2648 2311 2795 2368 enim
2844 2312 2996 2370 vobis
3043 2314 3096 2374 in
3148 2314 3371 2383 primis,
3404 2316 3634 2384 quodet

2031 2407 2214 2476 accepi
2244 2425 2256 2460 :
2306 2406 2562 2478 quoniam
2602 2406 2849 2468 Christus
2889 2415 3134 2471 mortuus
3159 2415 3243 2468 est
3271 2423 3367 2478 pro
3396 2409 3634 2477 peccatis

2032 2499 2234 2556 nostris
2255 2497 2554 2558 secundum
2583 2497 2915 2568 Seripturas,
2942 2508 2998 2554 et
3019 2499 3146 2566 quia
3169 2499 3417 2569 sepultus
3443 2509 3548 2566 est,
3577 2510 3633 2555 et

2031 2594 2154 2666 quia
2209 2593 2508 2653 resurrexit
2552 2593 2708 2654 tertia
2740 2592 2831 2656 die
2871 2592 3171 2655 secundum
3204 2593 3628 2664 Scripturasmt

2030 2687 2156 2757 quia
2189 2686 2334 2749 visus
2363 2697 2446 2746 est
2469 2685 2691 2758 (Iephte,
2721 2696 2774 2742 et
2804 2697 2926 2757 post
2957 2687 3061 2742 hoc
3093 2685 3342 2747 undecim
3369 2704 3382 2740 :
3421 2686 3624 2742 Deinde

2030 2782 2178 2842 visus
2215 2789 2298 2844 est
2337 2781 2462 2852 plus
2499 2796 2660 2851 quam
2692 2779 3006 2852 quingentis
3033 2780 3291 2838 fratribus
3321 2780 3482 2836 simul
3511 2798 3524 2836 :
3557 2796 3625 2837 ex

2031 2874 2227 2946 quibus
2282 2873 2437 2930 multi
2493 2881 2713 2934 manent
2753 2889 2924 2944 usque
2978 2874 3155 2936 adhuc
3189 2916 3204 2942 ,
3262 2874 3480 2946 quidam
3535 2891 3632 2930 an,

2031 2977 2138 3030 lem
2177 2966 2552 3026 dormierunt:
2593 2966 2794 3030 Deinde
2839 2968 2990 3031 visus
3027 2978 3112 3026 est
3143 2969 3381 3038 Jacobo,
3431 2969 3629 3026 deinde

2032 3061 2296 3134 apostolis
2333 3060 2617 3122 omnibus;
2649 3059 2954 3120 Novissime
2995 3069 3174 3122 autem
3228 3065 3466 3120 omnium
3491 3070 3628 3116 tame

2031 3170 2190 3227 quam
2247 3154 2512 3222 abortivo,
2561 3154 2706 3216 visus
2749 3163 2833 3210 est
2879 3161 2934 3212 et
2985 3154 3138 3215 mihi.
3191 3155 3304 3224 Ego
3331 3154 3475 3210 enim
3506 3167 3626 3210 sum

2035 3251 2290 3312 minimus
2337 3249 2708 3324 apostolorum
2737 3291 2752 3316 ,
2800 3249 2891 3319 qui
2941 3265 3048 3306 non
3109 3264 3228 3305 sum
3279 3248 3474 3318 dignus
3531 3262 3628 3303 vos

2032 3345 2142 3400 cari
2170 3344 2451 3414 apostolus
2477 3387 2491 3413 ,
2546 3342 2801 3414 quoniam
2826 3350 3145 3412 persecutus
3180 3355 3301 3402 sum
3332 3340 3630 3397 Ecclesiam

2034 3435 2153 3498 Dei.
2197 3434 2382 3494 Gratia
2417 3445 2597 3493 autem
2633 3434 2725 3496 Dei
2771 3449 2889 3494 sum
2931 3433 2984 3490 id
3031 3431 3173 3504 quod
3201 3448 3348 3498 sum,
3379 3443 3433 3490 et
3459 3431 3634 3503 gratia

2032 3528 2150 3598 ejus
2201 3528 2254 3584 iu
2307 3543 2392 3590 me
2441 3541 2608 3584 vacua
2658 3543 2765 3586 non
2817 3526 2956 3592 fuit,
2995 3525 3090 3584 sed
3123 3525 3489 3586 abundantius
3518 3524 3630 3582 illis

2033 3621 2286 3682 omnibus
2315 3620 2556 3680 laboravi
2590 3639 2601 3676 :
2638 3637 2741 3675 non
2777 3634 2878 3691 ego
2922 3629 3102 3680 autem
3128 3659 3144 3686 ,
3199 3617 3293 3676 sed
3338 3619 3509 3688 gratia
3531 3616 3631 3675 Dei

2033 3729 2244 3770 mecum
2275 3731 2285 3766 :
2335 3712 2460 3769 Sive
2503 3713 2647 3776 enim
2679 3726 2780 3783 ego
2804 3750 2819 3776 .
2863 3711 2980 3772 sive
3005 3703 3122 3770 illi:
3165 3709 3244 3764 sic
3269 3709 3628 3779 praedicamus

2034 3807 2162 3880 Ulla.
2199 3804 2665 3880 praedicavimus],
2716 3815 2770 3860 et
2816 3805 2897 3860 sic
2950 3803 3280 3862 credidistis.
3340 3801 3398 3862 Si
3447 3809 3628 3860 autem

2033 3901 2281 3964 Christus
2311 3900 2638 3974 pra2dicatttr
2667 3897 2810 3968 quod
2835 3899 3133 3961 resurrexit
3156 3911 3186 3956 tt
3217 3896 3469 3965 mortuis,
3495 3910 3632 3964 quo.-

2034 3994 2435 4068 modoquidam
2483 3993 2668 4050 dicunt
2713 3994 2764 4050 in
2810 3993 2983 4061 vobis,
3011 3992 3267 4064 quoniam
3295 3991 3633 4054 resurrectio

2035 4097 2375 4152 mortuorum
2407 4104 2513 4151 non
2542 4087 2667 4144 est?
2711 4086 2770 4148 Si
2802 4095 2982 4148 autem
3021 4083 3352 4145 resurrectio
3382 4087 3630 4144 mortuo.

2036 4196 2156 4246 rum
2190 4197 2298 4242 non
2327 4193 2446 4254 εει,
2488 4194 2666 4254 neque
2703 4179 2956 4243 Christus
2990 4175 3306 4236 resurrexit.
3357 4173 3412 4230 Si
3449 4182 3632 4230 autem

2035 4276 2283 4340 Christus
2311 4291 2418 4336 non
2449 4272 2789 4344 resurrexit,
2826 4271 3005 4328 inanis
3045 4279 3130 4336 est
3157 4283 3288 4340 ergo
3314 4265 3634 4340 praedicatio

2037 4380 2246 4435 nostra,
2273 4366 2449 4424 inanis
2479 4375 2563 4420 est
2591 4374 2647 4429 et
2674 4364 2808 4426 fides
2837 4370 3057 4426 vestra:
3106 4360 3414 4424 invenimur
3453 4366 3634 4422 autem

2035 4471 2091 4519 et
2118 4461 2237 4516 falsi
2279 4468 2448 4516 testes
2491 4459 2626 4523 Dei;
2674 4459 2930 4532 quoniam
2983 4455 3356 4518 testimonium
3397 4450 3636 4518 diximus

2036 4557 2303 4614 adversus
2353 4556 2558 4624 Deum,
2611 4553 2753 4626 quod
2790 4551 3074 4616 suscitavit
3118 4549 3395 4608 Chrismm
3427 4566 3438 4600 :
3470 4561 3633 4618 quem

1959 4619 2144 4718 1)non
2175 4635 2494 4722 suscitavit,
2538 4650 2565 4687 τ’
2613 4650 2659 4705 si
2699 4649 2896 4712 mortui
2931 4661 3039 4708 non
3077 4652 3385 4714 resurgunt.
3428 4641 3562 4704 Nam
3591 4641 3637 4708 si

2041 4751 2242 4816 mortui
2277 4765 2385 4805 non
2415 4752 2745 4818 resurgunt,
2798 4756 2973 4812 neque
3010 4739 3266 4800 Christus
3312 4733 3634 4801 resurrexit.
3719 4742 3722 4746 '

2041 4845 2196 4916 Quod
2225 4845 2270 4899 si
2298 4842 2547 4904 Christus
2578 4854 2686 4894 non
2720 4834 3054 4904 resurrexit,
3102 4846 3238 4894 vana
3269 4838 3352 4898 est
3384 4827 3516 4892 fides
3547 4841 3641 4888 ινετ

2045 4949 2155 4996 stra
2185 4983 2199 5010 ,
2246 4937 2424 4992 adhuc
2463 4935 2609 4992 enim
2637 4931 2780 4995 estis.
2798 4929 2852 4992 in
2881 4927 3118 5000 peccatis
3148 4922 3366 4986 vestris.
3411 4921 3555 4989 Ergo
3583 4926 3638 4985 et

2044 5033 2138 5106 qui
2166 5031 2509 5088 dormierunt
2535 5027 2586 5082 in
2618 5023 2858 5091 Christo,
2892 5021 3193 5092 perierunt,
3233 5014 3293 5076 Si
3321 5014 3374 5076 in
3403 5012 3509 5106 hac
3531 5012 3638 5074 vita

2047 5103 2252 5182 tantum
2294 5121 2344 5176 in
2375 5119 2594 5184 Christo
2623 5121 2908 5190 sperantes
2939 5125 3126 5174 sumus
3156 5150 3169 5174 ,
3214 5103 3643 5170 miserabiliores

2045 5231 2233 5278 sumus
2280 5211 2531 5270 omnibus
2583 5205 2918 5272 hominibus.
2967 5201 3120 5264 Nunc
3168 5206 3346 5260 autem
3386 5194 3642 5259 Christus

2045 5307 2348 5370 resurrexit
2394 5319 2423 5360 a
2467 5301 2692 5362 mortuis
2745 5294 2997 5372 primitiae
3043 5291 3426 5358 dormientium
3463 5307 3476 5342 :
3507 5299 3643 5357 quo-

2047 5405 2197 5458 niam
2227 5399 2442 5469 quidem
2468 5412 2563 5465 per
2597 5393 2869 5448 hominem
2899 5403 3047 5444 mors
3071 5428 3084 5452 ,
3139 5396 3193 5440 et
3238 5399 3332 5454 per
3371 5380 3644 5435 hominem

2839 5485 2906 5538 Et
2952 5483 3092 5536 sicut
3142 5481 3193 5533 itt
3241 5477 3414 5533 Adam
3457 5485 3648 5528 omnes

2052 5592 2382 5652 moriuntur,
2434 5587 2506 5640 ita
2548 5595 2598 5639 et
2633 5582 2685 5638 in
2721 5579 2942 5634 Christo
2979 5589 3171 5630 omnes
3199 5569 3645 5628 viviﬁcabuntur.

2053 5683 2439 5756 Unusquisque
2484 5688 2665 5734 autem
2720 5677 2774 5730 in
2807 5687 2908 5728 suo
2938 5669 3153 5738 ordine,
3203 5665 3452 5748 primitiae
3484 5661 3645 5717 Citri-

2129 5823 2160 5863 ι)
2201 5821 2393 5878 Ιειιιτεε
2426 5811 2702 5887 periocha,
2731 5809 2796 5887 si_
2797 5807 2990 5862 mortui
3010 5821 3124 5887 non
3146 5808 3446 5887 resurgunt,
3475 5810 3653 5887 itaque

2063 5898 2118 5954 in
2169 5869 2392 5964 Palat:
2428 5869 2615 5958 'nﬁeque
2665 5869 2720 5939 in
2757 5882 2936 5938 Graec.
2970 5876 3246 5950 plerisque
3273 5869 3366 5928 lib.
3401 5869 3652 5925 habetur.
