4128 6330
481 310 586 367 759

1471 319 1528 376 S.
1574 315 1953 374 HIERONYMI
1993 312 2223 370 DIVINA
2267 315 2746 375 BIBLIOTHECA.

3678 317 3778 373 760

483 443 603 488 stus
634 451 647 486 :
676 433 870 490 deinde
899 435 932 490 ii
967 437 1058 505 qui
1089 445 1217 492 sunt
1242 435 1468 506 Christi,
1497 437 1589 506 qui
1624 438 1677 492 in
1703 436 1942 492 adventu
1974 434 2092 504 ejus
2118 433 2172 494 Δ
2198 435 2487 492 novissima
2522 437 2647 493 tuba
2675 456 2686 492 :
2719 447 2881 494 canet
2909 439 3053 496 enim
3085 439 3210 495 tuba
3233 481 3250 507 ,
3295 447 3352 494 et
3380 437 3577 494 mortui
3609 449 3786 492 resur-

484 524 858 582 crediderunt.
900 528 1106 584 Deinde
1146 529 1266 584 finis
1302 548 1313 583 :
1357 545 1478 585 cum
1529 529 1812 586 tradiderit
1853 543 2080 600 regnum
2181 538 2312 598 gent
2340 531 2639 599 incorrupti
2667 549 2679 585 :
2712 538 2770 586 et
2795 547 2896 588 nos
2921 532 3350 587 immutabimur.
3384 529 3612 600 Oportet
3638 527 3783 584 enim

491 617 603 673 Deo
631 627 688 673 et
717 618 897 689 Patri,
929 636 1052 676 cum
1083 622 1427 677 evacuaverit
1469 639 1684 677 omnem
1721 623 2080 692 principatum

491 720 545 764 et
572 719 934 780 petestatem,
978 723 1035 769 et
1077 715 1328 769 virtutem
1374 726 1420 770 η.
1472 715 1701 785 Oportet
1725 726 1904 770 autem
1935 716 2082 770 illum

491 818 725 875 regnare
749 850 763 874 ,
799 806 974 862 donec
1024 819 1186 878 ponat
1215 823 1406 864 omnes
1430 809 1684 865 inimicos
1728 811 1828 865 sub
1857 810 2085 880 pedibus

491 898 631 968 ejus.
687 898 993 956 NoviSsima
1039 912 1225 958 autem
1274 903 1491 958 inimica
1542 903 1855 959 destruetur
1899 918 2083 959 mors:

493 992 686 1048 Omnia
713 995 856 1049 enim
885 995 1119 1065 subjecit
1149 997 1250 1052 sub
1279 997 1508 1069 pedibus
1546 998 1688 1064 ejus.
1731 999 1867 1054 Cum
1902 1007 2083 1054 autem

493 1084 676 1142 dicat:
710 1086 901 1142 Omnia
948 1088 1195 1159 subjecta
1235 1099 1362 1145 sunt
1385 1091 1473 1147 ei;
1522 1091 1642 1146 sine
1686 1091 1852 1148 dubio
1891 1075 2089 1161 praeter

493 1195 616 1235 eum
643 1220 658 1243 ,
705 1181 797 1250 qui
837 1181 1069 1251 subjecit
1108 1183 1158 1239 ei
1201 1185 1401 1238 omnia.
1469 1185 1603 1240 Cum
1635 1195 1814 1241 autem
1847 1185 2089 1255 subjecta

497 1272 700 1329 fuerint
732 1275 806 1330 illi
834 1278 1055 1332 omnia:
1092 1283 1298 1334 tuncct
1330 1279 1445 1348 ipse
1489 1279 1657 1334 Filius
1688 1280 1966 1350 subjectus
1986 1281 2092 1334 erit

495 1368 586 1434 ei,
631 1371 724 1438 qui
774 1370 1004 1440 subjecit
1047 1373 1147 1428 sibi
1198 1374 1419 1442 omnia,
1470 1383 1526 1428 ut
1557 1375 1629 1429 sit
1653 1374 1796 1430 Deus
1826 1374 2007 1429 omnia
2037 1373 2091 1429 in

497 1461 776 1518 omnibus.
837 1464 1087 1536 Alioquin
1153 1467 1282 1534 quid
1343 1467 1547 1522 faciunt
1605 1468 1699 1539 qui
1752 1469 2094 1539 baptizantur

498 1572 598 1627 pro
644 1559 914 1625 mortuis,
981 1561 1026 1615 si
1073 1563 1295 1616 omnino
1349 1562 1547 1617 mortui
1596 1578 1702 1617 non
1764 1563 2095 1634 resurgunt?

501 1659 560 1704 ut
589 1651 717 1720 quid
757 1661 804 1706 et
843 1651 1184 1722 baptizantur
1212 1669 1310 1723 pro
1357 1654 1516 1708 illis?
1545 1654 1764 1725 utquid
1795 1664 1850 1710 et
1877 1670 1975 1710 nos
2003 1670 2095 1725 pe-

501 1746 810 1802 riclitamur
847 1751 995 1803 omni
1054 1749 1229 1804 hora?
1307 1748 1559 1817 Quotidie
1605 1749 1811 1805 morior
1859 1764 1956 1820 per
2005 1765 2099 1805 ve-

2185 622 2536 694 corruptibile
2562 623 2663 680 hoc
2693 624 2918 680 induere
2949 627 3444 693 incorruptionem:
3472 634 3526 680 et
3557 623 3789 681 mortale

2188 715 2289 770 hoc
2337 714 2568 772 induere
2614 718 3106 774 immortalitatem.
3167 718 3302 774 Cum
3349 729 3533 773 autem
3558 717 3794 773 mortale

2188 809 2291 864 hoc
2337 809 2576 865 induerit
2624 810 3091 867 immortalitatem
3121 853 3136 878 ,
3183 822 3310 867 tunc
3337 812 3429 866 (iet
3451 825 3668 877 sermo,
3698 809 3794 879 qui

2187 904 2422 972 seriptus
2469 912 2592 959 est:
2642 905 2913 975 Absorpta
2966 915 3051 961 est
3095 920 3242 961 mors
3290 906 3345 960 in
3390 905 3641 960 victoria.
3694 902 3795 960 Ubi

2188 1002 2293 1063 est,
2323 1011 2490 1062 mors,
2524 996 2751 1051 victoria
2777 998 2904 1052 tua?
2935 999 3024 1053 ubi
3055 998 3607 1065 est,mors,stimulus
3639 996 3802 1051 tuus?

2192 1087 2457 1144 Stimulus
2498 1099 2680 1145 autem
2723 1092 2911 1148 mortis
2950 1102 3231 1162 peccatum
3279 1101 3364 1148 est
3394 1111 3409 1146 :
3440 1092 3615 1148 virtus
3660 1105 3800 1147 vero

2194 1179 2399 1250 peccati
2428 1181 2535 1236 lex.
2579 1182 2691 1237 Deo
2718 1190 2897 1239 autem
2929 1185 3132 1255 gratias
3155 1228 3170 1251 ,
3218 1186 3307 1256 qui
3354 1183 3504 1240 dedit
3531 1183 3694 1240 nobis
3719 1183 3806 1239 vi-

2193 1276 2419 1331 ctoriam
2473 1291 2570 1344 per
2617 1277 2909 1333 Dominum
2961 1288 3210 1334 nostrum
3260 1279 3445 1334 Jesum
3491 1278 3804 1334 Christum.

2197 1369 2406 1440 Itaque,
2436 1370 2634 1427 fratres
2665 1374 2770 1428 mei
2803 1373 3015 1441 dilecti,
3047 1374 3272 1429 stabiles
3299 1381 3497 1438 estote,
3530 1381 3584 1428 et
3606 1373 3810 1426 immo-

2198 1464 2375 1520 biles:
2409 1465 2751 1523 abundantes
2799 1469 2853 1524 in
2896 1483 3067 1540 opere
3099 1467 3312 1523 Domini
3355 1482 3594 1534 semper,
3627 1465 3812 1522 scien—

2199 1565 2282 1614 tes
2311 1559 2456 1630 quod
2488 1559 2643 1615 labor
2671 1570 2855 1617 vester
2883 1576 2991 1616 non
3018 1570 3102 1616 est
3132 1561 3306 1616 inanis
3328 1561 3382 1615 in
3416 1559 3672 1615 Domino.

2245 1651 2422 1725 '[Cap.
2455 1651 2624 1723 XV|.J
2663 1653 2741 1709 De
2766 1654 3010 1710 collectis
3033 1661 3212 1710 autem
3235 1696 3250 1721 ,
3276 1669 3400 1725 quae
3429 1653 3567 1708 ﬁunt
3593 1653 3648 1708 in
3679 1667 3813 1708 san-

2203 1755 2348 1812 ctos,
2383 1748 2523 1801 sicut
2551 1745 2802 1802 ordinavi
2829 1746 3090 1803 Ecclesiis
3117 1745 3344 1802 Galatiae
3369 1787 3384 1811 ,
3429 1747 3500 1800 ita
3529 1756 3584 1802 et
3609 1760 3710 1800 vos
3736 1745 3820 1800 fa-

503 1850 670 1897 stram
721 1841 990 1914 gloriam,
1038 1843 1274 1912 fratres,
1341 1859 1500 1914 quam
1554 1843 1727 1898 habeo
1775 1844 1830 1898 in
1884 1843 2102 1899 Christo
2132 1830 2331 1895 Bcite.
2378 1839 2482 1895 Per
2525 1855 2686 1894 unam
2717 1839 2930 1896 sabbati
2983 1841 3356 1910 unusquisque
3395 1849 3636 1895 vestrum
3667 1836 3821 1908 apud

509 1934 641 1989 Jesu
696 1935 928 1990 Domino
963 1945 1169 1991 nostro.
1231 1936 1286 1991 Si
1335 1935 1659 2007 (secundum
1702 1935 2002 2006 hominem)
2034 1936 2102 1992 ad

508 2025 711 2082 bestias
741 2027 979 2098 pugnavi
1003 2029 1222 2098 Ephesi,
1256 2028 1383 2100 quid
1408 2029 1537 2084 mihi
1565 2029 1806 2099 prodest,
1833 2031 1878 2085 si
1903 2031 2101 2085 mortui

515 2136 623 2176 non
653 2123 983 2193 resurgunt?
1011 2124 1424 2189 manducemus,
1445 2133 1498 2178 et
1518 2123 1783 2191 bibamus,
1812 2139 1933 2180 Cras
1960 2125 2103 2180 enim

513 2218 830 2270 moriemur.
875 2216 1052 2272 Nolite
1083 2216 1292 2273 seduci.
1323 2215 1691 2288 Corrumpunt
1726 2232 1906 2273 m0res
1936 2218 2107 2272 bonos

511 2309 786 2380 colloquia
815 2310 978 2365 mala.
1043 2310 1334 2380 Evigilate,
1364 2310 1493 2381 justi
1519 2355 1533 2379 ,
1565 2322 1616 2366 et
1646 2312 1817 2367 nolite
1839 2325 2067 2383 peccare
2093 2329 2105 2365 :

513 2399 874 2476 ignorantiam
923 2402 1069 2457 enim
1101 2401 1196 2458 Dei
1224 2402 1442 2473 quidam
1471 2400 1670 2458 habent
1697 2445 1710 2468 ,
1758 2403 1824 2458 ad
1857 2419 2109 2459 reveren-

515 2493 646 2546 tiam
677 2493 835 2547 vobis
866 2493 1080 2564 loquor.
1111 2481 1229 2550 Sed
1262 2495 1405 2550 dicet
1433 2495 1665 2565 aliquis:
1707 2496 1990 2563 Quomodo
2021 2512 2109 2552 reo

513 2596 747 2656 surgunt
765 2586 1012 2642 mortui?
1040 2587 1256 2658 qualive
1284 2603 1513 2659 corpore
1539 2589 1799 2644 venient?
1820 2587 2111 2658 Iusipiens,

514 2686 571 2733 tu
601 2678 743 2749 quod
775 2680 1012 2734 seminas
1045 2694 1151 2734 non
1186 2680 1514 2748 viviticatur,
1574 2681 1680 2735 nisi
1728 2680 1877 2750 prius
1914 2682 2114 2736 moria-

513 2779 621 2826 tur.
665 2770 732 2825 Et
780 2771 923 2841 quod
969 2772 1206 2828 seminas
1230 2814 1245 2840 ,
1281 2777 1614 2843 non-’corpus
1639 2819 1652 2841 ,
1697 2774 1839 2844 quod
1871 2772 2112 2828 futurum

517 2872 641 2930 est,
671 2867 906 2920 seminas
933 2911 947 2934 ,
984 2865 1079 2920 sed
1123 2865 1324 2920 nudum
1369 2882 1632 2937 granum,
1690 2875 1874 2934 utputa
1927 2866 2111 2930 tritici,

517 2967 611 3010 aut
638 2957 866 3027 alicujus
893 2967 1237 3015 caeterorum.
1289 2959 1433 3016 Deus
1473 2969 1654 3014 autem
1687 2961 1780 3014 dat
1809 2961 1885 3016 illi
1915 2975 2116 3030 corpus

517 3049 661 3104 sicut
681 3051 795 3104 vult
821 3069 834 3105 :
861 3063 916 3106 et
958 3053 1252 3124 unicuique
1283 3055 1552 3108 seminum
1586 3054 1861 3124 proprium
1894 3069 2114 3124 corpus.

518 3142 636 3200 Non
680 3147 862 3201 omnis
907 3161 1037 3202 caro
1083 3148 1274 3203 eadem
1316 3163 1486 3206 caro:
1515 3149 1615 3205 sed
1643 3150 1745 3203 alia
1769 3148 1988 3220 quidem
2019 3149 2115 3203 ho-

520 3240 725 3294 miuum
751 3281 766 3306 ,
816 3241 921 3295 alia
953 3241 980 3279 δ
1013 3257 1142 3296 vero
1177 3257 1432 3311 pecorum
1462 3285 1475 3308 ,
1523 3243 1630 3296 alia
1657 3243 1938 3296 volucrum
1963 3285 1978 3310 ,
2014 3242 2118 3298 alia
2146 3223 2193 3287 (ἶ

521 3340 701 3388 autem
725 3333 979 3402 piscium.
1006 3334 1070 3388 Et
1091 3349 1319 3405 corpora
1342 3335 1606 3398 coelestia,
1629 3345 1682 3390 et
1699 3351 1927 3406 corpora
1950 3345 2119 3390 terre-

513 3427 652 3480 stria
679 3444 691 3478 :
725 3427 818 3482 sed
845 3428 948 3482 alia
978 3429 1194 3497 quidem
1223 3429 1528 3486 crnlestium
1550 3431 1719 3500 gloria
1747 3471 1760 3495 ,
1792 3431 1892 3484 alia
1933 3441 2117 3484 autem

525 3519 886 3574 terrestrium.
945 3520 1064 3576 Alia
1104 3522 1326 3576 claritas
1375 3523 1537 3588 solis,
1570 3523 1676 3577 alia
1703 3523 1921 3578 claritas
1951 3523 2117 3589 lunze,

523 3621 580 3667 et
601 3612 705 3667 alia
733 3613 957 3668 claritas
987 3614 1282 3669 stellarum.
1329 3615 1496 3672 Stella
1524 3616 1672 3671 enim
1706 3632 1734 3670 a
1761 3617 1912 3671 stella
1941 3615 2122 3670 differt

527 3707 580 3762 in
613 3707 910 3762 claritate:
968 3707 1048 3762 sic
1085 3717 1138 3763 et
1171 3709 1501 3764 resurrectio
1537 3721 1898 3765 mortuorum.
1941 3711 2119 3766 Semi-

527 3809 686 3856 natur
715 3801 768 3856 in
795 3801 1151 3872 corruptione
1179 3847 1192 3869 ,
1241 3811 1430 3874 surget
1461 3803 1514 3857 in
1546 3803 1976 3872 incorruptione.
2019 3804 2118 3860 Se-

527 3895 765 3950 minatur
787 3896 839 3949 in
867 3895 1238 3968 ignobilitate,
1273 3907 1456 3967 surget
1489 3899 1540 3952 in
1573 3898 1770 3968 gloria.
1811 3899 2123 3955 Seminatur

527 3990 581 4045 in
613 3989 930 4046 infirmitate
951 4035 965 4060 ,
1017 4002 1197 4062 surget
1229 3991 1281 4045 iu
1322 3994 1542 4047 virtute.
1585 3991 1901 4048 Seminatur
1924 4011 2122 4064 corpus

527 4083 762 4139 animale
784 4128 800 4152 ,
825 4096 1010 4156 surget
1038 4101 1238 4155 corpus
1273 4087 1534 4155 spiritale.
1578 4087 1635 4143 Si
1668 4100 1749 4143 est
1777 4105 1977 4159 cor-pus
2007 4091 2125 4144 ani-

531 4177 694 4245 male,
719 4186 801 4231 est
828 4186 883 4232 et
903 4177 1175 4246 spiritale,
1211 4178 1350 4233 sicut.
1376 4180 1635 4250 scriptum
1659 4192 1741 4236 est
1767 4201 1778 4234 :
1814 4181 2012 4237 Factus
2041 4195 2124 4240 est

527 4272 738 4341 primus
771 4271 932 4327 homo
966 4273 1136 4327 Adam
1189 4273 1240 4326 in
1290 4273 1523 4328 animam
1549 4275 1818 4330 viventem
1844 4317 1858 4340 ,
1889 4278 2123 4332 novissi-

531 4379 654 4422 mus
681 4366 853 4422 Adam
888 4367 940 4421 in
969 4366 1219 4436 spiritum
1248 4367 1635 4422 vivificantem.
1693 4369 1798 4424 Sed
1833 4384 1938 4424 non
1976 4371 2125 4440 prius

528 4458 671 4529 quod
704 4458 952 4530 spiritale
991 4469 1076 4514 est
1103 4503 1117 4527 ,
1149 4459 1244 4514 sed
1273 4459 1416 4529 quod
1455 4461 1685 4515 animale
1713 4481 1725 4515 :
1751 4461 1948 4518 deinde
1979 4465 2123 4532 quod

528 4551 793 4622 spiritale.
823 4551 1031 4606 Primus
1061 4553 1222 4607 homo
1253 4551 1320 4608 de
1343 4561 1506 4621 terra,
1537 4562 1820 4611 terrenus:
1853 4557 2125 4613 secundus

533 4644 700 4701 homo
723 4646 791 4701 de
806 4645 968 4709 cmlo,
996 4645 1253 4702 caelestis.
1281 4646 1468 4716 Qualis
1486 4659 1756 4717 terrenus,
1779 4650 1913 4706 tales
1935 4661 1986 4707 et
2016 4660 2124 4708 ter-

530 4740 686 4796 reni:
718 4747 772 4794 et
800 4739 972 4810 qualis
991 4741 1248 4806 caelestis,
1274 4741 1405 4796 tales
1435 4752 1488 4796 et
1508 4743 1781 4798 caelestes.
1804 4743 1990 4815 Igitur,
2019 4747 2122 4802 sic-

525 4842 587 4889 ut
623 4833 963 4903 portavimus
1000 4834 1284 4904 irnaginem
1314 4837 1537 4903 terreni,
1561 4844 1836 4906 portemus
1855 4849 1909 4894 et
1937 4840 2126 4910 imagi-

527 4941 654 4982 nem
684 4927 944 4984 coelestis.
979 4925 1093 4981 Hoc
1113 4938 1293 4982 autem
1318 4927 1439 4982 dico
1465 4973 1479 4996 ,
1503 4928 1700 4984 fratres
1731 4949 1741 4982 :
1775 4932 1898 5000 quia
1920 4946 2047 4986 caro
2069 4943 2124 4988 et

525 5021 746 5092 sanguis
788 5036 1014 5092 regnum
1057 5022 1150 5076 Dei
1190 5021 1469 5092 possidere
1508 5040 1615 5078 non
1646 5037 1914 5092 possunt:
1947 5043 2122 5098 neque

521 5116 800 5184 corruptio
831 5114 1248 5185 ineorruptelam
1279 5114 1592 5184 possidebit.
1634 5117 1771 5172 Ecce
1801 5121 2119 5189 mysterium

527 5209 680 5264 vobis
725 5209 883 5264 dico:
917 5207 1118 5264 Omnes
1165 5208 1385 5278 quidem
1433 5224 1813 5280 resurgemus,
1864 5213 1957 5267 sed
2009 5229 2118 5270 non

525 5318 715 5359 omnes
747 5304 1176 5358 immutabimur.
1218 5303 1278 5358 In
1306 5313 1603 5372 momento,
1633 5305 1684 5360 in
1717 5305 1827 5362 ictu
1858 5307 2024 5378 oculi,
2062 5308 2115 5365 iu

595 5562 622 5591 ι
657 5551 811 5626 Quod
830 5553 978 5608 addit
1009 5552 1093 5626 hic
1120 5553 1398 5610 Palatinus
1421 5569 1524 5612 ms.
1545 5596 1561 5622 ,
1595 5564 1643 5610 et
1673 5557 2101 5626 dominationem,

518 5640 626 5698 non
657 5623 970 5698 habeturin
1002 5625 1194 5680 Graaco
1214 5627 1540 5698 archetypo.

591 5695 618 5734 δ
659 5695 716 5750 In
749 5695 990 5768 Palatino
1021 5696 1275 5768 ms_..alia
1323 5695 1588 5768 pecorum,
1639 5701 1743 5754 alia
1783 5717 1906 5754 cura
1959 5703 2103 5754 volu-

520 5785 687 5832 crum,
717 5775 851 5836 etc.,
881 5767 974 5822 sed
1005 5775 1058 5821 et
1085 5766 1426 5824 Grzccus'hie
1454 5780 1635 5826 textus
1667 5773 1856 5826 variat.

591 5843 614 5871 ‘
655 5839 989 5898 Concinnius
1018 5839 1210 5907 multo,
1243 5849 1403 5911 atque
1431 5843 1482 5897 id
1509 5844 1744 5914 pressius
1767 5842 1960 5902 Grieco
1981 5859 2102 5900 ver-

2207 1950 2266 1989 se
2315 1944 2577 2004 seponat,
2623 1934 2928 1990 recondens
2971 1933 3113 2004 quod
3162 1934 3211 1989 ei
3245 1933 3385 1989 bene
3412 1932 3676 2004 placuerit
3708 1949 3722 1985 :
3756 1937 3821 1984 ut

2209 2042 2315 2082 non
2343 2069 2357 2093 ,
2384 2042 2507 2082 cum
2539 2041 2744 2082 venero
2767 2069 2780 2090 ,
2824 2039 2950 2082 tunc
2980 2026 3223 2082 collectae
3256 2025 3407 2081 fiant.
3467 2024 3601 2080 Cum
3626 2033 3820 2078 autem

2212 2135 2454 2190 prznsens
2483 2118 2638 2175 fuero
2664 2138 2675 2172 :
2707 2134 2845 2190 quos
2872 2119 3236 2190 probaveritis
3264 2134 3361 2188 per
3387 2118 3647 2189 epistolas
3665 2163 3679 2187 ,
3715 2117 3823 2173 hos

2212 2212 2421 2266 mittam
2489 2209 2739 2280 perferre
2804 2211 3032 2281 gratiam
3097 2221 3334 2266 vestram
3388 2211 3442 2265 in
3487 2209 3820 2264 Jerusalem.

2212 2304 2367 2373 Quod
2395 2305 2438 2360 si
2464 2303 2684 2375 dignum
2713 2305 2894 2370 fuerit,
2931 2313 2990 2360 ut
3018 2315 3071 2359 et
3095 2321 3194 2374 ego
3217 2320 3358 2369 eam,
3388 2319 3604 2360 mecum
3637 2303 3821 2358 ibunt.

2216 2397 2445 2452 Veniam
2476 2408 2656 2452 autem
2687 2397 2754 2451 ad
2791 2412 2890 2452 vos
2913 2442 2926 2465 ,
2976 2409 3100 2453 cum
3133 2397 3500 2452 Macedoniam
3534 2405 3825 2466 pertrans'

2217 2492 2370 2548 iero:
2424 2508 2547 2547 nam
2580 2493 2949 2567 Macedoniam
2992 2493 3364 2564 pertransibo.
3407 2491 3564 2561 Apud
3595 2506 3692 2547 vos
3724 2507 3828 2546 au-

2218 2597 2326 2642 tem
2376 2589 2600 2642 forsitan
2647 2589 2914 2655 manebo,
2960 2591 3049 2646 vel
3080 2592 3241 2667 etiam
3274 2589 3582 2661 hyemabo,
3635 2598 3694 2642 ut
3720 2603 3826 2643 vos

2219 2696 2305 2736 me
2331 2681 2612 2737 deducatis
2641 2697 2986 2753 quocumque
3020 2684 3156 2737 iero.
3191 2681 3329 2737 Nolo
3357 2683 3499 2736 enim
3535 2698 3632 2736 vos
3657 2682 3829 2737 modo

2220 2777 2272 2831 in
2318 2777 2548 2829 transitu
2589 2774 2814 2841 videre,

2219 2871 2482 2941 temporis
2535 2885 2757 2926 manere
2799 2870 2939 2939 apud
2988 2886 3117 2937 vos,
3159 2871 3204 2925 si
3239 2869 3502 2924 Dominus
3551 2870 3829 2940 permise-

2221 2963 2310 3017 rit.
2353 2963 2694 3017 Permanebo
2745 2971 2924 3017 autem
2974 2962 3173 3032 Ephesi
3222 2976 3393 3032 usque
3439 2961 3507 3016 ad
3555 2962 3826 3017 Penteco-

2221 3064 2362 3110 sten.
2403 3054 2616 3110 Ostium
2664 3055 2811 3110 enim
2862 3055 2995 3109 mihi
3044 3065 3291 3124 apertum
3337 3063 3739 3124 estmagnum,
3768 3062 3830 3109 et

2222 3149 2445 3204 evidens
2468 3194 2481 3216 ,
2535 3159 2590 3204 et
2625 3147 2923 3203 adversarii
2967 3149 3146 3203 multi.
3190 3148 3246 3205 Si
3279 3158 3461 3202 autem
3491 3150 3704 3204 venerit
3731 3147 3829 3203 Ti-

2224 3243 2475 3298 motheus
2501 3288 2514 3310 ,
2549 3241 2731 3298 videte
2776 3252 2835 3297 ut
2879 3243 2998 3298 sine
3025 3243 3218 3298 timore
3248 3242 3318 3296 sit
3346 3240 3484 3311 apud
3515 3257 3651 3296 vos:
3685 3255 3828 3311 opus

2224 3338 2368 3392 enim
2415 3335 2634 3390 Domini
2682 3344 2958 3404 operatur,
3009 3334 3150 3391 sicut
3187 3343 3242 3391 et
3272 3351 3394 3404 ego.
3438 3334 3514 3389 Ne
3544 3334 3666 3404 quis
3694 3347 3830 3404 ergo

2224 3429 2372 3484 illum
2406 3439 2626 3498 spernat
2654 3445 2667 3482 :
2695 3428 2947 3484 deducite
2975 3435 3155 3482 autem
3189 3427 3341 3482 illum
3366 3428 3420 3482 in
3454 3441 3608 3496 pace,
3644 3435 3702 3480 ut
3732 3440 3830 3481 ve-

2226 3524 2340 3579 niat
2366 3523 2434 3578 ad
2464 3539 2551 3580 me
2578 3543 2588 3578 :
2623 3533 2884 3594 exspecto
2915 3523 3059 3578 enim
3093 3523 3242 3578 illum
3271 3538 3392 3578 cum
3425 3522 3703 3577 fratribus.
3751 3521 3829 3576 De

2227 3621 2422 3692 Apollo
2466 3628 2646 3674 autem
2691 3618 2861 3673 fratre
2905 3617 3061 3671 vobis
3107 3626 3294 3670 notum
3339 3615 3522 3679 facio,
3565 3613 3825 3686 quoniam

2224 3715 2451 3772 multum
2480 3711 2662 3781 rogavi
2691 3726 2814 3766 eum
2843 3752 2860 3777 ,
2919 3717 2978 3764 ut
3009 3709 3222 3764 veniret
3268 3707 3335 3762 ad
3365 3723 3462 3762 vos
3493 3723 3613 3762 cum
3639 3706 3824 3762 fratri-

2226 3809 2362 3864 bus:
2415 3787 2470 3862 et
2517 3807 2700 3874 utique
2749 3819 2859 3860 non
2910 3806 3008 3859 fuit
3033 3805 3287 3859 voluntas
3316 3813 3373 3858 ut
3402 3817 3542 3857 nunc
3573 3803 3822 3858 veniret:

2225 3903 2629 3963 venietautem,
2655 3914 2776 3955 cum
2807 3899 2858 3954 ei
2883 3909 2904 3937 ο
2935 3913 3159 3953 vacuum
3183 3897 3367 3953 fuerit.
3397 3897 3650 3968 Vigilate,
3682 3905 3828 3952 state

2227 3995 2279 4050 in
2314 3993 2439 4060 tide,
2470 3993 2704 4047 viriliter
2741 3991 2912 4062 agite,
2954 4001 3009 4047 et
3046 3990 3454 4047 confortamini.
3513 3990 3708 4044 Omnia
3733 4003 3827 4045 ve-

2226 4097 2336 4142 stra
2363 4089 2416 4141 in
2439 4088 2708 4141 charitate
2741 4087 2896 4140 tiaut.
2947 4084 3190 4138 Obsecro
3217 4091 3398 4136 autem
3431 4096 3532 4136 vos
3553 4123 3567 4146 ,
3601 4081 3822 4148 fratres,

2228 4181 2400 4235 nostis
2445 4179 2664 4234 domum
2700 4179 2994 4248 Stephana:
3018 4219 3033 4246 ,
3059 4187 3113 4234 et
3139 4176 3449 4244 Fortunati,
3481 4186 3535 4232 et
3565 4176 3823 4231 Achaici:

2227 4275 2480 4346 quoniam
2515 4283 2640 4329 sunt
2689 4273 2941 4343 primitia:
2985 4272 3231 4339 Aeltaize,
3285 4281 3340 4328 et
3373 4272 3425 4326 in
3457 4270 3821 4326 ministerium

2226 4380 2537 4426 sanctorum
2571 4370 2960 4426 ordinaverunt
2989 4370 3239 4438 seipsos:
3293 4381 3347 4423 ut
3375 4378 3430 4423 et
3473 4383 3570 4423 vos
3616 4367 3821 4421 subditi

2229 4463 2346 4518 sitis
2375 4463 2644 4532 ejusmodi
2673 4505 2686 4527 ,
2735 4473 2791 4517 et
2820 4463 2968 4516 omni
3003 4463 3318 4530 eooperanti
3345 4503 3360 4527 ,
3389 4470 3443 4516 et
3467 4459 3738 4514 laboranti
3771 4455 3822 4513 ἀ.

2229 4557 2452 4615 Gaudeo
2475 4565 2654 4610 autem
2682 4556 2736 4611 in
2767 4555 3054 4626 prrseritia
3081 4553 3370 4624 Stephanaa
3395 4597 3408 4619 ,
3434 4565 3487 4608 et
3519 4549 3824 4618 Fortunati,

2231 4663 2286 4710 et
2315 4652 2533 4707 Achaici
2565 4669 2577 4705 :
2628 4651 2885 4722 quoniam
2942 4650 2993 4704 id
3025 4692 3039 4714 ,
3092 4650 3232 4717 quod
3271 4648 3424 4702 vobis
3475 4647 3686 4712 deerat,
3721 4647 3824 4715 ipsi

2230 4748 2662 4819 suppleverunt;
2693 4745 3003 4800 refecerunt
3043 4743 3185 4798 enim
3231 4752 3288 4798 et
3327 4757 3503 4796 meum
3547 4740 3821 4810 spiritum,

2227 4853 2285 4901 et
2310 4854 2572 4900 vestrum.
2596 4841 2916 4911 Cognoscite
2943 4855 3070 4912 ergo
3091 4841 3180 4909 qui
3207 4835 3516 4906 ltujusmodi
3544 4846 3692 4890 sunt.
3727 4833 3830 4890 Sa-

2225 4937 2402 4991 lutant
2429 4950 2526 4988 Vos
2574 4933 2833 4988 Ecclesia:
2876 4932 3040 4986 Asiae.
3087 4929 3333 4986 Salutant
3379 4942 3477 4982 vos
3509 4929 3559 4982 in
3593 4926 3826 4981 Domino

2229 5029 2480 5095 multum,
2515 5027 2707 5096 Aquila
2739 5035 2792 5080 et
2817 5023 3087 5089 Priscilla,
3117 5038 3240 5078 cum
3265 5020 3566 5076 domestica
3596 5036 3692 5074 sua
3725 5019 3828 5074 Ec-

2227 5122 2436 5178 clesia:
2481 5119 2622 5189 apud
2656 5134 2794 5190 quos
2821 5129 2877 5173 et
2908 5117 3173 5185 hospitor.
3214 5114 3468 5170 Salutant
3493 5127 3589 5168 vos
3629 5127 3823 5167 omnes

2228 5216 2446 5270 fratres.
2511 5213 2754 5269 Salutate
2805 5210 3036 5265 invicem
3094 5209 3148 5264 in
3181 5207 3372 5263 osculo
3417 5214 3624 5263 sancto.
3667 5204 3828 5261 Salu-

2227 5311 2379 5376 tatio,
2411 5324 2531 5364 mea
2561 5323 2722 5362 manu
2755 5305 2928 5360 Pauli.
2971 5304 3026 5360 Si
3056 5303 3180 5374 quis
3211 5319 3321 5359 nou
3350 5313 3498 5358 amat
3526 5300 3821 5357 Dominum

2215 5557 2307 5625 bo,
2340 5558 2654 5632 εὐκαιρήσῃ,Δ
2686 5555 2738 5615 in
2780 5551 3028 5608 Palatino
3068 5567 3169 5608 ms.
3203 5550 3425 5623 legitur,
3464 5567 3582 5604 cum
3632 5551 3680 5606 ei
3728 5567 3823 5624 op-

2213 5628 2494 5700 porlununi
2518 5628 2708 5700 fuerit:
2762 5699 2768 5700 γ
2840 5698 2847 5700 _
3091 5653 3096 5656 -

2285 5696 2309 5734 ά
2339 5693 2570 5754 Additur
2599 5697 2648 5751 in
2681 5698 2926 5752 Palatino
2956 5711 3058 5751 ms.
3097 5697 3148 5749 in
3172 5697 3332 5762 vobis,
3363 5711 3486 5766 qua:
3510 5693 3731 5767 quidem
3764 5696 3818 5750 in

2213 5771 2405 5828 Graeco
2435 5779 2584 5826 textu
2615 5769 2722 5826 duo
2754 5769 2917 5826 verba
2950 5784 3055 5824 non
3085 5779 3232 5824 sunt.

2885 2791 3046 2845 spero
3095 2776 3240 2831 enim
3293 2791 3381 2830 me
3424 2776 3824 2842 aliquantulum
3895 2773 3900 2780 ’
