4128 6330
291 355 394 411 ’161

1049 354 1388 414 EPIS'I'OLA
1433 357 1493 413 Β.
1537 359 1742 419 PAULI
1783 363 2115 426 APOS'I‘OLI
2153 370 2246 426 AD
2283 365 2699 426 CORIN'I‘IIIOS
2739 369 2805 424 II.

3487 372 3596 431 762

286 483 544 530 nostrum
599 474 782 531 Jesum
837 475 1115 532 Christum
1149 520 1165 544 ,
1217 480 1287 535 sit
1329 482 1617 538 anathema
1645 527 1659 551 ,
1688 485 1894 543 Iliiaran
1923 503 1972 560 Α
2001 489 2253 546 Charitas
2300 505 2418 546 mea
2459 504 2581 546 cum
2627 488 2882 546 omnibus
2920 487 3072 546 vobis
3117 489 3168 545 in
3196 488 3418 548 Christo
3444 491 3597 550 Jesu.

285 571 449 626 Atlta.
500 570 682 629 Gratia
705 572 920 630 Domini
957 575 1129 632 nostri
1163 576 1290 633 Jesu
1308 578 1507 635 Christi
1547 583 1824 640 vobiscum
1843 595 1888 639 ιι.

2001 585 2201 642 Amen.

1154 712 1384 784 Explicit
1413 713 1650 788 Epistola
1678 717 1744 776 Β.
1779 717 1942 774 Pauli
1980 720 2207 792 apostoli
2250 687 2320 776 ad
2351 719 2643 777 Corinthios
2673 721 2721 779 1.

361 881 387 909 ι
419 873 594 945 Atque
623 873 708 929 hic
734 890 883 930 amen
924 874 1072 932 addit
1100 875 1382 934 Palatinus
1411 894 1514 934 ms.
1545 897 1558 934 :
1592 879 1735 951 quod
1767 882 1990 938 verbum
2025 883 2214 939 reticet
2242 883 2462 940 Graacus
2490 892 2689 939 textus.

281 1013 3562 1044 _______________________________________

1034 1143 1206 1254 Β.
1283 1142 1850 1257 PAULI
1930 1142 2842 1259 APOSTOLI

1770 1337 2062 1401 INCIPIT

586 1488 1542 1641 EPISTULA
1643 1504 1896 1636 AD
1999 1490 3259 1650 CORINTHIOS

1668 1730 2252 1820 SECUNDA.

345 2005 503 2080 lCop.
537 2005 604 2077 1.]
655 2006 850 2062 Paulus
888 2006 1164 2078 apostolus
1215 2005 1344 2062 Jesu
1388 2007 1583 2063 Christi
1637 2024 1734 2078 per
1774 2025 1870 2065 τοι
1905 2019 1952 2078 Β
1977 2021 2160 2069 vestra
2213 2029 2436 2082 sumus,
2491 2016 2631 2071 sicut
2656 2024 2710 2072 et
2737 2032 2832 2073 vos
2868 2027 3052 2073 nostra
3083 2061 3098 2087 ,
3157 2019 3211 2076 in
3241 2019 3328 2078 die
3359 2022 3573 2080 Domini

273 2099 547 2157 Iuntatem
580 2100 708 2168 Dei,
763 2109 818 2156 et
857 2099 1173 2157 Timotheus
1204 2099 1372 2156 frater
1393 2145 1407 2170 ,
1469 2101 1725 2156 Ecclesize
1756 2101 1872 2168 Dei,

270 2212 398 2268 qua:
426 2206 512 2252 est
537 2195 820 2265 Corinthi,
859 2211 984 2252 cum
1012 2196 1264 2252 omnibus
1295 2198 1516 2264 sanctis,
1550 2198 1642 2270 qui
1671 2209 1795 2254 sunt
1821 2197 1874 2253 in

268 2289 538 2368 universa
562 2290 787 2346 Achaia.
877 2289 1067 2346 Gratia
1099 2290 1256 2344 vobis
1285 2299 1339 2346 et
1381 2308 1482 2360 pax
1518 2306 1547 2344 a
1578 2292 1688 2347 Deo
1720 2292 1878 2347 Patre

269 2391 468 2438 nostro
490 2424 506 2448 ,
566 2391 620 2437 et
646 2382 876 2438 Domino
902 2381 1030 2438 Jesu
1065 2380 1305 2438 Christo.
1383 2382 1705 2439 Benedictus
1734 2384 1876 2439 Deus

268 2483 324 2528 et
360 2475 521 2530 Pater
548 2474 759 2530 Domini
793 2477 961 2530 nostri
992 2474 1119 2530 Jesu
1145 2474 1372 2541 Christi,
1433 2475 1594 2532 Pater
1646 2477 1864 2532 miseri-

266 2568 582 2624 cordiarum
605 2611 620 2635 ,
678 2580 728 2624 et
763 2569 905 2624 Deus
934 2569 1097 2624 totius
1132 2569 1521 2624 consolationis
1544 2611 1558 2635 ,
1618 2570 1708 2640 qui
1740 2586 1875 2625 eon-

266 2663 480 2719 solatur
526 2677 625 2717 nos
663 2663 713 2716 in
748 2663 890 2717 omni
950 2661 1300 2718 tribulatione
1343 2674 1556 2726 nostra;
1607 2674 1662 2717 ut
1697 2663 1874 2734 possi-

266 2772 393 2814 mus
452 2766 506 2813 et
537 2758 636 2838 ipsi
693 2757 966 2813 consolari
1000 2771 1127 2825 eos,
1182 2757 1272 2828 qui
1323 2758 1375 2812 in
1425 2759 1568 2811 omni
1621 2741 1875 2828 pressura

264 2860 430 2918 sunt,
493 2868 590 2924 per
636 2853 1103 2920 exhortationem,
1157 2869 1262 2924 qua
1290 2851 1642 2908 exhortamur
1688 2863 1742 2910 et
1773 2855 1875 2926 ipsi

265 2965 294 3004 a
320 2950 456 3006 Deo.
490 2950 751 3016 Quoniam
799 2950 940 3005 sicut
975 2949 1247 3004 abundant
1283 2951 1561 3020 passiones
1587 2948 1786 3005 Christi
1821 2953 1873 3006 itt

266 3042 427 3098 nobis
486 3041 620 3117 [Ms.
655 3041 862 3115 vobis]:
942 3045 1012 3098 ita
1073 3055 1125 3098 et
1179 3059 1272 3114 per
1319 3042 1594 3098 Christum
1642 3045 1880 3100 abundat

265 3134 580 3191 c0nsolatio
611 3145 822 3190 nostra.
857 3118 864 3122 ’
908 3136 1035 3191 Sive
1077 3147 1254 3191 autem
1300 3135 1622 3192 tribulamur
1656 3152 1757 3208 pro
1785 3152 1878 3192 ve-

264 3239 378 3285 stra
406 3229 788 3287 exhortatione
830 3240 883 3287 et
909 3231 1114 3298 salute,
1172 3239 1197 3267 ε
1254 3231 1366 3286 sive
1390 3232 1735 3287 consolamur
1778 3247 1874 3304 pro

264 3333 454 3378 vestra
489 3323 886 3390 consolatione,
921 3325 1034 3379 sive
1061 3323 1420 3381 exhortantur
1451 3341 1547 3396 pro
1573 3336 1749 3382 vestra
1781 3344 1874 3382 ex-

1981 2111 2150 2164 nostri
2175 2108 2306 2166 Jesu
2335 2107 2556 2166 Christi.
2613 2113 2680 2167 Et
2726 2113 2827 2168 hac
2868 2114 3195 2172 confidentia
3237 2117 3387 2172 volui
3428 2121 3579 2189 prius

1959 2203 2164 2261 .venire
2193 2203 2260 2258 ad
2291 2219 2406 2272 vos,
2467 2214 2526 2260 ttt
2551 2207 2838 2261 secundam
2888 2210 3116 2278 gratiam
3167 2209 3467 2266 haberetis:
3519 2221 3576 2270 et

1978 2310 2076 2366 per
2103 2311 2200 2350 vos
2234 2298 2463 2353 transire
2516 2299 2568 2353 in
2620 2299 3024 2368 Macedoniam,
3081 2313 3135 2358 et
3167 2303 3359 2360 iterum
3407 2320 3436 2359 a
3467 2305 3579 2361 Ma-
3637 2329 3644 2334 ι

1976 2387 2200 2444 cedonia
2234 2391 2418 2446 venire
2448 2391 2511 2445 ad
2544 2407 2663 2460 vos,
2697 2403 2748 2448 et
2775 2409 2805 2448 a
2835 2395 2986 2451 vobis
3012 2395 3203 2452 deduci
3234 2399 3285 2452 in
3304 2397 3570 2456 Iudaeam.

1976 2481 2109 2538 Cum
2165 2498 2295 2554 ergo
2346 2483 2448 2539 hac
2498 2487 2784 2542 voluissem
2814 2530 2827 2551 ,
2888 2490 3148 2560 numquid
3191 2491 3408 2549 levitate
3443 2507 3572 2552 usus

1976 2576 2136 2630 sum?
2192 2575 2299 2631 Aut
2322 2592 2441 2648 quae
2471 2580 2670 2650 cogito,
2700 2581 2994 2636 secundum
3022 2597 3241 2640 carnem
3271 2585 3472 2655 cogito,
3517 2597 3577 2643 ut

1976 2671 2048 2727 sit
2080 2672 2219 2743 apud
2249 2689 2354 2738 me,
2388 2673 2483 2728 Est
2508 2683 2562 2728 et
2593 2673 2744 2730 Non?
2799 2675 2995 2732 Fidelis
3019 2687 3200 2733 autem
3226 2679 3389 2746 Deus,
3445 2681 3572 2752 quia

1975 2781 2157 2822 sermo
2186 2777 2402 2832 noster,
2459 2769 2547 2834 qui
2579 2767 2672 2822 fttit
2704 2769 2832 2841 ιΜε.
2870 2769 2949 2843 fit]
2993 2772 3133 2839 apud
3167 2788 3294 2844 vos,
3352 2789 3458 2831 non
3501 2784 3584 2832 est

1977 2859 2026 2913 in
2057 2858 2182 2927 illo,
2243 2859 2340 2917 Est
2366 2870 2420 2927 et.
2444 2859 2557 2916 Non
2595 2871 2641 2917 ο.
2728 2863 2816 2917 Dei
2850 2863 2993 2918 enim
3040 2863 3209 2920 Filius
3235 2867 3391 2923 Jesus
3420 2867 3578 2924 Citri-

1976 2963 2089 3008 sttts
2111 2997 2126 3019 ,
2185 2954 2276 3024 qui
2305 2955 2355 3009 in
2390 2956 2540 3009 vobis
2573 2971 2664 3026 per
2695 2973 2790 3009 nos
2821 2958 3140 3028 przedicatus
3171 2969 3288 3028 est,
3331 2977 3426 3032 per
3459 2977 3566 3031 tne,

1976 3057 2031 3102 et
2059 3047 2371 3116 Silvanum,
2433 3058 2486 3102 et
2522 3049 2861 3104 Timotheum
2884 3092 2898 3118 ,
2947 3066 3052 3107 non
3079 3051 3180 3108 fuit
3215 3055 3306 3109 Est
3349 3063 3397 3110 et
3431 3053 3570 3122 Non,

1975 3140 2068 3195 sed
2129 3139 2221 3196 Est
2276 3141 2328 3195 in
2393 3142 2488 3196 illo
2538 3141 2654 3196 fttit.
2729 3142 3005 3212 Quotquot
3055 3145 3196 3200 enim
3257 3148 3573 3216 promissio-

1979 3250 2074 3289 nes
2104 3234 2198 3290 Dei
2229 3243 2356 3290 sunt
2418 3237 2467 3289 itt
2499 3236 2594 3289 illo
2629 3236 2756 3291 Est:
2824 3236 2944 3292 ideo
2974 3247 3028 3293 et
3059 3254 3154 3309 per
3183 3240 3357 3306 ipsum
3393 3241 3564 3296 Amen

1977 3329 2089 3384 Deo
2120 3330 2183 3384 ad
2213 3329 2438 3400 gloriam
2474 3337 2733 3383 nostrain.
2806 3328 2909 3398 Qui
2937 3338 3117 3386 autem
3147 3332 3430 3387 confirmat
3475 3349 3574 3390 nos

263 3413 581 3472 hortatione
629 3425 684 3471 et
713 3416 905 3481 salute,
964 3432 1085 3485 qua}
1113 3427 1366 3487 operatur
1392 3417 1733 3473 tolerantiam
1768 3434 1862 3473 ea-
1894 3407 1938 3468 C
1972 3422 2253 3478 vobiscum
2308 3422 2359 3476 in
2411 3422 2626 3478 Christo
2678 3421 2806 3495 [Με.
2859 3423 3104 3479 Christus
3155 3424 3465 3498 Dominus],
3524 3438 3579 3487 et

262 3508 518 3564 rumdem
550 3508 904 3582 passionum,
943 3524 1076 3579 quas
1117 3518 1172 3564 et
1203 3524 1299 3564 nos
1333 3510 1597 3579 patimur:
1657 3519 1717 3565 ut
1747 3525 1873 3582 spes

268 3609 459 3657 nostra
492 3600 645 3656 firma
676 3600 747 3655 sit
775 3616 872 3670 pro
904 3602 1059 3656 vobis
1085 3620 1096 3653 :
1127 3601 1365 3658 scientes
1395 3602 1534 3670 quod
1572 3604 1711 3657 sicut
1740 3602 1871 3658 socii

263 3693 581 3763 passionum
640 3692 807 3760 estis,
885 3693 963 3747 sic
991 3693 1143 3748 eritis
1183 3702 1237 3748 et
1265 3693 1671 3748 COIISttIaSIOI’IIS.
1754 3693 1870 3748 Non

261 3787 410 3842 enim
445 3787 694 3841 volumus
736 3789 984 3856 ignorare
1005 3803 1124 3852 vos,
1178 3788 1400 3853 fratres,
1435 3789 1503 3844 de
1530 3789 1874 3845 tribulatione

268 3888 460 3935 nostra
483 3923 496 3947 ,
541 3883 662 3949 qua:
689 3878 830 3934 facta
857 3890 938 3937 est
984 3881 1036 3936 itt
1072 3882 1228 3947 Asia,
1271 3881 1524 3952 quoniam
1554 3896 1714 3950 supra
1753 3897 1867 3936 mo-

260 3970 394 4025 dum
424 3971 632 4041 gravati
666 3986 853 4026 sumus
883 3987 1043 4041 supra
1080 3973 1370 4039 virtutem,
1425 3973 1496 4026 ita
1544 3983 1599 4027 ttt
1644 3973 1870 4028 taederet

261 4079 364 4121 nos
418 4063 578 4119 etiam
634 4064 835 4121 vivere.
913 4065 1016 4121 Sed
1062 4065 1159 4135 ipsi
1223 4068 1274 4120 in
1325 4064 1729 4134 nobismetipsis
1784 4082 1865 4120 re-

260 4176 532 4232 sponsum
567 4162 757 4215 mortis
786 4161 1093 4227 habuimus,
1127 4169 1186 4214 ttt
1216 4177 1322 4216 non
1354 4161 1520 4214 simus
1553 4159 1784 4216 fidentes
1815 4161 1866 4214 in

262 4255 443 4320 nobis,
475 4255 570 4310 sed
602 4256 654 4310 in
691 4256 819 4320 Deo,
853 4256 941 4324 qui
977 4255 1203 4310 suscitat
1236 4266 1506 4310 mortuos:
1534 4256 1623 4326 qui
1655 4255 1721 4309 de
1753 4263 1871 4311 tan-

265 4345 629 4418 t'si'periculis
658 4362 756 4402 nos
786 4348 1020 4418 eripuit,
1042 4382 1054 4390 -
1080 4357 1136 4403 et
1183 4346 1354 4403 eruit:
1409 4351 1460 4403 in
1494 4365 1651 4418 quem
1685 4365 1869 4419 spera-

264 4427 387 4496 mus
441 4441 696 4512 quoniam
749 4451 802 4496 et
871 4440 1046 4495 adhuc
1100 4441 1327 4510 eripiet,
1388 4441 1774 4512 adjuvantibus
1815 4449 1870 4496 et

268 4534 429 4589 vobis
458 4534 511 4587 itt
545 4535 788 4588 oratione
820 4549 916 4603 pro
947 4533 1129 4588 nobis:
1171 4543 1226 4587 ut
1253 4549 1318 4588 ex
1345 4531 1374 4570 ι)
1418 4533 1709 4588 multorum
1744 4549 1869 4603 per-

268 4627 447 4692 sonis,
490 4625 607 4696 ejus
637 4641 760 4696 qua:
791 4627 842 4680 in
873 4626 1029 4680 nobis
1059 4635 1142 4681 est
1171 4625 1503 4692 donationis,
1539 4641 1635 4695 per
1663 4626 1862 4680 multos

264 4719 458 4790 grati-.2
502 4727 729 4791 agantur
763 4735 858 4790 pro
902 4721 1080 4775 nobis.
1133 4720 1267 4775 Nam
1303 4719 1479 4790 gloria
1523 4731 1706 4775 nostra
1749 4720 1866 4776 hate

1977 3517 2064 3587 qui
2101 3518 2252 3571 tinxit
2284 3532 2380 3570 nos
2414 3517 2583 3570 Deus:
2639 3518 2729 3588 qui
2781 3526 2837 3572 et
2884 3518 3113 3587 signavit
3170 3534 3289 3584 nos,
3349 3519 3571 3577 eldt-dit

1977 3615 2168 3679 pignus
2199 3609 2437 3678 Spiritus
2482 3609 2609 3682 [.Ils.
2645 3608 2929 3682 Spiritum]
2974 3613 3021 3664 in
3053 3611 3311 3666 cordibus
3343 3612 3568 3672 nostris.

1982 3703 2094 3775 Ego
2123 3715 2301 3758 autent
2334 3714 2524 3760 testem
2561 3707 2724 3760 Deum
2760 3707 2950 3759 invoco
2973 3707 3206 3760 auintaut
3234 3721 3407 3761 meam
3428 3705 3573 3776 quod

1977 3813 2206 3869 parcens
2236 3799 2413 3868 vobis,
2460 3816 2564 3853 non
2594 3799 2714 3853 veni
2742 3800 2880 3853 ttltra
2915 3799 3231 3854 Corinthum
3256 3817 3268 3855 :
3315 3813 3419 3854 non
3446 3800 3571 3868 quia

1974 3895 2319 3950 dominamur
2346 3893 2466 3949 ﬁdei
2504 3906 2730 3957 \'eSll'il3,
2783 3893 2877 3949 sed
2909 3893 3185 3964 adjutores
3217 3908 3405 3949 sumus
3435 3908 3566 3965 gau-

1973 3987 2044 4042 dii
2079 3987 2278 4043 vestri:
2313 4003 2435 4042 ttam
2469 3988 2573 4041 title
2605 3986 2782 4042 statis.

2046 4080 2195 4153 [ϐαρ.
2231 4079 2318 4152 IL]
2377 4079 2551 4136 Statui
2595 4089 2774 4135 autem
2819 4079 2918 4134 hoc
2948 4081 3121 4149 ipsum
3152 4079 3292 4148 apud
3323 4094 3442 4143 me,
3491 4093 3559 4135 ne

1972 4174 2168 4229 iterum
2222 4174 2273 4227 in
2323 4172 2540 4228 tristitia
2591 4172 2831 4228 venirem
2883 4173 2947 4228 ad
2995 4190 3113 4228 vos.
3183 4174 3238 4228 Si
3283 4173 3423 4226 enim
3464 4187 3567 4243 ego

1969 4269 2236 4322 contristo
2284 4281 2406 4322 vos:
2471 4275 2524 4319 et
2568 4266 2689 4334 quis
2737 4273 2854 4329 est,
2905 4266 2996 4336 qui
3026 4284 3109 4320 ttte
3139 4266 3401 4331 hetificet,
3454 4264 3557 4319 nisi

1969 4359 2058 4428 qui
2090 4358 2441 4428 contristatur
2472 4373 2534 4412 ex
2564 4356 2689 4412 me?
2742 4357 2798 4411 Et
2833 4356 2936 4411 hoc
2966 4357 3137 4426 ipsum
3170 4357 3358 4428 scripsi
3389 4357 3566 4422 Vobis,

1970 4459 2026 4504 ut
2058 4466 2162 4503 non
2194 4464 2318 4502 cum
2353 4464 2573 4514 venero,
2629 4448 2898 4502 tristitiam
2944 4464 3106 4518 super
3153 4447 3422 4502 tristitiam
3478 4453 3573 4503 ha-

1971 4542 2150 4608 beam,
2183 4541 2251 4596 de
2284 4541 2483 4612 quibus
2514 4548 2835 4611 oportuerat
2867 4556 2951 4595 me
2981 4541 3220 4610 gaudere
3243 4559 3260 4605 :_
3286 4541 3567 4595 conlidens

1968 4638 2018 4691 in
2044 4636 2296 4690 omnibus
2328 4635 2500 4703 vobis,
2538 4635 2655 4703 quia
2690 4649 2866 4687 meum
2899 4633 3179 4702 gaudium,
3212 4635 3448 4687 omnium
3475 4649 3567 4687 ve-

1971 4737 2141 4782 strum
2201 4735 2302 4780 est.
2386 4724 2518 4780 Nam
2552 4741 2616 4778 ex
2648 4725 2814 4778 multa
2847 4724 3194 4778 tribulatione
3237 4733 3291 4779 et
3323 4727 3568 4794 angustia

260 4823 364 4882 est,
402 4815 774 4869 testimonium
810 4816 1161 4871 conscientia:
1191 4823 1422 4880 nosti-az,
1467 4814 1609 4884 quod
1642 4814 1695 4869 in
1726 4815 1858 4869 sim-
1890 4801 2147 4875 Deordis
2192 4817 2381 4887 scripsi
2425 4818 2576 4871 vobis
2623 4833 2719 4887 per
2767 4817 2962 4872 utultas
3003 4820 3300 4890 lacrymas:
3345 4833 3452 4872 non
3506 4828 3562 4874 ιιι

261 4907 502 4978 plicitate
557 4906 737 4962 cordis
789 4917 842 4962 et
897 4909 1210 4965 sinceritate
1272 4908 1396 4978 Dei,
1457 4918 1511 4962 et
1543 4925 1647 4962 non
1691 4907 1742 4962 in
1774 4924 1861 4962 sa-

263 5000 470 5070 pientia
500 5000 726 5064 carnali,
762 4999 858 5055 sed
889 5001 939 5054 in
972 5001 1142 5071 gratia
1178 5000 1268 5055 Dei
1289 5043 1302 5066 ,
1336 5001 1644 5056 conversati
1674 5015 1861 5056 sumus

262 5095 314 5149 in
357 5095 462 5148 hoc
497 5093 736 5159 mundo;
792 5094 1158 5150 abundantius
1208 5105 1389 5150 autem
1438 5095 1502 5150 ad
1554 5111 1668 5150 vos.
1743 5094 1860 5150 Non

262 5189 406 5244 enim
447 5186 552 5240 alia
594 5187 882 5244 scribimus
927 5188 1081 5244 vobis
1127 5187 1254 5260 [Μδ.
1293 5198 1395 5242 tac.
1442 5188 1650 5259 vobis],
1701 5205 1860 5256 quam

259 5294 382 5351 quae
412 5278 648 5351 legistis,
709 5289 761 5335 et
787 5280 1113 5351 cognovistis
1145 5281 1271 5352 [Ma
1300 5281 1666 5353 cognoscitis].
1727 5281 1862 5354 Spe-

261 5387 325 5429 ro
348 5379 528 5426 autem
559 5371 700 5442 quod
729 5387 896 5442 uSque
926 5371 981 5428 in
1016 5374 1176 5429 tinem
1207 5375 1566 5444 cognoscetis,
1627 5374 1767 5430 sicut
1806 5385 1860 5430 et

263 5463 596 5535 cognovistis
623 5478 724 5520 nos
751 5480 816 5519 ex
851 5474 1021 5536 parte,
1051 5466 1193 5536 quod
1224 5465 1350 5539 [Με.
1375 5467 1499 5520 add.
1534 5465 1657 5538 nos]
1684 5466 1861 5536 gioria

335 5615 361 5643 ει
377 5604 560 5664 Solida
585 5605 774 5660 isthaac
798 5605 1074 5677 periocha,
1092 5607 1199 5661 sive
1219 5606 1544 5661 consolamur
1570 5621 1663 5677 pro
1683 5613 1854 5677 uestra

264 5677 634 5742 consolatione,
680 5676 821 5743 etc.,
851 5677 1004 5747 juxta
1036 5678 1283 5733 Gnarum
1311 5676 1663 5748 archetypum
1700 5676 1854 5731 Pala-

265 5751 410 5805 tinus
437 5764 540 5803 ms.
574 5751 794 5816 omnino
826 5748 1056 5819 ignorat.
1111 5750 1230 5804 Mox
1260 5749 1436 5802 eidem
1470 5749 1711 5819 pressius
1742 5757 1860 5802 tex-

265 5823 376 5895 tui,
398 5837 523 5895 quae
553 5830 798 5895 operatur
823 5821 879 5875 in
908 5823 1212 5888 tolerantia,
1240 5823 1293 5895 ἐν
1316 5822 1568 5895 ρπομονῇ.

335 5892 362 5931 δ
395 5893 498 5948 Pro
522 5909 586 5949 ea;
609 5892 887 5949 multorum
908 5896 1140 5964 personis
1163 5895 1214 5950 itt
1240 5892 1480 5948 Palatino
1507 5892 1605 5949 tits.
1620 5935 1634 5959 ,
1655 5892 1862 5948 Graecae

1961 4911 2386 4964 contristetnini:
2421 4911 2512 4965 sed
2540 4919 2596 4964 ιιι
2623 4911 2836 4978 sciatis,
2891 4925 3050 4981 quam
3101 4911 3414 4965 cltaritatettt
3465 4909 3565 4964 ha-

1963 5002 2123 5060 beam
2154 5003 2512 5059 abundantins
2545 5009 2595 5057 itt
2627 5003 2799 5058 Vobis.
2837 5003 2896 5059 Si
2924 5003 3040 5074 quis
3068 5016 3246 5057 autem
3278 5003 3567 5057 contrista-

1962 5096 2063 5159 vit,
2094 5110 2195 5149 non
2223 5110 2306 5149 me
2329 5095 2694 5150 eontristavit:
2722 5097 2813 5150 sed
2841 5111 2907 5150 ex
2932 5107 3104 5165 parte,
3133 5103 3189 5149 ut
3213 5111 3316 5148 non
3340 5109 3563 5150 onerem

1965 5203 2153 5242 omnes
2182 5204 2298 5242 vos.
2331 5187 2542 5245 Suflicit
2575 5189 2671 5254 illi,
2703 5190 2791 5260 qui
2825 5188 3090 5260 ejusmodi
3120 5199 3224 5254 est,
3258 5187 3565 5259 objurgatio

1967 5281 2105 5350 hzec,
2141 5299 2259 5354 quae
2300 5285 2361 5337 fit
2391 5301 2415 5335 ιι
2449 5283 2719 5353 pluribus:
2755 5285 2826 5337 ita
2854 5295 2906 5334 ttt
2939 5281 3244 5336 econtrario
3276 5282 3443 5352 magis
3467 5281 3568 5337 do-

1970 5377 2129 5441 ttetis,
2191 5385 2243 5430 et
2273 5377 2650 5438 consolemini,
2714 5391 2781 5430 ne
2821 5375 2962 5430 forte
2996 5373 3374 5430 abundantiori
3407 5375 3568 5430 tristi-

1971 5470 2042 5524 tia
2073 5470 2432 5524 absorbeatur
2463 5469 2554 5540 qui
2581 5469 2846 5541 ejusmodi
2882 5479 2986 5524 est.
3031 5469 3262 5542 Propter
3292 5469 3432 5541 quod
3464 5469 3570 5527 ob-

1963 5606 2180 5683 quidem
2216 5606 2412 5683 litterae
2431 5607 2692 5683 pressius,
2728 5608 2776 5661 ἐν
2795 5605 2991 5662 πολλῶν
3009 5607 3326 5683 προσώπων,
3350 5604 3564 5676 legitur,

1967 5687 2017 5731 et
2041 5677 2322 5732 multarum
2353 5677 2626 5749 faciemm.

2041 5760 2064 5788 ο
2093 5748 2380 5802 Studiostts
2410 5764 2682 5805 nonnemo
2710 5765 2778 5804 ex
2805 5750 2974 5804 veteri
3006 5749 3234 5804 fortasse
3261 5748 3448 5804 Latina
3481 5749 3564 5805 itt-

1969 5823 2356 5890 terpretatione
2385 5821 2471 5876 hic
2502 5821 2746 5889 addidit,
2777 5823 2868 5876 sed
2889 5831 2963 5876 est
2991 5823 3046 5876 in
3074 5823 3194 5880 illo.
3227 5820 3345 5878 Est.
3404 5823 3475 5876 lta
3507 5830 3564 5877 et

1971 5895 2129 5964 paulo
2160 5904 2314 5965 post,
2368 5910 2473 5949 non
2521 5894 2618 5965 fuit
2669 5895 2725 5950 in
2772 5895 2867 5951 illo
2920 5893 3013 5950 Est
3056 5903 3109 5949 et
3139 5891 3288 5961 Non,
3315 5895 3427 5961 sed,
3456 5903 3566 5950 etc.

3390 6152 3407 6180 \
