4128 6330
588 344 697 405 ’165

1588 336 1647 395 s.
1691 323 2071 397 tltEllONYitl
2109 331 2343 393 mva
2385 297 2861 393 steatomatis.

3796 331 3887 391 τη

592 472 759 519 secro
782 471 904 525 vos,
948 463 1007 512 nt
1028 453 1362 514 conﬁrmetis
1390 453 1446 510 in
1476 452 1626 509 illum
1656 450 2001 508 charitatem.
2059 446 2186 505 Ideo
2214 449 2264 512 Α
2293 445 2527 503 revelata
2559 444 2697 503 faeie
2723 444 2956 516 gloriam
2990 442 3204 500 Domini
3227 442 3623 514 speculantes,
3674 444 3726 503 in
3755 461 3889 505 eam.

596 556 773 621 enim,
830 561 885 608 et
914 550 1139 621 scripsi,
1191 556 1254 604 ut
1277 561 1599 618 cognoscam
1627 544 2056 617 experimentum
2082 556 2181 599 ve-
2292 538 2418 596 dem
2445 537 2735 610 imaginem
2765 536 3218 597 transformamur
3243 551 3275 593 a
3302 537 3569 596 claritate
3593 534 3649 595 in
3675 537 3882 601 elarits.

604 656 810 716 strum,
855 660 924 701 an
954 644 1006 699 in
1046 644 1301 700 omnibus
1330 642 1648 698 obedientes
1678 640 1815 695 sitis.
1884 638 1983 695 Cui
2008 648 2189 694 autem

597 738 796 810 aliquid
827 736 1093 802 donastis,
1149 746 1203 792 et
1232 750 1366 807 ego:
1422 749 1547 790 nam
1603 741 1656 787 et
1681 745 1781 800 ego
1828 729 1970 800 quod
2023 728 2194 785 dona-

599 832 686 899 vi,
728 833 777 888 si
809 831 937 904 quid
962 830 1194 895 donavi,
1248 835 1470 899 propter
1499 840 1597 882 vos
1627 825 1680 882 in
1706 839 1936 897 persona
1968 824 2191 891 Chri~ti,

606 937 668 984 ut
698 943 805 983 non
838 924 1324 982 circumveniamur
1351 937 1382 978 a
1412 922 1646 978 Satana:
1678 934 1784 976 non
1815 919 1957 975 enim
1980 919 2193 990 ignora-

605 1036 726 1079 mus
750 1030 775 1059 η
808 1018 1163 1092 cogitationes
1194 1016 1329 1089 ejus.
1361 1015 1496 1072 Cum
1527 1014 1796 1072 venissem
1823 1021 2002 1069 autem
2024 1010 2196 1093 Troa-

602 1113 725 1171 dem
779 1122 1000 1185 propter
1053 1110 1399 1182 Evangelium
1447 1107 1678 1177 Christi,
1735 1118 1786 1164 et
1818 1107 2015 1165 ostium
2064 1107 2194 1165 mihi

602 1213 848 1277 apertum
870 1213 1015 1260 esset
1036 1204 1089 1259 in
1107 1203 1354 1268 Domino,
1386 1216 1492 1256 non
1521 1200 1682 1255 habui
1713 1201 1950 1270 requiem
1982 1199 2194 1272 spiritui

607 1311 752 1367 meo,
783 1312 849 1353 eo
876 1296 1020 1367 quod
1050 1312 1156 1351 non
1188 1296 1488 1350 invenerim
1516 1292 1694 1349 Titum
1727 1294 1946 1349 fratrem
1975 1308 2191 1362 meum,

598 1389 696 1446 sed
746 1388 1071 1447 valefaciens
1125 1390 1246 1454 cis,
1321 1386 1590 1457 profectus
1647 1403 1765 1443 sum
1830 1387 1882 1442 in
1939 1387 2192 1443 Macedo-

600 1485 769 1539 niam.
824 1483 937 1538 Deo
959 1491 1139 1539 autem
1163 1482 1384 1554 gratias,
1415 1483 1506 1551 qui
1532 1494 1747 1552 semper
1774 1479 2070 1552 triumphat
2095 1494 2193 1541 nos

604 1577 661 1635 in
703 1575 921 1631 Christo
970 1575 1119 1643 JCStI,
1175 1582 1230 1631 et
1257 1573 1481 1630 odorem
1510 1573 1718 1629 uetitite
1747 1588 1861 1628 sua
1891 1572 2198 1630 manifestat

606 1683 704 1741 per
728 1683 829 1723 nus
856 1667 910 1723 in
941 1667 1087 1724 omni
1120 1667 1269 1724 loco:
1312 1667 1438 1737 quia
1481 1664 1681 1721 Christi
1729 1665 1901 1721 bonus
1943 1666 2077 1722 udor
2106 1681 2199 1726 su—

605 1778 727 1818 mus
782 1763 921 1818 Deo:
980 1763 1036 1817 in
1068 1762 1135 1818 iis
1161 1761 1252 1833 qui
1280 1760 1413 1816 salvi
1447 1762 1612 1826 ﬁunt,
1671 1770 1726 1817 et
1757 1760 1811 1815 in
1842 1760 1907 1816 iis
1946 1762 2036 1831 qui
2072 1774 2198 1832 per-

2295 640 2425 698 tem,
2460 642 2732 704 tamquam
2759 647 2789 687 a
2816 632 3026 687 Domini
3053 629 3277 702 Spiritu.
3528 691 3534 706 ί

2366 725 2521 801 [ϐαρ.
2550 723 2666 797 lV.]
2686 722 2815 783 ldeo
2846 722 3109 783 habentes
3135 725 3164 765 ³*
3191 723 3733 782 administrationem
3750 726 3889 797 juxta

2295 821 2440 893 quod
2484 821 2915 879 misericordiam
2945 821 3225 881 consecuti
3264 836 3464 881 sumus
3492 862 3510 888 ,
3561 835 3672 879 non
3722 822 3888 881 deﬁci-

2298 930 2451 980 mus,
2485 912 2582 971 sed
2610 913 2927 969 abdieamus
2955 914 3167 970 occulta
3216 912 3545 980 dedecoris,
3580 927 3686 968 non
3717 914 3893 987 ambu-

2299 1006 2474 1064 lantes
2502 1005 2553 1062 in
2583 1005 2815 1073 astutia,
2869 1022 3045 1079 neque
3094 1003 3476 1062 adulterantes
3508 1006 3735 1062 verbum
3775 1007 3888 1075 Dei,

2298 1099 2396 1159 sed
2436 1102 2491 1157 in
2532 1097 2972 1157 manifeststione
3014 1098 3254 1157 veritatis
3292 1097 3753 1154 commendantes
3776 1114 3890 1155 nos-

2299 1193 2564 1264 metipsos
2592 1191 2661 1247 ad
2701 1205 2918 1246 omnem
2949 1190 3337 1248 conscientiam
3389 1191 3681 1247 hominum
3720 1208 3890 1250 coram

2301 1288 2433 1345 Deo.
2466 1286 2619 1356 Quod
2667 1286 2712 1340 si
2741 1287 2902 1343 etiam
2934 1296 3183 1357 opertum
3230 1295 3316 1344 est
3357 1287 3730 1358 Evangelium
3781 1305 3895 1345 nos-

2301 1390 2441 1438 trum
2467 1423 2483 1449 ,
2537 1383 2588 1436 in
2620 1382 2723 1449 iis,
2764 1381 2853 1453 qui
2899 1391 3125 1453 pereunt
3151 1427 3167 1453 ,
3199 1391 3285 1439 est
3330 1391 3638 1453 opertum:
3692 1384 3747 1438 iu
3789 1385 3893 1454 qui-

2301 1477 2403 1534 bus
2465 1476 2609 1533 Deus
2667 1475 2831 1548 hujus
2894 1474 3078 1533 steculi
3144 1477 3449 1535 exctrcavit
3535 1485 3746 1533 mentes
3794 1478 3895 1532 inﬁ-

2302 1567 2503 1627 delium
2528 1611 2543 1635 ,
2575 1577 2636 1625 ut
2681 1583 2789 1625 non
2823 1558 3024 1640 fulgeat
3059 1579 3083 1610 ¢
3116 1569 3223 1625 illis
3262 1566 3607 1625 illuminath
3638 1570 3893 1642 Evangelii

2301 1663 2491 1734 gloria:
2531 1662 2779 1727 Christi,
2825 1664 2914 1733 qui
2958 1670 3044 1717 est
3084 1662 3261 1733 imago
3285 1661 3406 1718 Dei.
3438 1661 3562 1717 Non
3609 1662 3753 1719 enim
3783 1679 3897 1720 nos-

2303 1756 2565 1828 metipsos
2606 1757 2999 1828 praedicamus,
3035 1756 3132 1813 sed
3176 1758 3365 1814 Jesum
3398 1758 3684 1815 Christum
3727 1760 3893 1817 Domi-

605 1864 774 1913 eunt:
806 1855 929 1910 aliis
957 1854 1171 1926 quidem
1201 1853 1336 1908 odor
1364 1854 1553 1910 mortis
1580 1854 1633 1908 in
1659 1861 1920 1919 mortem;
1948 1854 2071 1909 aliis
2100 1870 2202 1910 an-
2233 1847 2277 1907 Β
2307 1865 2435 1904 num
2459 1856 2705 1904 nostrum
2733 1865 2746 1903 :
2776 1863 2876 1903 nos
2900 1858 3083 1905 autem
3103 1864 3292 1905 servus
3312 1859 3539 1906 vestros
3568 1866 3668 1922 per
3691 1850 3860 1909 Jesum
3879 1896 3893 1920 ,

609 1957 718 2013 tem
744 1948 879 2003 odor
897 1948 1020 2007 vita:
1048 1949 1100 2002 in
1132 1948 1318 2002 vitam.
1353 1947 1417 2002 Et
1435 1948 1499 2001 ad
1525 1947 1639 2002 hazc
1664 1947 1784 2018 quis
1807 1956 1914 2002 tam
1940 1947 2200 2007 idoneus?

601 2038 719 2098 Non
769 2042 910 2097 enim
964 2056 1152 2098 sumus
1202 2041 1343 2096 sicut
1394 2040 1609 2112 plurimi
1648 2041 2017 2099 adulterantes
2067 2057 2197 2099 ver-

607 2131 736 2189 bum
770 2133 864 2189 Dei
887 2175 902 2201 ,
941 2132 1038 2190 sed
1069 2150 1133 2189 ex
1163 2133 1495 2200 sinceritate,
1542 2133 1638 2195 sed
1669 2133 1811 2190 sicut
1832 2149 1898 2191 ex
1928 2134 2060 2204 Deo,
2109 2150 2203 2193 co-

606 2241 723 2284 ram
759 2227 889 2294 Deo,
925 2227 977 2283 in
1006 2226 1222 2282 Christo
1252 2226 1543 2299 loquimur.

681 2319 834 2393 [(.’ap.
883 2317 995 2392 lll.]
1061 2318 1354 2390 lnclpimus
1402 2320 1597 2375 iterum
1650 2318 2017 2393 nosmetipsos
2054 2335 2206 2377 com-

609 2412 909 2471 mendare?
941 2424 1035 2468 aut
1058 2413 1319 2485 numquid
1340 2429 1566 2484 egemus
1598 2413 1759 2486 (sicut
1782 2412 2025 2489 quidam)
2052 2431 2205 2473 cont-

609 2507 945 2565 mendatitiis
969 2507 1218 2578 epistolis
1248 2507 1315 2563 ad
1346 2523 1463 2575 vos,
1493 2515 1587 2562 aut
1613 2522 1677 2563 ex
1708 2508 1904 2564 vobis?
1960 2507 2202 2580 Epistola

610 2612 793 2659 nostra
827 2618 925 2658 vos
959 2602 1117 2671 estis,
1163 2601 1360 2673 scripta
1405 2601 1459 2658 in
1497 2602 1755 2661 cordibus
1797 2601 2038 2673 nostris,
2085 2619 2205 2674 quae

610 2696 782 2753 scitur
833 2704 885 2753 et
922 2693 1119 2767 legitur
1153 2692 1223 2750 ab
1277 2695 1531 2752 omnibus
1585 2694 1925 2752 hominibus:
1975 2695 2203 2753 manife-

605 2786 732 2844 stati
762 2786 904 2859 quod
932 2787 1166 2857 epistola
1191 2786 1327 2843 estis
1354 2786 1594 2867 Christi,
1644 2789 1950 2845 ministrata
1988 2804 2018 2844 a
2045 2788 2205 2848 nobis

600 2889 657 2938 et
686 2881 883 2950 scripta
915 2894 1021 2935 non
1052 2888 1377 2948 atramento,
1439 2882 1532 2936 sed
1556 2880 1750 2953 spiritu
1778 2880 1875 2941 Dei
1898 2881 2039 2950 vivi;
2097 2900 2205 2941 non

607 2974 663 3030 in
694 2973 889 3029 tabulis
922 2973 1170 3044 lapideis,
1218 2975 1313 3030 sed
1347 2974 1401 3031 in
1434 2976 1633 3035 tabulis
1659 2977 1846 3034 cordis
1874 2979 2203 3039 carnalibus.

608 3064 890 3122 Fiduciam
916 3076 1095 3122 autem
1126 3065 1286 3122 talem
1330 3065 1617 3135 habemus,
1673 3084 1769 3140 per
1815 3068 2093 3128 Christum
2139 3070 2204 3127 ad

609 3157 782 3214 Deum
811 3176 824 3214 :
859 3174 963 3214 non
996 3158 1138 3230 quod
1169 3158 1501 3215 sufﬁcientes
1530 3161 1702 3217 simus
1730 3162 1971 3232 cogitare
2002 3161 2204 3234 aliquid

608 3264 637 3306 a
668 3251 848 3317 nobis,
896 3251 1048 3323 quasi
1089 3267 1152 3307 ex
1202 3250 1390 3306 nobis:
1441 3253 1536 3308 sed
1570 3252 1898 3309 sufficientia
1928 3264 2110 3311 nostra
2138 3272 2204 3317 ex
2235 3240 2280 3304 C

608 3343 721 3400 Deo
752 3352 865 3398 est:
910 3342 1001 3414 qui
1041 3351 1096 3398 et
1133 3343 1355 3400 idoneos
1407 3359 1504 3402 nos
1556 3344 1683 3401 fecit
1738 3346 2020 3402 ministros
2081 3351 2203 3404 novi

608 3436 915 3492 testamenti
941 3453 955 3501 ;
990 3452 1095 3491 non
1124 3436 1324 3506 littera,
1358 3438 1452 3493 sed
1479 3438 1716 3509 Spiritu:
1745 3437 1924 3494 littera
1947 3439 2089 3501 enim
2115 3457 2209 3498 oc-

607 3530 775 3598 cidit,
805 3529 1039 3603 Spiritus
1066 3544 1247 3587 autem
1270 3531 1527 3588 viviﬁcat.
1588 3532 1743 3602 Quod
1784 3534 1831 3590 si
1875 3535 2205 3593 ministratio

608 3625 801 3682 mortis
824 3624 1019 3681 litteris
1050 3625 1348 3681 deformata
1380 3628 1431 3681 in
1457 3626 1725 3695 lapidibus
1747 3668 1763 3695 ,
1801 3624 1899 3685 fuit
1923 3627 1975 3684 in
2005 3629 2200 3704 gloria,

608 3719 680 3776 ita
708 3729 766 3775 ut
790 3736 895 3777 non
920 3730 1139 3791 possent
1162 3719 1446 3776 intendere
1467 3718 1560 3776 lilii
1584 3719 1746 3777 lsrael
1773 3738 1823 3777 In
1847 3722 2037 3778 faciem
2061 3724 2207 3799 Moy-

608 3814 695 3879 si,
745 3822 964 3885 propter
1001 3813 1232 3884 gloriam
1276 3812 1456 3869 vultus
1506 3812 1660 3884 ejus,
1710 3828 1832 3886 qua:
1877 3826 2204 3875 evacuatur:

610 3908 885 3981 quomodo
917 3923 1022 3963 non
1056 3907 1225 3979 magis
1254 3908 1580 3965 ministratio
1611 3900 1845 3979 Spiritus
1871 3910 1977 3966 erit
2011 3911 2062 3967 in
2093 3912 2210 3984 glo-

612 4000 733 4057 ria?
789 3999 923 4055 Nam
974 3999 1022 4055 si
1074 4001 1403 4056 ministratio
1454 3999 1823 4056 damnationis
1872 4002 2047 4074 gloria
2092 4014 2206 4063 est:

611 4095 783 4149 multo
823 4095 993 4165 magis
1028 4093 1268 4149 abundat
1307 4092 1436 4167 [Ms.
1469 4094 1793 4170 abundavit]
1840 4098 2201 4160 ministerium

603 4180 833 4255 iustitia:
870 4184 922 4239 in
965 4185 1159 4255 gloria.
1237 4184 1372 4241 Nam
1406 4201 1506 4242 nec
1532 4186 1890 4257 gloriﬁcatum
1922 4200 2034 4259 est,
2065 4190 2207 4264 quod

606 4278 803 4335 claruit
852 4278 907 4334 in
938 4277 1038 4335 hac
1061 4290 1239 4350 parte,
1294 4290 1517 4352 propter
1551 4280 1911 4337 excellentem
1948 4282 2201 4355 gloriam.

610 4369 668 4427 Si
696 4369 838 4426 enim
872 4369 1013 4442 quod
1040 4379 1353 4437 evacuatur,
1386 4385 1485 4443 per
1503 4370 1734 4443 gloriam
1763 4380 1873 4428 est:
1905 4375 2075 4431 multo
2097 4392 2210 4431 ma-

608 4463 691 4535 gis
718 4463 861 4536 quod
891 4472 1096 4534 mmet,
1126 4465 1177 4519 in
1207 4464 1379 4535 gloria
1406 4474 1511 4537 est.
1564 4464 1836 4524 Habentes
1857 4466 2022 4543 igitur
2044 4469 2207 4529 talem

610 4573 763 4629 spem
786 4603 800 4627 ,
859 4556 1028 4612 multa
1057 4556 1247 4614 ﬁducia
1279 4557 1516 4613 utimur:
1575 4569 1629 4615 et
1661 4575 1766 4615 non
1798 4560 1939 4618 sicut
1984 4560 2200 4636 Moyses

612 4651 849 4721 ponebat
877 4650 1125 4706 velamen
1157 4664 1323 4720 super
1349 4649 1544 4707 faciem
1576 4667 1764 4721 suam,
1800 4665 1858 4710 ut
1887 4672 1996 4713 non
2030 4633 2212 4715 inten-
2239 4633 2286 4697 θ

609 4741 805 4799 derent
830 4741 924 4798 ﬁlii
973 4742 1138 4799 lsrael
1186 4742 1240 4798 in
1280 4741 1471 4799 faciem
1509 4745 1666 4817 ejus,
1715 4749 1857 4817 quod
1889 4760 2205 4823 evacuatur,

609 4836 706 4894 sed
730 4837 907 4892 obtusi
936 4845 1065 4891 sunt
1089 4850 1283 4892 sensus
1309 4852 1522 4894 eorum.
1593 4839 1773 4912 Usque
1800 4841 1854 4897 in
1886 4840 2206 4900 hodiernum

609 4930 753 4987 enim
780 4929 921 4984 diem
951 4927 1182 5001 idipsum
1216 4930 1458 4986 velamen
1487 4932 1540 4987 in
1565 4933 1797 4990 lectione
1823 4935 2018 4992 veteris
2042 4948 2209 4993 testa-

608 5022 780 5080 menti
829 5031 1011 5079 manet
1059 5038 1166 5076 non
1226 5023 1526 5085 revelatum
1574 5025 1854 5098 (quoniam
1908 5028 1961 5101 in
1992 5026 2210 5084 Christo

608 5117 961 5191 evacuatur),
990 5118 1086 5174 sed
1109 5131 1282 5189 usque
1306 5118 1358 5172 in
1382 5116 1704 5175 hodiernum
1730 5119 1874 5176 diem
1894 5161 1910 5187 ,
1967 5136 2089 5176 cum
2125 5121 2207 5178 lc-

607 5214 753 5286 gitur
774 5212 1008 5288 Moyses,
1037 5213 1285 5269 velamen
1317 5215 1554 5282 positum
1578 5214 1661 5269 est
1683 5209 1846 5285 super
1871 5230 1966 5271 cor
1992 5231 2207 5279 eorum.

527 5344 536 5355 .
607 5305 742 5363 Cum
770 5316 952 5362 autem
990 5320 1282 5364 conversus
1326 5304 1490 5360 fuerit
1538 5305 1604 5361 ad
1640 5307 1961 5377 Dominum,
2000 5312 2209 5369 aufere-

610 5405 697 5453 tur
726 5398 994 5453 velamen.
1064 5397 1321 5453 Dominus
1352 5407 1533 5454 autem
1562 5397 1794 5471 Spiritus
1823 5412 1936 5457 est:
1984 5403 2074 5459 ubi
2109 5420 2204 5460 au-

609 5501 717 5547 tem
748 5489 991 5563 Spiritus
1011 5489 1250 5560 Domini,
1283 5489 1357 5548 ibi
1387 5491 1632 5550 libertas.
1691 5492 1799 5550 Nos
1827 5509 1956 5552 vero
1987 5511 2202 5566 omnes,

677 5663 703 5727 ἒ
735 5652 1009 5727 Palatinus
1035 5666 1163 5727 ms.,
1187 5670 1290 5709 non
1320 5654 1459 5709 enim
1485 5654 1788 5727 ignoramus
1811 5654 2033 5709 astutias
2058 5656 2204 5727 cogi-

605 5726 821 5781 tationes
840 5726 1007 5795 cius:
1047 5726 1104 5781 in
1131 5728 1325 5783 Graeco
1350 5726 1534 5784 autem
1564 5734 1772 5782 tantum
1816 5736 1936 5797 est,
1977 5729 2050 5785 τὰ
2081 5732 2198 5788 νοή-

605 5821 911 5939 μαιξαξωάίι
956 5884 1262 5945 pronomen
1314 5868 1452 5933 hanc
1488 5871 1647 5945 juxta
1683 5870 1941 5930 Gratim
1987 5880 2197 5935 textum

2304 1942 2560 2015 quoniam
2596 1942 2740 1997 Dens
2784 1941 2875 2011 qui
2906 1941 3041 1997 dixit
3080 1942 3151 1999 de
3190 1942 3470 2011 tenebris,
3504 1943 3685 2003 lucem
3725 1946 3893 2017 splen-

2302 2038 2558 2106 descere,
2591 2033 2709 2109 ipse
2738 2036 2917 2093 illuxit
2945 2035 3009 2097 in,
3044 2037 3305 2097 cordibus
3328 2040 3578 2109 nostris,
3613 2039 3678 2097 ad
3707 2039 3892 2099 illumi.

2304 2129 2581 2187 nationem
2628 2128 2870 2185 scientia:
2913 2128 3177 2186 claritatis
3228 2129 3363 2198 Dei,
3426 2130 3484 2189 in
3533 2130 3671 2188 facie
3716 2129 3894 2191 Christi

2304 2220 2456 2278 Jesu.
2495 2218 2770 2277 llabemns
2790 2227 2973 2276 autem
3008 2220 3326 2278 thesaurum
3350 2223 3521 2278 istum
3554 2222 3608 2279 in
3658 2222 3795 2278 vasis
3815 2224 3898 2280 ﬁc-

2307 2318 2494 2376 tilibus
2523 2337 2535 2372 :
2568 2325 2631 2375 ut
2679 2315 2985 2373 sublimitas
3041 2317 3112 2375 sit
3149 2317 3365 2374 virtutis
3402 2317 3543 2392 Dei,
3598 2327 3653 2375 et
3699 2336 3799 2383 non
3835 2336 3892 2377 ex

2306 2413 2484 2469 nobis.
2522 2410 2579 2467 lu
2611 2410 2862 2467 omnibus
2901 2409 3314 2469 tribulationem
3365 2411 3629 2483 patimur,
3670 2412 3764 2468 sed
3799 2428 3892 2474 non

2305 2505 2681 2579 angnsﬁamur
2706 2521 2718 2557 :
2744 2502 3058 2575 aporiamur
3078 2546 3092 2573 ,
3125 2498 3222 2561 sed
3248 2519 3352 2559 non
3380 2504 3762 2577 destituimur:
3787 2521 3890 2575 pcr-

2307 2595 2643 2653 secutionem
2671 2597 2946 2669 patimur,
2980 2594 3076 2654 sed
3106 2610 3214 2652 non
3261 2594 3728 2669 derelinquimur:
3774 2594 3894 2673 deji-

2304 2690 2514 2761 cimur,
2566 2692 2662 2747 sed
2694 2707 2804 2747 non
2833 2689 3107 2762 perimus:
3155 2704 3373 2764 seraper
3427 2689 3885 2747 mortiﬁcationem

2306 2787 2436 2845 Jesu
2464 2787 2518 2843 in
2548 2800 2778 2861 corpore
2808 2794 2995 2843 nostro
3043 2784 3498 2843 circumferentes
3522 2828 3539 2855 ,
3579 2796 3639 2841 ut
3688 2797 3742 2841 et
3784 2788 3879 2841 vita

2307 2881 2436 2937 Jcsu
2491 2878 2867 2937 manifestatur
2920 2879 2974 2934 in
3021 2864 3345 2952 corporibus
3394 2879 3624 2936 nostris.
3684 2880 3890 2950 Semper

2308 2974 2453 3031 enim
2483 2989 2584 3033 nus
2610 2970 2703 3047 qui
2741 2973 2993 3043 vivimus,
3029 2972 3080 3028 in
3115 2963 3347 3029 mortem
3390 2974 3660 3040 tradimur
3690 2981 3890 3045 propter

2306 3066 2529 3124 Iesum:
2578 3078 2634 3123 ut
2660 3076 2717 3123 et
2743 3068 2846 3123 vita
2876 3067 3005 3124 Jesu
3039 3067 3421 3124 manifeSIetur
3458 3069 3511 3129 in
3534 3083 3699 3127 carne
3726 3076 3888 3127 μορίω

2311 3161 2552 3218 mortali.
2580 3161 2723 3235 Ergo
2750 3177 2897 3219 mors
2925 3164 2976 3218 in
3007 3162 3164 3218 nobis
3193 3170 3490 3233 operatur,
3521 3162 3628 3223 vita
3658 3171 3823 3218 autem
3843 3163 3886 3223 in
3970 3197 3975 3201 -

2312 3253 2486 3311 vobis.
2519 3254 2795 3310 [labentes
2823 3262 3005 3310 autem
3027 3254 3277 3312 eumdem
3308 3238 3564 3325 spiritum
3596 3254 3737 3323 ﬁdei,
3766 3254 3887 3315 sicnt

2310 3348 2571 3417 scriptum
2604 3354 2726 3407 est:
2753 3345 2974 3403 Credidi
2997 3357 3223 3423 propter
3250 3348 3396 3420 quod
3429 3348 3642 3404 locutus
3672 3364 3782 3404 sum
3803 3391 3816 3417 ,
3843 3356 3889 3408 ci

2310 3456 2410 3498 nos
2437 3436 2731 3512 credimus,
2767 3451 2989 3513 propter
3034 3442 3174 3515 quod
3225 3453 3281 3497 et
3329 3442 3635 3515 loquimur:
3677 3441 3887 3497 scientes

2308 3533 2564 3607 quoniam
2588 3532 2683 3605 qui
2711 3533 2997 3589 suscitavit
3021 3532 3235 3604 Jesum,
3268 3542 3324 3589 et
3364 3549 3470 3590 nos
3500 3550 3623 3590 cum
3644 3533 3763 3595 Jesu
3784 3546 3888 3591 sus-

2310 3625 2515 3693 citabit,
2551 3639 2606 3682 et
2643 3625 2938 3682 conatituet
2963 3624 3264 3702 vobiscum.
3299 3625 3495 3689 Omnia
3521 3627 3664 3683 enim
3687 3632 3889 3697 propter

2312 3738 2408 3778 vos
2434 3739 2450 3781 :
2481 3729 2539 3777 ut
2563 3720 2735 3795 gratia
2766 3719 3050 3776 abundans
3075 3760 3091 3786 ,
3142 3735 3238 3792 per
3286 3718 3491 3777 multos
3521 3720 3572 3775 in
3616 3719 3884 3793 gratiarum

2311 3821 2526 3874 actione
2550 3857 2568 3885 ,
2599 3815 2840 3872 abundet
2879 3815 2932 3871 in
2974 3814 3200 3891 gloriam
3230 3813 3350 3871 Dei.
3374 3814 3608 3893 Propter
3637 3813 3769 3883 quod
3792 3825 3885 3873 non

2311 3911 2631 3975 deﬁcimus;
2662 3909 2762 3968 sed
2789 3909 2918 3966 licet
2945 3910 3014 3981 is,
3061 3908 3155 3984 qui
3198 3908 3331 3969 foris
3374 3920 3495 3981 est,
3531 3916 3711 3969 noster
3743 3906 3886 3964 homo

2311 4013 2618 4077 corrumpat
2646 4022 2659 4059 :
2693 4015 2871 4060 tamen
2904 4005 2968 4066 is.
2993 4004 3081 4074 qui
3110 4003 3258 4063 intus
3278 4013 3385 4077 est,
3414 4011 3707 4065 renovatur
3726 3999 3787 4061 dc
3807 3997 3887 4060 die

2313 4100 2367 4154 in
2396 4099 2561 4155 diem.
2612 4096 2669 4157 Id
2717 4097 2886 4166 enim,
2918 4096 3060 4170 quod
3116 4097 3169 4152 in
3216 4100 3474 4169 praesenti
3503 4105 3584 4153 est
3613 4099 3885 4153 momenta-

2314 4204 2477 4245 neum
2502 4200 2556 4244 et
2588 4190 2707 4245 leve
2741 4187 3107 4245 tribulationis
3136 4200 3374 4252 nostrai,
3406 4203 3574 4265 supra
3608 4185 3813 4247 modum
3837 4180 3884 4236 in

2312 4282 2645 4338 sublimitate
2673 4293 2937 4339 aeternum
2968 4282 3156 4355 gloriae
3186 4281 3398 4353 pondus
3430 4292 3687 4355 operatur
3723 4278 3774 4334 in
3800 4288 3886 4330 no-

2311 4374 2414 4435 bis.
2441 4368 2565 4432 Non
2610 4375 3107 4447 contemplantibus
3151 4374 3307 4435 nobis
3348 4389 3471 4447 qua:
3501 4374 3773 4438 videntur,
3801 4365 3883 4429 sed

2311 4485 2431 4540 qum
2462 4484 2570 4525 non
2605 4469 2876 4525 videntur.
2907 4470 3038 4537 Qua:
3067 4469 3213 4526 enim
3264 4469 3549 4536 videntur,
3594 4461 3881 4541 temporalia

2312 4576 2468 4623 sunt:
2498 4579 2618 4637 qua:
2643 4574 2821 4619 autem
2847 4579 2954 4625 non
2981 4563 3258 4633 videntur,
3281 4573 3485 4619 aeterna
3515 4572 3691 4630 s‘unla

2385 4657 2542 4733 [ϐαρ.
2578 4655 2664 4729 V.]
2704 4656 2915 4714 Scimus
2943 4657 3088 4714 enim
3106 4698 3120 4722 ,
3150 4658 3404 4728 quoniam
3429 4657 3478 4713 si
3506 4651 3771 4717 terrestris
3793 4648 3880 4709 du-

2313 4768 2433 4808 mus
2486 4760 2670 4808 nostra
2719 4748 2881 4823 bnjus
2947 4750 3299 4807 habitationis
3354 4750 3716 4819 dissolvatur,
3753 4736 3881 4815 quod

2312 4844 2727 4902 aediﬁcationem
2755 4858 2823 4899 ex
2862 4843 2974 4900 Deo
3005 4843 3286 4913 habemus,
3320 4844 3540 4905 domum
3580 4856 3682 4899 non
3710 4849 3880 4901 manti-

2313 4936 2529 5003 factam,
2563 4943 2823 4992 mternam
2847 4935 2901 4990 in
2933 4936 3108 4993 cmlis.
3139 4935 3271 4991 Nam
3302 4948 3355 4993 et
3385 4937 3439 4993 in
3467 4936 3572 4992 hoc
3598 4926 3881 5007 ingemisd-

2313 5045 2454 5097 mus,
2496 5030 2890 5085 habitationem
2920 5038 3183 5098 nostram,
3224 5044 3347 5102 quae
3375 5030 3443 5086 de
3471 5027 3607 5104 [Με.
3640 5027 3691 5082 in
3714 5022 3731 5096 ΔΙ
3755 5017 3877 5081 cmi"

2311 5135 2413 5187 est.
2444 5122 2756 5194 superindui
2784 5125 3088 5199 cupientes.
3117 5122 3173 5179 Si
3202 5133 3381 5179 tamen
3410 5123 3606 5190 vestiti,
3638 5134 3738 5179 nun
3766 5108 3878 5173 nudi

2310 5216 2675 5273 inveniamur.
2705 5215 2836 5270 Nam
2868 5224 2922 5271 et
2950 5216 3040 5291 qui
3069 5230 3259 5272 sumus
3290 5216 3342 5271 in
3383 5217 3484 5279 hoc
3511 5207 3874 5273 tabernaculo.

2310 5309 2718 5381 ingemiscimus
2743 5311 2950 5384 gravati
2976 5327 2991 5365 :
3033 5325 3101 5367 eo
3127 5310 3267 5383 quod
3301 5311 3555 5371 nolumus
3584 5298 3873 5387 cx~poliario

2312 5404 2407 5460 sed
2438 5405 2832 5476 supervestiri;
2882 5414 2943 5465 ut
2970 5407 3328 5469 absorbeatur
3352 5406 3499 5487 quod
3526 5400 3741 5472 mortale
3767 5403 3836 5455 est
3856 5434 3870 5458 ο

2311 5514 2341 5553 a
2370 5498 2498 5555 vita.
2528 5499 2629 5567 Qui
2664 5510 2846 5555 autem
2875 5497 3049 5556 efﬁcit
3095 5516 3194 5559 nos
3223 5501 3277 5556 in
3318 5499 3422 5557 hoc
3469 5502 3639 5573 ipsum
3665 5536 3680 5562 ,
3712 5494 3869 5551 Deus,

2312 5655 2718 5800 {nimirum
2766 5727 2877 5782 illis
2931 5741 3275 5800 pronomen,
3328 5726 3476 5799 ηυοά
3519 5726 3571 5780 in
3617 5717 3869 5794 ριαίηυο

2302 5798 2513 5858 Grzecis
2536 5799 2688 5856 libris
2717 5798 2967 5869 habetur,
3003 5799 3178 5857 Palat.
3206 5814 3313 5857 ms.
3346 5798 3557 5859 reticet.
