4128 6330
326 357 437 415 7ον5

1112 361 1445 423 EPISTOLA
1486 365 1545 421 Β,
1589 362 1796 424 vanu
1838 342 2309 425 arosront’an
2346 362 2762 432 CORIN’THIDS
2803 375 2865 433 ιι.

3516 381 3621 437 Ἱϐϐ

324 476 424 547 qui
449 473 597 530 dedit
626 474 782 530 uoltis
811 475 1001 545 pignus
1030 477 1269 546 spiritus.
1298 479 1574 536 Audentes
1596 480 1756 549 igitur
1780 492 1927 535 sem-
1958 485 2004 541 Α
2032 490 2213 536 autem
2250 481 2679 553 locupletautes:
2737 492 3011 557 tamquam
3055 487 3190 543 niltll
3223 488 3484 546 habentes
3510 534 3525 559 ,
3568 503 3621 549 et

328 581 454 638 per,
488 568 726 621 scientes
752 567 1007 636 quoniam
1033 568 1155 622 dum
1188 585 1374 626 sumus
1401 573 1450 627 in
1481 586 1728 642 oorpore.
1768 588 1921 641 pere-

322 660 614 733 grinantur
640 677 672 715 a
718 662 944 717 Domino
977 662 1106 733 (per
1146 664 1305 720 ﬁdem
1348 667 1493 720 enim
1543 667 1920 737 ambulamus,

326 764 520 809 etnon
579 769 673 827 per
703 755 994 825 speciem):
1051 757 1311 815 audemus
1361 768 1570 827 autem,
1619 768 1675 815 et
1725 760 1921 815 bonam

329 847 669 903 voluntatem
718 846 977 904 habemus
1007 851 1177 919 magis
1218 853 1554 921 peregrinari
1595 869 1622 906 a
1662 867 1922 923 corpore,

331 946 389 992 et
417 948 718 1007 prasentes
749 954 873 995 esse
921 941 985 997 ad
1026 942 1335 999 Dominum.
1384 946 1451 1000 Et
1494 946 1617 1003 ideo
1645 946 1925 1002 contendi-

326 1048 485 1101 mus,
529 1035 646 1091 sive
674 1035 962 1105 ttbsentcs,
1014 1039 1133 1093 sive
1192 1048 1526 1107 prmseutes,
1560 1041 1775 1111 plarere
1825 1041 1922 1096 illi.

324 1126 534 1183 Omnes
556 1128 700 1184 enim
749 1143 850 1184 nos
887 1131 1219 1187 manifestari
1271 1143 1485 1202 oportet
1535 1142 1661 1190 ante
1690 1133 1923 1189 tribunal

324 1222 572 1289 Christi,
627 1234 683 1278 ut
732 1222 933 1282 referat
991 1228 1358 1297 unusquisque
1388 1231 1604 1298 prepria
1634 1229 1877 1299 corporis
1908 1272 1921 1295 ,

319 1326 492 1389 prout
520 1319 711 1389 gessit,
742 1320 855 1374 sive
881 1320 1103 1385 bonum,
1130 1323 1243 1377 sive
1270 1324 1493 1380 malum.
1524 1324 1773 1380 Scientes
1796 1339 1925 1396 ergo

323 1410 585 1467 timorem
620 1413 854 1479 Domini,
891 1415 1196 1470 hominibus
1238 1417 1524 1472 suademu:
1546 1461 1560 1483 ,
1606 1418 1719 1474 Deo
1742 1430 1921 1474 autem
1956 1478 1962 1482 ,

318 1505 604 1561 manifesti
656 1521 865 1563 sumus.
911 1508 1086 1578 Spero
1134 1518 1309 1564 autem
1371 1520 1427 1566 et
1473 1512 1524 1566 in
1577 1514 1925 1569 conscientiis

320 1600 525 1654 vestris
556 1598 877 1657 manifestos
925 1616 1024 1657 nos
1066 1616 1211 1659 esse.
1242 1603 1359 1659 Non
1413 1606 1607 1661 iterum
1647 1622 1925 1662 commen-

316 1690 519 1747 damus
551 1707 652 1748 nos
683 1694 857 1762 vobis,
890 1693 987 1750 sed
1032 1697 1375 1753 occasionem
1406 1698 1597 1754 damus
1634 1701 1787 1755 vobis
1812 1701 1924 1771 glo-

317 1786 507 1842 riandi
548 1801 645 1857 pro
690 1787 883 1844 nobis:
938 1800 996 1844 ut
1041 1790 1282 1848 habeatis
1304 1794 1368 1847 ad
1404 1810 1528 1860 eos,
1569 1797 1658 1866 qui
1698 1795 1752 1851 in
1789 1797 1922 1852 lacie

2028 575 2213 631 omnia
2252 578 2614 647 possidentes.
2655 578 2726 635 Os
2775 588 3024 635 nostrum
3057 586 3204 652 patet
3224 582 3287 637 ad
3317 600 3432 653 vos,
3459 596 3491 638 ο
3511 582 3618 640 Cu.

2028 668 2235 729 riuthii.
2259 684 2356 724 cur
2386 682 2626 727 nostrum
2654 673 2936 730 dilatatum
2959 684 3061 731 est.
3080 675 3197 732 Non
3235 679 3618 747 angustiamini

2029 760 2083 815 in
2114 762 2301 825 nobis,
2331 765 2716 834 angustiaminl
2756 775 2935 821 autem
2971 767 3022 821 in
3053 769 3357 825 visceribus
3380 771 3609 827 vestris:

2026 856 2276 913 eamdem
2312 868 2490 913 autem
2516 858 2775 916 habentes
2796 864 3311 931 remunerationem,
3339 870 3615 933 tamquam

2027 947 2152 1004 ﬁliis
2179 949 2327 1017 dico,
2354 951 2658 1008 dilatamiui
2702 962 2757 1008 et
2803 968 2921 1009 vos.
2968 955 3144 1011 Nolite
3178 956 3368 1026 jugtim
3416 957 3612 1014 ducere

2028 1060 2150 1101 cum
2181 1045 2504 1103 inﬁdelibus.
2540 1048 2670 1115 Qum
2698 1050 2842 1104 enim
2875 1050 3219 1119 participatio
3251 1052 3473 1121 justitiae
3496 1066 3618 1108 cum

2029 1139 2354 1210 iniquitate?
2387 1145 2488 1196 Aut
2521 1156 2641 1209 quae
2671 1142 2905 1198 societas
2932 1142 3042 1197 luci
3066 1143 3131 1198 ad
3167 1140 3465 1199 tenebras?
3489 1144 3534 1213 Q
3558 1161 3619 1199 ιω

2027 1243 2205 1288 autem
2249 1237 2539 1291 conventio
2585 1235 2790 1292 Christi
2832 1237 2899 1293 ad
2950 1236 3169 1293 Belial?
3209 1238 3310 1294 Aut
3347 1248 3466 1309 qum.
3498 1256 3621 1309 pars

2026 1326 2175 1383 ﬁdeli
2201 1342 2324 1382 cum
2356 1327 2561 1385 inﬁdeli
2584 1331 2608 1384 ἲ
2628 1329 2730 1399 Qui
2758 1339 2937 1387 autem
2968 1345 3267 1387 consensus
3299 1331 3497 1403 templo
3524 1330 3619 1387 Dei

2024 1433 2146 1475 cum
2178 1420 2334 1477 idolis
2356 1421 2389 1475 ?-
2418 1421 2525 1477 Vos
2565 1424 2709 1478 enim
2740 1424 2871 1478 estis
2893 1425 3151 1493 templum
3186 1424 3275 1480 Dei
3310 1426 3442 1491 vivi,
3475 1429 3617 1481 sicut

2025 1514 2158 1569 dicit
2191 1515 2330 1571 Deus
2357 1534 2367 1568 :
2398 1516 2664 1583 Quoniam
2690 1516 3001 1575 inhabitabo
3031 1519 3084 1574 in
3119 1519 3244 1588 illis,
3276 1526 3331 1575 et
3359 1520 3611 1575 inambu-

2027 1609 2305 1665 labointer
2332 1624 2452 1676 eos,
2483 1620 2539 1665 et
2566 1612 2887 1667 eroillorum
2916 1613 3077 1679 Deus,
3098 1622 3152 1669 et
3184 1614 3283 1684 ipsi
3299 1623 3456 1670 erunt
3486 1614 3614 1668 mihi

2026 1705 2275 1774 populus.
2310 1705 2537 1775 Propter
2557 1706 2702 1775 quod
2731 1708 2876 1762 exite
2905 1706 2972 1761 de
2990 1707 3167 1762 medio
3189 1720 3399 1773 eorum,
3432 1719 3485 1764 et
3516 1721 3607 1763 se-

2025 1798 2309 1867 paramiui,
2326 1798 2455 1853 dicit
2485 1798 2759 1867 Dominus,
2780 1808 2834 1855 et
2855 1800 3191 1855 immttndum
3212 1802 3571 1871 netetigeritis
3600 1821 3613 1859 :

312 1880 657 1950 gloriantur,
690 1890 745 1936 et
775 1897 881 1939 non
911 1883 963 1938 in
989 1884 1177 1941 corde.
1228 1887 1353 1942 Sive
1385 1888 1526 1943 enim
1559 1900 1738 1946 mente
1762 1906 1920 1947 exce-
1951 1880 1999 1939 Β
2025 1901 2083 1948 et‘
2105 1908 2204 1962 ego
2229 1890 2485 1963 recipiam
2511 1906 2638 1949 vos:
2683 1900 2737 1950 et
2766 1911 2863 1951 ero
2889 1896 3047 1951 vobis
3078 1896 3132 1951 in
3156 1904 3386 1967 patrem,
3429 1906 3482 1953 et
3518 1913 3616 1952 vos

315 1974 539 2039 dimus,
594 1975 743 2036 Deo;
792 1977 908 2033 sive
960 1980 1127 2035 sobrii
1184 1995 1403 2050 sumus,
1449 1984 1624 2038 vobis.
1672 1985 1920 2041 Charitas

317 2068 472 2123 enim
516 2068 723 2126 Christi
776 2081 932 2142 urget
963 2089 1091 2129 nos:
1124 2076 1457 2131 aestimantes
1496 2077 1618 2145 hoc,
1657 2081 1919 2150 quoniam

314 2161 373 2216 si
405 2178 539 2216 unus
565 2178 663 2233 pro
690 2165 949 2222 omnibus
979 2180 1223 2223 mortuus
1253 2180 1331 2224 est
1354 2213 1369 2239 ,
1404 2186 1533 2242 ergo
1560 2187 1751 2228 omnes
1773 2189 1920 2228 mor-

316 2256 403 2309 tui
434 2264 594 2312 sunt:
646 2266 703 2313 et
734 2274 829 2329 pro
868 2262 1120 2317 omnibus
1163 2274 1410 2321 mortuus
1457 2278 1541 2321 est
1570 2277 1593 2304 κ
1624 2254 1874 2324 Christus
1904 2289 1916 2325 :

315 2346 417 2418 ist,
446 2358 501 2405 ct
532 2350 621 2417 qui
660 2352 875 2417 vivunt,
903 2355 1011 2425 jam
1038 2373 1143 2411 non
1174 2358 1278 2413 sibi
1306 2359 1519 2419 vivant.
1562 2362 1657 2417 sed
1702 2364 1783 2429 ei,
1825 2366 1916 2434 qui

314 2457 425 2512 pro
450 2442 581 2512 ipsis
610 2455 856 2500 mortuus
896 2458 980 2501 est
1005 2488 1019 2513 ,
1065 2459 1118 2502 et
1161 2452 1477 2507 resurrexit.
1510 2452 1694 2524 Itaque
1720 2470 1819 2511 nos
1852 2472 1919 2513 ex

317 2534 433 2591 hoc
461 2536 732 2593 neminem
777 2541 1025 2595 novimus
1046 2544 1354 2598 secundum
1383 2560 1621 2603 carnem.
1658 2548 1726 2603 Et
1752 2549 1796 2604 si
1828 2566 1920 2605 co-

314 2642 611 2699 gnowmus
650 2631 952 2686 secundum
1005 2647 1226 2691 carnem
1271 2638 1579 2694 Christum:
1629 2643 1724 2697 sed
1776 2658 1919 2699 nunc

311 2721 435 2792 jam
466 2736 576 2778 non
600 2726 869 2779 novimus.
899 2725 953 2782 Si
987 2741 1089 2796 qua
1119 2744 1247 2800 ergo
1271 2731 1322 2784 in
1350 2731 1567 2788 Christo
1599 2750 1734 2789 nova
1765 2751 1919 2791 crea-

322 2824 480 2877 tura,
528 2827 716 2873 vetera
748 2821 1113 2876 transierunt:
1171 2838 1300 2880 ecce
1346 2826 1487 2881 facta
1533 2826 1708 2883 south
1737 2832 1919 2887 omnia

319 2921 487 2960 nova.
518 2907 712 2963 Omnia
766 2921 949 2966 autem
979 2928 1047 2968 ex
1094 2914 1207 2971 Deo
1231 2961 1245 2986 ,
1279 2921 1366 2988 qui
1400 2935 1499 2975 nos
1547 2923 1919 2979 reconciliavit

314 2998 427 3056 sibi
459 3016 551 3069 per
573 2999 884 3058 Christum:
916 3016 969 3059 et
1011 3007 1158 3063 dedit.
1207 3012 1363 3065 nobis
1409 3016 1767 3070 ministerium
1826 3033 1916 3072 re-

318 3093 745 3150 Cottciliationis.
778 3096 1046 3163 Quoniam
1068 3102 1286 3172 quidem
1317 3108 1455 3162 Deus
1480 3122 1594 3163 erat
1617 3114 1668 3165 in
1698 3112 1918 3168 Christo

318 3188 586 3245 mundum
616 3196 977 3250 reciincilians
1007 3197 1136 3261 sibi,
1170 3214 1273 3254 non
1308 3212 1565 3271 reputans
1593 3205 1697 3261 illis
1722 3207 1914 3263 delicta

2024 1986 2175 2041 eritis
2201 1988 2328 2039 mihi
2344 1986 2394 2039 in
2423 1987 2559 2042 ﬁlios
2574 1998 2625 2043 et
2648 1980 2805 2053 tilias,
2830 1987 2958 2043 dicit
2978 1988 3237 2043 Dominus
3251 1990 3611 2060 omnipotens.
3705 2021 3714 2029 -

2096 2079 2250 2151 [ϐιῳ.
2289 2078 2420 2149 \ll.]
2460 2080 2570 2133 llas
2599 2094 2728 2149 ergo
2755 2079 3019 2135 habentes
3050 2081 3459 2150 promissiones,
3487 2078 3615 2136 cha-

2025 2173 2245 2238 rissimi,
2294 2172 2619 2228 mundemus
2648 2188 2749 2227 nos
2781 2173 2849 2229 ab
2878 2173 3023 2228 omni
3054 2174 3467 2243 inquinamento
3493 2188 3615 2229 car-

2023 2266 2107 2322 nis
2148 2277 2202 2321 et
2252 2267 2495 2335 spiritus,
2523 2264 2869 2337 perﬁcientes
2924 2266 3409 2323 sanctiﬁcationem
3458 2267 3510 2322 in
3550 2272 3617 2322 ti-

2025 2369 2175 2415 more
2206 2359 2323 2415 Dei.
2349 2362 2537 2430 Cupite
2564 2374 2685 2415 nos.
2720 2359 3000 2415 Neminem
3032 2360 3271 2416 liesimus
3294 2403 3310 2431 ,
3340 2361 3612 2416 neminem

2019 2455 2412 2526 corrupimus,
2484 2457 2755 2510 neminem
2833 2455 3309 2510 circumvenimus.
3380 2453 3494 2509 Non
3547 2454 3611 2509 ad

2021 2547 2525 2602 condemnationem
2570 2556 2805 2602 vestram
2853 2546 2996 2602 dico.
3054 2546 3413 2603 Przediximus
3464 2549 3609 2602 enim

2020 2642 2164 2712 quod
2222 2642 2274 2695 in
2332 2641 2588 2696 cordibus
2651 2643 2852 2696 nostris
2910 2642 3075 2705 estis,
3121 2640 3188 2695 ad
3248 2641 3613 2696 commorien-

2026 2734 2154 2788 dum
2190 2776 2204 2801 ,
2268 2743 2325 2789 et
2398 2733 2464 2788 ad
2519 2733 2940 2788 convivendum.
2996 2733 3160 2788 Multa
3232 2732 3364 2788 mihi
3423 2731 3614 2789 ﬁducia

2020 2838 2106 2884 est
2152 2828 2289 2898 apud
2348 2843 2483 2895 vos,
2544 2828 2710 2883 multa
2770 2828 2898 2881 mihi
2952 2828 3201 2898 gloriatio
3262 2842 3359 2899 pro
3412 2826 3612 2897 vobis,

2022 2922 2264 2992 repletus
2305 2936 2423 2975 sum
2456 2920 2830 2976 consolatione
2857 2965 2870 2987 ,
2905 2918 3291 2991 superabundo
3321 2920 3520 2992 gaudio
3558 2921 3611 2977 in

2020 3018 2167 3073 omni
2193 3016 2539 3071 tribulatione
2566 3024 2773 3071 nostra.
2804 3015 2935 3071 Nam
2961 3024 3013 3071 et
3043 3032 3161 3070 cmn
3195 3016 3529 3072 venissemus
3558 3014 3613 3071 in

2020 3111 2429 3177 Macedoniam,
2461 3110 2664 3165 nullam
2712 3110 2955 3181 requiem
2996 3109 3185 3165 ltah’uit
3230 3126 3356 3166 caro
3385 3120 3572 3165 nostra
3595 3153 3611 3179 ,

2024 3206 2119 3262 sed
2143 3222 2357 3261 omnem
2384 3205 2785 3262 tribulationem
2818 3207 2962 3278 passi
2990 3222 3200 3262 sumus:
3235 3207 3363 3262 foris
3389 3216 3609 3277 pugnrr;

316 3279 593 3350 ipsorum,
624 3297 678 3340 et
708 3288 884 3356 posuit
912 3290 963 3344 in
995 3290 1156 3346 nobis
1177 3300 1400 3349 verbum
1434 3299 1915 3357 reconciliationis.
1948 3277 1994 3342 C
2026 3303 2167 3358 intus
2202 3302 2443 3358 timores.
2474 3301 2582 3357 Sed
2607 3303 2695 3374 qui
2734 3303 3047 3357 consolatur
3076 3302 3329 3368 humiles,
3358 3302 3608 3357 consola-

324 3374 435 3431 Pro
458 3375 676 3432 Christo
708 3395 839 3451 ergo
867 3383 1133 3453 legatione
1186 3385 1479 3457 fungimur,
1524 3400 1778 3462 tanquam
1813 3396 1920 3449 Deo
1961 3411 1968 3418 '

324 3470 651 3537 exhortante
706 3490 801 3543 per
846 3492 967 3531 nos.
1016 3477 1384 3535 Obsecranms
1431 3499 1527 3551 pro
1557 3485 1793 3551 Christo,
1830 3504 1916 3543 re-

315 3562 696 3621 conciliamiui
727 3567 859 3624 Deo.
894 3570 1052 3641 Eum,
1105 3576 1192 3642 qui
1227 3591 1330 3630 non
1365 3589 1589 3634 noverat
1613 3593 1913 3651 peceatum,

300 3672 422 3729 'pro
454 3659 609 3714 nobis
652 3673 929 3730 [)CCCJllllll
960 3664 1106 3732 fecit,
1134 3680 1186 3722 ut
1213 3686 1307 3724 uos
1335 3670 1681 3729 efliceremttr
1704 3676 1914 3746 justitia

314 3751 417 3809 Dei
445 3754 495 3807 in
531 3756 669 3825 ipso.

392 3846 541 3919 [ϐαρ.
577 3848 687 3921 η]
738 3850 1071 3921 Adjttvantes
1119 3866 1305 3913 autem
1355 3860 1723 3931 exhortamur,
1762 3880 1827 3919 ne
1860 3867 1913 3924 in

313 3954 545 3995 vacuum
577 3942 802 4011 gratiam
826 3945 924 4001 Dei
962 3948 1261 4016 recipiatis.
1287 3952 1379 4009 Ait
1416 3955 1600 4010 enim:
1646 3957 1915 4030 Tempore

312 4045 545 4103 accepto
570 4037 822 4094 exaudivi
852 4047 923 4103 te.
958 4055 1013 4096 et
1040 4043 1093 4097 in
1124 4044 1213 4101 die
1242 4048 1431 4104 salutis
1462 4051 1641 4122 adiuvi
1670 4063 1738 4109 te.
1775 4056 1915 4112 Ecce

313 4142 464 4182 mute
518 4139 731 4199 tempus
779 4136 1135 4203 acceptabile,
1186 4155 1316 4196 ecce
1358 4160 1497 4199 nunc
1528 4147 1645 4202 dies
1699 4149 1911 4207 salutis.

312 4218 534 4275 Nemini
590 4222 782 4280 dantes
834 4228 998 4283 ullam
1026 4230 1406 4304 offensionem,
1459 4250 1519 4294 ut
1557 4257 1663 4299 non
1703 4244 1916 4316 vitupe-

311 4322 470 4370 retur
495 4318 860 4378 ministerium
906 4338 1188 4386 nostrum:
1222 4336 1316 4389 sed
1353 4336 1403 4391 in
1448 4341 1699 4398 omnibus
1754 4344 1911 4399 exhi-

320 4413 547 4521 bcaOmus
596 4426 955 4496 nosmetipsos
998 4432 1136 4488 sicut
1168 4434 1259 4491 Dei
1291 4440 1601 4510 ministros,
1646 4445 1700 4499 in
1746 4449 1913 4505 multa

317 4513 617 4581 patientia,
664 4516 713 4570 in
746 4518 1213 4593 tribulationibus,
1262 4531 1316 4585 in
1360 4538 1810 4603 necessitatibus,
1860 4542 1911 4597 in

2026 3407 2111 3453 tus
2141 3406 2223 3452 est
2256 3412 2353 3450 nos
2390 3396 2533 3451 Deus
2560 3396 2610 3449 in
2650 3396 2883 3450 adventu
2912 3394 3042 3451 Titi.
3078 3396 3195 3450 Non
3231 3397 3403 3450 solum
3432 3405 3611 3449 autem

2021 3493 2073 3546 in
2102 3490 2337 3546 adventu
2358 3491 2492 3560 ejus,
2511 3489 2606 3545 sed
2630 3490 2791 3544 etiam
2813 3500 2833 3528 ε
2858 3489 2913 3543 iu
2934 3490 3333 3554 consolatione,
3353 3504 3457 3560 qtta
3478 3503 3607 3542 con-

2020 3587 2226 3641 solatus
2247 3594 2332 3641 est
2363 3585 2413 3638 in
2447 3583 2622 3648 vobis,
2653 3584 2895 3638 referens
2924 3582 3079 3637 nobis
3113 3590 3353 3637 vestrum
3393 3583 3613 3648 lletunt,

2020 3689 2255 3735 vestram
2284 3678 2684 3733 :emulationem
2732 3693 2829 3748 pro
2863 3692 2980 3742 me,
3014 3679 3083 3731 ita
3115 3685 3173 3731 ut
3208 3675 3377 3747 magis
3407 3674 3612 3744 gaude-

2018 3790 2155 3830 rem.
2186 3775 2452 3841 Quoniam
2485 3774 2585 3827 etsi
2629 3771 2945 3827 contristavi
2980 3784 3075 3825 vos
3109 3773 3158 3825 iu
3203 3768 3431 3840 epistola
3458 3810 3473 3836 ,
3506 3783 3611 3823 non

2017 3883 2106 3924 me
2137 3866 2398 3938 paenitet:
2429 3868 2531 3921 etsi
2580 3867 2902 3937 pteuiteret,
2958 3865 3146 3919 videns
3188 3862 3329 3936 quod
3381 3858 3613 3931 cpistola

2017 3963 2109 4018 illa
2137 3962 2275 4034 (etsi
2301 3961 2365 4015 ad
2394 3960 2605 4032 horam)
2634 3974 2730 4014 vos
2779 3956 3121 4014 contristavit
3147 3973 3161 4023 ;
3195 3969 3341 4011 nunc
3363 3952 3572 4025 gaudeo
3597 3970 3611 4007 :

2020 4068 2127 4110 non
2155 4055 2278 4126 quia
2304 4055 2611 4109 contristati
2637 4053 2770 4108 estis
2793 4094 2807 4121 ,
2858 4052 2951 4107 sed
2993 4050 3116 4122 quia
3149 4047 3453 4105 contriStati
3480 4045 3613 4101 estis

2019 4148 2085 4203 ad
2132 4148 2526 4219 pceniteutiam.
2574 4145 2892 4202 Contristati
2938 4143 3082 4199 enim
3135 4142 3267 4197 estis
3314 4137 3611 4195 secundum

2020 4244 2211 4313 Deum,
2248 4253 2303 4297 ut
2331 4241 2385 4297 in
2419 4242 2569 4296 nullo
2597 4239 2983 4296 detrimentum
3025 4234 3299 4308 patiamini
3330 4248 3397 4290 ex
3429 4231 3606 4313 nobis.

2023 4335 2155 4404 Quae
2178 4338 2323 4391 enim
2350 4335 2648 4391 secundum
2665 4333 2834 4388 Deum
2860 4330 3073 4387 tristitia
3100 4338 3207 4395 est,
3233 4325 3611 4399 paenitentiam

2027 4436 2079 4488 in
2112 4433 2340 4488 Salutem
2372 4432 2621 4488 stabilem
2650 4436 2944 4501 operatur:
2976 4426 3160 4482 saeculi
3186 4430 3365 4479 autem
3394 4420 3612 4476 tristitia

2028 4538 2258 4583 mortem
2290 4534 2564 4595 oneratur.
2595 4525 2734 4578 Ecce
2776 4522 2920 4578 enim
2962 4520 3065 4575 hoc
3093 4520 3289 4590 ipsum,
3314 4514 3612 4572 secundum

316 4606 611 4724 angn'SliiS.
645 4609 695 4662 ill
728 4610 934 4684 plagis,
969 4616 1020 4671 in
1052 4622 1394 4691 carceribus,
1439 4628 1488 4680 in
1531 4631 1908 4699 seditionibus,

316 4691 370 4724 ἶη
425 4698 678 4724 “manu...
742 4702 789 4724 ε..
839 4703 1034 4724 μμειεη
1098 4711 1107 4721 .
1176 4711 1187 4723 .
1233 4714 1242 4723 .
1328 4715 1360 4724 ..
1467 4719 1476 4724 .
1672 4722 1680 4724 ξ

2025 4623 2189 4678 Deum
2244 4617 2555 4689 contristari
2596 4631 2719 4684 vos,
2755 4621 3011 4685 quantam
3054 4611 3107 4667 in
3156 4610 3327 4685 vobis.
3358 4615 3615 4677 operatur

2178 4717 2189 4724 .
2276 4714 2306 4724 ..
2573 4710 2586 4724 .
2638 4710 2650 4724 .
2693 4709 2710 4724 ι
2814 4710 2824 4721 .
2913 4721 2926 4724 _
2976 4723 2980 4724 ν
3040 4702 3131 4724 __,.
3165 4702 3584 4724 ,_,.__,_,=,_,__

312 4691 707 4791 in-laboribus,
740 4702 792 4757 in
838 4703 1061 4775 vigiliis,
1095 4711 1146 4765 in
1167 4711 1422 4781 jejuniis,
1465 4719 1517 4773 in
1548 4722 1819 4791 cnstitate,
1856 4691 1908 4781 in

317 4788 568 4856 scientia,
606 4793 657 4848 in
700 4795 1129 4894 longanimitate,
1178 4809 1229 4861 in
1274 4812 1569 4881 suavitate,
1615 4817 1665 4871 in
1701 4788 1909 4890 Spiritu

314 4893 510 4939 sancto
534 4930 547 4952 ,
585 4887 639 4941 in
666 4887 931 4949 charitate
962 4912 1070 4953 non
1094 4898 1239 4968 ﬂeta,
1272 4904 1326 4958 in
1358 4909 1523 4961 verbo
1554 4887 1820 4983 veritatis,
1856 4919 1907 4971 in

314 4979 517 5033 virtute
560 4979 694 5049 Dei,
747 4999 842 5053 per
879 5004 1029 5042 arma
1078 4992 1302 5063 iustitiae
1341 5012 1370 5053 a
1417 5001 1626 5060 dextris
1667 4979 1908 5071 eta'si-

314 5351 583 5455 vivimus:
614 5369 672 5413 ut
698 5363 967 5433 castigati,
1010 5378 1062 5422 et
1090 5386 1194 5427 non
1225 5380 1531 5435 mortilicati
1558 5400 1573 5440 :
1609 5351 1762 5455 quasi
1810 5351 1908 5446 tris

310 5450 444 5514 stes,
470 5462 688 5519 semper
710 5465 892 5510 autem
912 5461 1247 5529 gaudentes:
1275 5469 1413 5528 sicut
1441 5450 1680 5554 egentes,
1708 5488 1909 5547 multos

307 5696 364 5751 in
382 5633 437 5749 ap
430 5624 652 5753 gigneE
659 5628 941 5761 3:531:21
930 5641 1181 5766 qluip'gireta
1204 5643 1395 5706 Grzeco
1409 5655 1702 5732 archetypo
1723 5665 1898 5734 abest,

381 5766 627 5867 ξίέίῗῖἶῗ
654 5774 1190 5867 ³¹ῘῗῩ9⁰θ¹Ἇ⁰ἴηηίαθ
1234 5805 1355 5860 (1⁸³³³
1388 5805 1565 5856 l“me”
1608 5804 1660 5861 in
1705 5806 1897 5867 Gricco

308 5838 899 5934 Ριῗνιιψξιὲρλιεξιιρῐυτ,
934 5838 1565 5934 Palataitis.‘ignorant"
1609 5838 1660 5861 η’
1706 5838 1798 5865 UH

384 5921 406 5949 ε
450 5911 595 5969 Idem
622 5914 794 5974 Palat.
830 5911 957 5991 ms,
980 5926 1034 5981 in
1054 5911 1246 5989 solatio
1583 5963 1685 6021 pro
1711 5969 1894 6015 conso-

2017 4714 2436 4773 sollicitudinem
2458 4731 2470 4765 :
2494 4710 2589 4767 sed
2621 4709 3014 4773 delensionem,
3036 4702 3133 4762 sed
3165 4702 3609 4773 indignationem,

2015 4811 2110 4867 sed
2144 4812 2415 4871 timorem,
2441 4807 2535 4862 sed
2558 4805 2915 4867 desiderium,
2943 4802 3037 4857 scd
3062 4799 3487 4864 aemulationem,
3511 4794 3606 4850 sed

2014 4908 2327 4963 vindictam.
2363 4905 2418 4960 In
2466 4903 2718 4960 omnibus
2771 4897 3093 4957 exhibuistis
3135 4910 3231 4950 vos
3278 4890 3606 4949 incantami-

2018 5016 2172 5061 natus
2218 5017 2339 5060 esse
2372 5000 2607 5073 negotio.
2643 4999 2845 5071 Igitur,
2880 4996 2979 5053 etsi
3022 4993 3213 5065 scripsi
3255 4990 3411 5048 vobis
3437 5034 3452 5059 ,
3501 5000 3610 5044 non

2020 5108 2240 5170 propter
2270 5116 2394 5155 eum
2425 5100 2512 5170 qui
2561 5097 2689 5155 fecit
2738 5098 3024 5167 injuriam,
3082 5110 3181 5150 nec
3232 5098 3454 5163 propter
3483 5096 3607 5144 eum

2015 5203 2103 5273 qui
2136 5214 2325 5272 passus
2347 5205 2461 5255 est:
2491 5196 2585 5254 sed
2616 5195 2681 5251 ad
2710 5190 3159 5250 manifestaudam
3185 5183 3607 5244 sollicitudinem

2016 5292 2521 5366 nostram,dquam
2572 5292 2837 5345 habemus
2881 5303 2978 5357 pro
3030 5284 3179 5339 vobis
3228 5296 3411 5337 coram
3461 5280 3610 5333 Deo:

2019 5393 2140 5448 ideo
2164 5390 2426 5447 consolati
2451 5404 2657 5444 sumus.
2686 5385 2743 5440 In
2775 5381 3148 5438 consolatione
3179 5386 3357 5433 autem
3399 5382 3608 5439 nostra,

2018 5490 2378 5547 abundantius
2418 5484 2589 5556 magis
2613 5480 2784 5554 gavisi
2813 5492 3000 5536 sumus
3037 5490 3200 5548 super
3228 5472 3426 5546 gaudio
3454 5469 3565 5527 Titi
3589 5511 3605 5537 ,

2010 5670 2203 5725 latione
2232 5684 2363 5739 qua,
2386 5674 2497 5723 etc.
2818 5735 2828 5739 Α
2922 5730 2954 5739 _
3000 5731 3013 5739 _
3082 5732 3093 5739 _
3471 5720 3576 5739 ,,.,

2078 5720 2311 5795 [iusta
2333 5720 2582 5795 Griecum
2614 5735 2896 5805 exemplar
2922 5730 3201 5805 Palatinus
3227 5739 3329 5783 ms.
3357 5767 3372 5805 ε
3404 5720 3603 5779 δοιιίεὶη

2007 5814 2238 5867 tudinem
2262 5821 2493 5865 nostram
2516 5851 2530 5872 ,
2559 5826 2713 5887 quam
2744 5799 2841 5877 pro
2862 5804 2999 5887 vobis
3028 5802 3275 5887 habemus
3303 5799 3370 5851 ad
3390 5813 3485 5887 eos
3512 5812 3599 5882 co-

2002 5902 2115 5939 ram
2142 5884 2275 5952 Deo,
2313 5888 2403 5944 τήν
2430 5875 2666 5956 σπονδὴν
2696 5875 2835 5954 ἡμῶν
2858 5883 2951 5954 τῆς(
2976 5878 3109 5951 ὑπὲρ
3136 5875 3290 5947 ὑμῶν,
3308 5875 3438 5949 πρὸς
3459 5875 3598 5940 ὑμᾶς

2004 5957 2216 6017 ἐνώπιον
2243 5963 2340 6018 τοῦ
2365 5958 2547 6016 Θεοῦ.’
2664 5986 2667 5987 ν
2836 5980 2839 5983 ‘
