4128 6330
549 331 655 389 767

1560 332 1622 390 s.
1663 313 2055 389 tttstton'vttt
2091 326 2325 387 omna
2363 328 2843 391 BlBLlO'l‘llECA.

3768 330 3872 389 768

549 448 675 520 quia
702 447 942 506 refectus
966 456 1052 506 est
1079 446 1304 521 spiritus
1340 449 1460 522 ejus
1487 448 1558 505 ab
1584 447 1836 505 omnibus
1865 422 2041 503 vobis.
2075 446 2144 502 Et
2171 449 2223 510 Α
2249 454 2432 504 autem
2466 449 2637 505 multo
2662 448 3056 519 sollicitiorem,
3089 447 3432 506 confidentia
3461 446 3640 504 multa
3671 445 3729 501 in
3755 460 3871 516 vos,

549 541 598 598 si
621 542 749 613 quid
777 541 920 612 apud
942 541 1100 599 illum
1131 542 1201 601 de
1227 543 1382 599 vobis
1423 543 1687 614 gloriatus
1714 557 1834 600 sum
1851 583 1867 609 ,
1892 556 2000 598 non
2028 556 2146 597 sum

552 634 855 693 confusus:
890 635 985 694 sed
1032 637 1176 694 sicut
1203 637 1386 695 omnia
1426 636 1587 694 vobis
1624 639 1680 692 in
1724 634 1954 692 veritate
1984 635 2148 691 locuti

551 745 774 799 sumus,
806 729 882 787 ita
926 738 984 788 et
1006 731 1263 804 gloriatio
1310 740 1527 802 nostra,
1567 746 1690 803 quae
1720 730 1818 786 fuit
1841 729 1909 786 ad
1934 728 2146 797 Titum,

550 825 758 882 veritas
779 823 923 881 facta
948 835 1057 896 est,
1082 837 1139 883 et
1155 826 1362 883 viscera
1389 826 1508 897 ejus
1534 825 1899 883 abundantius
1919 826 1975 882 in
1996 825 2151 883 vobis

553 928 726 976 sunt:
762 919 1164 977 reminisceutis
1188 920 1430 975 omnium
1475 918 2148 991 vestrum‘ohedientiam,

554 1012 830 1084 quomodo
858 1028 983 1070 cum
1032 1014 1227 1070 timore
1268 1024 1325 1071 et
1362 1024 1597 1072 tremore
1634 1015 1930 1087 excepistis
1972 1013 2146 1084 illum.

561 1104 785 1181 Caudeo
812 1108 957 1176 quod
990 1105 1044 1161 in
1074 1106 1329 1163 omnibus
1354 1106 1573 1163 confido
1600 1107 1654 1162 in
1683 1107 1857 1163 vobis.

633 1197 786 1272 [Cap.
826 1196 983 1268 VllH
1021 1198 1211 1257 Notam
1242 1209 1425 1257 autem
1454 1200 1683 1257 facimus
1704 1200 1898 1267 vobis,
1927 1200 2151 1269 fratres,

555 1292 783 1363 gratiam
812 1291 909 1348 Dei
939 1331 956 1360 ,
988 1308 1107 1365 quas
1135 1293 1259 1349 data
1289 1302 1376 1352 est
1400 1295 1454 1351 in
1481 1293 1745 1351 Ecclesiis
1774 1292 2105 1351 Macedonia
2137 1310 2151 1347 :

557 1381 702 1454 quod
728 1383 780 1438 in
808 1384 980 1440 multo
1005 1385 1384 1455 experimento
1412 1386 1795 1457 tribulationis,
1825 1385 2154 1444 abundantia

555 1476 738 1548 gaudii
766 1478 1009 1549 ipsorum
1041 1480 1071 1510 ⁸
1093 1479 1231 1537 fuit:
1283 1490 1340 1539 et
1367 1482 1629 1538 altissima
1654 1489 1944 1552 paupertas
1963 1496 2152 1538 eorum

553 1568 850 1628 abundavit
891 1572 948 1629 in
982 1572 1203 1630 divitias
1251 1575 1621 1644 simplicitatis
1647 1591 1836 1633 eorum
1871 1592 1884 1629 :
1916 1575 2039 1646 quia
2068 1588 2156 1630 se-

553 1664 794 1721 cundum
839 1666 1096 1723 virtutem
1140 1666 1269 1740 [Ms.
1307 1668 1436 1723 add.
1477 1668 1594 1741 Dei]
1633 1666 2006 1725 testimonium
2042 1666 2154 1724 illis

557 1756 729 1814 reddo
757 1799 773 1827 ,
813 1767 868 1815 et
894 1774 1062 1831 supra
1089 1760 1346 1818 virtutem
1374 1762 1672 1818 voluntarii
1716 1762 1978 1830 fuerunt,
2029 1776 2153 1818 cum

2252 541 2368 597 sive
2399 556 2497 612 pro
2522 541 2669 613 Tito,
2694 545 2786 615 qui
2812 554 2898 599 est
2924 543 3105 600 socius
3146 558 3298 600 meus
3325 586 3343 611 ,
3396 550 3459 598 et
3499 540 3557 597 in
3599 555 3704 597 vos
3732 538 3874 614 [ιιι.

2251 634 2430 709 vobis]
2458 636 2675 709 adjutor
2699 684 2713 709 ,
2761 638 2877 695 sive
2913 638 3113 696 fratres
3140 641 3310 695 nostri
3344 681 3361 706 ,
3398 635 3666 708 Apostoli
3689 636 3879 694 Eccle-

2252 731 2456 788 siarum
2483 772 2501 801 ,
2532 733 2704 802 gloria
2729 732 2955 789 Christi.
2986 733 3377 790 Ostensionem
3425 746 3602 803 ergo,
3641 745 3767 802 qua:
3794 740 3876 789 est

2253 824 2535 881 charitatis
2567 833 2783 891 vestras,
2814 835 2867 883 et
2896 834 3100 882 nostra:
3120 825 3307 898 glorias
3331 840 3443 898 pro
3463 822 3662 889 vobis,
3681 823 3738 879 in
3758 822 3878 881 illos

2253 916 2528 973 ostendite
2559 917 2612 972 in
2642 916 2834 973 facient
2865 918 3249 995 Ecclesiarum.

2326 1009 2481 1084 [Cap.
2513 1011 2630 1083 lX.|
2672 1011 2806 1068 Nam
2832 1012 2901 1069 de
2922 1014 3248 1080 ministerio,
3276 1011 3431 1083 quod
3463 1010 3528 1066 fit
3554 1010 3611 1066 in
3633 1019 3873 1079 sanctos,

2255 1119 2322 1160 ex
2362 1104 2663 1161 abundanti
2709 1114 2795 1161 est
2844 1105 2978 1162 mihi
3022 1106 3266 1163 scribere
3318 1103 3515 1162 vobis.
3574 1101 3706 1161 Scio
3734 1104 3873 1162 enim

2258 1206 2565 1271 promptum
2594 1198 2835 1256 animum
2859 1208 3101 1256 vestrum
3129 1217 3142 1255 :
3176 1212 3276 1272 pro
3302 1213 3424 1272 quo
3463 1197 3539 1254 de
3576 1196 3738 1254 vobis
3768 1198 3879 1268 glo-

2256 1293 2373 1348 rior
2401 1293 2542 1364 apud
2570 1292 2911 1350 Macedones.
2942 1294 3213 1363 Quoniam
3245 1305 3302 1350 et
3325 1291 3552 1350 Achaia
3574 1299 3769 1362 parata
3798 1298 3879 1349 est

2256 1386 2325 1443 ab
2352 1400 2496 1442 anno
2536 1388 2848 1457 prmterito,
2896 1396 2952 1443 et
2991 1396 3174 1444 vestra
3218 1386 3516 1444 :emulatio
3560 1384 3879 1457 provocavit

2258 1478 2541 1549 plurimos.
2571 1479 2688 1537 Misi
2717 1490 2896 1535 autem
2921 1482 3248 1547 fratreszut,
3279 1495 3351 1537 ne
3387 1477 3546 1549 quod
3575 1477 3874 1551 gloriamur

2256 1570 2326 1627 de
2345 1572 2517 1641 vobis,
2552 1582 2844 1629 evacuetur
2868 1574 2920 1628 in
2945 1573 3046 1630 hac
3074 1582 3247 1645 parte,
3279 1582 3338 1630 ut
3376 1572 3878 1646 (quemadmodum

2258 1663 2404 1736 dixi)
2447 1666 2617 1733 parati
2658 1665 2816 1722 sitis:
2850 1682 2918 1723 ne
2960 1681 3083 1722 cum
3114 1667 3367 1724 venerint
3400 1666 3747 1722 Macedones
3774 1682 3881 1725 me-

2259 1770 2409 1824 cum,
2438 1765 2494 1813 et
2520 1757 2830 1814 invenerint
2855 1757 2952 1816 vo‘s
2983 1759 3279 1831 imparatos
3300 1802 3315 1826 ,
3343 1760 3760 1817 erubescamus
3786 1776 3880 1819 nos

556 1849 728 1906 multa
755 1851 1135 1910 exhortatione
1158 1853 1510 1911 obsecrantes
1532 1869 1629 1912 nos
1650 1855 1902 1927 gratiam,
1928 1866 1984 1911 et
2002 1870 2154 1911 com—
2183 1848 2231 1911 B
2256 1851 2340 1923 (ut
2370 1865 2476 1906 non
2504 1851 2750 1907 dicamus
2776 1852 2893 1925 vos)
2925 1853 2977 1908 in
3011 1852 3113 1909 hac
3128 1854 3462 1909 substantia.
3488 1852 3873 1911 Necessarium

556 1942 982 2000 municationem
1014 1945 1324 2015 ministerii,
1353 1946 1501 2017 quod
1530 1947 1589 2003 fit
1618 1949 1671 2003 in
1694 1956 1937 2005 sanctos.
1959 1949 2025 2004 Et
2044 1963 2154 2005 non

557 2036 700 2091 sicut
721 2036 1067 2107 speravimus
1092 2078 1109 2105 ,
1143 2039 1241 2116 s'ed
1270 2040 1597 2110 semetipsos
1621 2040 1891 2098 dederunt
1922 2041 2154 2112 primum

561 2126 793 2185 Domino
815 2170 833 2197 ,
882 2128 1080 2187 deinde
1123 2131 1278 2187 nobis
1317 2148 1419 2203 per
1453 2133 1786 2191 voluntatem
1816 2133 1952 2204 Dei;
1996 2134 2069 2190 ita
2099 2143 2160 2191 ut

561 2236 881 2293 rogaremus
906 2224 1086 2281 Titum
1115 2268 1131 2293 ,
1186 2235 1243 2281 ut
1266 2228 1721 2298 quemadmodum
1748 2230 1916 2299 cmpit
1938 2270 1954 2295 ,
2003 2228 2078 2284 ita
2103 2237 2158 2286 et

563 2314 810 2382 perficiat
844 2315 899 2372 in
940 2318 1099 2375 vobis
1129 2318 1292 2376 etiam
1317 2322 1547 2392 gratiam
1578 2324 1756 2378 istam.
1803 2322 1909 2379 Sed
1939 2323 2077 2379 sicut
2102 2324 2157 2379 in

562 2405 816 2463 omnibus
836 2408 1124 2466 abundatis
1150 2411 1277 2482 fide,
1312 2421 1366 2468 et
1389 2427 1665 2481 sermone,
1714 2422 1769 2469 et
1809 2416 2061 2485 scientia,
2105 2427 2159 2472 et
2207 2421 2222 2433 '

563 2499 712 2555 omni
732 2500 1120 2572 sollicitudine,
1149 2505 1373 2576 insuper
1394 2516 1450 2563 et
1468 2506 1734 2564 charitate
1757 2517 1933 2564 vestra
1959 2510 2010 2564 in
2035 2524 2157 2579 nos,

565 2601 624 2647 ut
652 2594 787 2650 etin
814 2594 917 2652 hac
940 2599 1114 2666 gratia
1152 2599 1462 2657 abundetis.
1508 2602 1627 2657 Non
1679 2604 1832 2673 quasi
1881 2604 2161 2675 imperans

564 2687 733 2753 dico_:
769 2691 865 2747 sed
898 2706 996 2764 per
1024 2694 1255 2750 aliorum
1288 2695 1740 2763 sollicitudinem,
1773 2699 1937 2754 etiam
1964 2708 2162 2756 vestra:

564 2780 850 2840 charitatis
879 2785 1151 2856 ingenium
1182 2787 1386 2843 bonum
1409 2790 1796 2859 comprobans.
1825 2790 1992 2846 Scitis
2016 2792 2162 2847 enim

564 2877 794 2948 gratiam
826 2877 1038 2935 Domini
1072 2882 1246 2938 nostri
1275 2881 1433 2938 Jesus
1455 2881 1658 2938 Christi
1686 2924 1703 2948 ,
1744 2884 1998 2954 quoniam
2042 2900 2163 2951 pro-

567 2976 687 3038 pter
710 2983 809 3024 vos
836 2985 1042 3040 egenus
1068 2971 1242 3029 factus
1271 2986 1378 3042 est,
1409 2990 1531 3031 cum
1558 2986 1704 3033 esset
1731 2976 1905 3042 dives,
1934 2986 1992 3031 ut
2013 2977 2162 3034 illius

568 3060 751 3134 inOpia
781 3079 878 3120 vos
908 3064 1105 3122 divites
1143 3068 1365 3124 essetis.
1402 3067 1472 3127 Et
1502 3070 1789 3126 consilium
1832 3072 1887 3126 in
1919 3070 2021 3126 hoc
2050 3071 2159 3128 do:

568 3154 672 3213 hoc
695 3159 845 3214 enim
875 3158 1030 3217 vobis
1054 3162 1194 3217 utile
1216 3173 1320 3230 est,
1355 3165 1444 3233 qui
1477 3179 1585 3219 non
1618 3164 1796 3219 solum
1826 3163 2034 3233 facere,
2067 3164 2160 3222 sed

568 3260 624 3307 et
649 3252 789 3308 velle
817 3255 1061 3325 coepistis
1090 3254 1159 3311 ab
1180 3271 1328 3312 anno
1360 3256 1539 3328 priore
1565 3275 1577 3287 ’
1606 3273 1749 3313 nunc
1779 3272 1908 3312 vero
1939 3266 1991 3312 et
2019 3256 2161 3314 facto
2186 3235 2234 3300 (ἶ

570 3346 851 3415 perficite:
894 3356 951 3402 ut
993 3350 1452 3419 quemadmodum
1495 3360 1776 3422 promptus
1823 3359 1909 3406 est
1949 3352 2163 3407 animus

570 3437 893 3509 voluntatis,
931 3443 1002 3495 ita
1032 3442 1104 3497 sit
1133 3452 1185 3497 ct
1214 3443 1535 3512 perficiendi
1568 3459 1631 3499 ex
1662 3459 1728 3500 eo
1754 3444 1901 3515 quod
1930 3444 2159 3501 habetis.

573 3531 631 3589 Si
657 3536 803 3589 enim
830 3536 1083 3592 voluntas
1113 3548 1363 3609 prompta
1390 3549 1515 3605 est;
1564 3540 1864 3596 secundum
1915 3540 1967 3595 id
2016 3540 2164 3611 quod

572 3624 759 3693 habet,
788 3638 1011 3698 accepta
1038 3639 1145 3700 est,
1179 3647 1287 3687 non
1312 3632 1613 3689 secundum
1645 3633 1720 3699 id,
1753 3635 1897 3705 quod
1931 3649 2038 3689 non
2067 3633 2164 3689 ha-

570 3721 681 3778 bet.
726 3722 842 3780 Non
888 3708 1037 3782 enim
1079 3735 1139 3782 ut
1178 3728 1299 3784 aliis
1335 3728 1409 3785 sit
1436 3727 1688 3785 remissio
1716 3770 1731 3792 ,
1780 3728 1934 3784 vobis
1984 3737 2164 3785 autem

572 3816 851 3872 tribulatio
874 3859 891 3883 ,
921 3818 1015 3875 sed
1048 3835 1116 3875 ex
1144 3822 1476 3893 aequalitate.
1526 3822 1584 3878 in
1623 3824 1875 3892 praesenti
1923 3833 2169 3893 tempore

574 3920 755 3967 vestra
783 3912 1119 3970 abundantia
1166 3915 1384 3972 illorum
1433 3917 1669 3986 inopiam
1702 3916 1952 3987 suppleat
1981 3932 1995 3970 :
2031 3926 2171 3973 utet

573 4004 794 4061 illorum
816 4006 1143 4062 abundantia
1172 4016 1366 4064 vestrae
1389 4007 1585 4079 inopiae
1611 4008 1683 4063 sit
1705 4008 2167 4077 supplementum,

575 4109 634 4155 ut
664 4099 755 4153 fiat
779 4102 1061 4171 aequalitas
1086 4144 1098 4166 ,
1142 4103 1285 4158 sicut
1314 4104 1579 4173 scriptum
1610 4113 1694 4159 est
1723 4123 1735 4158 :
1765 4104 1870 4173 Qui
1898 4105 2124 4161 multum
2152 4148 2167 4171 ,

578 4208 686 4249 non
730 4179 1066 4250 abundavit:
1102 4205 1158 4249 et
1203 4197 1293 4266 qui
1337 4196 1608 4251 tundit-unt
1638 4238 1654 4261 ,
1707 4214 1814 4252 non
1860 4198 2167 4253 minoravit.

579 4291 800 4349 Gratias
826 4300 1004 4348 autem
1027 4291 1161 4356 Deo,
1189 4292 1278 4362 qui
1311 4290 1462 4347 dedit
1494 4290 1623 4364 [Ms.
1655 4292 1783 4346 add.
1816 4290 1996 4363 nobis]
2024 4307 2172 4347 eam-

576 4384 701 4445 dem
729 4374 1155 4441 sollicitudinem
1172 4400 1283 4459 pro
1308 4384 1466 4440 Vobis
1490 4387 1542 4440 in
1564 4386 1729 4441 corde
1751 4384 1878 4453 Titi,
1913 4387 2169 4457 quoniam

579 4478 1020 4536 exhortationem
1048 4478 1267 4550 quidem
1296 4480 1535 4551 suscepit
1565 4496 1578 4534 :
1612 4480 1708 4537 sed
1734 4496 1856 4536 cum
1885 4482 2171 4537 sollicitior

579 4582 766 4638 esset,
816 4586 912 4628 sua
945 4571 1221 4629 voluntate
1257 4572 1537 4643 profectus
1563 4583 1646 4630 est
1675 4573 1739 4628 ad
1770 4589 1888 4630 vos.
1923 4574 2171 4630 Misimus

2256 1959 2386 2014 ergo
2412 1945 2719 2001 existimavi
2750 1961 2946 2017 rogare
2969 1946 3187 2011 fratres,
3211 1955 3270 2002 ut
3291 1948 3653 2018 praeveniant
3674 1945 3742 2002 ad
3765 1961 3875 2015 vos,

2256 2048 2315 2096 et
2344 2048 2653 2111 praeparent
2694 2040 3082 2112 repromissam
3116 2040 3582 2098 benedictionem
3620 2040 3765 2096 hanc
3791 2054 3881 2113 pa-

2257 2144 2431 2189 ratam
2462 2147 2605 2196 esse.
2635 2133 2716 2189 sic
2742 2134 2892 2203 quasi
2926 2133 3363 2191 benedictionem
3393 2175 3410 2200 ,
3461 2149 3579 2190 non
3607 2145 3875 2206 tamquam

2258 2228 2565 2284 avaritiam.
2617 2227 2730 2283 Hoc
2758 2238 2939 2284 autem
2968 2227 3090 2284 dico
3119 2247 3136 2296 ε,
3163 2228 3263 2296 Qui
3298 2228 3454 2303 [Με.
3492 2226 3680 2300 Quia]
3723 2242 3877 2300 parce

2257 2322 2528 2388 seminat,
2561 2335 2724 2390 parce
2752 2331 2807 2377 et
2835 2329 3003 2376 metet
3038 2339 3053 2376 :
3082 2331 3136 2376 et
3160 2323 3259 2393 qui
3288 2322 3536 2377 seminat
3567 2321 3623 2377 in
3659 2321 3875 2378 benedi-

2259 2414 2555 2482 ctionibus,
2592 2414 2660 2470 de
2684 2413 3159 2470 benedictionibus
3181 2423 3234 2469 et
3256 2423 3451 2469 metet.
3492 2412 3876 2485 Unusquisque

2263 2518 2424 2580 prout
2451 2509 2745 2565 destinavit
2779 2518 2800 2547 ε
2835 2508 2886 2563 in
2915 2508 3084 2565 corde
3108 2523 3231 2577 suo,
3264 2522 3372 2563 non
3406 2523 3478 2563 ex
3512 2507 3757 2573 tristitia,
3788 2514 3874 2561 aut

2262 2619 2334 2661 ex
2367 2605 2696 2659 necessitate
2727 2621 2739 2658 :
2776 2599 3009 2659 hilarem
3038 2603 3183 2658 enim
3211 2604 3465 2658 datorem
3498 2601 3683 2673 diligit
3716 2599 3871 2656 Deus'.

2266 2697 2462 2754 Potens
2509 2707 2594 2754 est
2638 2706 2819 2753 autem
2865 2698 3010 2753 Deus
3048 2711 3262 2753 omnem
3308 2700 3553 2768 gratiam
3605 2694 3872 2752 abundare

2266 2792 2445 2848 facere
2473 2793 2525 2846 itt
2559 2791 2714 2847 vobis
2745 2807 2760 2846 :
2793 2801 2852 2846 ut
2884 2791 2937 2846 in
2969 2790 3220 2846 omnibus
3250 2805 3478 2861 semper
3506 2804 3729 2844 omnem
3761 2788 3871 2863 suf-

2265 2886 2560 2943 llcientiam
2594 2884 2874 2953 habentes,
2903 2884 3193 2941 abundetis
3220 2885 3272 2940 in
3297 2900 3469 2940 omne
3492 2899 3632 2952 npus
3658 2884 3867 2952 bonum,

2264 2981 2401 3035 sicut
2431 2979 2694 3050 scriptum
2717 2988 2803 3035 est
2838 2998 2852 3035 :
2885 2976 3175 3048 Dispersit,
3207 2975 3355 3032 dedit
3387 2975 3730 3048 pauperibus
3757 2975 3872 3043 :ju-

2266 3073 2413 3127 stitia
2443 3071 2562 3142 ejus
2593 3080 2775 3126 manet
2814 3070 2869 3125 in
2904 3066 2932 3106 ἀ
2965 3070 3221 3125 smculum
3268 3070 3485 3124 smculi.
3542 3068 3649 3136 Qui
3698 3078 3866 3122 autem

2266 3164 2614 3221 administrat
2642 3178 2829 3219 semen
2862 3163 3153 3219 seminanti
3186 3182 3198 3217 :
3231 3172 3286 3219 et
3313 3178 3514 3234 panem
3547 3162 3615 3218 ad
3646 3160 3867 3217 mandu-

2266 3258 2497 3313 candum
2527 3258 2829 3329 praestabit,
2857 3269 2913 3315 et
2940 3258 3325 3330 multiplicabit
3353 3275 3549 3314 semen
3584 3269 3820 3313 vestrum
3852 3272 3864 3310 :

2266 3363 2319 3408 et
2347 3352 2569 3423 augebit
2591 3351 2923 3408 incrementa
2948 3350 3160 3423 frugum
3189 3353 3419 3422 justitim
3450 3361 3654 3409 vestrm
3686 3369 3698 3405 :
3726 3349 3866 3421 utzin

2267 3447 2522 3503 omnibus
2561 3446 2873 3516 locupletati
2914 3447 3205 3517 abundetis
3245 3448 3297 3502 in
3347 3463 3575 3503 omnem
3615 3444 3868 3518 sitnplici-
3960 3430 3967 3437 ’

2271 3549 2459 3607 tatem,
2475 3555 2595 3610 qua:
2615 3551 2874 3610 cperatur
2899 3554 2993 3609 per
3011 3553 3109 3593 nos
3129 3540 3427 3609 gratiarum
3452 3538 3725 3594 actionem
3743 3536 3862 3590 Dco.

2268 3632 2538 3699 Quoniam
2560 3632 2917 3687 ministerium
2937 3631 3096 3703 hujus
3112 3633 3296 3701 officii,
3332 3649 3442 3688 non
3463 3632 3643 3689 solum
3665 3628 3868 3701 supplet

2271 3743 2331 3783 ea
2361 3742 2483 3797 quae
2504 3724 2708 3781 desunt
2735 3726 2959 3790 sanctis,
2989 3726 3082 3780 sed
3107 3724 3270 3780 etiam
3295 3725 3540 3781 abundat
3566 3740 3665 3795 per
3685 3722 3868 3778 multas

2269 3820 2564 3890 gratiarum
2598 3819 2842 3874 actiones
2873 3819 2924 3872 itt
2960 3817 3192 3872 Domino
3217 3861 3230 3884 ,
3286 3817 3673 3888 probationem
3716 3813 3867 3870 mini-

2272 3914 2422 3970 sterii
2470 3913 2664 3984 hujus,
2710 3912 3075 3984 glorificantes
3103 3913 3269 3968 Deum
3304 3914 3356 3967 in
3403 3911 3722 3968 obedientia
3746 3923 3869 3964 cnn—

2275 4009 2529 4064 fessionis
2580 4015 2813 4075 vestrm,
2870 4007 2922 4060 in
2965 4004 3314 4076 Evangelium
3363 4005 3611 4070 Christi,
3654 4014 3705 4058 ct
3747 4004 3869 4055 sitn-

2274 4103 2514 4175 plicitate
2541 4101 3053 4157 communicationis
3079 4102 3132 4155 iu
3163 4101 3305 4171 illos,
3338 4110 3389 4156 et
3417 4101 3473 4156 in
3500 4113 3712 4158 omnes.
3742 4105 3788 4151 et
3816 4095 3867 4149 in

2275 4198 2514 4267 ipsorum
2544 4196 2925 4252 obsecratione
2956 4211 3053 4266 pro
3089 4194 3246 4250 vobis
3269 4236 3283 4260 ,
3322 4193 3750 4250 desiderantium
3778 4202 3865 4243 vos

2277 4299 2499 4360 propter
2519 4288 2857 4344 eminentem
2889 4288 3117 4358 gratiam
3131 4286 3228 4342 Dei
3252 4287 3305 4341 in
3329 4286 3507 4344 vobis.
3527 4284 3744 4341 Gratias
3766 4281 3865 4335 Dco

2276 4395 2442 4452 super
2468 4380 2815 4436 inenarrabili
2846 4381 2989 4434 dono
3018 4381 3155 4451 ejus.

2347 4475 2499 4549 [Cap.
2531 4474 2627 4548 X.]
2676 4477 2796 4547 Ipse
2821 4484 3001 4531 autem
3029 4490 3128 4546 ego
3153 4474 3354 4531 Paulus
3388 4474 3622 4530 obsecro
3655 4483 3748 4525 vos
3777 4481 3865 4536 pcr

2277 4571 2753 4629 mansuetudinem
2787 4581 2841 4626 et
2870 4570 3193 4625 modestiam
3217 4567 3461 4635 Christi;
3505 4568 3597 4639 qui
3646 4566 3696 4619 in
3729 4561 3858 4615 facie

582 4668 746 4722 etiam
769 4681 892 4722 cum
924 4666 1019 4722 illo
1052 4665 1308 4734 fratrem,
1342 4667 1500 4738 cujus
1530 4667 1648 4722 laus
1677 4676 1761 4723 est
1793 4668 1845 4722 in
1877 4667 2173 4739 Evangelio
2200 4640 2253 4701 D
2277 4667 2493 4737 quidem
2521 4651 2745 4721 humilis
2767 4679 2885 4719 sum
2915 4664 3055 4717 inter
3081 4676 3204 4729 vos,
3233 4662 3432 4717 absens
3454 4670 3634 4716 autem
3660 4652 3863 4711 confido

582 4775 679 4829 per
704 4772 903 4817 omnes
930 4759 1206 4815 Ecclesias
1232 4776 1248 4819 :
1282 4775 1393 4816 non
1421 4761 1598 4815 solum
1628 4768 1806 4815 autem
1830 4801 1846 4828 ,
1895 4760 1992 4816 sed
2022 4760 2139 4816 urdi
2157 4791 2171 4801 -

584 4866 743 4912 natus
773 4863 861 4912 est
879 4854 945 4909 ad
972 4853 1245 4910 Ecclesias
1266 4869 1452 4911 comes
1475 4856 1928 4927 peregrinationis
1951 4865 2177 4923 nostrae,

579 4950 634 5008 in
659 4952 799 5007 hanc
826 4950 1083 5022 gratiam,
1111 4965 1232 5020 quae
1256 4949 1595 5005 ministratur
1624 4966 1652 5005 a
1683 4950 1839 5006 nobis
1865 4950 1932 5005 ad
1962 4949 2176 5004 Domini

579 5044 853 5115 gloriam,
902 5051 957 5099 et
981 5041 1311 5098 destinatam
1347 5041 1684 5098 voluntatem
1715 5053 1958 5099 nostram
1982 5058 1998 5098 :
2025 5044 2175 5098 devi-

580 5143 760 5192 tautes
791 5135 913 5202 hoc,
950 5151 1019 5191 ne
1046 5136 1164 5207 quis
1194 5149 1295 5190 nos
1317 5136 1589 5203 vituperet
1611 5135 1662 5190 iu
1688 5135 1788 5191 hac
1812 5135 2173 5206 plenitudine,

577 5242 702 5299 quae
742 5227 1086 5285 ministratur
1123 5243 1153 5282 a
1187 5227 1345 5283 nobis
1375 5225 1426 5280 δ.
1471 5225 1829 5282 Providemus
1858 5226 2002 5281 enim
2034 5226 2174 5281 bona

580 5336 687 5377 non
716 5322 897 5379 solum
921 5325 1103 5379 coram
1132 5322 1243 5379 Deo
1268 5363 1285 5391 ,
1319 5320 1413 5378 sed
1436 5321 1599 5377 etiam
1628 5336 1811 5377 coram
1841 5321 2175 5377 hominibus.

580 5415 829 5474 Misimus
859 5427 1041 5475 autem
1075 5433 1193 5474 cum
1224 5418 1332 5474 illis
1363 5428 1419 5472 et
1445 5417 1664 5472 fratrem
1697 5425 1982 5483 nostrum,
2013 5431 2175 5487 quem

580 5512 934 5584 probavimus
976 5512 1030 5567 in
1074 5512 1258 5568 multis
1299 5525 1445 5583 sazpe
1488 5509 1783 5566 sollicitum
1825 5498 1993 5565 esse:
2035 5524 2179 5565 nunc

654 5684 677 5712 ι
700 5671 869 5728 Tacet
894 5671 950 5727 in
981 5670 1227 5727 Palatino
1250 5686 1353 5725 ms.
1388 5670 1512 5738 fuit,
1546 5677 1675 5724 utet
1700 5669 1752 5722 in
1778 5666 1973 5738 Crmco
2006 5675 2176 5722 textu.

656 5743 683 5784 δ
724 5744 889 5799 Addit
924 5743 1196 5816 Palatinus
1224 5759 1325 5797 tns.
1359 5737 1458 5816 hic
1472 5741 1636 5816 verba
1663 5742 1726 5816 in
1765 5737 2005 5795 Gloriam
2036 5738 2130 5816 Dei
2160 5779 2174 5804 ,

582 5832 813 5891 quorum
842 5828 948 5891 n_ec_
967 5815 1110 5891 vola,
1144 5828 1243 5891 nec
1269 5811 1553 5891 vestigium
1576 5811 1844 5891 infirme-0
1871 5820 2044 5891 textu.

662 5899 683 5928 ε
727 5881 1168 5955 ΜειΡειΙειίηιὶε,
1199 5881 1477 5942 destinauit
1503 5883 1651 5939 cordi
1678 5925 1692 5951 ,
1736 5883 1955 5956 propius
1986 5881 2179 5940 Graeco

2277 4761 2331 4816 in
2369 4759 2545 4817 vobis.
2576 4758 2728 4830 Rogo
2757 4768 2938 4813 autem
2966 4771 3096 4825 vos,
3130 4771 3198 4811 ne
3218 4768 3464 4826 praesens
3489 4752 3715 4807 audeam
3734 4790 3747 4810 ,
3776 4757 3864 4815 per

2279 4870 2400 4910 eam
2431 4852 2814 4909 confidentiam
2835 4866 2936 4921 qua
2971 4850 3255 4905 existimor
3283 4847 3490 4902 audere
3511 4846 3564 4900 in
3587 4839 3859 4914 quosdam,

2279 4948 2371 5018 qui
2401 4946 2734 5001 arbitrantur
2762 4959 2861 4998 nos
2886 4952 3156 5015 tamquam
3188 4938 3488 4995 secundum
3516 4949 3730 4992 carnem
3759 4942 3863 4983 am-

2282 5024 2553 5096 buletn'us.
2588 5038 2643 5093 lu
2672 5051 2840 5092 carne
2869 5036 3015 5092 enim
3042 5032 3414 5097 ambulantes,
3445 5044 3551 5085 non
3577 5022 3859 5083 secundum

2281 5149 2503 5190 carnem
2550 5131 2864 5188 militamus.
2916 5128 3049 5185 Nam
3091 5141 3240 5182 arma
3286 5125 3498 5193 militiae
3534 5130 3733 5179 nostra:
3763 5124 3861 5168 non

2281 5226 2517 5283 carnalia
2566 5233 2695 5281 sunt
2723 5265 2741 5291 ,
2785 5222 2879 5278 sed
2926 5219 3163 5291 potentia
3209 5220 3318 5273 Dco
3354 5218 3420 5270 ad
3450 5210 3855 5272 destructionem

2284 5320 2669 5385 munitionum,
2700 5315 2929 5372 consilia
2960 5315 3337 5379 tlestrucntes,
3369 5320 3426 5367 et
3449 5320 3661 5365 omnem
3691 5299 3860 5367 altitu-

2283 5413 2467 5469 dinem
2501 5410 2862 5467 eXtolleutem
2882 5422 2943 5463 se
2968 5407 3232 5463 adversus
3262 5403 3544 5461 scientiam
3573 5398 3666 5455 Dei
3692 5441 3706 5461 ,
3732 5403 3777 5449 el
3804 5389 3854 5444 in

2284 5506 2656 5578 captivitatem
2687 5500 2998 5572 redigentcs
3025 5514 3241 5555 omnem
3272 5497 3606 5553 intellectum
3634 5493 3686 5545 in
3715 5487 3857 5543 obse-

2290 5671 2616 5741 προαιρεῖται
2642 5670 2706 5721 τῆ
2735 5659 2944 5738 καρδία,
2975 5658 3068 5713 ubi
3110 5668 3288 5713 tamen
3317 5672 3414 5710 suo
3435 5667 3538 5709 που
3563 5647 3786 5704 additur.
3844 5712 3855 5723 θ

2352 5736 2377 5771 ιι
2421 5723 2690 5789 Αυεοιιιιιέ
2728 5736 2782 5788 in
2830 5722 3123 5793 (sternunt,
3174 5746 3269 5798 pro
3312 5728 3367 5782 in
3407 5723 3648 5781 amulum
3692 5712 3853 5798 sternit

2282 5804 2505 5878 praefert
2531 5806 2809 5862 Palatinus
2837 5820 2965 5873 tns.,
2993 5812 3049 5859 et
3076 5795 3265 5861 Cra'ce
3288 5800 3505 5872 quidem
3537 5801 3729 5850 tantum
3757 5795 3850 5849 est,

2284 5882 2356 5942 εἰς
2380 5879 2465 5935 τὸν
2486 5880 2662 5938 αἰῶνα.
3524 5908 3536 5918 ι
