  <div class='ocr_page' id='page_1' title='image "/cluster/home/n/w/nwhite01/storage/ocr_20150623/29/hvd.32044015471428/390.png"; bbox 0 0 4128 6330; ppageno 0'>
   <div class='ocr_carea' id='block_1_1' title="bbox 273 351 391 409">
    <p class='ocr_par' dir='ltr' id='par_1_1' title="bbox 273 351 391 409">
     <span class='ocr_line' id='line_1_1' title="bbox 273 351 391 409; baseline 0.017 -2"><span class='ocrx_word' id='word_1_1' title='bbox 273 351 391 409; x_wconf 82' lang='grc'>769</span> 
     </span>
    </p>
   </div>
   <div class='ocr_carea' id='block_1_2' title="bbox 1056 340 2808 409">
    <p class='ocr_par' dir='ltr' id='par_1_2' title="bbox 1056 340 2808 409">
     <span class='ocr_line' id='line_1_2' title="bbox 1056 340 2808 409; baseline -0.003 -3"><span class='ocrx_word' id='word_1_2' title='bbox 1056 349 1393 409; x_wconf 77' lang='lat' dir='ltr'><strong>EPISTULA</strong></span> <span class='ocrx_word' id='word_1_3' title='bbox 1430 349 1493 403; x_wconf 81' lang='grc' dir='ltr'><strong>Β.</strong></span> <span class='ocrx_word' id='word_1_4' title='bbox 1537 345 1741 403; x_wconf 68' lang='lat' dir='ltr'>PAULI</span> <span class='ocrx_word' id='word_1_5' title='bbox 1781 340 2117 401; x_wconf 84' lang='lat' dir='ltr'><strong>APOSTOLI</strong></span> <span class='ocrx_word' id='word_1_6' title='bbox 2158 345 2250 400; x_wconf 77' lang='lat' dir='ltr'><strong>AD</strong></span> <span class='ocrx_word' id='word_1_7' title='bbox 2287 343 2701 404; x_wconf 74' lang='lat' dir='ltr'><strong>CORINTHIUS</strong></span> <span class='ocrx_word' id='word_1_8' title='bbox 2740 346 2808 403; x_wconf 91' lang='grc'><strong>11.</strong></span> 
     </span>
    </p>
   </div>
   <div class='ocr_carea' id='block_1_3' title="bbox 3461 342 3600 404">
    <p class='ocr_par' dir='ltr' id='par_1_3' title="bbox 3461 342 3600 404">
     <span class='ocr_line' id='line_1_3' title="bbox 3461 342 3600 404; baseline 0.014 -2"><span class='ocrx_word' id='word_1_9' title='bbox 3461 348 3566 404; x_wconf 80' lang='lat'><strong>770</strong></span> <span class='ocrx_word' id='word_1_10' title='bbox 3592 342 3600 348; x_wconf 74' lang='grc'><strong>’</strong></span> 
     </span>
    </p>
   </div>
   <div class='ocr_carea' id='block_1_4' title="bbox 267 462 3573 537">
    <p class='ocr_par' dir='ltr' id='par_1_4' title="bbox 267 462 3573 537">
     <span class='ocr_line' id='line_1_4' title="bbox 267 462 3573 537; baseline 0 -17"><span class='ocrx_word' id='word_1_11' title='bbox 267 468 462 537; x_wconf 74' lang='lat' dir='ltr'><strong>quium</strong></span> <span class='ocrx_word' id='word_1_12' title='bbox 483 465 705 533; x_wconf 80' lang='lat' dir='ltr'><strong>Christi,</strong></span> <span class='ocrx_word' id='word_1_13' title='bbox 732 474 789 522; x_wconf 91' lang='lat' dir='ltr'><strong>et</strong></span> <span class='ocrx_word' id='word_1_14' title='bbox 811 464 863 521; x_wconf 93' lang='lat' dir='ltr'><strong>in</strong></span> <span class='ocrx_word' id='word_1_15' title='bbox 888 476 1141 537; x_wconf 88' lang='lat' dir='ltr'><strong>promptu</strong></span> <span class='ocrx_word' id='word_1_16' title='bbox 1166 466 1433 523; x_wconf 76' lang='lat' dir='ltr'><strong>habentes</strong></span> <span class='ocrx_word' id='word_1_17' title='bbox 1456 466 1643 520; x_wconf 77' lang='lat' dir='ltr'><strong>ulcisci</strong></span> <span class='ocrx_word' id='word_1_18' title='bbox 1668 480 1879 519; x_wconf 80' lang='lat' dir='ltr'><strong>onmem</strong></span> <span class='ocrx_word' id='word_1_19' title='bbox 1912 464 1957 522; x_wconf 83' lang='grc' dir='ltr'><strong>Λ</strong></span> <span class='ocrx_word' id='word_1_20' title='bbox 1988 462 2252 533; x_wconf 87' lang='lat' dir='ltr'><strong>ejusmodi</strong></span> <span class='ocrx_word' id='word_1_21' title='bbox 2307 466 2772 537; x_wconf 88' lang='lat' dir='ltr'><strong>pscudoapostoli,</strong></span> <span class='ocrx_word' id='word_1_22' title='bbox 2807 472 2835 503; x_wconf 77' lang='grc' dir='ltr'>ι</span> <span class='ocrx_word' id='word_1_23' title='bbox 2862 464 3005 520; x_wconf 90' lang='lat' dir='ltr'><strong>sicut</strong></span> <span class='ocrx_word' id='word_1_24' title='bbox 3043 464 3275 535; x_wconf 81' lang='lat' dir='ltr'><strong>operarii</strong></span> <span class='ocrx_word' id='word_1_25' title='bbox 3336 464 3573 534; x_wconf 87' lang='lat' dir='ltr'><strong>subdoli,</strong></span> 
     </span>
    </p>
   </div>
   <div class='ocr_carea' id='block_1_5' title="bbox 270 558 1879 630">
    <p class='ocr_par' dir='ltr' id='par_1_5' title="bbox 270 558 1879 630">
     <span class='ocr_line' id='line_1_5' title="bbox 270 558 1879 630; baseline -0.001 -18"><span class='ocrx_word' id='word_1_26' title='bbox 270 558 733 626; x_wconf 87' lang='lat' dir='ltr'><strong>inobedientiam,</strong></span> <span class='ocrx_word' id='word_1_27' title='bbox 766 575 885 615; x_wconf 90' lang='lat' dir='ltr'><strong>cum</strong></span> <span class='ocrx_word' id='word_1_28' title='bbox 917 560 1136 630; x_wconf 86' lang='lat' dir='ltr'><strong>impleta</strong></span> <span class='ocrx_word' id='word_1_29' title='bbox 1168 560 1331 615; x_wconf 88' lang='lat' dir='ltr'><strong>fuerit</strong></span> <span class='ocrx_word' id='word_1_30' title='bbox 1353 567 1528 615; x_wconf 77' lang='lat' dir='ltr'><strong>vestra</strong></span> <span class='ocrx_word' id='word_1_31' title='bbox 1552 558 1879 613; x_wconf 85' lang='lat' dir='ltr'><strong>obedientia.</strong></span> 
     </span>
    </p>
   </div>
   <div class='ocr_carea' id='block_1_6' title="bbox 270 650 1886 723">
    <p class='ocr_par' dir='ltr' id='par_1_6' title="bbox 270 650 1886 723">
     <span class='ocr_line' id='line_1_6' title="bbox 270 650 1886 723; baseline -0.002 -16"><span class='ocrx_word' id='word_1_32' title='bbox 270 652 416 720; x_wconf 76' lang='lat' dir='ltr'><strong>Qua:</strong></span> <span class='ocrx_word' id='word_1_33' title='bbox 447 654 745 709; x_wconf 88' lang='lat' dir='ltr'><strong>secundum</strong></span> <span class='ocrx_word' id='word_1_34' title='bbox 779 654 970 709; x_wconf 80' lang='lat' dir='ltr'><strong>faciem</strong></span> <span class='ocrx_word' id='word_1_35' title='bbox 1003 662 1152 718; x_wconf 89' lang='lat' dir='ltr'><strong>sunt,</strong></span> <span class='ocrx_word' id='word_1_36' title='bbox 1186 655 1391 708; x_wconf 90' lang='lat' dir='ltr'><strong>videte.</strong></span> <span class='ocrx_word' id='word_1_37' title='bbox 1431 653 1489 709; x_wconf 89' lang='lat' dir='ltr'><strong>Si</strong></span> <span class='ocrx_word' id='word_1_38' title='bbox 1512 652 1632 723; x_wconf 90' lang='lat' dir='ltr'><strong>quis</strong></span> <span class='ocrx_word' id='word_1_39' title='bbox 1659 650 1886 705; x_wconf 88' lang='lat' dir='ltr'><strong>confidit</strong></span> 
     </span>
    </p>
   </div>
   <div class='ocr_carea' id='block_1_7' title="bbox 269 744 1883 818">
    <p class='ocr_par' dir='ltr' id='par_1_7' title="bbox 269 744 1883 818">
     <span class='ocr_line' id='line_1_7' title="bbox 269 744 1883 818; baseline -0.003 -18"><span class='ocrx_word' id='word_1_40' title='bbox 269 745 387 801; x_wconf 86' lang='lat' dir='ltr'><strong>sibi</strong></span> <span class='ocrx_word' id='word_1_41' title='bbox 410 744 617 801; x_wconf 76' lang='lat' dir='ltr'><strong>Christi</strong></span> <span class='ocrx_word' id='word_1_42' title='bbox 640 762 698 802; x_wconf 89' lang='lat' dir='ltr'><strong>se</strong></span> <span class='ocrx_word' id='word_1_43' title='bbox 722 761 864 817; x_wconf 86' lang='lat' dir='ltr'><strong>esse,</strong></span> <span class='ocrx_word' id='word_1_44' title='bbox 898 748 998 802; x_wconf 91' lang='lat' dir='ltr'><strong>hoc</strong></span> <span class='ocrx_word' id='word_1_45' title='bbox 1028 747 1231 818; x_wconf 75' lang='lat' dir='ltr'><strong>cogitet</strong></span> <span class='ocrx_word' id='word_1_46' title='bbox 1258 746 1455 801; x_wconf 83' lang='lat' dir='ltr'><strong>iterum</strong></span> <span class='ocrx_word' id='word_1_47' title='bbox 1478 745 1619 815; x_wconf 90' lang='lat' dir='ltr'><strong>apud</strong></span> <span class='ocrx_word' id='word_1_48' title='bbox 1644 758 1733 799; x_wconf 90' lang='lat' dir='ltr'><strong>se:</strong></span> <span class='ocrx_word' id='word_1_49' title='bbox 1760 744 1883 813; x_wconf 88' lang='lat' dir='ltr'><strong>qttia</strong></span> 
     </span>
    </p>
   </div>
   <div class='ocr_carea' id='block_1_8' title="bbox 271 838 1885 910">
    <p class='ocr_par' dir='ltr' id='par_1_8' title="bbox 271 838 1885 910">
     <span class='ocr_line' id='line_1_8' title="bbox 271 838 1885 910; baseline -0.002 -15"><span class='ocrx_word' id='word_1_50' title='bbox 271 839 428 895; x_wconf 85' lang='lat' dir='ltr'><strong>sicut</strong></span> <span class='ocrx_word' id='word_1_51' title='bbox 458 842 575 909; x_wconf 89' lang='lat' dir='ltr'><strong>ipse</strong></span> <span class='ocrx_word' id='word_1_52' title='bbox 605 840 806 896; x_wconf 81' lang='lat' dir='ltr'><strong>Christi</strong></span> <span class='ocrx_word' id='word_1_53' title='bbox 840 850 945 907; x_wconf 89' lang='lat' dir='ltr'><strong>est,</strong></span> <span class='ocrx_word' id='word_1_54' title='bbox 976 842 1048 896; x_wconf 83' lang='lat' dir='ltr'><strong>ita</strong></span> <span class='ocrx_word' id='word_1_55' title='bbox 1076 849 1131 895; x_wconf 88' lang='lat' dir='ltr'><strong>et</strong></span> <span class='ocrx_word' id='word_1_56' title='bbox 1162 855 1282 896; x_wconf 91' lang='lat' dir='ltr'><strong>nos.</strong></span> <span class='ocrx_word' id='word_1_57' title='bbox 1312 840 1469 910; x_wconf 84' lang='lat' dir='ltr'><strong>Nam,</strong></span> <span class='ocrx_word' id='word_1_58' title='bbox 1497 850 1550 894; x_wconf 89' lang='lat' dir='ltr'><strong>et</strong></span> <span class='ocrx_word' id='word_1_59' title='bbox 1582 840 1626 894; x_wconf 88' lang='lat' dir='ltr'><strong>si</strong></span> <span class='ocrx_word' id='word_1_60' title='bbox 1653 838 1885 906; x_wconf 81' lang='lat' dir='ltr'><strong>amplius</strong></span> 
     </span>
    </p>
   </div>
   <div class='ocr_carea' id='block_1_9' title="bbox 272 933 1883 1004">
    <p class='ocr_par' dir='ltr' id='par_1_9' title="bbox 272 933 1883 1004">
     <span class='ocr_line' id='line_1_9' title="bbox 272 933 1883 1004; baseline -0.003 -16"><span class='ocrx_word' id='word_1_61' title='bbox 272 933 488 1003; x_wconf 82' lang='lat' dir='ltr'><strong>aliquid</strong></span> <span class='ocrx_word' id='word_1_62' title='bbox 521 935 783 1004; x_wconf 77' lang='lat' dir='ltr'><strong>gloriatus</strong></span> <span class='ocrx_word' id='word_1_63' title='bbox 827 933 979 989; x_wconf 92' lang='lat' dir='ltr'><strong>fuero</strong></span> <span class='ocrx_word' id='word_1_64' title='bbox 1018 934 1085 988; x_wconf 92' lang='lat' dir='ltr'><strong>de</strong></span> <span class='ocrx_word' id='word_1_65' title='bbox 1132 943 1397 1003; x_wconf 86' lang='lat' dir='ltr'><strong>potestate</strong></span> <span class='ocrx_word' id='word_1_66' title='bbox 1443 941 1631 987; x_wconf 90' lang='lat' dir='ltr'><strong>nostra</strong></span> <span class='ocrx_word' id='word_1_67' title='bbox 1660 973 1675 996; x_wconf 91' lang='lat'><strong>,</strong></span> <span class='ocrx_word' id='word_1_68' title='bbox 1722 946 1883 1001; x_wconf 91' lang='lat' dir='ltr'><strong>quam</strong></span> 
     </span>
    </p>
   </div>
   <div class='ocr_carea' id='block_1_10' title="bbox 274 1022 1885 1098">
    <p class='ocr_par' dir='ltr' id='par_1_10' title="bbox 274 1022 1885 1098">
     <span class='ocr_line' id='line_1_10' title="bbox 274 1022 1885 1098; baseline -0.002 -18"><span class='ocrx_word' id='word_1_69' title='bbox 274 1024 439 1081; x_wconf 87' lang='lat' dir='ltr'><strong>dedit</strong></span> <span class='ocrx_word' id='word_1_70' title='bbox 467 1027 623 1082; x_wconf 91' lang='lat' dir='ltr'><strong>nobis</strong></span> <span class='ocrx_word' id='word_1_71' title='bbox 656 1026 794 1098; x_wconf 75' lang='grc' dir='ltr'><strong>[Μδ.</strong></span> <span class='ocrx_word' id='word_1_72' title='bbox 820 1035 925 1081; x_wconf 77' lang='lat' dir='ltr'><strong>(ac.</strong></span> <span class='ocrx_word' id='word_1_73' title='bbox 959 1026 1151 1098; x_wconf 75' lang='lat' dir='ltr'><strong>nobis)</strong></span> <span class='ocrx_word' id='word_1_74' title='bbox 1184 1026 1447 1081; x_wconf 83' lang='lat' dir='ltr'><strong>Dominus</strong></span> <span class='ocrx_word' id='word_1_75' title='bbox 1480 1026 1531 1080; x_wconf 92' lang='lat' dir='ltr'><strong>iu</strong></span> <span class='ocrx_word' id='word_1_76' title='bbox 1568 1022 1885 1078; x_wconf 69' lang='lat' dir='ltr'><strong>mdtficatio-</strong></span> 
     </span>
    </p>
   </div>
   <div class='ocr_carea' id='block_1_11' title="bbox 274 1118 1888 1190">
    <p class='ocr_par' dir='ltr' id='par_1_11' title="bbox 274 1118 1888 1190">
     <span class='ocr_line' id='line_1_11' title="bbox 274 1118 1888 1190; baseline -0.003 -14"><span class='ocrx_word' id='word_1_77' title='bbox 274 1135 413 1176; x_wconf 82' lang='lat' dir='ltr'><strong>nem</strong></span> <span class='ocrx_word' id='word_1_78' title='bbox 434 1163 452 1190; x_wconf 92' lang='lat'><strong>,</strong></span> <span class='ocrx_word' id='word_1_79' title='bbox 481 1132 537 1177; x_wconf 92' lang='lat' dir='ltr'><strong>et</strong></span> <span class='ocrx_word' id='word_1_80' title='bbox 562 1138 669 1176; x_wconf 90' lang='lat' dir='ltr'><strong>nou</strong></span> <span class='ocrx_word' id='word_1_81' title='bbox 704 1121 757 1177; x_wconf 92' lang='lat' dir='ltr'><strong>in</strong></span> <span class='ocrx_word' id='word_1_82' title='bbox 790 1120 1217 1177; x_wconf 87' lang='lat' dir='ltr'><strong>destructionem</strong></span> <span class='ocrx_word' id='word_1_83' title='bbox 1244 1130 1476 1176; x_wconf 81' lang='lat' dir='ltr'><strong>vestram</strong></span> <span class='ocrx_word' id='word_1_84' title='bbox 1510 1136 1523 1173; x_wconf 92' lang='lat'>:</span> <span class='ocrx_word' id='word_1_85' title='bbox 1564 1135 1670 1174; x_wconf 91' lang='lat' dir='ltr'><strong>non</strong></span> <span class='ocrx_word' id='word_1_86' title='bbox 1692 1118 1888 1173; x_wconf 86' lang='lat' dir='ltr'><strong>erube-</strong></span> 
     </span>
    </p>
   </div>
   <div class='ocr_carea' id='block_1_12' title="bbox 276 1213 1887 1285">
    <p class='ocr_par' dir='ltr' id='par_1_12' title="bbox 276 1213 1887 1285">
     <span class='ocr_line' id='line_1_12' title="bbox 276 1213 1887 1285; baseline 0 -18"><span class='ocrx_word' id='word_1_87' title='bbox 276 1225 461 1269; x_wconf 86' lang='lat' dir='ltr'><strong>scam.</strong></span> <span class='ocrx_word' id='word_1_88' title='bbox 494 1213 560 1270; x_wconf 91' lang='lat' dir='ltr'><strong>Ut</strong></span> <span class='ocrx_word' id='word_1_89' title='bbox 587 1222 768 1269; x_wconf 89' lang='lat' dir='ltr'><strong>autem</strong></span> <span class='ocrx_word' id='word_1_90' title='bbox 800 1229 909 1270; x_wconf 92' lang='lat' dir='ltr'><strong>non</strong></span> <span class='ocrx_word' id='word_1_91' title='bbox 940 1215 1217 1270; x_wconf 77' lang='lat' dir='ltr'><strong>existimet</strong></span> <span class='ocrx_word' id='word_1_92' title='bbox 1244 1223 1513 1285; x_wconf 83' lang='lat' dir='ltr'><strong>tamquam</strong></span> <span class='ocrx_word' id='word_1_93' title='bbox 1559 1224 1763 1268; x_wconf 92' lang='lat' dir='ltr'><strong>terrere</strong></span> <span class='ocrx_word' id='word_1_94' title='bbox 1782 1214 1887 1267; x_wconf 85' lang='lat' dir='ltr'><strong>vos</strong></span> 
     </span>
    </p>
   </div>
   <div class='ocr_carea' id='block_1_13' title="bbox 274 1306 1885 1380">
    <p class='ocr_par' dir='ltr' id='par_1_13' title="bbox 274 1306 1885 1380">
     <span class='ocr_line' id='line_1_13' title="bbox 274 1306 1885 1380; baseline -0.004 -15"><span class='ocrx_word' id='word_1_95' title='bbox 274 1323 392 1379; x_wconf 85' lang='lat' dir='ltr'><strong>per</strong></span> <span class='ocrx_word' id='word_1_96' title='bbox 421 1308 683 1380; x_wconf 88' lang='lat' dir='ltr'><strong>epistolas</strong></span> <span class='ocrx_word' id='word_1_97' title='bbox 716 1327 731 1364; x_wconf 89' lang='lat'><strong>:</strong></span> <span class='ocrx_word' id='word_1_98' title='bbox 765 1310 1021 1380; x_wconf 89' lang='lat' dir='ltr'><strong>quoniam</strong></span> <span class='ocrx_word' id='word_1_99' title='bbox 1051 1309 1270 1380; x_wconf 81' lang='lat' dir='ltr'><strong>quidem</strong></span> <span class='ocrx_word' id='word_1_100' title='bbox 1300 1307 1545 1379; x_wconf 69' lang='lat' dir='ltr'><strong>epistolm</strong></span> <span class='ocrx_word' id='word_1_101' title='bbox 1566 1348 1582 1374; x_wconf 96' lang='lat'><strong>,</strong></span> <span class='ocrx_word' id='word_1_102' title='bbox 1616 1306 1885 1377; x_wconf 90' lang='lat' dir='ltr'><strong>inquiunt,</strong></span> 
     </span>
    </p>
   </div>
   <div class='ocr_carea' id='block_1_14' title="bbox 274 1398 1889 1477">
    <p class='ocr_par' dir='ltr' id='par_1_14' title="bbox 274 1398 1889 1477">
     <span class='ocr_line' id='line_1_14' title="bbox 274 1398 1889 1477; baseline -0.002 -22"><span class='ocrx_word' id='word_1_103' title='bbox 274 1417 483 1473; x_wconf 81' lang='lat' dir='ltr'><strong>graves</strong></span> <span class='ocrx_word' id='word_1_104' title='bbox 532 1413 659 1459; x_wconf 90' lang='lat' dir='ltr'><strong>sunt</strong></span> <span class='ocrx_word' id='word_1_105' title='bbox 706 1412 761 1457; x_wconf 92' lang='lat' dir='ltr'><strong>et</strong></span> <span class='ocrx_word' id='word_1_106' title='bbox 805 1403 1020 1477; x_wconf 57' lang='lat' dir='ltr'><strong>fortes;</strong></span> <span class='ocrx_word' id='word_1_107' title='bbox 1072 1404 1357 1475; x_wconf 71' lang='lat' dir='ltr'><strong>prmsentia</strong></span> <span class='ocrx_word' id='word_1_108' title='bbox 1410 1411 1588 1457; x_wconf 91' lang='lat' dir='ltr'><strong>autem</strong></span> <span class='ocrx_word' id='word_1_109' title='bbox 1646 1398 1889 1469; x_wconf 79' lang='lat' dir='ltr'><strong>corporis</strong></span> 
     </span>
    </p>
   </div>
   <div class='ocr_carea' id='block_1_15' title="bbox 278 1490 1888 1564">
    <p class='ocr_par' dir='ltr' id='par_1_15' title="bbox 278 1490 1888 1564">
     <span class='ocr_line' id='line_1_15' title="bbox 278 1490 1888 1564; baseline -0.002 -17"><span class='ocrx_word' id='word_1_110' title='bbox 278 1494 506 1548; x_wconf 83' lang='lat' dir='ltr'><strong>inﬁrma</strong></span> <span class='ocrx_word' id='word_1_111' title='bbox 534 1539 548 1563; x_wconf 96' lang='lat'><strong>,</strong></span> <span class='ocrx_word' id='word_1_112' title='bbox 600 1504 654 1549; x_wconf 89' lang='lat' dir='ltr'><strong>et</strong></span> <span class='ocrx_word' id='word_1_113' title='bbox 691 1510 875 1549; x_wconf 88' lang='lat' dir='ltr'><strong>sermo</strong></span> <span class='ocrx_word' id='word_1_114' title='bbox 912 1494 1338 1564; x_wconf 83' lang='lat' dir='ltr'><strong>contemptibilis</strong></span> <span class='ocrx_word' id='word_1_115' title='bbox 1372 1511 1383 1545; x_wconf 91' lang='lat'>:</span> <span class='ocrx_word' id='word_1_116' title='bbox 1416 1493 1519 1547; x_wconf 93' lang='lat' dir='ltr'><strong>hoc</strong></span> <span class='ocrx_word' id='word_1_117' title='bbox 1562 1494 1762 1563; x_wconf 87' lang='lat' dir='ltr'><strong>cogitet</strong></span> <span class='ocrx_word' id='word_1_118' title='bbox 1798 1490 1888 1561; x_wconf 89' lang='lat' dir='ltr'><strong>qui</strong></span> 
     </span>
    </p>
   </div>
   <div class='ocr_carea' id='block_1_16' title="bbox 278 1584 1890 1658">
    <p class='ocr_par' dir='ltr' id='par_1_16' title="bbox 278 1584 1890 1658">
     <span class='ocr_line' id='line_1_16' title="bbox 278 1584 1890 1658; baseline -0.002 -17"><span class='ocrx_word' id='word_1_119' title='bbox 278 1586 563 1656; x_wconf 85' lang='lat' dir='ltr'><strong>ejusmodi</strong></span> <span class='ocrx_word' id='word_1_120' title='bbox 589 1596 693 1654; x_wconf 91' lang='lat' dir='ltr'><strong>est,</strong></span> <span class='ocrx_word' id='word_1_121' title='bbox 727 1586 850 1658; x_wconf 83' lang='lat' dir='ltr'><strong>quia</strong></span> <span class='ocrx_word' id='word_1_122' title='bbox 876 1588 1065 1658; x_wconf 86' lang='lat' dir='ltr'><strong>quales</strong></span> <span class='ocrx_word' id='word_1_123' title='bbox 1091 1604 1278 1643; x_wconf 89' lang='lat' dir='ltr'><strong>sumus</strong></span> <span class='ocrx_word' id='word_1_124' title='bbox 1301 1587 1471 1641; x_wconf 91' lang='lat' dir='ltr'><strong>verbo</strong></span> <span class='ocrx_word' id='word_1_125' title='bbox 1503 1602 1599 1656; x_wconf 90' lang='lat' dir='ltr'><strong>per</strong></span> <span class='ocrx_word' id='word_1_126' title='bbox 1629 1584 1890 1654; x_wconf 80' lang='lat' dir='ltr'><strong>epistolas</strong></span> 
     </span>
    </p>
   </div>
   <div class='ocr_carea' id='block_1_17' title="bbox 282 1680 1891 1750">
    <p class='ocr_par' dir='ltr' id='par_1_17' title="bbox 282 1680 1891 1750">
     <span class='ocr_line' id='line_1_17' title="bbox 282 1680 1891 1750; baseline -0.002 -16"><span class='ocrx_word' id='word_1_127' title='bbox 282 1680 576 1748; x_wconf 79' lang='lat' dir='ltr'><strong>absentes,</strong></span> <span class='ocrx_word' id='word_1_128' title='bbox 612 1680 747 1736; x_wconf 90' lang='lat' dir='ltr'><strong>tales</strong></span> <span class='ocrx_word' id='word_1_129' title='bbox 776 1689 834 1736; x_wconf 90' lang='lat' dir='ltr'><strong>et</strong></span> <span class='ocrx_word' id='word_1_130' title='bbox 864 1692 1158 1750; x_wconf 66' lang='lat' dir='ltr'><strong>praesentes</strong></span> <span class='ocrx_word' id='word_1_131' title='bbox 1187 1683 1237 1735; x_wconf 88' lang='lat' dir='ltr'><strong>iu</strong></span> <span class='ocrx_word' id='word_1_132' title='bbox 1270 1682 1434 1736; x_wconf 88' lang='lat' dir='ltr'><strong>facto.</strong></span> <span class='ocrx_word' id='word_1_133' title='bbox 1461 1680 1575 1735; x_wconf 84' lang='lat' dir='ltr'><strong>Non</strong></span> <span class='ocrx_word' id='word_1_134' title='bbox 1618 1682 1762 1734; x_wconf 89' lang='lat' dir='ltr'><strong>enim</strong></span> <span class='ocrx_word' id='word_1_135' title='bbox 1805 1695 1891 1731; x_wconf 86' lang='lat' dir='ltr'><strong>att-</strong></span> 
     </span>
    </p>
   </div>
   <div class='ocr_carea' id='block_1_18' title="bbox 286 1772 1889 1845">
    <p class='ocr_par' dir='ltr' id='par_1_18' title="bbox 286 1772 1889 1845">
     <span class='ocr_line' id='line_1_18' title="bbox 286 1772 1889 1845; baseline -0.002 -16"><span class='ocrx_word' id='word_1_136' title='bbox 286 1772 491 1830; x_wconf 87' lang='lat' dir='ltr'><strong>demus</strong></span> <span class='ocrx_word' id='word_1_137' title='bbox 517 1775 782 1841; x_wconf 91' lang='lat' dir='ltr'><strong>inserere,</strong></span> <span class='ocrx_word' id='word_1_138' title='bbox 812 1786 906 1829; x_wconf 88' lang='lat' dir='ltr'><strong>aut</strong></span> <span class='ocrx_word' id='word_1_139' title='bbox 928 1789 1249 1845; x_wconf 86' lang='lat' dir='ltr'><strong>comparare</strong></span> <span class='ocrx_word' id='word_1_140' title='bbox 1281 1792 1379 1829; x_wconf 89' lang='lat' dir='ltr'><strong>nos</strong></span> <span class='ocrx_word' id='word_1_141' title='bbox 1410 1775 1730 1845; x_wconf 87' lang='lat' dir='ltr'><strong>quihusdam</strong></span> <span class='ocrx_word' id='word_1_142' title='bbox 1757 1814 1768 1835; x_wconf 93' lang='lat'><strong>,</strong></span> <span class='ocrx_word' id='word_1_143' title='bbox 1802 1773 1889 1843; x_wconf 85' lang='lat' dir='ltr'><strong>qui</strong></span> 
     </span>
    </p>
   </div>
   <div class='ocr_carea' id='block_1_19' title="bbox 1987 558 3661 631">
    <p class='ocr_par' dir='ltr' id='par_1_19' title="bbox 1987 558 3661 631">
     <span class='ocr_line' id='line_1_19' title="bbox 1987 558 3661 631; baseline 0.002 -20"><span class='ocrx_word' id='word_1_144' title='bbox 1987 558 2433 631; x_wconf 76' lang='lat' dir='ltr'><strong>transfigurantes</strong></span> <span class='ocrx_word' id='word_1_145' title='bbox 2463 576 2524 617; x_wconf 90' lang='lat' dir='ltr'><strong>se</strong></span> <span class='ocrx_word' id='word_1_146' title='bbox 2556 561 2608 615; x_wconf 90' lang='lat' dir='ltr'><strong>in</strong></span> <span class='ocrx_word' id='word_1_147' title='bbox 2648 560 2926 631; x_wconf 87' lang='lat' dir='ltr'><strong>apostolos</strong></span> <span class='ocrx_word' id='word_1_148' title='bbox 2955 558 3183 616; x_wconf 87' lang='lat' dir='ltr'><strong>Christi.</strong></span> <span class='ocrx_word' id='word_1_149' title='bbox 3226 558 3295 614; x_wconf 86' lang='lat' dir='ltr'><strong>Et</strong></span> <span class='ocrx_word' id='word_1_150' title='bbox 3324 574 3430 615; x_wconf 90' lang='lat' dir='ltr'><strong>non</strong></span> <span class='ocrx_word' id='word_1_151' title='bbox 3470 561 3577 615; x_wconf 93' lang='lat' dir='ltr'><strong>mi-</strong></span> <span class='ocrx_word' id='word_1_152' title='bbox 3658 630 3661 631; x_wconf 17' lang='grc' dir='ltr'><em>ν</em></span> 
     </span>
    </p>
   </div>
   <div class='ocr_carea' id='block_1_20' title="bbox 1986 654 3576 727">
    <p class='ocr_par' dir='ltr' id='par_1_20' title="bbox 1986 654 3576 727">
     <span class='ocr_line' id='line_1_20' title="bbox 1986 654 3576 727; baseline 0.001 -20"><span class='ocrx_word' id='word_1_153' title='bbox 1986 670 2105 707; x_wconf 86' lang='lat' dir='ltr'><strong>runt</strong></span> <span class='ocrx_word' id='word_1_154' title='bbox 2140 673 2155 709; x_wconf 89' lang='lat'>:</span> <span class='ocrx_word' id='word_1_155' title='bbox 2182 655 2297 724; x_wconf 90' lang='lat' dir='ltr'><strong>ipse</strong></span> <span class='ocrx_word' id='word_1_156' title='bbox 2323 655 2466 709; x_wconf 92' lang='lat' dir='ltr'><strong>enim</strong></span> <span class='ocrx_word' id='word_1_157' title='bbox 2501 657 2733 712; x_wconf 88' lang='lat' dir='ltr'><strong>Satanas</strong></span> <span class='ocrx_word' id='word_1_158' title='bbox 2766 654 3119 727; x_wconf 86' lang='lat' dir='ltr'><strong>transfigurat</strong></span> <span class='ocrx_word' id='word_1_159' title='bbox 3154 668 3213 709; x_wconf 89' lang='lat' dir='ltr'><strong>se</strong></span> <span class='ocrx_word' id='word_1_160' title='bbox 3242 654 3294 708; x_wconf 93' lang='lat' dir='ltr'><strong>in</strong></span> <span class='ocrx_word' id='word_1_161' title='bbox 3327 654 3576 723; x_wconf 81' lang='lat' dir='ltr'><strong>angelum</strong></span> 
     </span>
    </p>
   </div>
   <div class='ocr_carea' id='block_1_21' title="bbox 1988 746 3581 820">
    <p class='ocr_par' dir='ltr' id='par_1_21' title="bbox 1988 746 3581 820">
     <span class='ocr_line' id='line_1_21' title="bbox 1988 746 3581 820; baseline 0.001 -21"><span class='ocrx_word' id='word_1_162' title='bbox 1988 746 2147 803; x_wconf 90' lang='lat' dir='ltr'><strong>lucis.</strong></span> <span class='ocrx_word' id='word_1_163' title='bbox 2177 748 2291 803; x_wconf 91' lang='lat' dir='ltr'><strong>Non</strong></span> <span class='ocrx_word' id='word_1_164' title='bbox 2316 760 2397 804; x_wconf 90' lang='lat' dir='ltr'><strong>est</strong></span> <span class='ocrx_word' id='word_1_165' title='bbox 2420 764 2553 820; x_wconf 85' lang='lat' dir='ltr'><strong>ergo</strong></span> <span class='ocrx_word' id='word_1_166' title='bbox 2586 764 2865 819; x_wconf 87' lang='lat' dir='ltr'><strong>magnum,</strong></span> <span class='ocrx_word' id='word_1_167' title='bbox 2885 749 2929 803; x_wconf 91' lang='lat' dir='ltr'><strong>si</strong></span> <span class='ocrx_word' id='word_1_168' title='bbox 2960 748 3191 805; x_wconf 82' lang='lat' dir='ltr'><strong>ministri</strong></span> <span class='ocrx_word' id='word_1_169' title='bbox 3216 747 3337 815; x_wconf 89' lang='lat' dir='ltr'><strong>ejus</strong></span> <span class='ocrx_word' id='word_1_170' title='bbox 3368 748 3581 802; x_wconf 89' lang='lat' dir='ltr'><strong>transfi-</strong></span> 
     </span>
    </p>
   </div>
   <div class='ocr_carea' id='block_1_22' title="bbox 1987 840 3585 913">
    <p class='ocr_par' dir='ltr' id='par_1_22' title="bbox 1987 840 3585 913">
     <span class='ocr_line' id='line_1_22' title="bbox 1987 840 3585 913; baseline 0.001 -18"><span class='ocrx_word' id='word_1_171' title='bbox 1987 851 2257 911; x_wconf 81' lang='lat' dir='ltr'><strong>gurentur</strong></span> <span class='ocrx_word' id='word_1_172' title='bbox 2288 842 2439 898; x_wconf 83' lang='lat' dir='ltr'><strong>velut</strong></span> <span class='ocrx_word' id='word_1_173' title='bbox 2474 844 2706 898; x_wconf 88' lang='lat' dir='ltr'><strong>ministri</strong></span> <span class='ocrx_word' id='word_1_174' title='bbox 2747 842 2973 913; x_wconf 65' lang='lat' dir='ltr'><strong>iustitiae</strong></span> <span class='ocrx_word' id='word_1_175' title='bbox 3007 860 3018 897; x_wconf 91' lang='lat'><strong>:</strong></span> <span class='ocrx_word' id='word_1_176' title='bbox 3052 857 3277 910; x_wconf 86' lang='lat' dir='ltr'><strong>quorum</strong></span> <span class='ocrx_word' id='word_1_177' title='bbox 3322 840 3445 896; x_wconf 92' lang='lat' dir='ltr'><strong>finis</strong></span> <span class='ocrx_word' id='word_1_178' title='bbox 3479 843 3585 897; x_wconf 88' lang='lat' dir='ltr'><strong>erit</strong></span> 
     </span>
    </p>
   </div>
   <div class='ocr_carea' id='block_1_23' title="bbox 1989 933 3583 1006">
    <p class='ocr_par' dir='ltr' id='par_1_23' title="bbox 1989 933 3583 1006">
     <span class='ocr_line' id='line_1_23' title="bbox 1989 933 3583 1006; baseline 0.002 -19"><span class='ocrx_word' id='word_1_179' title='bbox 1989 933 2284 989; x_wconf 88' lang='lat' dir='ltr'><strong>secundum</strong></span> <span class='ocrx_word' id='word_1_180' title='bbox 2313 951 2480 1004; x_wconf 87' lang='lat' dir='ltr'><strong>opera</strong></span> <span class='ocrx_word' id='word_1_181' title='bbox 2512 936 2773 1005; x_wconf 89' lang='lat' dir='ltr'><strong>ipsorum.</strong></span> <span class='ocrx_word' id='word_1_182' title='bbox 2808 935 3008 991; x_wconf 87' lang='lat' dir='ltr'><strong>lterum</strong></span> <span class='ocrx_word' id='word_1_183' title='bbox 3033 935 3157 990; x_wconf 88' lang='lat' dir='ltr'><strong>dico</strong></span> <span class='ocrx_word' id='word_1_184' title='bbox 3186 935 3294 1006; x_wconf 91' lang='lat' dir='ltr'><strong>(ne</strong></span> <span class='ocrx_word' id='word_1_185' title='bbox 3336 934 3457 1004; x_wconf 91' lang='lat' dir='ltr'><strong>quis</strong></span> <span class='ocrx_word' id='word_1_186' title='bbox 3498 949 3583 990; x_wconf 89' lang='lat' dir='ltr'><strong>me</strong></span> 
     </span>
    </p>
   </div>
   <div class='ocr_carea' id='block_1_24' title="bbox 1991 1026 3584 1098">
    <p class='ocr_par' dir='ltr' id='par_1_24' title="bbox 1991 1026 3584 1098">
     <span class='ocr_line' id='line_1_24' title="bbox 1991 1026 3584 1098; baseline 0.003 -21"><span class='ocrx_word' id='word_1_187' title='bbox 1991 1035 2139 1095; x_wconf 90' lang='lat' dir='ltr'><strong>putet</strong></span> <span class='ocrx_word' id='word_1_188' title='bbox 2176 1026 2522 1097; x_wconf 84' lang='lat' dir='ltr'><strong>insipientem</strong></span> <span class='ocrx_word' id='word_1_189' title='bbox 2570 1042 2715 1094; x_wconf 90' lang='lat' dir='ltr'><strong>esse,</strong></span> <span class='ocrx_word' id='word_1_190' title='bbox 2757 1028 2997 1097; x_wconf 82' lang='lat' dir='ltr'><strong>alioquin</strong></span> <span class='ocrx_word' id='word_1_191' title='bbox 3042 1027 3193 1081; x_wconf 86' lang='lat' dir='ltr'><strong>velut</strong></span> <span class='ocrx_word' id='word_1_192' title='bbox 3236 1027 3584 1098; x_wconf 84' lang='lat' dir='ltr'><strong>insipientem</strong></span> 
     </span>
    </p>
   </div>
   <div class='ocr_carea' id='block_1_25' title="bbox 1991 1118 3579 1193">
    <p class='ocr_par' dir='ltr' id='par_1_25' title="bbox 1991 1118 3579 1193">
     <span class='ocr_line' id='line_1_25' title="bbox 1991 1118 3579 1193; baseline 0.003 -23"><span class='ocrx_word' id='word_1_193' title='bbox 1991 1118 2217 1187; x_wconf 87' lang='lat' dir='ltr'><strong>accipite</strong></span> <span class='ocrx_word' id='word_1_194' title='bbox 2237 1135 2345 1187; x_wconf 89' lang='lat' dir='ltr'><strong>me,</strong></span> <span class='ocrx_word' id='word_1_195' title='bbox 2380 1129 2440 1174; x_wconf 91' lang='lat' dir='ltr'><strong>ut</strong></span> <span class='ocrx_word' id='word_1_196' title='bbox 2468 1129 2523 1175; x_wconf 91' lang='lat' dir='ltr'><strong>et</strong></span> <span class='ocrx_word' id='word_1_197' title='bbox 2562 1134 2661 1191; x_wconf 86' lang='lat' dir='ltr'><strong>ego</strong></span> <span class='ocrx_word' id='word_1_198' title='bbox 2684 1120 2954 1176; x_wconf 91' lang='lat' dir='ltr'><strong>modicum</strong></span> <span class='ocrx_word' id='word_1_199' title='bbox 2984 1120 3111 1189; x_wconf 88' lang='lat' dir='ltr'><strong>quid</strong></span> <span class='ocrx_word' id='word_1_200' title='bbox 3142 1119 3406 1192; x_wconf 91' lang='lat' dir='ltr'><strong>glorier),</strong></span> <span class='ocrx_word' id='word_1_201' title='bbox 3434 1119 3579 1193; x_wconf 87' lang='lat' dir='ltr'><strong>quod</strong></span> 
     </span>
    </p>
   </div>
   <div class='ocr_carea' id='block_1_26' title="bbox 1992 1212 3588 1285">
    <p class='ocr_par' dir='ltr' id='par_1_26' title="bbox 1992 1212 3588 1285">
     <span class='ocr_line' id='line_1_26' title="bbox 1992 1212 3588 1285; baseline 0.003 -19"><span class='ocrx_word' id='word_1_202' title='bbox 1992 1212 2211 1283; x_wconf 89' lang='lat' dir='ltr'><strong>loquor,</strong></span> <span class='ocrx_word' id='word_1_203' title='bbox 2246 1230 2352 1270; x_wconf 92' lang='lat' dir='ltr'><strong>non</strong></span> <span class='ocrx_word' id='word_1_204' title='bbox 2393 1216 2586 1285; x_wconf 89' lang='lat' dir='ltr'><strong>loquor</strong></span> <span class='ocrx_word' id='word_1_205' title='bbox 2615 1215 2915 1271; x_wconf 90' lang='lat' dir='ltr'><strong>secundum</strong></span> <span class='ocrx_word' id='word_1_206' title='bbox 2964 1217 3155 1285; x_wconf 91' lang='lat' dir='ltr'><strong>Deum,</strong></span> <span class='ocrx_word' id='word_1_207' title='bbox 3189 1215 3287 1272; x_wconf 91' lang='lat' dir='ltr'><strong>sed</strong></span> <span class='ocrx_word' id='word_1_208' title='bbox 3346 1216 3500 1284; x_wconf 87' lang='lat' dir='ltr'><strong>quasi</strong></span> <span class='ocrx_word' id='word_1_209' title='bbox 3533 1215 3588 1270; x_wconf 94' lang='lat' dir='ltr'><strong>in</strong></span> 
     </span>
    </p>
   </div>
   <div class='ocr_carea' id='block_1_27' title="bbox 1992 1306 3585 1379">
    <p class='ocr_par' dir='ltr' id='par_1_27' title="bbox 1992 1306 3585 1379">
     <span class='ocr_line' id='line_1_27' title="bbox 1992 1306 3585 1379; baseline 0 -18"><span class='ocrx_word' id='word_1_210' title='bbox 1992 1306 2324 1376; x_wconf 86' lang='lat' dir='ltr'><strong>insipientia,</strong></span> <span class='ocrx_word' id='word_1_211' title='bbox 2356 1308 2413 1362; x_wconf 84' lang='lat' dir='ltr'><strong>in</strong></span> <span class='ocrx_word' id='word_1_212' title='bbox 2447 1307 2550 1363; x_wconf 87' lang='lat' dir='ltr'><strong>hac</strong></span> <span class='ocrx_word' id='word_1_213' title='bbox 2576 1308 2876 1363; x_wconf 83' lang='lat' dir='ltr'><strong>substantia</strong></span> <span class='ocrx_word' id='word_1_214' title='bbox 2902 1308 3111 1379; x_wconf 74' lang='lat' dir='ltr'><strong>gloriae.</strong></span> <span class='ocrx_word' id='word_1_215' title='bbox 3137 1307 3404 1376; x_wconf 86' lang='lat' dir='ltr'><strong>Quoniam</strong></span> <span class='ocrx_word' id='word_1_216' title='bbox 3430 1307 3585 1362; x_wconf 92' lang='lat' dir='ltr'><strong>multi</strong></span> 
     </span>
    </p>
   </div>
   <div class='ocr_carea' id='block_1_28' title="bbox 1992 1398 3587 1472">
    <p class='ocr_par' dir='ltr' id='par_1_28' title="bbox 1992 1398 3587 1472">
     <span class='ocr_line' id='line_1_28' title="bbox 1992 1398 3587 1472; baseline -0.001 -17"><span class='ocrx_word' id='word_1_217' title='bbox 1992 1400 2300 1471; x_wconf 86' lang='lat' dir='ltr'><strong>gloriantur</strong></span> <span class='ocrx_word' id='word_1_218' title='bbox 2328 1402 2630 1457; x_wconf 90' lang='lat' dir='ltr'><strong>secundum</strong></span> <span class='ocrx_word' id='word_1_219' title='bbox 2652 1416 2873 1456; x_wconf 90' lang='lat' dir='ltr'><strong>carnem</strong></span> <span class='ocrx_word' id='word_1_220' title='bbox 2910 1419 2922 1455; x_wconf 76' lang='grc' dir='ltr'>ε</span> <span class='ocrx_word' id='word_1_221' title='bbox 2952 1410 3005 1457; x_wconf 90' lang='lat' dir='ltr'><strong>et</strong></span> <span class='ocrx_word' id='word_1_222' title='bbox 3036 1416 3138 1472; x_wconf 85' lang='lat' dir='ltr'><strong>ego</strong></span> <span class='ocrx_word' id='word_1_223' title='bbox 3169 1400 3465 1472; x_wconf 87' lang='lat' dir='ltr'><strong>gloriabor.</strong></span> <span class='ocrx_word' id='word_1_224' title='bbox 3497 1398 3587 1454; x_wconf 86' lang='lat' dir='ltr'><strong>Li-</strong></span> 
     </span>
    </p>
   </div>
   <div class='ocr_carea' id='block_1_29' title="bbox 1997 1495 3591 1567">
    <p class='ocr_par' dir='ltr' id='par_1_29' title="bbox 1997 1495 3591 1567">
     <span class='ocr_line' id='line_1_29' title="bbox 1997 1495 3591 1567; baseline -0.001 -16"><span class='ocrx_word' id='word_1_225' title='bbox 1997 1497 2190 1551; x_wconf 90' lang='lat' dir='ltr'><strong>benter</strong></span> <span class='ocrx_word' id='word_1_226' title='bbox 2218 1498 2364 1551; x_wconf 88' lang='lat' dir='ltr'><strong>enim</strong></span> <span class='ocrx_word' id='word_1_227' title='bbox 2394 1497 2637 1552; x_wconf 71' lang='lat' dir='ltr'><strong>suﬂ‘ertis</strong></span> <span class='ocrx_word' id='word_1_228' title='bbox 2666 1497 2985 1567; x_wconf 89' lang='lat' dir='ltr'><strong>insipientes</strong></span> <span class='ocrx_word' id='word_1_229' title='bbox 3011 1514 3025 1550; x_wconf 88' lang='lat'><strong><em>:</em></strong></span> <span class='ocrx_word' id='word_1_230' title='bbox 3060 1511 3182 1550; x_wconf 92' lang='lat' dir='ltr'><strong>cum</strong></span> <span class='ocrx_word' id='word_1_231' title='bbox 3226 1495 3345 1551; x_wconf 85' lang='lat' dir='ltr'><strong>sitis</strong></span> <span class='ocrx_word' id='word_1_232' title='bbox 3370 1495 3469 1566; x_wconf 89' lang='lat' dir='ltr'><strong>ipsi</strong></span> <span class='ocrx_word' id='word_1_233' title='bbox 3501 1509 3591 1549; x_wconf 88' lang='lat' dir='ltr'><strong>sa-</strong></span> 
     </span>
    </p>
   </div>
   <div class='ocr_carea' id='block_1_30' title="bbox 1997 1588 3587 1661">
    <p class='ocr_par' dir='ltr' id='par_1_30' title="bbox 1997 1588 3587 1661">
     <span class='ocr_line' id='line_1_30' title="bbox 1997 1588 3587 1661; baseline 0.003 -21"><span class='ocrx_word' id='word_1_234' title='bbox 1997 1590 2229 1659; x_wconf 86' lang='lat' dir='ltr'><strong>pientes.</strong></span> <span class='ocrx_word' id='word_1_235' title='bbox 2270 1590 2565 1646; x_wconf 89' lang='lat' dir='ltr'><strong>Sustinetis</strong></span> <span class='ocrx_word' id='word_1_236' title='bbox 2605 1588 2747 1645; x_wconf 90' lang='lat' dir='ltr'><strong>enim</strong></span> <span class='ocrx_word' id='word_1_237' title='bbox 2794 1590 2838 1644; x_wconf 92' lang='lat' dir='ltr'><strong>si</strong></span> <span class='ocrx_word' id='word_1_238' title='bbox 2884 1590 3005 1661; x_wconf 89' lang='lat' dir='ltr'><strong>quis</strong></span> <span class='ocrx_word' id='word_1_239' title='bbox 3044 1605 3143 1645; x_wconf 87' lang='lat' dir='ltr'><strong>vos</strong></span> <span class='ocrx_word' id='word_1_240' title='bbox 3188 1590 3238 1644; x_wconf 93' lang='lat' dir='ltr'><strong>in</strong></span> <span class='ocrx_word' id='word_1_241' title='bbox 3272 1589 3587 1645; x_wconf 88' lang='lat' dir='ltr'><strong>servitutem</strong></span> 
     </span>
    </p>
   </div>
   <div class='ocr_carea' id='block_1_31' title="bbox 1996 1685 3593 1755">
    <p class='ocr_par' dir='ltr' id='par_1_31' title="bbox 1996 1685 3593 1755">
     <span class='ocr_line' id='line_1_31' title="bbox 1996 1685 3593 1755; baseline 0.001 -17"><span class='ocrx_word' id='word_1_242' title='bbox 1996 1685 2214 1755; x_wconf 84' lang='lat' dir='ltr'><strong>redigit,</strong></span> <span class='ocrx_word' id='word_1_243' title='bbox 2246 1686 2289 1739; x_wconf 90' lang='lat' dir='ltr'><strong>si</strong></span> <span class='ocrx_word' id='word_1_244' title='bbox 2334 1686 2457 1755; x_wconf 86' lang='lat' dir='ltr'><strong>quis</strong></span> <span class='ocrx_word' id='word_1_245' title='bbox 2490 1686 2739 1749; x_wconf 85' lang='lat' dir='ltr'><strong>devorat,</strong></span> <span class='ocrx_word' id='word_1_246' title='bbox 2771 1685 2816 1740; x_wconf 88' lang='lat' dir='ltr'><strong>si</strong></span> <span class='ocrx_word' id='word_1_247' title='bbox 2865 1686 2983 1755; x_wconf 87' lang='lat' dir='ltr'><strong>quis</strong></span> <span class='ocrx_word' id='word_1_248' title='bbox 3015 1685 3231 1755; x_wconf 90' lang='lat' dir='ltr'><strong>accipit,</strong></span> <span class='ocrx_word' id='word_1_249' title='bbox 3266 1685 3309 1739; x_wconf 90' lang='lat' dir='ltr'><strong>si</strong></span> <span class='ocrx_word' id='word_1_250' title='bbox 3344 1685 3465 1755; x_wconf 89' lang='lat' dir='ltr'><strong>quis</strong></span> <span class='ocrx_word' id='word_1_251' title='bbox 3495 1700 3593 1739; x_wconf 86' lang='lat' dir='ltr'><strong>ex-</strong></span> 
     </span>
    </p>
   </div>
   <div class='ocr_carea' id='block_1_32' title="bbox 1999 1775 3593 1849">
    <p class='ocr_par' dir='ltr' id='par_1_32' title="bbox 1999 1775 3593 1849">
     <span class='ocr_line' id='line_1_32' title="bbox 1999 1775 3593 1849; baseline 0.002 -20"><span class='ocrx_word' id='word_1_252' title='bbox 1999 1778 2225 1843; x_wconf 84' lang='lat' dir='ltr'><strong>tollitur,</strong></span> <span class='ocrx_word' id='word_1_253' title='bbox 2256 1778 2298 1832; x_wconf 90' lang='lat' dir='ltr'><strong>si</strong></span> <span class='ocrx_word' id='word_1_254' title='bbox 2329 1779 2448 1847; x_wconf 91' lang='lat' dir='ltr'><strong>quis</strong></span> <span class='ocrx_word' id='word_1_255' title='bbox 2483 1778 2533 1832; x_wconf 88' lang='lat' dir='ltr'><strong>in</strong></span> <span class='ocrx_word' id='word_1_256' title='bbox 2562 1779 2751 1832; x_wconf 79' lang='lat' dir='ltr'><strong>faciem</strong></span> <span class='ocrx_word' id='word_1_257' title='bbox 2776 1792 2873 1832; x_wconf 81' lang='lat' dir='ltr'><strong>vos</strong></span> <span class='ocrx_word' id='word_1_258' title='bbox 2898 1776 3078 1832; x_wconf 64' lang='lat' dir='ltr'><strong>cmdit.</strong></span> <span class='ocrx_word' id='word_1_259' title='bbox 3112 1775 3420 1834; x_wconf 87' lang='lat' dir='ltr'><strong>Secundum</strong></span> <span class='ocrx_word' id='word_1_260' title='bbox 3446 1776 3593 1849; x_wconf 85' lang='lat' dir='ltr'><strong>igno-</strong></span> 
     </span>
    </p>
   </div>
   <div class='ocr_carea' id='block_1_33' title="bbox 283 1862 3595 1941">
    <p class='ocr_par' dir='ltr' id='par_1_33' title="bbox 283 1862 3595 1941">
     <span class='ocr_line' id='line_1_33' title="bbox 283 1862 3595 1941; baseline 0 -18"><span class='ocrx_word' id='word_1_261' title='bbox 283 1868 509 1937; x_wconf 86' lang='lat' dir='ltr'><strong>seipsos</strong></span> <span class='ocrx_word' id='word_1_262' title='bbox 557 1869 941 1925; x_wconf 89' lang='lat' dir='ltr'><strong>commendant</strong></span> <span class='ocrx_word' id='word_1_263' title='bbox 967 1888 982 1925; x_wconf 89' lang='lat'><strong>:</strong></span> <span class='ocrx_word' id='word_1_264' title='bbox 1008 1870 1105 1924; x_wconf 90' lang='lat' dir='ltr'><strong>sed</strong></span> <span class='ocrx_word' id='word_1_265' title='bbox 1137 1871 1234 1940; x_wconf 74' lang='lat' dir='ltr'><strong>ipsi</strong></span> <span class='ocrx_word' id='word_1_266' title='bbox 1266 1871 1319 1924; x_wconf 92' lang='lat' dir='ltr'><strong>in</strong></span> <span class='ocrx_word' id='word_1_267' title='bbox 1354 1870 1506 1923; x_wconf 83' lang='lat' dir='ltr'><strong>nobis</strong></span> <span class='ocrx_word' id='word_1_268' title='bbox 1536 1868 1892 1937; x_wconf 66' lang='lat' dir='ltr'><strong>nosmetipsos</strong></span> <span class='ocrx_word' id='word_1_269' title='bbox 1926 1862 1971 1924; x_wconf 84' lang='grc' dir='ltr'><strong>Β</strong></span> <span class='ocrx_word' id='word_1_270' title='bbox 2000 1870 2263 1925; x_wconf 90' lang='lat' dir='ltr'><strong>bilitatent</strong></span> <span class='ocrx_word' id='word_1_271' title='bbox 2288 1871 2428 1937; x_wconf 83' lang='lat' dir='ltr'><strong>dico,</strong></span> <span class='ocrx_word' id='word_1_272' title='bbox 2455 1873 2606 1941; x_wconf 87' lang='lat' dir='ltr'><strong>quasi</strong></span> <span class='ocrx_word' id='word_1_273' title='bbox 2632 1885 2733 1925; x_wconf 89' lang='lat' dir='ltr'><strong>nos</strong></span> <span class='ocrx_word' id='word_1_274' title='bbox 2762 1869 2963 1925; x_wconf 90' lang='lat' dir='ltr'><strong>infirmi</strong></span> <span class='ocrx_word' id='word_1_275' title='bbox 2990 1870 3248 1925; x_wconf 82' lang='lat' dir='ltr'><strong>fuerimus</strong></span> <span class='ocrx_word' id='word_1_276' title='bbox 3272 1870 3324 1925; x_wconf 92' lang='lat' dir='ltr'><strong>in</strong></span> <span class='ocrx_word' id='word_1_277' title='bbox 3350 1870 3449 1925; x_wconf 91' lang='lat' dir='ltr'><strong>hac</strong></span> <span class='ocrx_word' id='word_1_278' title='bbox 3480 1885 3595 1940; x_wconf 84' lang='lat' dir='ltr'><strong>par-</strong></span> 
     </span>
    </p>
   </div>
   <div class='ocr_carea' id='block_1_34' title="bbox 287 1960 1895 2030">
    <p class='ocr_par' dir='ltr' id='par_1_34' title="bbox 287 1960 1895 2030">
     <span class='ocr_line' id='line_1_34' title="bbox 287 1960 1895 2030; baseline -0.001 -15"><span class='ocrx_word' id='word_1_279' title='bbox 287 1960 619 2027; x_wconf 87' lang='lat' dir='ltr'><strong>metientes,</strong></span> <span class='ocrx_word' id='word_1_280' title='bbox 651 1968 705 2017; x_wconf 85' lang='lat' dir='ltr'><strong>et</strong></span> <span class='ocrx_word' id='word_1_281' title='bbox 743 1970 1121 2030; x_wconf 88' lang='lat' dir='ltr'><strong>comparantes</strong></span> <span class='ocrx_word' id='word_1_282' title='bbox 1166 1960 1525 2029; x_wconf 88' lang='lat' dir='ltr'><strong>nosmetipsos</strong></span> <span class='ocrx_word' id='word_1_283' title='bbox 1572 1961 1745 2017; x_wconf 86' lang='lat' dir='ltr'><strong>nobis.</strong></span> <span class='ocrx_word' id='word_1_284' title='bbox 1786 1960 1895 2014; x_wconf 81' lang='lat' dir='ltr'><strong>Nos</strong></span> 
     </span>
    </p>
   </div>
   <div class='ocr_carea' id='block_1_35' title="bbox 284 2055 1893 2125">
    <p class='ocr_par' dir='ltr' id='par_1_35' title="bbox 284 2055 1893 2125">
     <span class='ocr_line' id='line_1_35' title="bbox 284 2055 1893 2125; baseline -0.001 -17"><span class='ocrx_word' id='word_1_285' title='bbox 284 2065 479 2111; x_wconf 82' lang='lat' dir='ltr'><strong>autem</strong></span> <span class='ocrx_word' id='word_1_286' title='bbox 502 2072 607 2110; x_wconf 91' lang='lat' dir='ltr'><strong>non</strong></span> <span class='ocrx_word' id='word_1_287' title='bbox 635 2056 685 2109; x_wconf 90' lang='lat' dir='ltr'><strong>in</strong></span> <span class='ocrx_word' id='word_1_288' title='bbox 712 2056 1035 2111; x_wconf 90' lang='lat' dir='ltr'><strong>immensum</strong></span> <span class='ocrx_word' id='word_1_289' title='bbox 1056 2056 1439 2125; x_wconf 81' lang='lat' dir='ltr'><strong>gloriabimur,</strong></span> <span class='ocrx_word' id='word_1_290' title='bbox 1471 2055 1563 2108; x_wconf 89' lang='lat' dir='ltr'><strong>sed</strong></span> <span class='ocrx_word' id='word_1_291' title='bbox 1597 2055 1893 2109; x_wconf 83' lang='lat' dir='ltr'><strong>secundum</strong></span> 
     </span>
    </p>
   </div>
   <div class='ocr_carea' id='block_1_36' title="bbox 286 2149 1899 2220">
    <p class='ocr_par' dir='ltr' id='par_1_36' title="bbox 286 2149 1899 2220">
     <span class='ocr_line' id='line_1_36' title="bbox 286 2149 1899 2220; baseline -0.002 -16"><span class='ocrx_word' id='word_1_292' title='bbox 286 2163 611 2204; x_wconf 88' lang='lat' dir='ltr'><strong>mensuram</strong></span> <span class='ocrx_word' id='word_1_293' title='bbox 642 2150 864 2219; x_wconf 88' lang='lat' dir='ltr'><strong>regulae,</strong></span> <span class='ocrx_word' id='word_1_294' title='bbox 895 2166 997 2220; x_wconf 92' lang='lat' dir='ltr'><strong>qua</strong></span> <span class='ocrx_word' id='word_1_295' title='bbox 1024 2164 1241 2205; x_wconf 89' lang='lat' dir='ltr'><strong>mensus</strong></span> <span class='ocrx_word' id='word_1_296' title='bbox 1272 2159 1355 2204; x_wconf 81' lang='lat' dir='ltr'><strong>est</strong></span> <span class='ocrx_word' id='word_1_297' title='bbox 1382 2149 1539 2203; x_wconf 82' lang='lat' dir='ltr'><strong>nobis</strong></span> <span class='ocrx_word' id='word_1_298' title='bbox 1561 2149 1715 2203; x_wconf 36' lang='lat' dir='ltr'><strong>Deus,</strong></span> <span class='ocrx_word' id='word_1_299' title='bbox 1748 2164 1899 2202; x_wconf 85' lang='lat' dir='ltr'><strong>tuen-</strong></span> 
     </span>
    </p>
   </div>
   <div class='ocr_carea' id='block_1_37' title="bbox 287 2240 1895 2312">
    <p class='ocr_par' dir='ltr' id='par_1_37' title="bbox 287 2240 1895 2312">
     <span class='ocr_line' id='line_1_37' title="bbox 287 2240 1895 2312; baseline -0.002 -16"><span class='ocrx_word' id='word_1_300' title='bbox 287 2256 485 2296; x_wconf 87' lang='lat' dir='ltr'><strong>suram</strong></span> <span class='ocrx_word' id='word_1_301' title='bbox 511 2242 849 2312; x_wconf 89' lang='lat' dir='ltr'><strong>pertingendi</strong></span> <span class='ocrx_word' id='word_1_302' title='bbox 880 2257 1046 2312; x_wconf 89' lang='lat' dir='ltr'><strong>usque</strong></span> <span class='ocrx_word' id='word_1_303' title='bbox 1074 2242 1139 2296; x_wconf 91' lang='lat' dir='ltr'><strong>ad</strong></span> <span class='ocrx_word' id='word_1_304' title='bbox 1166 2258 1285 2297; x_wconf 87' lang='lat' dir='ltr'><strong>vos.</strong></span> <span class='ocrx_word' id='word_1_305' title='bbox 1309 2240 1425 2296; x_wconf 86' lang='lat' dir='ltr'><strong>Non</strong></span> <span class='ocrx_word' id='word_1_306' title='bbox 1449 2240 1593 2297; x_wconf 91' lang='lat' dir='ltr'><strong>enim</strong></span> <span class='ocrx_word' id='word_1_307' title='bbox 1616 2240 1766 2311; x_wconf 85' lang='lat' dir='ltr'><strong>quasi</strong></span> <span class='ocrx_word' id='word_1_308' title='bbox 1791 2256 1895 2293; x_wconf 91' lang='lat' dir='ltr'><strong>non</strong></span> 
     </span>
    </p>
   </div>
   <div class='ocr_carea' id='block_1_38' title="bbox 290 2333 1899 2405">
    <p class='ocr_par' dir='ltr' id='par_1_38' title="bbox 290 2333 1899 2405">
     <span class='ocr_line' id='line_1_38' title="bbox 290 2333 1899 2405; baseline -0.001 -17"><span class='ocrx_word' id='word_1_309' title='bbox 290 2333 681 2405; x_wconf 88' lang='lat' dir='ltr'><strong>pertingentes</strong></span> <span class='ocrx_word' id='word_1_310' title='bbox 710 2334 777 2388; x_wconf 89' lang='lat' dir='ltr'><strong>ad</strong></span> <span class='ocrx_word' id='word_1_311' title='bbox 809 2348 944 2398; x_wconf 89' lang='lat' dir='ltr'><strong>vos,</strong></span> <span class='ocrx_word' id='word_1_312' title='bbox 983 2334 1493 2404; x_wconf 84' lang='lat' dir='ltr'><strong>superextendimus</strong></span> <span class='ocrx_word' id='word_1_313' title='bbox 1532 2348 1628 2388; x_wconf 89' lang='lat' dir='ltr'><strong>nos</strong></span> <span class='ocrx_word' id='word_1_314' title='bbox 1676 2351 1687 2388; x_wconf 95' lang='lat'>:</span> <span class='ocrx_word' id='word_1_315' title='bbox 1732 2348 1899 2403; x_wconf 87' lang='lat' dir='ltr'><strong>usque</strong></span> 
     </span>
    </p>
   </div>
   <div class='ocr_carea' id='block_1_39' title="bbox 290 2425 1899 2497">
    <p class='ocr_par' dir='ltr' id='par_1_39' title="bbox 290 2425 1899 2497">
     <span class='ocr_line' id='line_1_39' title="bbox 290 2425 1899 2497; baseline -0.001 -17"><span class='ocrx_word' id='word_1_316' title='bbox 290 2425 374 2480; x_wconf 86' lang='lat' dir='ltr'><strong>ad</strong></span> <span class='ocrx_word' id='word_1_317' title='bbox 404 2440 502 2480; x_wconf 90' lang='lat' dir='ltr'><strong>vos</strong></span> <span class='ocrx_word' id='word_1_318' title='bbox 529 2426 673 2480; x_wconf 91' lang='lat' dir='ltr'><strong>enim</strong></span> <span class='ocrx_word' id='word_1_319' title='bbox 718 2428 1066 2497; x_wconf 78' lang='lat' dir='ltr'><strong>pervenimus</strong></span> <span class='ocrx_word' id='word_1_320' title='bbox 1105 2426 1155 2481; x_wconf 89' lang='lat' dir='ltr'><strong>in</strong></span> <span class='ocrx_word' id='word_1_321' title='bbox 1189 2428 1479 2496; x_wconf 73' lang='lat' dir='ltr'><strong>Evangelio</strong></span> <span class='ocrx_word' id='word_1_322' title='bbox 1518 2425 1735 2479; x_wconf 86' lang='lat' dir='ltr'><strong>Christi.</strong></span> <span class='ocrx_word' id='word_1_323' title='bbox 1782 2426 1899 2479; x_wconf 84' lang='lat' dir='ltr'><strong>Non</strong></span> 
     </span>
    </p>
   </div>
   <div class='ocr_carea' id='block_1_40' title="bbox 294 2520 1899 2592">
    <p class='ocr_par' dir='ltr' id='par_1_40' title="bbox 294 2520 1899 2592">
     <span class='ocr_line' id='line_1_40' title="bbox 294 2520 1899 2592; baseline -0.001 -17"><span class='ocrx_word' id='word_1_324' title='bbox 294 2520 363 2575; x_wconf 89' lang='lat' dir='ltr'><strong>in</strong></span> <span class='ocrx_word' id='word_1_325' title='bbox 395 2521 715 2577; x_wconf 88' lang='lat' dir='ltr'><strong>immensum</strong></span> <span class='ocrx_word' id='word_1_326' title='bbox 749 2522 1045 2592; x_wconf 77' lang='lat' dir='ltr'><strong>gloriantes</strong></span> <span class='ocrx_word' id='word_1_327' title='bbox 1082 2523 1133 2577; x_wconf 92' lang='lat' dir='ltr'><strong>in</strong></span> <span class='ocrx_word' id='word_1_328' title='bbox 1165 2522 1355 2577; x_wconf 89' lang='lat' dir='ltr'><strong>alienis</strong></span> <span class='ocrx_word' id='word_1_329' title='bbox 1396 2521 1669 2576; x_wconf 86' lang='lat' dir='ltr'><strong>laboribus</strong></span> <span class='ocrx_word' id='word_1_330' title='bbox 1703 2537 1717 2577; x_wconf 89' lang='lat'><strong>:</strong></span> <span class='ocrx_word' id='word_1_331' title='bbox 1750 2534 1899 2589; x_wconf 87' lang='lat' dir='ltr'><strong>spem</strong></span> 
     </span>
    </p>
   </div>
   <div class='ocr_carea' id='block_1_41' title="bbox 295 2613 1902 2680">
    <p class='ocr_par' dir='ltr' id='par_1_41' title="bbox 295 2613 1902 2680">
     <span class='ocr_line' id='line_1_41' title="bbox 295 2613 1902 2680; baseline -0.001 -13"><span class='ocrx_word' id='word_1_332' title='bbox 295 2622 487 2668; x_wconf 82' lang='lat' dir='ltr'><strong>autem</strong></span> <span class='ocrx_word' id='word_1_333' title='bbox 541 2614 805 2668; x_wconf 90' lang='lat' dir='ltr'><strong>habentes</strong></span> <span class='ocrx_word' id='word_1_334' title='bbox 848 2614 1147 2669; x_wconf 71' lang='lat' dir='ltr'><strong>crescentis</strong></span> <span class='ocrx_word' id='word_1_335' title='bbox 1187 2614 1310 2670; x_wconf 86' lang='lat' dir='ltr'><strong>ﬁdei</strong></span> <span class='ocrx_word' id='word_1_336' title='bbox 1362 2624 1600 2680; x_wconf 68' lang='lat' dir='ltr'><strong>vestrm,</strong></span> <span class='ocrx_word' id='word_1_337' title='bbox 1651 2613 1702 2666; x_wconf 93' lang='lat' dir='ltr'><strong>in</strong></span> <span class='ocrx_word' id='word_1_338' title='bbox 1752 2613 1902 2666; x_wconf 89' lang='lat' dir='ltr'><strong>vobis</strong></span> 
     </span>
    </p>
   </div>
   <div class='ocr_carea' id='block_1_42' title="bbox 299 2706 1904 2779">
    <p class='ocr_par' dir='ltr' id='par_1_42' title="bbox 299 2706 1904 2779">
     <span class='ocr_line' id='line_1_42' title="bbox 299 2706 1904 2779; baseline -0.004 -15"><span class='ocrx_word' id='word_1_339' title='bbox 299 2708 645 2779; x_wconf 82' lang='lat' dir='ltr'><strong>magniﬁcari</strong></span> <span class='ocrx_word' id='word_1_340' title='bbox 678 2708 975 2763; x_wconf 88' lang='lat' dir='ltr'><strong>secundum</strong></span> <span class='ocrx_word' id='word_1_341' title='bbox 1006 2709 1248 2777; x_wconf 89' lang='lat' dir='ltr'><strong>regulam</strong></span> <span class='ocrx_word' id='word_1_342' title='bbox 1279 2717 1517 2762; x_wconf 86' lang='lat' dir='ltr'><strong>nostram</strong></span> <span class='ocrx_word' id='word_1_343' title='bbox 1552 2708 1601 2760; x_wconf 95' lang='lat' dir='ltr'><strong>in</strong></span> <span class='ocrx_word' id='word_1_344' title='bbox 1626 2706 1904 2762; x_wconf 89' lang='lat' dir='ltr'><strong>abundau-</strong></span> 
     </span>
    </p>
   </div>
   <div class='ocr_carea' id='block_1_43' title="bbox 301 2799 1899 2871">
    <p class='ocr_par' dir='ltr' id='par_1_43' title="bbox 301 2799 1899 2871">
     <span class='ocr_line' id='line_1_43' title="bbox 301 2799 1899 2871; baseline -0.002 -15"><span class='ocrx_word' id='word_1_345' title='bbox 301 2801 465 2867; x_wconf 86' lang='lat' dir='ltr'><strong>Iiam,</strong></span> <span class='ocrx_word' id='word_1_346' title='bbox 498 2802 661 2857; x_wconf 86' lang='lat' dir='ltr'><strong>etiam</strong></span> <span class='ocrx_word' id='word_1_347' title='bbox 686 2802 740 2855; x_wconf 92' lang='lat' dir='ltr'><strong>in</strong></span> <span class='ocrx_word' id='word_1_348' title='bbox 765 2802 877 2867; x_wconf 88' lang='lat' dir='ltr'><strong>illa,</strong></span> <span class='ocrx_word' id='word_1_349' title='bbox 910 2818 1029 2871; x_wconf 69' lang='lat' dir='ltr'><strong>qua:</strong></span> <span class='ocrx_word' id='word_1_350' title='bbox 1050 2802 1191 2857; x_wconf 91' lang='lat' dir='ltr'><strong>ultra</strong></span> <span class='ocrx_word' id='word_1_351' title='bbox 1212 2818 1305 2855; x_wconf 84' lang='lat' dir='ltr'><strong>vos</strong></span> <span class='ocrx_word' id='word_1_352' title='bbox 1328 2809 1475 2868; x_wconf 92' lang='lat' dir='ltr'><strong>sunt,</strong></span> <span class='ocrx_word' id='word_1_353' title='bbox 1510 2799 1899 2869; x_wconf 74' lang='lat' dir='ltr'><strong>evangelrzat&#39;e,</strong></span> 
     </span>
    </p>
   </div>
   <div class='ocr_carea' id='block_1_44' title="bbox 304 2891 1905 2964">
    <p class='ocr_par' dir='ltr' id='par_1_44' title="bbox 304 2891 1905 2964">
     <span class='ocr_line' id='line_1_44' title="bbox 304 2891 1905 2964; baseline -0.004 -15"><span class='ocrx_word' id='word_1_354' title='bbox 304 2910 421 2949; x_wconf 82' lang='lat' dir='ltr'><strong>non</strong></span> <span class='ocrx_word' id='word_1_355' title='bbox 454 2896 505 2947; x_wconf 91' lang='lat' dir='ltr'><strong>in</strong></span> <span class='ocrx_word' id='word_1_356' title='bbox 540 2894 715 2949; x_wconf 85' lang='lat' dir='ltr'><strong>aliena</strong></span> <span class='ocrx_word' id='word_1_357' title='bbox 750 2894 930 2964; x_wconf 82' lang='lat' dir='ltr'><strong>regula</strong></span> <span class='ocrx_word' id='word_1_358' title='bbox 962 2894 1015 2948; x_wconf 93' lang='lat' dir='ltr'><strong>in</strong></span> <span class='ocrx_word' id='word_1_359' title='bbox 1045 2894 1110 2948; x_wconf 91' lang='lat' dir='ltr'><strong>iis</strong></span> <span class='ocrx_word' id='word_1_360' title='bbox 1138 2909 1259 2963; x_wconf 80' lang='lat' dir='ltr'><strong>quae</strong></span> <span class='ocrx_word' id='word_1_361' title='bbox 1287 2902 1585 2963; x_wconf 69' lang='lat' dir='ltr'><strong>prmparata</strong></span> <span class='ocrx_word' id='word_1_362' title='bbox 1616 2901 1761 2951; x_wconf 90' lang='lat' dir='ltr'><strong>sunt,</strong></span> <span class='ocrx_word' id='word_1_363' title='bbox 1790 2891 1905 2961; x_wconf 89' lang='lat' dir='ltr'><strong>glo-</strong></span> 
     </span>
    </p>
   </div>
   <div class='ocr_carea' id='block_1_45' title="bbox 303 2985 1904 3059">
    <p class='ocr_par' dir='ltr' id='par_1_45' title="bbox 303 2985 1904 3059">
     <span class='ocr_line' id='line_1_45' title="bbox 303 2985 1904 3059; baseline -0.002 -16"><span class='ocrx_word' id='word_1_364' title='bbox 303 2988 466 3043; x_wconf 78' lang='lat' dir='ltr'><strong>riari.</strong></span> <span class='ocrx_word' id='word_1_365' title='bbox 501 2988 602 3057; x_wconf 88' lang='lat' dir='ltr'><strong>Qui</strong></span> <span class='ocrx_word' id='word_1_366' title='bbox 635 2996 812 3043; x_wconf 88' lang='lat' dir='ltr'><strong>autem</strong></span> <span class='ocrx_word' id='word_1_367' title='bbox 844 2990 1126 3059; x_wconf 88' lang='lat' dir='ltr'><strong>gloriatur,</strong></span> <span class='ocrx_word' id='word_1_368' title='bbox 1163 2991 1212 3042; x_wconf 92' lang='lat' dir='ltr'><strong>in</strong></span> <span class='ocrx_word' id='word_1_369' title='bbox 1241 2987 1468 3042; x_wconf 89' lang='lat' dir='ltr'><strong>Domino</strong></span> <span class='ocrx_word' id='word_1_370' title='bbox 1490 2988 1766 3057; x_wconf 85' lang='lat' dir='ltr'><strong>glorietur.</strong></span> <span class='ocrx_word' id='word_1_371' title='bbox 1788 2985 1904 3041; x_wconf 89' lang='lat' dir='ltr'><strong>Non</strong></span> 
     </span>
    </p>
   </div>
   <div class='ocr_carea' id='block_1_46' title="bbox 306 3078 1905 3152">
    <p class='ocr_par' dir='ltr' id='par_1_46' title="bbox 306 3078 1905 3152">
     <span class='ocr_line' id='line_1_46' title="bbox 306 3078 1905 3152; baseline -0.001 -15"><span class='ocrx_word' id='word_1_372' title='bbox 306 3082 459 3137; x_wconf 87' lang='lat' dir='ltr'><strong>enim</strong></span> <span class='ocrx_word' id='word_1_373' title='bbox 490 3082 579 3152; x_wconf 89' lang='lat' dir='ltr'><strong>qui</strong></span> <span class='ocrx_word' id='word_1_374' title='bbox 606 3081 843 3152; x_wconf 91' lang='lat' dir='ltr'><strong>seipsum</strong></span> <span class='ocrx_word' id='word_1_375' title='bbox 875 3081 1237 3147; x_wconf 90' lang='lat' dir='ltr'><strong>commendat,</strong></span> <span class='ocrx_word' id='word_1_376' title='bbox 1272 3082 1362 3136; x_wconf 91' lang='lat' dir='ltr'><strong>ille</strong></span> <span class='ocrx_word' id='word_1_377' title='bbox 1393 3081 1651 3152; x_wconf 89' lang='lat' dir='ltr'><strong>probatus</strong></span> <span class='ocrx_word' id='word_1_378' title='bbox 1674 3091 1786 3135; x_wconf 89' lang='lat' dir='ltr'><strong>est:</strong></span> <span class='ocrx_word' id='word_1_379' title='bbox 1811 3078 1905 3135; x_wconf 90' lang='lat' dir='ltr'><strong>sed</strong></span> 
     </span>
    </p>
   </div>
   <div class='ocr_carea' id='block_1_47' title="bbox 308 3176 1041 3249">
    <p class='ocr_par' dir='ltr' id='par_1_47' title="bbox 308 3176 1041 3249">
     <span class='ocr_line' id='line_1_47' title="bbox 308 3176 1041 3249; baseline -0.003 -18"><span class='ocrx_word' id='word_1_380' title='bbox 308 3192 477 3249; x_wconf 84' lang='lat' dir='ltr'><strong>quem</strong></span> <span class='ocrx_word' id='word_1_381' title='bbox 514 3177 653 3233; x_wconf 89' lang='lat' dir='ltr'><strong>Deus</strong></span> <span class='ocrx_word' id='word_1_382' title='bbox 677 3176 1041 3233; x_wconf 89' lang='lat' dir='ltr'><strong>commendat.</strong></span> 
     </span>
    </p>
   </div>
   <div class='ocr_carea' id='block_1_48' title="bbox 2001 1963 3676 2035">
    <p class='ocr_par' dir='ltr' id='par_1_48' title="bbox 2001 1963 3676 2035">
     <span class='ocr_line' id='line_1_48' title="bbox 2001 1963 3676 2035; baseline -0.002 -18"><span class='ocrx_word' id='word_1_383' title='bbox 2001 1974 2072 2018; x_wconf 91' lang='lat' dir='ltr'><strong>te.</strong></span> <span class='ocrx_word' id='word_1_384' title='bbox 2102 1963 2158 2017; x_wconf 87' lang='lat' dir='ltr'><strong>In</strong></span> <span class='ocrx_word' id='word_1_385' title='bbox 2191 1978 2297 2028; x_wconf 85' lang='lat' dir='ltr'><strong>quo</strong></span> <span class='ocrx_word' id='word_1_386' title='bbox 2322 1964 2443 2034; x_wconf 91' lang='lat' dir='ltr'><strong>quis</strong></span> <span class='ocrx_word' id='word_1_387' title='bbox 2476 1963 2637 2019; x_wconf 87' lang='lat' dir='ltr'><strong>audet</strong></span> <span class='ocrx_word' id='word_1_388' title='bbox 2666 1964 2744 2035; x_wconf 94' lang='lat' dir='ltr'><strong>(in</strong></span> <span class='ocrx_word' id='word_1_389' title='bbox 2784 1964 3092 2034; x_wconf 85' lang='lat' dir='ltr'><strong>insipientia</strong></span> <span class='ocrx_word' id='word_1_390' title='bbox 3133 1963 3277 2035; x_wconf 86' lang='lat' dir='ltr'><strong>dico)</strong></span> <span class='ocrx_word' id='word_1_391' title='bbox 3312 1963 3489 2019; x_wconf 89' lang='lat' dir='ltr'><strong>audeo</strong></span> <span class='ocrx_word' id='word_1_392' title='bbox 3537 1971 3594 2018; x_wconf 90' lang='lat' dir='ltr'><strong>et</strong></span> <span class='ocrx_word' id='word_1_393' title='bbox 3662 2001 3676 2013; x_wconf 92' lang='lat'><strong>.</strong></span> 
     </span>
    </p>
   </div>
   <div class='ocr_carea' id='block_1_49' title="bbox 2000 2056 3593 2128">
    <p class='ocr_par' dir='ltr' id='par_1_49' title="bbox 2000 2056 3593 2128">
     <span class='ocr_line' id='line_1_49' title="bbox 2000 2056 3593 2128; baseline -0.003 -16"><span class='ocrx_word' id='word_1_394' title='bbox 2000 2074 2101 2128; x_wconf 85' lang='lat' dir='ltr'><strong>ego</strong></span> <span class='ocrx_word' id='word_1_395' title='bbox 2136 2076 2149 2112; x_wconf 88' lang='lat'><strong>:</strong></span> <span class='ocrx_word' id='word_1_396' title='bbox 2191 2057 2403 2113; x_wconf 63' lang='lat' dir='ltr'><strong>liebrmi</strong></span> <span class='ocrx_word' id='word_1_397' title='bbox 2434 2068 2586 2125; x_wconf 89' lang='lat' dir='ltr'><strong>sunt,</strong></span> <span class='ocrx_word' id='word_1_398' title='bbox 2622 2066 2676 2113; x_wconf 92' lang='lat' dir='ltr'><strong>et</strong></span> <span class='ocrx_word' id='word_1_399' title='bbox 2722 2072 2824 2127; x_wconf 90' lang='lat' dir='ltr'><strong>ego</strong></span> <span class='ocrx_word' id='word_1_400' title='bbox 2859 2074 2871 2110; x_wconf 90' lang='lat'>:</span> <span class='ocrx_word' id='word_1_401' title='bbox 2904 2056 3167 2111; x_wconf 68' lang='lat' dir='ltr'><strong>Israelita:</strong></span> <span class='ocrx_word' id='word_1_402' title='bbox 3187 2066 3335 2123; x_wconf 90' lang='lat' dir='ltr'><strong>sunt,</strong></span> <span class='ocrx_word' id='word_1_403' title='bbox 3360 2062 3415 2109; x_wconf 92' lang='lat' dir='ltr'><strong>et</strong></span> <span class='ocrx_word' id='word_1_404' title='bbox 3445 2069 3545 2126; x_wconf 90' lang='lat' dir='ltr'><strong>ego</strong></span> <span class='ocrx_word' id='word_1_405' title='bbox 3581 2072 3593 2107; x_wconf 78' lang='grc' dir='ltr'>ε</span> 
     </span>
    </p>
   </div>
   <div class='ocr_carea' id='block_1_50' title="bbox 2000 2148 3597 2219">
    <p class='ocr_par' dir='ltr' id='par_1_50' title="bbox 2000 2148 3597 2219">
     <span class='ocr_line' id='line_1_50' title="bbox 2000 2148 3597 2219; baseline -0.004 -13"><span class='ocrx_word' id='word_1_406' title='bbox 2000 2150 2198 2206; x_wconf 89' lang='lat' dir='ltr'><strong>Semen</strong></span> <span class='ocrx_word' id='word_1_407' title='bbox 2226 2148 2460 2204; x_wconf 71' lang='lat' dir='ltr'><strong>Abrahae</strong></span> <span class='ocrx_word' id='word_1_408' title='bbox 2490 2159 2637 2216; x_wconf 89' lang='lat' dir='ltr'><strong>sunt,</strong></span> <span class='ocrx_word' id='word_1_409' title='bbox 2664 2158 2718 2204; x_wconf 90' lang='lat' dir='ltr'><strong>et</strong></span> <span class='ocrx_word' id='word_1_410' title='bbox 2748 2164 2887 2219; x_wconf 89' lang='lat' dir='ltr'><strong>ego:</strong></span> <span class='ocrx_word' id='word_1_411' title='bbox 2920 2148 3153 2203; x_wconf 82' lang='lat' dir='ltr'><strong>Ministri</strong></span> <span class='ocrx_word' id='word_1_412' title='bbox 3198 2148 3402 2204; x_wconf 72' lang='lat' dir='ltr'><strong>Christi</strong></span> <span class='ocrx_word' id='word_1_413' title='bbox 3444 2156 3597 2214; x_wconf 81' lang='lat' dir='ltr'><strong>sunt,</strong></span> 
     </span>
    </p>
   </div>
   <div class='ocr_carea' id='block_1_51' title="bbox 2001 2241 3597 2315">
    <p class='ocr_par' dir='ltr' id='par_1_51' title="bbox 2001 2241 3597 2315">
     <span class='ocr_line' id='line_1_51' title="bbox 2001 2241 3597 2315; baseline -0.002 -16"><span class='ocrx_word' id='word_1_414' title='bbox 2001 2242 2028 2281; x_wconf 71' lang='grc' dir='ltr'><strong>ι)</strong></span> <span class='ocrx_word' id='word_1_415' title='bbox 2055 2244 2073 2315; x_wconf 96' lang='grc'>(</span> <span class='ocrx_word' id='word_1_416' title='bbox 2104 2253 2163 2299; x_wconf 93' lang='lat' dir='ltr'><strong>ut</strong></span> <span class='ocrx_word' id='word_1_417' title='bbox 2205 2243 2385 2299; x_wconf 90' lang='lat' dir='ltr'><strong>mintts</strong></span> <span class='ocrx_word' id='word_1_418' title='bbox 2435 2244 2656 2314; x_wconf 87' lang='lat' dir='ltr'><strong>sapiens</strong></span> <span class='ocrx_word' id='word_1_419' title='bbox 2706 2242 2853 2313; x_wconf 87' lang='lat' dir='ltr'><strong>dico)</strong></span> <span class='ocrx_word' id='word_1_420' title='bbox 2883 2243 3002 2313; x_wconf 89' lang='lat' dir='ltr'><strong>plus</strong></span> <span class='ocrx_word' id='word_1_421' title='bbox 3052 2257 3152 2314; x_wconf 87' lang='lat' dir='ltr'><strong>ego</strong></span> <span class='ocrx_word' id='word_1_422' title='bbox 3185 2260 3195 2295; x_wconf 93' lang='lat'><strong>:</strong></span> <span class='ocrx_word' id='word_1_423' title='bbox 3233 2242 3283 2296; x_wconf 93' lang='lat' dir='ltr'><strong>in</strong></span> <span class='ocrx_word' id='word_1_424' title='bbox 3320 2241 3597 2296; x_wconf 89' lang='lat' dir='ltr'><strong>laboribus</strong></span> 
     </span>
    </p>
   </div>
   <div class='ocr_carea' id='block_1_52' title="bbox 2006 2334 3602 2405">
    <p class='ocr_par' dir='ltr' id='par_1_52' title="bbox 2006 2334 3602 2405">
     <span class='ocr_line' id='line_1_52' title="bbox 2006 2334 3602 2405; baseline -0.001 -15"><span class='ocrx_word' id='word_1_425' title='bbox 2006 2336 2275 2405; x_wconf 89' lang='lat' dir='ltr'><strong>plurimis,</strong></span> <span class='ocrx_word' id='word_1_426' title='bbox 2308 2335 2363 2390; x_wconf 90' lang='lat' dir='ltr'><strong>in</strong></span> <span class='ocrx_word' id='word_1_427' title='bbox 2397 2336 2717 2392; x_wconf 89' lang='lat' dir='ltr'><strong>carceribus</strong></span> <span class='ocrx_word' id='word_1_428' title='bbox 2747 2335 3133 2402; x_wconf 90' lang='lat' dir='ltr'><strong>abundantius,</strong></span> <span class='ocrx_word' id='word_1_429' title='bbox 3158 2334 3208 2389; x_wconf 91' lang='lat' dir='ltr'><strong>in</strong></span> <span class='ocrx_word' id='word_1_430' title='bbox 3237 2334 3410 2405; x_wconf 85' lang='lat' dir='ltr'><strong>plagis</strong></span> <span class='ocrx_word' id='word_1_431' title='bbox 3441 2348 3602 2404; x_wconf 87' lang='lat' dir='ltr'><strong>supra</strong></span> 
     </span>
    </p>
   </div>
   <div class='ocr_carea' id='block_1_53' title="bbox 2012 2426 3594 2500">
    <p class='ocr_par' dir='ltr' id='par_1_53' title="bbox 2012 2426 3594 2500">
     <span class='ocr_line' id='line_1_53' title="bbox 2012 2426 3594 2500; baseline -0.001 -17"><span class='ocrx_word' id='word_1_432' title='bbox 2012 2432 2253 2495; x_wconf 89' lang='lat' dir='ltr'><strong>modum,</strong></span> <span class='ocrx_word' id='word_1_433' title='bbox 2276 2430 2326 2484; x_wconf 91' lang='lat' dir='ltr'><strong>in</strong></span> <span class='ocrx_word' id='word_1_434' title='bbox 2348 2429 2612 2485; x_wconf 90' lang='lat' dir='ltr'><strong>mortibus</strong></span> <span class='ocrx_word' id='word_1_435' title='bbox 2640 2429 2968 2500; x_wconf 85' lang='lat' dir='ltr'><strong>frequenter.</strong></span> <span class='ocrx_word' id='word_1_436' title='bbox 2990 2431 3030 2482; x_wconf 80' lang='grc' dir='ltr'><strong>Α</strong></span> <span class='ocrx_word' id='word_1_437' title='bbox 3055 2427 3257 2483; x_wconf 67' lang='lat' dir='ltr'><strong>Judaeis</strong></span> <span class='ocrx_word' id='word_1_438' title='bbox 3283 2426 3594 2499; x_wconf 89' lang='lat' dir='ltr'><strong>quinquies,</strong></span> 
     </span>
    </p>
   </div>
   <div class='ocr_carea' id='block_1_54' title="bbox 2004 2520 3602 2593">
    <p class='ocr_par' dir='ltr' id='par_1_54' title="bbox 2004 2520 3602 2593">
     <span class='ocr_line' id='line_1_54' title="bbox 2004 2520 3602 2593; baseline -0.003 -17"><span class='ocrx_word' id='word_1_439' title='bbox 2004 2522 2400 2593; x_wconf 84' lang='lat' dir='ltr'><strong>quadragenas,</strong></span> <span class='ocrx_word' id='word_1_440' title='bbox 2441 2537 2545 2576; x_wconf 91' lang='lat' dir='ltr'><strong>una</strong></span> <span class='ocrx_word' id='word_1_441' title='bbox 2589 2523 2787 2585; x_wconf 90' lang='lat' dir='ltr'><strong>minus,</strong></span> <span class='ocrx_word' id='word_1_442' title='bbox 2817 2523 3029 2592; x_wconf 84' lang='lat' dir='ltr'><strong>accepi.</strong></span> <span class='ocrx_word' id='word_1_443' title='bbox 3069 2521 3177 2575; x_wconf 88' lang='lat' dir='ltr'><strong>Ter</strong></span> <span class='ocrx_word' id='word_1_444' title='bbox 3214 2520 3386 2590; x_wconf 88' lang='lat' dir='ltr'><strong>virgis</strong></span> <span class='ocrx_word' id='word_1_445' title='bbox 3426 2534 3602 2574; x_wconf 70' lang='lat' dir='ltr'><strong>caesus</strong></span> 
     </span>
    </p>
   </div>
   <div class='ocr_carea' id='block_1_55' title="bbox 2007 2613 3601 2687">
    <p class='ocr_par' dir='ltr' id='par_1_55' title="bbox 2007 2613 3601 2687">
     <span class='ocr_line' id='line_1_55' title="bbox 2007 2613 3601 2687; baseline -0.003 -15"><span class='ocrx_word' id='word_1_446' title='bbox 2007 2634 2150 2684; x_wconf 73' lang='lat' dir='ltr'><strong>sum,</strong></span> <span class='ocrx_word' id='word_1_447' title='bbox 2180 2618 2348 2673; x_wconf 88' lang='lat' dir='ltr'><strong>semel</strong></span> <span class='ocrx_word' id='word_1_448' title='bbox 2375 2617 2645 2687; x_wconf 90' lang='lat' dir='ltr'><strong>lapidatus</strong></span> <span class='ocrx_word' id='word_1_449' title='bbox 2675 2631 2814 2679; x_wconf 90' lang='lat' dir='ltr'><strong>sum,</strong></span> <span class='ocrx_word' id='word_1_450' title='bbox 2849 2625 2931 2671; x_wconf 90' lang='lat' dir='ltr'><strong>ter</strong></span> <span class='ocrx_word' id='word_1_451' title='bbox 2962 2616 3303 2685; x_wconf 89' lang='lat' dir='ltr'><strong>naufragium</strong></span> <span class='ocrx_word' id='word_1_452' title='bbox 3340 2613 3441 2668; x_wconf 88' lang='lat' dir='ltr'><strong>feci</strong></span> <span class='ocrx_word' id='word_1_453' title='bbox 3472 2632 3485 2668; x_wconf 88' lang='lat'><strong>:</strong></span> <span class='ocrx_word' id='word_1_454' title='bbox 3511 2628 3601 2667; x_wconf 77' lang='lat' dir='ltr'><strong>no-</strong></span> 
     </span>
    </p>
   </div>
   <div class='ocr_carea' id='block_1_56' title="bbox 2000 2706 3597 2779">
    <p class='ocr_par' dir='ltr' id='par_1_56' title="bbox 2000 2706 3597 2779">
     <span class='ocr_line' id='line_1_56' title="bbox 2000 2706 3597 2779; baseline -0.004 -10"><span class='ocrx_word' id='word_1_455' title='bbox 2000 2721 2091 2769; x_wconf 81' lang='lat' dir='ltr'><strong>cte</strong></span> <span class='ocrx_word' id='word_1_456' title='bbox 2122 2720 2178 2766; x_wconf 87' lang='lat' dir='ltr'><strong>et</strong></span> <span class='ocrx_word' id='word_1_457' title='bbox 2203 2710 2291 2765; x_wconf 90' lang='lat' dir='ltr'><strong>die</strong></span> <span class='ocrx_word' id='word_1_458' title='bbox 2320 2711 2371 2764; x_wconf 93' lang='lat' dir='ltr'><strong>in</strong></span> <span class='ocrx_word' id='word_1_459' title='bbox 2410 2709 2679 2779; x_wconf 87' lang='lat' dir='ltr'><strong>profundo</strong></span> <span class='ocrx_word' id='word_1_460' title='bbox 2705 2709 2871 2763; x_wconf 89' lang='lat' dir='ltr'><strong>maris</strong></span> <span class='ocrx_word' id='word_1_461' title='bbox 2903 2707 3001 2777; x_wconf 88' lang='lat' dir='ltr'><strong>ftti,</strong></span> <span class='ocrx_word' id='word_1_462' title='bbox 3034 2708 3087 2762; x_wconf 93' lang='lat' dir='ltr'><strong>in</strong></span> <span class='ocrx_word' id='word_1_463' title='bbox 3120 2706 3407 2762; x_wconf 87' lang='lat' dir='ltr'><strong>itineribus</strong></span> <span class='ocrx_word' id='word_1_464' title='bbox 3430 2721 3597 2777; x_wconf 66' lang='lat' dir='ltr'><strong>saepe,</strong></span> 
     </span>
    </p>
   </div>
   <div class='ocr_carea' id='block_1_57' title="bbox 2009 2790 3606 2877">
    <p class='ocr_par' dir='ltr' id='par_1_57' title="bbox 2009 2790 3606 2877">
     <span class='ocr_line' id='line_1_57' title="bbox 2009 2790 3606 2877; baseline -0.004 -16"><span class='ocrx_word' id='word_1_465' title='bbox 2009 2806 2265 2877; x_wconf 88' lang='lat' dir='ltr'><strong>periculis</strong></span> <span class='ocrx_word' id='word_1_466' title='bbox 2295 2804 2600 2870; x_wconf 83' lang='lat' dir='ltr'><strong>ﬂuminum,</strong></span> <span class='ocrx_word' id='word_1_467' title='bbox 2631 2803 2891 2875; x_wconf 89' lang='lat' dir='ltr'><strong>periculis</strong></span> <span class='ocrx_word' id='word_1_468' title='bbox 2922 2790 3221 2869; x_wconf 89' lang='lat' dir='ltr'><strong>latronum,</strong></span> <span class='ocrx_word' id='word_1_469' title='bbox 3252 2801 3513 2873; x_wconf 87' lang='lat' dir='ltr'><strong>periculis</strong></span> <span class='ocrx_word' id='word_1_470' title='bbox 3536 2817 3606 2857; x_wconf 81' lang='lat' dir='ltr'><strong>ex</strong></span> 
     </span>
    </p>
   </div>
   <div class='ocr_carea' id='block_1_58' title="bbox 2010 2894 3604 2968">
    <p class='ocr_par' dir='ltr' id='par_1_58' title="bbox 2010 2894 3604 2968">
     <span class='ocr_line' id='line_1_58' title="bbox 2010 2894 3604 2968; baseline -0.002 -15"><span class='ocrx_word' id='word_1_471' title='bbox 2010 2914 2229 2968; x_wconf 80' lang='lat' dir='ltr'><strong>genere,</strong></span> <span class='ocrx_word' id='word_1_472' title='bbox 2266 2897 2523 2966; x_wconf 87' lang='lat' dir='ltr'><strong>periculis</strong></span> <span class='ocrx_word' id='word_1_473' title='bbox 2564 2913 2632 2952; x_wconf 85' lang='lat' dir='ltr'><strong>ex</strong></span> <span class='ocrx_word' id='word_1_474' title='bbox 2673 2896 2949 2968; x_wconf 88' lang='lat' dir='ltr'><strong>gentibus,</strong></span> <span class='ocrx_word' id='word_1_475' title='bbox 2982 2895 3240 2965; x_wconf 88' lang='lat' dir='ltr'><strong>periculis</strong></span> <span class='ocrx_word' id='word_1_476' title='bbox 3277 2894 3331 2949; x_wconf 91' lang='lat' dir='ltr'><strong>in</strong></span> <span class='ocrx_word' id='word_1_477' title='bbox 3364 2894 3604 2960; x_wconf 87' lang='lat' dir='ltr'><strong>civitate,</strong></span> 
     </span>
    </p>
   </div>
   <div class='ocr_carea' id='block_1_59' title="bbox 2017 2988 3605 3063">
    <p class='ocr_par' dir='ltr' id='par_1_59' title="bbox 2017 2988 3605 3063">
     <span class='ocr_line' id='line_1_59' title="bbox 2017 2988 3605 3063; baseline -0.003 -17"><span class='ocrx_word' id='word_1_478' title='bbox 2017 2992 2277 3063; x_wconf 85' lang='lat' dir='ltr'><strong>periculis</strong></span> <span class='ocrx_word' id='word_1_479' title='bbox 2310 2991 2359 3045; x_wconf 87' lang='lat' dir='ltr'><strong>itt</strong></span> <span class='ocrx_word' id='word_1_480' title='bbox 2402 2990 2721 3059; x_wconf 87' lang='lat' dir='ltr'><strong>solitudine,</strong></span> <span class='ocrx_word' id='word_1_481' title='bbox 2749 2990 3009 3058; x_wconf 88' lang='lat' dir='ltr'><strong>periculis</strong></span> <span class='ocrx_word' id='word_1_482' title='bbox 3055 2989 3108 3043; x_wconf 93' lang='lat' dir='ltr'><strong>in</strong></span> <span class='ocrx_word' id='word_1_483' title='bbox 3161 2988 3318 3054; x_wconf 85' lang='lat' dir='ltr'><strong>mari,</strong></span> <span class='ocrx_word' id='word_1_484' title='bbox 3346 2988 3605 3059; x_wconf 89' lang='lat' dir='ltr'><strong>periculis</strong></span> 
     </span>
    </p>
   </div>
   <div class='ocr_carea' id='block_1_60' title="bbox 2016 3082 3605 3154">
    <p class='ocr_par' dir='ltr' id='par_1_60' title="bbox 2016 3082 3605 3154">
     <span class='ocr_line' id='line_1_60' title="bbox 2016 3082 3605 3154; baseline -0.002 -12"><span class='ocrx_word' id='word_1_485' title='bbox 2016 3088 2070 3142; x_wconf 92' lang='lat' dir='ltr'><strong>in</strong></span> <span class='ocrx_word' id='word_1_486' title='bbox 2108 3087 2259 3141; x_wconf 87' lang='lat' dir='ltr'><strong>falsis</strong></span> <span class='ocrx_word' id='word_1_487' title='bbox 2291 3085 2549 3141; x_wconf 89' lang='lat' dir='ltr'><strong>fratribus</strong></span> <span class='ocrx_word' id='word_1_488' title='bbox 2583 3104 2593 3139; x_wconf 92' lang='lat'><strong>:</strong></span> <span class='ocrx_word' id='word_1_489' title='bbox 2621 3086 2673 3140; x_wconf 93' lang='lat' dir='ltr'><strong>in</strong></span> <span class='ocrx_word' id='word_1_490' title='bbox 2720 3085 2906 3140; x_wconf 89' lang='lat' dir='ltr'><strong>labore</strong></span> <span class='ocrx_word' id='word_1_491' title='bbox 2937 3093 2991 3140; x_wconf 90' lang='lat' dir='ltr'><strong>et</strong></span> <span class='ocrx_word' id='word_1_492' title='bbox 3020 3099 3288 3151; x_wconf 76' lang='lat' dir='ltr'><strong>aerumna,</strong></span> <span class='ocrx_word' id='word_1_493' title='bbox 3320 3084 3371 3139; x_wconf 92' lang='lat' dir='ltr'><strong>in</strong></span> <span class='ocrx_word' id='word_1_494' title='bbox 3399 3082 3605 3154; x_wconf 85' lang='lat' dir='ltr'><strong>vigiliis</strong></span> 
     </span>
    </p>
   </div>
   <div class='ocr_carea' id='block_1_61' title="bbox 2017 3177 3607 3249">
    <p class='ocr_par' dir='ltr' id='par_1_61' title="bbox 2017 3177 3607 3249">
     <span class='ocr_line' id='line_1_61' title="bbox 2017 3177 3607 3249; baseline -0.001 -14"><span class='ocrx_word' id='word_1_495' title='bbox 2017 3179 2223 3244; x_wconf 88' lang='lat' dir='ltr'><strong>multis,</strong></span> <span class='ocrx_word' id='word_1_496' title='bbox 2249 3181 2301 3235; x_wconf 93' lang='lat' dir='ltr'><strong>in</strong></span> <span class='ocrx_word' id='word_1_497' title='bbox 2333 3179 2475 3235; x_wconf 89' lang='lat' dir='ltr'><strong>fame</strong></span> <span class='ocrx_word' id='word_1_498' title='bbox 2499 3189 2555 3235; x_wconf 90' lang='lat' dir='ltr'><strong>et</strong></span> <span class='ocrx_word' id='word_1_499' title='bbox 2581 3180 2693 3246; x_wconf 88' lang='lat' dir='ltr'><strong>siti,</strong></span> <span class='ocrx_word' id='word_1_500' title='bbox 2730 3178 2783 3233; x_wconf 93' lang='lat' dir='ltr'><strong>in</strong></span> <span class='ocrx_word' id='word_1_501' title='bbox 2808 3178 3035 3249; x_wconf 85' lang='lat' dir='ltr'><strong>jejuniis</strong></span> <span class='ocrx_word' id='word_1_502' title='bbox 3067 3178 3271 3243; x_wconf 84' lang='lat' dir='ltr'><strong>multis,</strong></span> <span class='ocrx_word' id='word_1_503' title='bbox 3306 3178 3358 3232; x_wconf 92' lang='lat' dir='ltr'><strong>in</strong></span> <span class='ocrx_word' id='word_1_504' title='bbox 3385 3177 3607 3249; x_wconf 88' lang='lat' dir='ltr'><strong>frigore,</strong></span> 
     </span>
    </p>
   </div>
   <div class='ocr_carea' id='block_1_62' title="bbox 390 3258 1910 3349">
    <p class='ocr_par' dir='ltr' id='par_1_62' title="bbox 390 3269 1909 3344">
     <span class='ocr_line' id='line_1_62' title="bbox 390 3269 1909 3344; baseline -0.003 -18"><span class='ocrx_word' id='word_1_505' title='bbox 390 3271 543 3344; x_wconf 87' lang='lat' dir='ltr'><strong>[Cap.</strong></span> <span class='ocrx_word' id='word_1_506' title='bbox 578 3272 695 3342; x_wconf 82' lang='lat' dir='ltr'><strong>XI.)</strong></span> <span class='ocrx_word' id='word_1_507' title='bbox 736 3272 953 3328; x_wconf 80' lang='lat' dir='ltr'><strong>Utinam</strong></span> <span class='ocrx_word' id='word_1_508' title='bbox 984 3270 1325 3327; x_wconf 85' lang='lat' dir='ltr'><strong>sustitteretis</strong></span> <span class='ocrx_word' id='word_1_509' title='bbox 1360 3270 1632 3326; x_wconf 90' lang='lat' dir='ltr'><strong>modicum</strong></span> <span class='ocrx_word' id='word_1_510' title='bbox 1666 3269 1795 3339; x_wconf 88' lang='lat' dir='ltr'><strong>quid</strong></span> <span class='ocrx_word' id='word_1_511' title='bbox 1828 3270 1909 3323; x_wconf 89' lang='lat' dir='ltr'><strong>in-</strong></span> 
     </span>
    </p>
   </div>
   <div class='ocr_carea' id='block_1_63' title="bbox 2015 3258 3613 3349">
    <p class='ocr_par' dir='ltr' id='par_1_63' title="bbox 2020 3275 3613 3349">
     <span class='ocr_line' id='line_1_63' title="bbox 2020 3275 3613 3349; baseline -0.006 -14"><span class='ocrx_word' id='word_1_512' title='bbox 2020 3287 2073 3335; x_wconf 90' lang='lat' dir='ltr'><strong>et</strong></span> <span class='ocrx_word' id='word_1_513' title='bbox 2104 3278 2349 3334; x_wconf 88' lang='lat' dir='ltr'><strong>nuditate</strong></span> <span class='ocrx_word' id='word_1_514' title='bbox 2388 3288 2627 3349; x_wconf 74' lang='lat' dir='ltr'><strong>:przeter</strong></span> <span class='ocrx_word' id='word_1_515' title='bbox 2651 3275 2743 3332; x_wconf 89' lang='lat' dir='ltr'><strong>illa</strong></span> <span class='ocrx_word' id='word_1_516' title='bbox 2788 3290 2913 3346; x_wconf 67' lang='lat' dir='ltr'><strong>qua:</strong></span> <span class='ocrx_word' id='word_1_517' title='bbox 2964 3275 3307 3330; x_wconf 82' lang='lat' dir='ltr'><strong>extrinsecus</strong></span> <span class='ocrx_word' id='word_1_518' title='bbox 3355 3281 3502 3339; x_wconf 90' lang='lat' dir='ltr'><strong>sunt,</strong></span> <span class='ocrx_word' id='word_1_519' title='bbox 3530 3275 3613 3326; x_wconf 90' lang='lat' dir='ltr'><strong>in-</strong></span> 
     </span>
    </p>
   </div>
   <div class='ocr_carea' id='block_1_64' title="bbox 314 3363 1913 3435">
    <p class='ocr_par' dir='ltr' id='par_1_64' title="bbox 314 3363 1913 3435">
     <span class='ocr_line' id='line_1_64' title="bbox 314 3363 1913 3435; baseline -0.002 -16"><span class='ocrx_word' id='word_1_520' title='bbox 314 3364 587 3435; x_wconf 60' lang='lat' dir='ltr'><strong>sipientia:</strong></span> <span class='ocrx_word' id='word_1_521' title='bbox 617 3379 771 3429; x_wconf 70' lang='lat' dir='ltr'><strong>meae,</strong></span> <span class='ocrx_word' id='word_1_522' title='bbox 803 3364 897 3419; x_wconf 89' lang='lat' dir='ltr'><strong>sed</strong></span> <span class='ocrx_word' id='word_1_523' title='bbox 925 3374 979 3419; x_wconf 94' lang='lat' dir='ltr'><strong>et</strong></span> <span class='ocrx_word' id='word_1_524' title='bbox 1004 3374 1316 3434; x_wconf 89' lang='lat' dir='ltr'><strong>supportate</strong></span> <span class='ocrx_word' id='word_1_525' title='bbox 1348 3380 1467 3419; x_wconf 87' lang='lat' dir='ltr'><strong>me:</strong></span> <span class='ocrx_word' id='word_1_526' title='bbox 1494 3363 1744 3420; x_wconf 59' lang='lat' dir='ltr'><strong>zEtnulor</strong></span> <span class='ocrx_word' id='word_1_527' title='bbox 1769 3363 1913 3418; x_wconf 90' lang='lat' dir='ltr'><strong>enim</strong></span> 
     </span>
    </p>
   </div>
   <div class='ocr_carea' id='block_1_65' title="bbox 315 3456 1916 3527">
    <p class='ocr_par' dir='ltr' id='par_1_65' title="bbox 315 3456 1916 3527">
     <span class='ocr_line' id='line_1_65' title="bbox 315 3456 1916 3527; baseline 0 -16"><span class='ocrx_word' id='word_1_528' title='bbox 315 3472 419 3512; x_wconf 90' lang='lat' dir='ltr'><strong>vos</strong></span> <span class='ocrx_word' id='word_1_529' title='bbox 452 3458 548 3513; x_wconf 89' lang='lat' dir='ltr'><strong>Dei</strong></span> <span class='ocrx_word' id='word_1_530' title='bbox 592 3457 960 3513; x_wconf 64' lang='lat' dir='ltr'><strong>aemulatione.</strong></span> <span class='ocrx_word' id='word_1_531' title='bbox 1007 3457 1280 3527; x_wconf 88' lang='lat' dir='ltr'><strong>Despondi</strong></span> <span class='ocrx_word' id='word_1_532' title='bbox 1324 3458 1471 3512; x_wconf 92' lang='lat' dir='ltr'><strong>enim</strong></span> <span class='ocrx_word' id='word_1_533' title='bbox 1515 3471 1611 3511; x_wconf 88' lang='lat' dir='ltr'><strong>vos</strong></span> <span class='ocrx_word' id='word_1_534' title='bbox 1662 3456 1751 3510; x_wconf 90' lang='lat' dir='ltr'><strong>uni</strong></span> <span class='ocrx_word' id='word_1_535' title='bbox 1801 3456 1916 3511; x_wconf 89' lang='lat' dir='ltr'><strong>viro</strong></span> 
     </span>
    </p>
   </div>
   <div class='ocr_carea' id='block_1_66' title="bbox 318 3551 1914 3623">
    <p class='ocr_par' dir='ltr' id='par_1_66' title="bbox 318 3551 1914 3623">
     <span class='ocr_line' id='line_1_66' title="bbox 318 3551 1914 3623; baseline -0.001 -16"><span class='ocrx_word' id='word_1_536' title='bbox 318 3552 590 3623; x_wconf 83' lang='lat' dir='ltr'><strong>virginem</strong></span> <span class='ocrx_word' id='word_1_537' title='bbox 636 3564 839 3608; x_wconf 89' lang='lat' dir='ltr'><strong>castam</strong></span> <span class='ocrx_word' id='word_1_538' title='bbox 872 3552 1131 3608; x_wconf 85' lang='lat' dir='ltr'><strong>exhibere</strong></span> <span class='ocrx_word' id='word_1_539' title='bbox 1160 3552 1399 3608; x_wconf 90' lang='lat' dir='ltr'><strong>Christo.</strong></span> <span class='ocrx_word' id='word_1_540' title='bbox 1454 3551 1643 3608; x_wconf 89' lang='lat' dir='ltr'><strong>Timeo</strong></span> <span class='ocrx_word' id='word_1_541' title='bbox 1690 3561 1867 3609; x_wconf 87' lang='lat' dir='ltr'><strong>autem</strong></span> <span class='ocrx_word' id='word_1_542' title='bbox 1898 3594 1914 3620; x_wconf 93' lang='lat'><strong>,</strong></span> 
     </span>
    </p>
   </div>
   <div class='ocr_carea' id='block_1_67' title="bbox 319 3645 1915 3715">
    <p class='ocr_par' dir='ltr' id='par_1_67' title="bbox 319 3645 1915 3715">
     <span class='ocr_line' id='line_1_67' title="bbox 319 3645 1915 3715; baseline 0 -16"><span class='ocrx_word' id='word_1_543' title='bbox 319 3660 393 3700; x_wconf 88' lang='lat' dir='ltr'><strong>ne</strong></span> <span class='ocrx_word' id='word_1_544' title='bbox 422 3646 562 3700; x_wconf 87' lang='lat' dir='ltr'><strong>sicut</strong></span> <span class='ocrx_word' id='word_1_545' title='bbox 589 3660 812 3715; x_wconf 89' lang='lat' dir='ltr'><strong>serpens</strong></span> <span class='ocrx_word' id='word_1_546' title='bbox 861 3647 1024 3700; x_wconf 80' lang='lat' dir='ltr'><strong>Evam</strong></span> <span class='ocrx_word' id='word_1_547' title='bbox 1068 3645 1277 3700; x_wconf 80' lang='lat' dir='ltr'><strong>seduxit</strong></span> <span class='ocrx_word' id='word_1_548' title='bbox 1301 3645 1498 3701; x_wconf 89' lang='lat' dir='ltr'><strong>astutia</strong></span> <span class='ocrx_word' id='word_1_549' title='bbox 1529 3660 1624 3700; x_wconf 89' lang='lat' dir='ltr'><strong>sua</strong></span> <span class='ocrx_word' id='word_1_550' title='bbox 1646 3687 1659 3710; x_wconf 92' lang='lat'><strong>,</strong></span> <span class='ocrx_word' id='word_1_551' title='bbox 1697 3646 1767 3699; x_wconf 91' lang='lat' dir='ltr'><strong>ita</strong></span> <span class='ocrx_word' id='word_1_552' title='bbox 1792 3660 1915 3700; x_wconf 91' lang='lat' dir='ltr'><strong>cor-</strong></span> 
     </span>
    </p>
   </div>
   <div class='ocr_carea' id='block_1_68' title="bbox 322 3738 1916 3810">
    <p class='ocr_par' dir='ltr' id='par_1_68' title="bbox 322 3738 1916 3810">
     <span class='ocr_line' id='line_1_68' title="bbox 322 3738 1916 3810; baseline 0.001 -18"><span class='ocrx_word' id='word_1_553' title='bbox 322 3747 649 3810; x_wconf 87' lang='lat' dir='ltr'><strong>rumpantur</strong></span> <span class='ocrx_word' id='word_1_554' title='bbox 679 3752 871 3794; x_wconf 91' lang='lat' dir='ltr'><strong>sensus</strong></span> <span class='ocrx_word' id='word_1_555' title='bbox 899 3739 1094 3806; x_wconf 87' lang='lat' dir='ltr'><strong>vestri,</strong></span> <span class='ocrx_word' id='word_1_556' title='bbox 1124 3750 1177 3794; x_wconf 92' lang='lat' dir='ltr'><strong>et</strong></span> <span class='ocrx_word' id='word_1_557' title='bbox 1208 3738 1462 3794; x_wconf 84' lang='lat' dir='ltr'><strong>excidant</strong></span> <span class='ocrx_word' id='word_1_558' title='bbox 1488 3754 1518 3793; x_wconf 88' lang='lat' dir='ltr'><strong>a</strong></span> <span class='ocrx_word' id='word_1_559' title='bbox 1549 3738 1916 3809; x_wconf 88' lang='lat' dir='ltr'><strong>simplicitate,</strong></span> 
     </span>
    </p>
   </div>
   <div class='ocr_carea' id='block_1_69' title="bbox 329 3830 1919 3905">
    <p class='ocr_par' dir='ltr' id='par_1_69' title="bbox 329 3830 1919 3905">
     <span class='ocr_line' id='line_1_69' title="bbox 329 3830 1919 3905; baseline 0.002 -22"><span class='ocrx_word' id='word_1_560' title='bbox 329 3844 452 3899; x_wconf 72' lang='lat' dir='ltr'><strong>quae</strong></span> <span class='ocrx_word' id='word_1_561' title='bbox 508 3838 595 3886; x_wconf 89' lang='lat' dir='ltr'><strong>est</strong></span> <span class='ocrx_word' id='word_1_562' title='bbox 644 3830 696 3885; x_wconf 89' lang='lat' dir='ltr'><strong>in</strong></span> <span class='ocrx_word' id='word_1_563' title='bbox 735 3830 973 3887; x_wconf 88' lang='lat' dir='ltr'><strong>Christo.</strong></span> <span class='ocrx_word' id='word_1_564' title='bbox 1022 3831 1159 3886; x_wconf 83' lang='lat' dir='ltr'><strong>Nam</strong></span> <span class='ocrx_word' id='word_1_565' title='bbox 1207 3831 1251 3886; x_wconf 89' lang='lat' dir='ltr'><strong>si</strong></span> <span class='ocrx_word' id='word_1_566' title='bbox 1304 3832 1351 3887; x_wconf 90' lang='lat' dir='ltr'><strong>is</strong></span> <span class='ocrx_word' id='word_1_567' title='bbox 1399 3834 1487 3905; x_wconf 89' lang='lat' dir='ltr'><strong>qui</strong></span> <span class='ocrx_word' id='word_1_568' title='bbox 1537 3834 1705 3896; x_wconf 88' lang='lat' dir='ltr'><strong>venit,</strong></span> <span class='ocrx_word' id='word_1_569' title='bbox 1757 3834 1919 3887; x_wconf 89' lang='lat' dir='ltr'><strong>alium</strong></span> 
     </span>
    </p>
   </div>
   <div class='ocr_carea' id='block_1_70' title="bbox 320 3921 1919 3997">
    <p class='ocr_par' dir='ltr' id='par_1_70' title="bbox 320 3921 1919 3997">
     <span class='ocr_line' id='line_1_70' title="bbox 320 3921 1919 3997; baseline 0.001 -19"><span class='ocrx_word' id='word_1_570' title='bbox 320 3921 604 3980; x_wconf 88' lang='lat' dir='ltr'><strong>Christum</strong></span> <span class='ocrx_word' id='word_1_571' title='bbox 656 3924 966 3995; x_wconf 68' lang='lat' dir='ltr'><strong>praedicat,</strong></span> <span class='ocrx_word' id='word_1_572' title='bbox 1031 3940 1191 3996; x_wconf 90' lang='lat' dir='ltr'><strong>quem</strong></span> <span class='ocrx_word' id='word_1_573' title='bbox 1264 3941 1370 3979; x_wconf 91' lang='lat' dir='ltr'><strong>non</strong></span> <span class='ocrx_word' id='word_1_574' title='bbox 1455 3924 1919 3997; x_wconf 72' lang='lat' dir='ltr'><strong>prmdicavimus;</strong></span> 
     </span>
    </p>
   </div>
   <div class='ocr_carea' id='block_1_71' title="bbox 325 4018 1921 4090">
    <p class='ocr_par' dir='ltr' id='par_1_71' title="bbox 325 4018 1921 4090">
     <span class='ocr_line' id='line_1_71' title="bbox 325 4018 1921 4090; baseline 0 -17"><span class='ocrx_word' id='word_1_575' title='bbox 325 4026 421 4073; x_wconf 85' lang='lat' dir='ltr'><strong>aut</strong></span> <span class='ocrx_word' id='word_1_576' title='bbox 445 4018 612 4073; x_wconf 88' lang='lat' dir='ltr'><strong>alium</strong></span> <span class='ocrx_word' id='word_1_577' title='bbox 643 4018 893 4088; x_wconf 80' lang='lat' dir='ltr'><strong>Spiritum</strong></span> <span class='ocrx_word' id='word_1_578' title='bbox 927 4018 1170 4089; x_wconf 86' lang='lat' dir='ltr'><strong>accipitis</strong></span> <span class='ocrx_word' id='word_1_579' title='bbox 1192 4059 1207 4085; x_wconf 89' lang='lat'><strong>,</strong></span> <span class='ocrx_word' id='word_1_580' title='bbox 1252 4033 1413 4090; x_wconf 88' lang='lat' dir='ltr'><strong>quem</strong></span> <span class='ocrx_word' id='word_1_581' title='bbox 1445 4034 1553 4073; x_wconf 90' lang='lat' dir='ltr'><strong>non</strong></span> <span class='ocrx_word' id='word_1_582' title='bbox 1593 4019 1921 4090; x_wconf 76' lang='lat' dir='ltr'><strong>accepistis;</strong></span> 
     </span>
    </p>
   </div>
   <div class='ocr_carea' id='block_1_72' title="bbox 327 4110 1928 4183">
    <p class='ocr_par' dir='ltr' id='par_1_72' title="bbox 327 4110 1928 4183">
     <span class='ocr_line' id='line_1_72' title="bbox 327 4110 1928 4183; baseline 0.002 -18"><span class='ocrx_word' id='word_1_583' title='bbox 327 4119 423 4166; x_wconf 89' lang='lat' dir='ltr'><strong>aut</strong></span> <span class='ocrx_word' id='word_1_584' title='bbox 463 4111 613 4166; x_wconf 88' lang='lat' dir='ltr'><strong>aliud</strong></span> <span class='ocrx_word' id='word_1_585' title='bbox 646 4112 993 4182; x_wconf 88' lang='lat' dir='ltr'><strong>Evangelium</strong></span> <span class='ocrx_word' id='word_1_586' title='bbox 1024 4152 1039 4177; x_wconf 90' lang='lat'><strong>,</strong></span> <span class='ocrx_word' id='word_1_587' title='bbox 1096 4110 1240 4181; x_wconf 90' lang='lat' dir='ltr'><strong>quod</strong></span> <span class='ocrx_word' id='word_1_588' title='bbox 1271 4127 1377 4167; x_wconf 91' lang='lat' dir='ltr'><strong>non</strong></span> <span class='ocrx_word' id='word_1_589' title='bbox 1419 4112 1703 4183; x_wconf 89' lang='lat' dir='ltr'><strong>recepistis</strong></span> <span class='ocrx_word' id='word_1_590' title='bbox 1737 4129 1748 4165; x_wconf 91' lang='lat'><strong>:</strong></span> <span class='ocrx_word' id='word_1_591' title='bbox 1779 4124 1928 4168; x_wconf 90' lang='lat' dir='ltr'><strong>recte</strong></span> 
     </span>
    </p>
   </div>
   <div class='ocr_carea' id='block_1_73' title="bbox 330 4206 1924 4279">
    <p class='ocr_par' dir='ltr' id='par_1_73' title="bbox 330 4206 1924 4279">
     <span class='ocr_line' id='line_1_73' title="bbox 330 4206 1924 4279; baseline 0.002 -19"><span class='ocrx_word' id='word_1_592' title='bbox 330 4208 678 4279; x_wconf 89' lang='lat' dir='ltr'><strong>pateremiui.</strong></span> <span class='ocrx_word' id='word_1_593' title='bbox 734 4208 998 4264; x_wconf 80' lang='lat' dir='ltr'><strong>Existimo</strong></span> <span class='ocrx_word' id='word_1_594' title='bbox 1051 4206 1196 4263; x_wconf 89' lang='lat' dir='ltr'><strong>enim</strong></span> <span class='ocrx_word' id='word_1_595' title='bbox 1258 4207 1393 4263; x_wconf 91' lang='lat' dir='ltr'><strong>nihil</strong></span> <span class='ocrx_word' id='word_1_596' title='bbox 1446 4224 1533 4265; x_wconf 92' lang='lat' dir='ltr'><strong>me</strong></span> <span class='ocrx_word' id='word_1_597' title='bbox 1600 4208 1779 4263; x_wconf 85' lang='lat' dir='ltr'><strong>minus</strong></span> <span class='ocrx_word' id='word_1_598' title='bbox 1843 4208 1924 4264; x_wconf 86' lang='lat' dir='ltr'><strong>fe-</strong></span> 
     </span>
    </p>
   </div>
   <div class='ocr_carea' id='block_1_74' title="bbox 329 4299 1929 4374">
    <p class='ocr_par' dir='ltr' id='par_1_74' title="bbox 329 4299 1929 4374">
     <span class='ocr_line' id='line_1_74' title="bbox 329 4299 1929 4374; baseline 0 -18"><span class='ocrx_word' id='word_1_599' title='bbox 329 4302 474 4357; x_wconf 88' lang='lat' dir='ltr'><strong>cisse</strong></span> <span class='ocrx_word' id='word_1_600' title='bbox 505 4318 535 4356; x_wconf 92' lang='lat' dir='ltr'><strong>a</strong></span> <span class='ocrx_word' id='word_1_601' title='bbox 562 4302 770 4374; x_wconf 87' lang='lat' dir='ltr'><strong>magnis</strong></span> <span class='ocrx_word' id='word_1_602' title='bbox 797 4301 1084 4373; x_wconf 89' lang='lat' dir='ltr'><strong>apostolis.</strong></span> <span class='ocrx_word' id='word_1_603' title='bbox 1117 4299 1251 4355; x_wconf 90' lang='lat' dir='ltr'><strong>Nam</strong></span> <span class='ocrx_word' id='word_1_604' title='bbox 1273 4301 1377 4357; x_wconf 89' lang='lat' dir='ltr'><strong>etsi</strong></span> <span class='ocrx_word' id='word_1_605' title='bbox 1409 4302 1694 4370; x_wconf 90' lang='lat' dir='ltr'><strong>imperitus</strong></span> <span class='ocrx_word' id='word_1_606' title='bbox 1717 4316 1929 4363; x_wconf 84' lang='lat' dir='ltr'><strong>sermo-</strong></span> 
     </span>
    </p>
   </div>
   <div class='ocr_carea' id='block_1_75' title="bbox 335 4394 1929 4461">
    <p class='ocr_par' dir='ltr' id='par_1_75' title="bbox 335 4394 1929 4461">
     <span class='ocr_line' id='line_1_75' title="bbox 335 4394 1929 4461; baseline -0.001 -11"><span class='ocrx_word' id='word_1_607' title='bbox 335 4410 426 4461; x_wconf 89' lang='lat' dir='ltr'><strong>ne,</strong></span> <span class='ocrx_word' id='word_1_608' title='bbox 455 4395 552 4450; x_wconf 90' lang='lat' dir='ltr'><strong>sed</strong></span> <span class='ocrx_word' id='word_1_609' title='bbox 591 4411 699 4451; x_wconf 92' lang='lat' dir='ltr'><strong>non</strong></span> <span class='ocrx_word' id='word_1_610' title='bbox 743 4397 1002 4459; x_wconf 85' lang='lat' dir='ltr'><strong>scientia;</strong></span> <span class='ocrx_word' id='word_1_611' title='bbox 1032 4396 1082 4449; x_wconf 92' lang='lat' dir='ltr'><strong>in</strong></span> <span class='ocrx_word' id='word_1_612' title='bbox 1122 4395 1378 4449; x_wconf 91' lang='lat' dir='ltr'><strong>omnibus</strong></span> <span class='ocrx_word' id='word_1_613' title='bbox 1396 4404 1571 4452; x_wconf 90' lang='lat' dir='ltr'><strong>autem</strong></span> <span class='ocrx_word' id='word_1_614' title='bbox 1599 4394 1929 4449; x_wconf 89' lang='lat' dir='ltr'><strong>manifestati</strong></span> 
     </span>
    </p>
   </div>
   <div class='ocr_carea' id='block_1_76' title="bbox 335 4489 1928 4561">
    <p class='ocr_par' dir='ltr' id='par_1_76' title="bbox 335 4489 1928 4561">
     <span class='ocr_line' id='line_1_76' title="bbox 335 4489 1928 4561; baseline -0.002 -16"><span class='ocrx_word' id='word_1_615' title='bbox 335 4505 526 4547; x_wconf 89' lang='lat' dir='ltr'><strong>sumus</strong></span> <span class='ocrx_word' id='word_1_616' title='bbox 549 4491 720 4547; x_wconf 88' lang='lat' dir='ltr'><strong>vobis.</strong></span> <span class='ocrx_word' id='word_1_617' title='bbox 746 4494 852 4547; x_wconf 82' lang='lat' dir='ltr'><strong>Aut</strong></span> <span class='ocrx_word' id='word_1_618' title='bbox 882 4490 1141 4561; x_wconf 90' lang='lat' dir='ltr'><strong>numquid</strong></span> <span class='ocrx_word' id='word_1_619' title='bbox 1174 4498 1457 4561; x_wconf 91' lang='lat' dir='ltr'><strong>peccatum</strong></span> <span class='ocrx_word' id='word_1_620' title='bbox 1489 4489 1613 4557; x_wconf 88' lang='lat' dir='ltr'><strong>feci,</strong></span> <span class='ocrx_word' id='word_1_621' title='bbox 1638 4505 1724 4545; x_wconf 91' lang='lat' dir='ltr'><strong>me</strong></span> <span class='ocrx_word' id='word_1_622' title='bbox 1750 4490 1928 4559; x_wconf 89' lang='lat' dir='ltr'><strong>ipsum</strong></span> 
     </span>
    </p>
   </div>
   <div class='ocr_carea' id='block_1_77' title="bbox 337 4580 1929 4652">
    <p class='ocr_par' dir='ltr' id='par_1_77' title="bbox 337 4580 1929 4652">
     <span class='ocr_line' id='line_1_77' title="bbox 337 4580 1929 4652; baseline -0.003 -15"><span class='ocrx_word' id='word_1_623' title='bbox 337 4580 655 4651; x_wconf 86' lang='lat' dir='ltr'><strong>humilians,</strong></span> <span class='ocrx_word' id='word_1_624' title='bbox 682 4593 738 4637; x_wconf 92' lang='lat' dir='ltr'><strong>nt</strong></span> <span class='ocrx_word' id='word_1_625' title='bbox 765 4597 864 4637; x_wconf 83' lang='lat' dir='ltr'><strong>vos</strong></span> <span class='ocrx_word' id='word_1_626' title='bbox 888 4581 1203 4637; x_wconf 79' lang='lat' dir='ltr'><strong>exaltetnini</strong></span> <span class='ocrx_word' id='word_1_627' title='bbox 1225 4581 1248 4635; x_wconf 83' lang='lat'><strong>?</strong></span> <span class='ocrx_word' id='word_1_628' title='bbox 1273 4582 1530 4652; x_wconf 90' lang='lat' dir='ltr'><strong>quoniam</strong></span> <span class='ocrx_word' id='word_1_629' title='bbox 1562 4582 1730 4651; x_wconf 89' lang='lat' dir='ltr'><strong>gratis</strong></span> <span class='ocrx_word' id='word_1_630' title='bbox 1754 4582 1929 4635; x_wconf 84' lang='lat' dir='ltr'><strong>Evan-</strong></span> 
     </span>
    </p>
   </div>
   <div class='ocr_carea' id='block_1_78' title="bbox 2018 3364 3613 3439">
    <p class='ocr_par' dir='ltr' id='par_1_78' title="bbox 2018 3364 3613 3439">
     <span class='ocr_line' id='line_1_78' title="bbox 2018 3364 3613 3439; baseline -0.004 -11"><span class='ocrx_word' id='word_1_631' title='bbox 2018 3373 2218 3428; x_wconf 75' lang='lat' dir='ltr'><strong>stantia</strong></span> <span class='ocrx_word' id='word_1_632' title='bbox 2261 3386 2378 3426; x_wconf 90' lang='lat' dir='ltr'><strong>mea</strong></span> <span class='ocrx_word' id='word_1_633' title='bbox 2415 3369 2754 3439; x_wconf 88' lang='lat' dir='ltr'><strong>quotidiana,</strong></span> <span class='ocrx_word' id='word_1_634' title='bbox 2786 3367 3099 3424; x_wconf 83' lang='lat' dir='ltr'><strong>sollicitudo</strong></span> <span class='ocrx_word' id='word_1_635' title='bbox 3138 3367 3381 3423; x_wconf 91' lang='lat' dir='ltr'><strong>omnium</strong></span> <span class='ocrx_word' id='word_1_636' title='bbox 3415 3364 3613 3421; x_wconf 83' lang='lat' dir='ltr'><strong>Eccle-</strong></span> 
     </span>
    </p>
   </div>
   <div class='ocr_carea' id='block_1_79' title="bbox 2019 3458 3615 3533">
    <p class='ocr_par' dir='ltr' id='par_1_79' title="bbox 2019 3458 3615 3533">
     <span class='ocr_line' id='line_1_79' title="bbox 2019 3458 3615 3533; baseline -0.004 -13"><span class='ocrx_word' id='word_1_637' title='bbox 2019 3466 2243 3520; x_wconf 90' lang='lat' dir='ltr'><strong>siarum.</strong></span> <span class='ocrx_word' id='word_1_638' title='bbox 2278 3464 2410 3533; x_wconf 87' lang='lat' dir='ltr'><strong>Quis</strong></span> <span class='ocrx_word' id='word_1_639' title='bbox 2438 3462 2775 3527; x_wconf 86' lang='lat' dir='ltr'><strong>infirmatur,</strong></span> <span class='ocrx_word' id='word_1_640' title='bbox 2803 3472 2858 3516; x_wconf 91' lang='lat' dir='ltr'><strong>et</strong></span> <span class='ocrx_word' id='word_1_641' title='bbox 2885 3476 2989 3532; x_wconf 91' lang='lat' dir='ltr'><strong>ego</strong></span> <span class='ocrx_word' id='word_1_642' title='bbox 3037 3475 3143 3516; x_wconf 91' lang='lat' dir='ltr'><strong>non</strong></span> <span class='ocrx_word' id='word_1_643' title='bbox 3175 3459 3463 3515; x_wconf 84' lang='lat' dir='ltr'><strong>infirmor?</strong></span> <span class='ocrx_word' id='word_1_644' title='bbox 3492 3458 3615 3530; x_wconf 88' lang='lat' dir='ltr'><strong>quis</strong></span> 
     </span>
    </p>
   </div>
   <div class='ocr_carea' id='block_1_80' title="bbox 2019 3552 3614 3625">
    <p class='ocr_par' dir='ltr' id='par_1_80' title="bbox 2019 3552 3614 3625">
     <span class='ocr_line' id='line_1_80' title="bbox 2019 3552 3614 3625; baseline -0.006 -12"><span class='ocrx_word' id='word_1_645' title='bbox 2019 3556 2440 3620; x_wconf 88' lang='lat' dir='ltr'><strong>scandalizatur,</strong></span> <span class='ocrx_word' id='word_1_646' title='bbox 2469 3563 2525 3610; x_wconf 90' lang='lat' dir='ltr'><strong>et</strong></span> <span class='ocrx_word' id='word_1_647' title='bbox 2553 3570 2653 3625; x_wconf 90' lang='lat' dir='ltr'><strong>ego</strong></span> <span class='ocrx_word' id='word_1_648' title='bbox 2687 3569 2794 3609; x_wconf 92' lang='lat' dir='ltr'><strong>non</strong></span> <span class='ocrx_word' id='word_1_649' title='bbox 2829 3554 2992 3609; x_wconf 77' lang='lat' dir='ltr'><strong>uror?</strong></span> <span class='ocrx_word' id='word_1_650' title='bbox 3022 3552 3077 3608; x_wconf 91' lang='lat' dir='ltr'><strong>Si</strong></span> <span class='ocrx_word' id='word_1_651' title='bbox 3110 3552 3334 3623; x_wconf 90' lang='lat' dir='ltr'><strong>gloriari</strong></span> <span class='ocrx_word' id='word_1_652' title='bbox 3360 3558 3614 3622; x_wconf 89' lang='lat' dir='ltr'><strong>oportet;</strong></span> 
     </span>
    </p>
   </div>
   <div class='ocr_carea' id='block_1_81' title="bbox 2023 3644 3617 3721">
    <p class='ocr_par' dir='ltr' id='par_1_81' title="bbox 2023 3644 3617 3721">
     <span class='ocr_line' id='line_1_81' title="bbox 2023 3644 3617 3721; baseline -0.004 -18"><span class='ocrx_word' id='word_1_653' title='bbox 2023 3666 2144 3721; x_wconf 83' lang='lat' dir='ltr'><strong>quae</strong></span> <span class='ocrx_word' id='word_1_654' title='bbox 2168 3649 2503 3704; x_wconf 85' lang='lat' dir='ltr'><strong>infirmitatis</strong></span> <span class='ocrx_word' id='word_1_655' title='bbox 2534 3662 2669 3703; x_wconf 70' lang='lat' dir='ltr'><strong>mete</strong></span> <span class='ocrx_word' id='word_1_656' title='bbox 2701 3654 2846 3710; x_wconf 90' lang='lat' dir='ltr'><strong>sunt,</strong></span> <span class='ocrx_word' id='word_1_657' title='bbox 2879 3644 3180 3715; x_wconf 86' lang='lat' dir='ltr'><strong>gloriabor.</strong></span> <span class='ocrx_word' id='word_1_658' title='bbox 3214 3644 3359 3700; x_wconf 91' lang='lat' dir='ltr'><strong>Dens</strong></span> <span class='ocrx_word' id='word_1_659' title='bbox 3381 3651 3437 3699; x_wconf 90' lang='lat' dir='ltr'><strong>et</strong></span> <span class='ocrx_word' id='word_1_660' title='bbox 3461 3652 3617 3714; x_wconf 90' lang='lat' dir='ltr'><strong>pater</strong></span> 
     </span>
    </p>
   </div>
   <div class='ocr_carea' id='block_1_82' title="bbox 2029 3736 3614 3808">
    <p class='ocr_par' dir='ltr' id='par_1_82' title="bbox 2029 3736 3614 3808">
     <span class='ocr_line' id='line_1_82' title="bbox 2029 3736 3614 3808; baseline -0.004 -11"><span class='ocrx_word' id='word_1_661' title='bbox 2029 3741 2243 3797; x_wconf 89' lang='lat' dir='ltr'><strong>Domini</strong></span> <span class='ocrx_word' id='word_1_662' title='bbox 2286 3741 2459 3797; x_wconf 72' lang='lat' dir='ltr'><strong>noswi</strong></span> <span class='ocrx_word' id='word_1_663' title='bbox 2508 3741 2635 3797; x_wconf 89' lang='lat' dir='ltr'><strong>Jesu</strong></span> <span class='ocrx_word' id='word_1_664' title='bbox 2683 3738 3020 3808; x_wconf 89' lang='lat' dir='ltr'><strong>Christi,qui</strong></span> <span class='ocrx_word' id='word_1_665' title='bbox 3066 3746 3150 3793; x_wconf 91' lang='lat' dir='ltr'><strong>est</strong></span> <span class='ocrx_word' id='word_1_666' title='bbox 3198 3736 3519 3794; x_wconf 89' lang='lat' dir='ltr'><strong>benedictus</strong></span> <span class='ocrx_word' id='word_1_667' title='bbox 3562 3736 3614 3791; x_wconf 94' lang='lat' dir='ltr'><strong>in</strong></span> 
     </span>
    </p>
   </div>
   <div class='ocr_carea' id='block_1_83' title="bbox 2026 3829 3615 3905">
    <p class='ocr_par' dir='ltr' id='par_1_83' title="bbox 2026 3829 3615 3905">
     <span class='ocr_line' id='line_1_83' title="bbox 2026 3829 3615 3905; baseline -0.006 -13"><span class='ocrx_word' id='word_1_668' title='bbox 2026 3838 2244 3902; x_wconf 82' lang='lat' dir='ltr'><strong>saecula,</strong></span> <span class='ocrx_word' id='word_1_669' title='bbox 2269 3836 2372 3891; x_wconf 90' lang='lat' dir='ltr'><strong>scit</strong></span> <span class='ocrx_word' id='word_1_670' title='bbox 2402 3834 2545 3905; x_wconf 88' lang='lat' dir='ltr'><strong>quod</strong></span> <span class='ocrx_word' id='word_1_671' title='bbox 2575 3849 2679 3888; x_wconf 92' lang='lat' dir='ltr'><strong>non</strong></span> <span class='ocrx_word' id='word_1_672' title='bbox 2713 3831 2971 3888; x_wconf 89' lang='lat' dir='ltr'><strong>mentior.</strong></span> <span class='ocrx_word' id='word_1_673' title='bbox 3001 3831 3251 3885; x_wconf 90' lang='lat' dir='ltr'><strong>Damasci</strong></span> <span class='ocrx_word' id='word_1_674' title='bbox 3285 3829 3615 3901; x_wconf 64' lang='lat' dir='ltr'><strong>prwpositus</strong></span> 
     </span>
    </p>
   </div>
   <div class='ocr_carea' id='block_1_84' title="bbox 2024 3922 3617 4002">
    <p class='ocr_par' dir='ltr' id='par_1_84' title="bbox 2024 3922 3617 4002">
     <span class='ocr_line' id='line_1_84' title="bbox 2024 3922 3617 4002; baseline -0.006 -16"><span class='ocrx_word' id='word_1_675' title='bbox 2024 3930 2203 4002; x_wconf 91' lang='lat' dir='ltr'><strong>gentis</strong></span> <span class='ocrx_word' id='word_1_676' title='bbox 2230 3928 2410 3983; x_wconf 67' lang='lat' dir='ltr'><strong>Aretm</strong></span> <span class='ocrx_word' id='word_1_677' title='bbox 2441 3926 2607 3995; x_wconf 78' lang='lat' dir='ltr'><strong>regis,</strong></span> <span class='ocrx_word' id='word_1_678' title='bbox 2643 3923 2985 3980; x_wconf 87' lang='lat' dir='ltr'><strong>custodiebat</strong></span> <span class='ocrx_word' id='word_1_679' title='bbox 3013 3923 3286 3977; x_wconf 89' lang='lat' dir='ltr'><strong>civitatem</strong></span> <span class='ocrx_word' id='word_1_680' title='bbox 3324 3922 3617 3977; x_wconf 88' lang='lat' dir='ltr'><strong>Damasce-</strong></span> 
     </span>
    </p>
   </div>
   <div class='ocr_carea' id='block_1_85' title="bbox 2028 4014 3620 4091">
    <p class='ocr_par' dir='ltr' id='par_1_85' title="bbox 2028 4014 3620 4091">
     <span class='ocr_line' id='line_1_85' title="bbox 2028 4014 3620 4091; baseline -0.007 -10"><span class='ocrx_word' id='word_1_681' title='bbox 2028 4041 2242 4089; x_wconf 85' lang='lat' dir='ltr'><strong>norum,</strong></span> <span class='ocrx_word' id='word_1_682' title='bbox 2273 4033 2331 4078; x_wconf 93' lang='lat' dir='ltr'><strong>ut</strong></span> <span class='ocrx_word' id='word_1_683' title='bbox 2363 4038 2451 4079; x_wconf 90' lang='lat' dir='ltr'><strong>me</strong></span> <span class='ocrx_word' id='word_1_684' title='bbox 2475 4018 2967 4091; x_wconf 86' lang='lat' dir='ltr'><strong>comprehenderet</strong></span> <span class='ocrx_word' id='word_1_685' title='bbox 2999 4036 3010 4069; x_wconf 85' lang='lat'><strong>:</strong></span> <span class='ocrx_word' id='word_1_686' title='bbox 3041 4026 3096 4072; x_wconf 91' lang='lat' dir='ltr'><strong>et</strong></span> <span class='ocrx_word' id='word_1_687' title='bbox 3127 4032 3221 4087; x_wconf 89' lang='lat' dir='ltr'><strong>per</strong></span> <span class='ocrx_word' id='word_1_688' title='bbox 3250 4016 3544 4072; x_wconf 90' lang='lat' dir='ltr'><strong>fenestram</strong></span> <span class='ocrx_word' id='word_1_689' title='bbox 3566 4014 3620 4070; x_wconf 93' lang='lat' dir='ltr'><strong>in</strong></span> 
     </span>
    </p>
   </div>
   <div class='ocr_carea' id='block_1_86' title="bbox 2028 4110 3623 4190">
    <p class='ocr_par' dir='ltr' id='par_1_86' title="bbox 2028 4110 3623 4190">
     <span class='ocr_line' id='line_1_86' title="bbox 2028 4110 3623 4190; baseline -0.007 -15"><span class='ocrx_word' id='word_1_690' title='bbox 2028 4128 2215 4190; x_wconf 88' lang='lat' dir='ltr'><strong>sporta</strong></span> <span class='ocrx_word' id='word_1_691' title='bbox 2255 4118 2514 4174; x_wconf 92' lang='lat' dir='ltr'><strong>dimissus</strong></span> <span class='ocrx_word' id='word_1_692' title='bbox 2554 4131 2672 4171; x_wconf 89' lang='lat' dir='ltr'><strong>sum</strong></span> <span class='ocrx_word' id='word_1_693' title='bbox 2705 4130 2806 4185; x_wconf 89' lang='lat' dir='ltr'><strong>per</strong></span> <span class='ocrx_word' id='word_1_694' title='bbox 2848 4128 3087 4182; x_wconf 90' lang='lat' dir='ltr'><strong>murum,</strong></span> <span class='ocrx_word' id='word_1_695' title='bbox 3115 4122 3169 4167; x_wconf 92' lang='lat' dir='ltr'><strong>et</strong></span> <span class='ocrx_word' id='word_1_696' title='bbox 3210 4110 3291 4167; x_wconf 89' lang='lat' dir='ltr'><strong>sic</strong></span> <span class='ocrx_word' id='word_1_697' title='bbox 3318 4110 3477 4181; x_wconf 72' lang='lat' dir='ltr'><strong>effugi</strong></span> <span class='ocrx_word' id='word_1_698' title='bbox 3508 4124 3623 4165; x_wconf 86' lang='lat' dir='ltr'><strong>ma-</strong></span> 
     </span>
    </p>
   </div>
   <div class='ocr_carea' id='block_1_87' title="bbox 2031 4214 2295 4284">
    <p class='ocr_par' dir='ltr' id='par_1_87' title="bbox 2031 4214 2295 4284">
     <span class='ocr_line' id='line_1_87' title="bbox 2031 4214 2295 4284; baseline -0.015 -13"><span class='ocrx_word' id='word_1_699' title='bbox 2031 4230 2132 4271; x_wconf 92' lang='lat' dir='ltr'><strong>nus</strong></span> <span class='ocrx_word' id='word_1_700' title='bbox 2156 4214 2295 4284; x_wconf 84' lang='lat' dir='ltr'><strong>ejus.</strong></span> 
     </span>
    </p>
   </div>
   <div class='ocr_carea' id='block_1_88' title="bbox 2105 4294 3629 4380">
    <p class='ocr_par' dir='ltr' id='par_1_88' title="bbox 2105 4294 3629 4380">
     <span class='ocr_line' id='line_1_88' title="bbox 2105 4294 3629 4380; baseline -0.007 -19"><span class='ocrx_word' id='word_1_701' title='bbox 2105 4306 2263 4380; x_wconf 85' lang='lat' dir='ltr'><strong>|Cap.</strong></span> <span class='ocrx_word' id='word_1_702' title='bbox 2300 4304 2442 4376; x_wconf 83' lang='lat' dir='ltr'><strong>Xll.]</strong></span> <span class='ocrx_word' id='word_1_703' title='bbox 2474 4303 2532 4359; x_wconf 90' lang='lat' dir='ltr'><strong>Si</strong></span> <span class='ocrx_word' id='word_1_704' title='bbox 2560 4300 2783 4371; x_wconf 83' lang='lat' dir='ltr'><strong>gloriari</strong></span> <span class='ocrx_word' id='word_1_705' title='bbox 2832 4307 3050 4372; x_wconf 90' lang='lat' dir='ltr'><strong>oportet</strong></span> <span class='ocrx_word' id='word_1_706' title='bbox 3081 4300 3216 4371; x_wconf 91' lang='lat' dir='ltr'><strong>(non</strong></span> <span class='ocrx_word' id='word_1_707' title='bbox 3263 4296 3486 4367; x_wconf 86' lang='lat' dir='ltr'><strong>expedit</strong></span> <span class='ocrx_word' id='word_1_708' title='bbox 3510 4294 3629 4366; x_wconf 86' lang='lat' dir='ltr'><strong>qui-</strong></span> 
     </span>
    </p>
   </div>
   <div class='ocr_carea' id='block_1_89' title="bbox 2034 4391 3625 4470">
    <p class='ocr_par' dir='ltr' id='par_1_89' title="bbox 2034 4391 3625 4470">
     <span class='ocr_line' id='line_1_89' title="bbox 2034 4391 3625 4470; baseline -0.008 -13"><span class='ocrx_word' id='word_1_709' title='bbox 2034 4402 2158 4457; x_wconf 90' lang='lat' dir='ltr'><strong>dem</strong></span> <span class='ocrx_word' id='word_1_710' title='bbox 2193 4420 2203 4454; x_wconf 91' lang='lat'>:</span> <span class='ocrx_word' id='word_1_711' title='bbox 2236 4400 2493 4470; x_wconf 89' lang='lat' dir='ltr'><strong>)veniam</strong></span> <span class='ocrx_word' id='word_1_712' title='bbox 2525 4406 2707 4453; x_wconf 89' lang='lat' dir='ltr'><strong>autem</strong></span> <span class='ocrx_word' id='word_1_713' title='bbox 2759 4394 2828 4451; x_wconf 91' lang='lat' dir='ltr'><strong>ad</strong></span> <span class='ocrx_word' id='word_1_714' title='bbox 2873 4395 3117 4450; x_wconf 87' lang='lat' dir='ltr'><strong>visiones</strong></span> <span class='ocrx_word' id='word_1_715' title='bbox 3161 4402 3217 4447; x_wconf 91' lang='lat' dir='ltr'><strong>et</strong></span> <span class='ocrx_word' id='word_1_716' title='bbox 3260 4391 3625 4447; x_wconf 87' lang='lat' dir='ltr'><strong>revelationes</strong></span> 
     </span>
    </p>
   </div>
   <div class='ocr_carea' id='block_1_90' title="bbox 2039 4488 3630 4555">
    <p class='ocr_par' dir='ltr' id='par_1_90' title="bbox 2039 4488 3630 4555">
     <span class='ocr_line' id='line_1_90' title="bbox 2039 4488 3630 4555; baseline -0.007 -6"><span class='ocrx_word' id='word_1_717' title='bbox 2039 4494 2276 4549; x_wconf 79' lang='lat' dir='ltr'><strong>Domini.</strong></span> <span class='ocrx_word' id='word_1_718' title='bbox 2310 4494 2433 4549; x_wconf 90' lang='lat' dir='ltr'><strong>Scio</strong></span> <span class='ocrx_word' id='word_1_719' title='bbox 2473 4491 2747 4547; x_wconf 90' lang='lat' dir='ltr'><strong>hominem</strong></span> <span class='ocrx_word' id='word_1_720' title='bbox 2781 4490 2835 4543; x_wconf 90' lang='lat' dir='ltr'><strong>in</strong></span> <span class='ocrx_word' id='word_1_721' title='bbox 2878 4488 3100 4545; x_wconf 91' lang='lat' dir='ltr'><strong>Christo</strong></span> <span class='ocrx_word' id='word_1_722' title='bbox 3130 4495 3257 4541; x_wconf 89' lang='lat' dir='ltr'><strong>ante</strong></span> <span class='ocrx_word' id='word_1_723' title='bbox 3294 4501 3467 4541; x_wconf 89' lang='lat' dir='ltr'><strong>annos</strong></span> <span class='ocrx_word' id='word_1_724' title='bbox 3497 4500 3630 4555; x_wconf 89' lang='lat' dir='ltr'><strong>qua-</strong></span> 
     </span>
    </p>
   </div>
   <div class='ocr_carea' id='block_1_91' title="bbox 2040 4578 3614 4657">
    <p class='ocr_par' dir='ltr' id='par_1_91' title="bbox 2040 4578 3614 4657">
     <span class='ocr_line' id='line_1_91' title="bbox 2040 4578 3614 4657; baseline -0.006 -17"><span class='ocrx_word' id='word_1_725' title='bbox 2040 4586 2334 4641; x_wconf 86' lang='lat' dir='ltr'><strong>tuordecim</strong></span> <span class='ocrx_word' id='word_1_726' title='bbox 2373 4584 2514 4657; x_wconf 87' lang='lat' dir='ltr'><strong>(sive</strong></span> <span class='ocrx_word' id='word_1_727' title='bbox 2552 4583 2606 4637; x_wconf 93' lang='lat' dir='ltr'><strong>in</strong></span> <span class='ocrx_word' id='word_1_728' title='bbox 2646 4596 2874 4651; x_wconf 87' lang='lat' dir='ltr'><strong>corpore</strong></span> <span class='ocrx_word' id='word_1_729' title='bbox 2922 4579 3131 4639; x_wconf 85' lang='lat' dir='ltr'><strong>nescio.</strong></span> <span class='ocrx_word' id='word_1_730' title='bbox 3160 4578 3276 4632; x_wconf 83' lang='lat' dir='ltr'><strong>sive</strong></span> <span class='ocrx_word' id='word_1_731' title='bbox 3308 4586 3463 4632; x_wconf 81' lang='lat' dir='ltr'><strong>extra</strong></span> <span class='ocrx_word' id='word_1_732' title='bbox 3490 4590 3614 4631; x_wconf 90' lang='lat' dir='ltr'><strong>cor-</strong></span> 
     </span>
    </p>
   </div>
   <div class='ocr_carea' id='block_1_92' title="bbox 336 4648 3633 4750">
    <p class='ocr_par' dir='ltr' id='par_1_92' title="bbox 336 4648 3633 4750">
     <span class='ocr_line' id='line_1_92' title="bbox 336 4648 3633 4750; baseline -0.003 -16"><span class='ocrx_word' id='word_1_733' title='bbox 336 4678 540 4749; x_wconf 88' lang='lat' dir='ltr'><strong>gelium</strong></span> <span class='ocrx_word' id='word_1_734' title='bbox 574 4678 670 4734; x_wconf 91' lang='lat' dir='ltr'><strong>Dei</strong></span> <span class='ocrx_word' id='word_1_735' title='bbox 720 4677 1092 4749; x_wconf 84' lang='lat' dir='ltr'><strong>evangelizavi</strong></span> <span class='ocrx_word' id='word_1_736' title='bbox 1126 4676 1317 4732; x_wconf 83' lang='lat' dir='ltr'><strong>vobis?</strong></span> <span class='ocrx_word' id='word_1_737' title='bbox 1352 4676 1501 4732; x_wconf 87' lang='lat' dir='ltr'><strong>Alias</strong></span> <span class='ocrx_word' id='word_1_738' title='bbox 1546 4676 1808 4732; x_wconf 84' lang='lat' dir='ltr'><strong>ecclesias</strong></span> <span class='ocrx_word' id='word_1_739' title='bbox 1841 4690 1933 4730; x_wconf 81' lang='lat' dir='ltr'><strong>ex-</strong></span> <span class='ocrx_word' id='word_1_740' title='bbox 1961 4648 2012 4709; x_wconf 79' lang='lat' dir='ltr'><strong>D</strong></span> <span class='ocrx_word' id='word_1_741' title='bbox 2041 4694 2141 4750; x_wconf 88' lang='lat' dir='ltr'><strong>pus</strong></span> <span class='ocrx_word' id='word_1_742' title='bbox 2184 4675 2390 4741; x_wconf 85' lang='lat' dir='ltr'><strong>nescio,</strong></span> <span class='ocrx_word' id='word_1_743' title='bbox 2421 4676 2563 4731; x_wconf 89' lang='lat' dir='ltr'><strong>Deus</strong></span> <span class='ocrx_word' id='word_1_744' title='bbox 2596 4673 2732 4742; x_wconf 91' lang='lat' dir='ltr'><strong>scit)</strong></span> <span class='ocrx_word' id='word_1_745' title='bbox 2756 4683 2972 4741; x_wconf 88' lang='lat' dir='ltr'><strong>raptum</strong></span> <span class='ocrx_word' id='word_1_746' title='bbox 3011 4668 3320 4740; x_wconf 87' lang='lat' dir='ltr'><strong>ltujusmodi</strong></span> <span class='ocrx_word' id='word_1_747' title='bbox 3369 4682 3541 4739; x_wconf 90' lang='lat' dir='ltr'><strong>usque</strong></span> <span class='ocrx_word' id='word_1_748' title='bbox 3565 4666 3633 4723; x_wconf 92' lang='lat' dir='ltr'><strong>ad</strong></span> 
     </span>
    </p>
   </div>
   <div class='ocr_carea' id='block_1_93' title="bbox 340 4769 1934 4842">
    <p class='ocr_par' dir='ltr' id='par_1_93' title="bbox 340 4769 1934 4842">
     <span class='ocr_line' id='line_1_93' title="bbox 340 4769 1934 4842; baseline -0.001 -16"><span class='ocrx_word' id='word_1_749' title='bbox 340 4772 596 4841; x_wconf 89' lang='lat' dir='ltr'><strong>spoliavi,</strong></span> <span class='ocrx_word' id='word_1_750' title='bbox 630 4772 907 4842; x_wconf 89' lang='lat' dir='ltr'><strong>accipiens</strong></span> <span class='ocrx_word' id='word_1_751' title='bbox 938 4769 1273 4842; x_wconf 90' lang='lat' dir='ltr'><strong>stipendium</strong></span> <span class='ocrx_word' id='word_1_752' title='bbox 1305 4771 1371 4826; x_wconf 89' lang='lat' dir='ltr'><strong>ad</strong></span> <span class='ocrx_word' id='word_1_753' title='bbox 1420 4770 1783 4827; x_wconf 87' lang='lat' dir='ltr'><strong>ministerium</strong></span> <span class='ocrx_word' id='word_1_754' title='bbox 1819 4786 1934 4826; x_wconf 89' lang='lat' dir='ltr'><strong>ves-</strong></span> 
     </span>
    </p>
   </div>
   <div class='ocr_carea' id='block_1_94' title="bbox 343 4864 1934 4937">
    <p class='ocr_par' dir='ltr' id='par_1_94' title="bbox 343 4864 1934 4937">
     <span class='ocr_line' id='line_1_94' title="bbox 343 4864 1934 4937; baseline 0.001 -18"><span class='ocrx_word' id='word_1_755' title='bbox 343 4873 509 4920; x_wconf 90' lang='lat' dir='ltr'><strong>trum.</strong></span> <span class='ocrx_word' id='word_1_756' title='bbox 540 4866 608 4921; x_wconf 89' lang='lat' dir='ltr'><strong>Et</strong></span> <span class='ocrx_word' id='word_1_757' title='bbox 648 4881 772 4922; x_wconf 90' lang='lat' dir='ltr'><strong>cum</strong></span> <span class='ocrx_word' id='word_1_758' title='bbox 820 4881 1001 4923; x_wconf 88' lang='lat' dir='ltr'><strong>essem</strong></span> <span class='ocrx_word' id='word_1_759' title='bbox 1044 4866 1186 4937; x_wconf 89' lang='lat' dir='ltr'><strong>apud</strong></span> <span class='ocrx_word' id='word_1_760' title='bbox 1235 4879 1364 4928; x_wconf 88' lang='lat' dir='ltr'><strong>vos,</strong></span> <span class='ocrx_word' id='word_1_761' title='bbox 1399 4875 1453 4921; x_wconf 88' lang='lat' dir='ltr'><strong>et</strong></span> <span class='ocrx_word' id='word_1_762' title='bbox 1500 4880 1751 4937; x_wconf 88' lang='lat' dir='ltr'><strong>egerem;</strong></span> <span class='ocrx_word' id='word_1_763' title='bbox 1802 4864 1934 4920; x_wconf 90' lang='lat' dir='ltr'><strong>nulli</strong></span> 
     </span>
    </p>
   </div>
   <div class='ocr_carea' id='block_1_95' title="bbox 342 4958 1940 5031">
    <p class='ocr_par' dir='ltr' id='par_1_95' title="bbox 342 4958 1940 5031">
     <span class='ocr_line' id='line_1_95' title="bbox 342 4958 1940 5031; baseline 0 -17"><span class='ocrx_word' id='word_1_764' title='bbox 342 4972 611 5015; x_wconf 89' lang='lat' dir='ltr'><strong>onerosus</strong></span> <span class='ocrx_word' id='word_1_765' title='bbox 643 4959 714 5014; x_wconf 90' lang='lat' dir='ltr'><strong>fui</strong></span> <span class='ocrx_word' id='word_1_766' title='bbox 750 4976 765 5016; x_wconf 88' lang='lat'>:</span> <span class='ocrx_word' id='word_1_767' title='bbox 797 4974 921 5015; x_wconf 90' lang='lat' dir='ltr'><strong>nam</strong></span> <span class='ocrx_word' id='word_1_768' title='bbox 952 4959 1098 5031; x_wconf 92' lang='lat' dir='ltr'><strong>quod</strong></span> <span class='ocrx_word' id='word_1_769' title='bbox 1132 4959 1265 5013; x_wconf 90' lang='lat' dir='ltr'><strong>mihi</strong></span> <span class='ocrx_word' id='word_1_770' title='bbox 1298 4958 1509 5023; x_wconf 88' lang='lat' dir='ltr'><strong>deerat,</strong></span> <span class='ocrx_word' id='word_1_771' title='bbox 1547 4961 1940 5031; x_wconf 89' lang='lat' dir='ltr'><strong>suppleverunt</strong></span> 
     </span>
    </p>
   </div>
   <div class='ocr_carea' id='block_1_96' title="bbox 340 5050 1940 5124">
    <p class='ocr_par' dir='ltr' id='par_1_96' title="bbox 340 5050 1940 5124">
     <span class='ocr_line' id='line_1_96' title="bbox 340 5050 1940 5124; baseline 0.001 -18"><span class='ocrx_word' id='word_1_772' title='bbox 340 5050 565 5119; x_wconf 87' lang='lat' dir='ltr'><strong>fratres,</strong></span> <span class='ocrx_word' id='word_1_773' title='bbox 594 5053 685 5124; x_wconf 90' lang='lat' dir='ltr'><strong>qui</strong></span> <span class='ocrx_word' id='word_1_774' title='bbox 732 5063 997 5109; x_wconf 90' lang='lat' dir='ltr'><strong>venerunt</strong></span> <span class='ocrx_word' id='word_1_775' title='bbox 1024 5069 1051 5107; x_wconf 87' lang='lat' dir='ltr'><strong>a</strong></span> <span class='ocrx_word' id='word_1_776' title='bbox 1102 5052 1416 5108; x_wconf 85' lang='lat' dir='ltr'><strong>Macedonia</strong></span> <span class='ocrx_word' id='word_1_777' title='bbox 1452 5061 1545 5108; x_wconf 89' lang='lat' dir='ltr'><strong>:et</strong></span> <span class='ocrx_word' id='word_1_778' title='bbox 1591 5053 1645 5107; x_wconf 90' lang='lat' dir='ltr'><strong>in</strong></span> <span class='ocrx_word' id='word_1_779' title='bbox 1685 5052 1940 5109; x_wconf 89' lang='lat' dir='ltr'><strong>omnibus</strong></span> 
     </span>
    </p>
   </div>
   <div class='ocr_carea' id='block_1_97' title="bbox 343 5144 1938 5210">
    <p class='ocr_par' dir='ltr' id='par_1_97' title="bbox 343 5144 1938 5210">
     <span class='ocr_line' id='line_1_97' title="bbox 343 5144 1938 5210; baseline 0 -10"><span class='ocrx_word' id='word_1_780' title='bbox 343 5144 461 5201; x_wconf 85' lang='lat' dir='ltr'><strong>sine</strong></span> <span class='ocrx_word' id='word_1_781' title='bbox 488 5160 659 5202; x_wconf 89' lang='lat' dir='ltr'><strong>onere</strong></span> <span class='ocrx_word' id='word_1_782' title='bbox 690 5161 777 5203; x_wconf 93' lang='lat' dir='ltr'><strong>me</strong></span> <span class='ocrx_word' id='word_1_783' title='bbox 801 5145 957 5201; x_wconf 86' lang='lat' dir='ltr'><strong>vobis</strong></span> <span class='ocrx_word' id='word_1_784' title='bbox 986 5145 1227 5210; x_wconf 90' lang='lat' dir='ltr'><strong>servavi,</strong></span> <span class='ocrx_word' id='word_1_785' title='bbox 1251 5156 1303 5201; x_wconf 89' lang='lat' dir='ltr'><strong>et</strong></span> <span class='ocrx_word' id='word_1_786' title='bbox 1334 5145 1584 5201; x_wconf 89' lang='lat' dir='ltr'><strong>servabo.</strong></span> <span class='ocrx_word' id='word_1_787' title='bbox 1612 5145 1707 5201; x_wconf 88' lang='lat' dir='ltr'><strong>Est</strong></span> <span class='ocrx_word' id='word_1_788' title='bbox 1735 5148 1938 5202; x_wconf 88' lang='lat' dir='ltr'><strong>veritas</strong></span> 
     </span>
    </p>
   </div>
   <div class='ocr_carea' id='block_1_98' title="bbox 342 5236 1937 5311">
    <p class='ocr_par' dir='ltr' id='par_1_98' title="bbox 342 5236 1937 5311">
     <span class='ocr_line' id='line_1_98' title="bbox 342 5236 1937 5311; baseline 0.001 -17"><span class='ocrx_word' id='word_1_789' title='bbox 342 5236 546 5294; x_wconf 89' lang='lat' dir='ltr'><strong>Christi</strong></span> <span class='ocrx_word' id='word_1_790' title='bbox 579 5239 633 5295; x_wconf 88' lang='lat' dir='ltr'><strong>in</strong></span> <span class='ocrx_word' id='word_1_791' title='bbox 663 5255 771 5307; x_wconf 91' lang='lat' dir='ltr'><strong>me,</strong></span> <span class='ocrx_word' id='word_1_792' title='bbox 804 5240 1061 5311; x_wconf 90' lang='lat' dir='ltr'><strong>quoniam</strong></span> <span class='ocrx_word' id='word_1_793' title='bbox 1096 5238 1211 5294; x_wconf 60' lang='lat' dir='ltr'><strong>hac</strong></span> <span class='ocrx_word' id='word_1_794' title='bbox 1243 5238 1499 5309; x_wconf 90' lang='lat' dir='ltr'><strong>gloriatio</strong></span> <span class='ocrx_word' id='word_1_795' title='bbox 1529 5254 1637 5293; x_wconf 92' lang='lat' dir='ltr'><strong>non</strong></span> <span class='ocrx_word' id='word_1_796' title='bbox 1673 5238 1937 5309; x_wconf 82' lang='lat' dir='ltr'><strong>infringe-</strong></span> 
     </span>
    </p>
   </div>
   <div class='ocr_carea' id='block_1_99' title="bbox 346 5334 1937 5407">
    <p class='ocr_par' dir='ltr' id='par_1_99' title="bbox 346 5334 1937 5407">
     <span class='ocr_line' id='line_1_99' title="bbox 346 5334 1937 5407; baseline 0 -19"><span class='ocrx_word' id='word_1_797' title='bbox 346 5340 435 5390; x_wconf 91' lang='lat' dir='ltr'><strong>tur</strong></span> <span class='ocrx_word' id='word_1_798' title='bbox 473 5334 531 5389; x_wconf 88' lang='lat' dir='ltr'><strong>in</strong></span> <span class='ocrx_word' id='word_1_799' title='bbox 560 5349 648 5391; x_wconf 89' lang='lat' dir='ltr'><strong>me</strong></span> <span class='ocrx_word' id='word_1_800' title='bbox 699 5334 753 5390; x_wconf 91' lang='lat' dir='ltr'><strong>in</strong></span> <span class='ocrx_word' id='word_1_801' title='bbox 795 5335 1109 5407; x_wconf 87' lang='lat' dir='ltr'><strong>regionibus</strong></span> <span class='ocrx_word' id='word_1_802' title='bbox 1138 5334 1377 5390; x_wconf 62' lang='lat' dir='ltr'><strong>Achaiae.</strong></span> <span class='ocrx_word' id='word_1_803' title='bbox 1411 5335 1632 5404; x_wconf 75' lang='lat' dir='ltr'><strong>Quare?</strong></span> <span class='ocrx_word' id='word_1_804' title='bbox 1661 5336 1795 5404; x_wconf 83' lang='lat' dir='ltr'><strong>Quia</strong></span> <span class='ocrx_word' id='word_1_805' title='bbox 1830 5352 1937 5391; x_wconf 87' lang='lat' dir='ltr'><strong>non</strong></span> 
     </span>
    </p>
   </div>
   <div class='ocr_carea' id='block_1_100' title="bbox 344 5425 1945 5497">
    <p class='ocr_par' dir='ltr' id='par_1_100' title="bbox 344 5425 1945 5497">
     <span class='ocr_line' id='line_1_100' title="bbox 344 5425 1945 5497; baseline 0.001 -16"><span class='ocrx_word' id='word_1_806' title='bbox 344 5425 554 5497; x_wconf 84' lang='lat' dir='ltr'><strong>diligo?</strong></span> <span class='ocrx_word' id='word_1_807' title='bbox 589 5428 731 5483; x_wconf 87' lang='lat' dir='ltr'><strong>Deus</strong></span> <span class='ocrx_word' id='word_1_808' title='bbox 759 5429 882 5483; x_wconf 89' lang='lat' dir='ltr'><strong>scit.</strong></span> <span class='ocrx_word' id='word_1_809' title='bbox 911 5427 1067 5495; x_wconf 90' lang='lat' dir='ltr'><strong>Quod</strong></span> <span class='ocrx_word' id='word_1_810' title='bbox 1098 5431 1293 5482; x_wconf 80' lang='lat' dir='ltr'><strong>autem</strong></span> <span class='ocrx_word' id='word_1_811' title='bbox 1329 5427 1492 5495; x_wconf 88' lang='lat' dir='ltr'><strong>facio,</strong></span> <span class='ocrx_word' id='word_1_812' title='bbox 1524 5438 1579 5484; x_wconf 93' lang='lat' dir='ltr'><strong>et</strong></span> <span class='ocrx_word' id='word_1_813' title='bbox 1609 5428 1801 5483; x_wconf 87' lang='lat' dir='ltr'><strong>faciam</strong></span> <span class='ocrx_word' id='word_1_814' title='bbox 1839 5446 1851 5482; x_wconf 91' lang='lat'>:</span> <span class='ocrx_word' id='word_1_815' title='bbox 1887 5438 1945 5484; x_wconf 91' lang='lat' dir='ltr'><strong>ut</strong></span> 
     </span>
    </p>
   </div>
   <div class='ocr_carea' id='block_1_101' title="bbox 344 5522 1941 5593">
    <p class='ocr_par' dir='ltr' id='par_1_101' title="bbox 344 5522 1941 5593">
     <span class='ocr_line' id='line_1_101' title="bbox 344 5522 1941 5593; baseline 0.001 -18"><span class='ocrx_word' id='word_1_816' title='bbox 344 5530 621 5593; x_wconf 88' lang='lat' dir='ltr'><strong>amputem</strong></span> <span class='ocrx_word' id='word_1_817' title='bbox 649 5522 994 5579; x_wconf 89' lang='lat' dir='ltr'><strong>occasionem</strong></span> <span class='ocrx_word' id='word_1_818' title='bbox 1015 5522 1333 5592; x_wconf 91' lang='lat' dir='ltr'><strong>eorum,qui</strong></span> <span class='ocrx_word' id='word_1_819' title='bbox 1362 5524 1551 5577; x_wconf 90' lang='lat' dir='ltr'><strong>volunt</strong></span> <span class='ocrx_word' id='word_1_820' title='bbox 1575 5523 1941 5590; x_wconf 90' lang='lat' dir='ltr'><strong>occasionem,</strong></span> 
     </span>
    </p>
   </div>
   <div class='ocr_carea' id='block_1_102' title="bbox 348 5615 1941 5689">
    <p class='ocr_par' dir='ltr' id='par_1_102' title="bbox 348 5615 1941 5689">
     <span class='ocr_line' id='line_1_102' title="bbox 348 5615 1941 5689; baseline 0.003 -20"><span class='ocrx_word' id='word_1_821' title='bbox 348 5625 403 5671; x_wconf 90' lang='lat' dir='ltr'><strong>ut</strong></span> <span class='ocrx_word' id='word_1_822' title='bbox 426 5616 480 5672; x_wconf 92' lang='lat' dir='ltr'><strong>in</strong></span> <span class='ocrx_word' id='word_1_823' title='bbox 520 5630 629 5689; x_wconf 91' lang='lat' dir='ltr'><strong>quo</strong></span> <span class='ocrx_word' id='word_1_824' title='bbox 658 5617 985 5687; x_wconf 90' lang='lat' dir='ltr'><strong>gloriantur,</strong></span> <span class='ocrx_word' id='word_1_825' title='bbox 1019 5616 1373 5671; x_wconf 89' lang='lat' dir='ltr'><strong>inveniantur</strong></span> <span class='ocrx_word' id='word_1_826' title='bbox 1390 5615 1533 5672; x_wconf 88' lang='lat' dir='ltr'><strong>sicut</strong></span> <span class='ocrx_word' id='word_1_827' title='bbox 1562 5626 1615 5673; x_wconf 90' lang='lat' dir='ltr'><strong>et</strong></span> <span class='ocrx_word' id='word_1_828' title='bbox 1647 5631 1772 5673; x_wconf 91' lang='lat' dir='ltr'><strong>nos.</strong></span> <span class='ocrx_word' id='word_1_829' title='bbox 1806 5616 1941 5673; x_wconf 88' lang='lat' dir='ltr'><strong>Nam</strong></span> 
     </span>
    </p>
   </div>
   <div class='ocr_carea' id='block_1_103' title="bbox 360 5821 1941 5957">
    <p class='ocr_par' dir='ltr' id='par_1_103' title="bbox 360 5821 1941 5957">
     <span class='ocr_line' id='line_1_103' title="bbox 360 5821 1941 5957; baseline 0 -75"><span class='ocrx_word' id='word_1_830' title='bbox 360 5897 408 5957; x_wconf 33' lang='grc' dir='ltr'><strong>δ’</strong></span> <span class='ocrx_word' id='word_1_831' title='bbox 429 5835 453 5862; x_wconf 76' lang='grc' dir='ltr'><strong>τι</strong></span> <span class='ocrx_word' id='word_1_832' title='bbox 475 5825 613 5909; x_wconf 80' lang='lat' dir='ltr'><strong>Cum</strong></span> <span class='ocrx_word' id='word_1_833' title='bbox 608 5824 833 5953; x_wconf 59' lang='lat' dir='ltr'><strong>“Cresco</strong></span> <span class='ocrx_word' id='word_1_834' title='bbox 871 5830 1023 5881; x_wconf 82' lang='lat' dir='ltr'><strong>textu</strong></span> <span class='ocrx_word' id='word_1_835' title='bbox 1055 5832 1199 5881; x_wconf 89' lang='lat' dir='ltr'><strong>tacet</strong></span> <span class='ocrx_word' id='word_1_836' title='bbox 1226 5824 1280 5880; x_wconf 94' lang='lat' dir='ltr'><strong>in</strong></span> <span class='ocrx_word' id='word_1_837' title='bbox 1311 5821 1557 5881; x_wconf 89' lang='lat' dir='ltr'><strong>Palatino</strong></span> <span class='ocrx_word' id='word_1_838' title='bbox 1608 5840 1709 5883; x_wconf 86' lang='lat' dir='ltr'><strong>nis.</strong></span> <span class='ocrx_word' id='word_1_839' title='bbox 1745 5826 1941 5883; x_wconf 88' lang='lat' dir='ltr'><strong>adver-</strong></span> 
     </span>
     <span class='ocr_line' id='line_1_104' title="bbox 397 5913 685 5955; baseline -0.003 -1"><span class='ocrx_word' id='word_1_840' title='bbox 397 5913 607 5955; x_wconf 72' lang='grc' dir='ltr'><strong>ιυωσδις</strong></span> <span class='ocrx_word' id='word_1_841' title='bbox 671 5937 685 5953; x_wconf 78' lang='grc' dir='ltr'><strong>ο</strong></span> 
     </span>
    </p>
   </div>
   <div class='ocr_carea' id='block_1_104' title="bbox 397 5913 685 5955">
    <p class='ocr_par' dir='ltr' id='par_1_104' title="bbox 397 5913 685 5955">
     <span class='ocr_line' id='line_1_105' title="bbox 397 5913 685 5955; baseline -0.003 -1"><span class='ocrx_word' id='word_1_842' title='bbox 397 5913 685 5955; x_wconf 72' lang='grc' dir='ltr'><strong>ιυωσδιςαι.</strong></span> 
     </span>
    </p>
   </div>
   <div class='ocr_carea' id='block_1_105' title="bbox 2042 4761 3637 4835">
    <p class='ocr_par' dir='ltr' id='par_1_105' title="bbox 2042 4761 3637 4835">
     <span class='ocr_line' id='line_1_106' title="bbox 2042 4761 3637 4835; baseline -0.007 -7"><span class='ocrx_word' id='word_1_843' title='bbox 2042 4772 2261 4828; x_wconf 86' lang='lat' dir='ltr'><strong>tertium</strong></span> <span class='ocrx_word' id='word_1_844' title='bbox 2295 4768 2514 4825; x_wconf 76' lang='lat' dir='ltr'><strong>ctelum.</strong></span> <span class='ocrx_word' id='word_1_845' title='bbox 2548 4768 2613 4822; x_wconf 88' lang='lat' dir='ltr'><strong>Et</strong></span> <span class='ocrx_word' id='word_1_846' title='bbox 2653 4765 2767 4821; x_wconf 92' lang='lat' dir='ltr'><strong>seio</strong></span> <span class='ocrx_word' id='word_1_847' title='bbox 2820 4762 3130 4835; x_wconf 89' lang='lat' dir='ltr'><strong>hnjusmodi</strong></span> <span class='ocrx_word' id='word_1_848' title='bbox 3182 4762 3459 4817; x_wconf 89' lang='lat' dir='ltr'><strong>hominem</strong></span> <span class='ocrx_word' id='word_1_849' title='bbox 3497 4761 3637 4835; x_wconf 89' lang='lat' dir='ltr'><strong>(sive</strong></span> 
     </span>
    </p>
   </div>
   <div class='ocr_carea' id='block_1_106' title="bbox 2043 4854 3639 4934">
    <p class='ocr_par' dir='ltr' id='par_1_106' title="bbox 2043 4854 3639 4934">
     <span class='ocr_line' id='line_1_107' title="bbox 2043 4854 3639 4934; baseline -0.008 -14"><span class='ocrx_word' id='word_1_850' title='bbox 2043 4866 2095 4920; x_wconf 88' lang='lat' dir='ltr'><strong>io</strong></span> <span class='ocrx_word' id='word_1_851' title='bbox 2146 4878 2397 4934; x_wconf 90' lang='lat' dir='ltr'><strong>corpore,</strong></span> <span class='ocrx_word' id='word_1_852' title='bbox 2427 4861 2544 4917; x_wconf 90' lang='lat' dir='ltr'><strong>sive</strong></span> <span class='ocrx_word' id='word_1_853' title='bbox 2598 4871 2750 4915; x_wconf 80' lang='lat' dir='ltr'><strong>extra</strong></span> <span class='ocrx_word' id='word_1_854' title='bbox 2800 4872 3034 4928; x_wconf 91' lang='lat' dir='ltr'><strong>corpus,</strong></span> <span class='ocrx_word' id='word_1_855' title='bbox 3068 4857 3279 4921; x_wconf 90' lang='lat' dir='ltr'><strong>nescio,</strong></span> <span class='ocrx_word' id='word_1_856' title='bbox 3309 4855 3456 4911; x_wconf 92' lang='lat' dir='ltr'><strong>Deus</strong></span> <span class='ocrx_word' id='word_1_857' title='bbox 3512 4854 3639 4925; x_wconf 92' lang='lat' dir='ltr'><strong>scit)</strong></span> 
     </span>
    </p>
   </div>
   <div class='ocr_carea' id='block_1_107' title="bbox 2042 4947 3639 5028">
    <p class='ocr_par' dir='ltr' id='par_1_107' title="bbox 2042 4947 3639 5028">
     <span class='ocr_line' id='line_1_108' title="bbox 2042 4947 3639 5028; baseline -0.008 -16"><span class='ocrx_word' id='word_1_858' title='bbox 2042 4957 2298 5028; x_wconf 88' lang='lat' dir='ltr'><strong>quoniam</strong></span> <span class='ocrx_word' id='word_1_859' title='bbox 2332 4964 2517 5026; x_wconf 89' lang='lat' dir='ltr'><strong>raptus</strong></span> <span class='ocrx_word' id='word_1_860' title='bbox 2548 4964 2633 5009; x_wconf 92' lang='lat' dir='ltr'><strong>est</strong></span> <span class='ocrx_word' id='word_1_861' title='bbox 2662 4952 2715 5007; x_wconf 92' lang='lat' dir='ltr'><strong>in</strong></span> <span class='ocrx_word' id='word_1_862' title='bbox 2749 4951 3058 5021; x_wconf 89' lang='lat' dir='ltr'><strong>paradisum</strong></span> <span class='ocrx_word' id='word_1_863' title='bbox 3088 4960 3180 5006; x_wconf 88' lang='lat' dir='ltr'><strong>:et</strong></span> <span class='ocrx_word' id='word_1_864' title='bbox 3203 4947 3411 5005; x_wconf 88' lang='lat' dir='ltr'><strong>audivit</strong></span> <span class='ocrx_word' id='word_1_865' title='bbox 3441 4962 3639 5002; x_wconf 89' lang='lat' dir='ltr'><strong>arcana</strong></span> 
     </span>
    </p>
   </div>
   <div class='ocr_carea' id='block_1_108' title="bbox 2043 5038 3638 5119">
    <p class='ocr_par' dir='ltr' id='par_1_108' title="bbox 2043 5038 3638 5119">
     <span class='ocr_line' id='line_1_109' title="bbox 2043 5038 3638 5119; baseline -0.008 -13"><span class='ocrx_word' id='word_1_866' title='bbox 2043 5050 2234 5113; x_wconf 88' lang='lat' dir='ltr'><strong>verba,</strong></span> <span class='ocrx_word' id='word_1_867' title='bbox 2264 5062 2387 5119; x_wconf 83' lang='lat' dir='ltr'><strong>quae</strong></span> <span class='ocrx_word' id='word_1_868' title='bbox 2423 5062 2531 5101; x_wconf 92' lang='lat' dir='ltr'><strong>non</strong></span> <span class='ocrx_word' id='word_1_869' title='bbox 2560 5046 2686 5101; x_wconf 89' lang='lat' dir='ltr'><strong>licet</strong></span> <span class='ocrx_word' id='word_1_870' title='bbox 2717 5044 2922 5099; x_wconf 89' lang='lat' dir='ltr'><strong>homini</strong></span> <span class='ocrx_word' id='word_1_871' title='bbox 2970 5042 3138 5113; x_wconf 89' lang='lat' dir='ltr'><strong>loqui.</strong></span> <span class='ocrx_word' id='word_1_872' title='bbox 3188 5041 3293 5096; x_wconf 88' lang='lat' dir='ltr'><strong>Pro</strong></span> <span class='ocrx_word' id='word_1_873' title='bbox 3325 5038 3638 5111; x_wconf 86' lang='lat' dir='ltr'><strong>hnjusmodi</strong></span> 
     </span>
    </p>
   </div>
   <div class='ocr_carea' id='block_1_109' title="bbox 2041 5133 3632 5215">
    <p class='ocr_par' dir='ltr' id='par_1_109' title="bbox 2041 5133 3632 5215">
     <span class='ocr_line' id='line_1_110' title="bbox 2041 5133 3632 5215; baseline -0.006 -17"><span class='ocrx_word' id='word_1_874' title='bbox 2041 5144 2318 5215; x_wconf 76' lang='lat' dir='ltr'><strong>gloriabor</strong></span> <span class='ocrx_word' id='word_1_875' title='bbox 2348 5158 2360 5194; x_wconf 90' lang='lat'><strong>:</strong></span> <span class='ocrx_word' id='word_1_876' title='bbox 2398 5157 2497 5212; x_wconf 93' lang='lat' dir='ltr'><strong>pro</strong></span> <span class='ocrx_word' id='word_1_877' title='bbox 2526 5154 2613 5195; x_wconf 92' lang='lat' dir='ltr'><strong>me</strong></span> <span class='ocrx_word' id='word_1_878' title='bbox 2640 5147 2822 5193; x_wconf 90' lang='lat' dir='ltr'><strong>autem</strong></span> <span class='ocrx_word' id='word_1_879' title='bbox 2857 5136 2995 5193; x_wconf 90' lang='lat' dir='ltr'><strong>nihil</strong></span> <span class='ocrx_word' id='word_1_880' title='bbox 3019 5134 3294 5207; x_wconf 89' lang='lat' dir='ltr'><strong>gloriabor</strong></span> <span class='ocrx_word' id='word_1_881' title='bbox 3326 5134 3431 5189; x_wconf 88' lang='lat' dir='ltr'><strong>nisi</strong></span> <span class='ocrx_word' id='word_1_882' title='bbox 3462 5135 3515 5187; x_wconf 90' lang='lat' dir='ltr'><strong>in</strong></span> <span class='ocrx_word' id='word_1_883' title='bbox 3548 5133 3632 5188; x_wconf 92' lang='lat' dir='ltr'><strong>in-</strong></span> 
     </span>
    </p>
   </div>
   <div class='ocr_carea' id='block_1_110' title="bbox 2046 5227 3642 5300">
    <p class='ocr_par' dir='ltr' id='par_1_110' title="bbox 2046 5227 3642 5300">
     <span class='ocr_line' id='line_1_111' title="bbox 2046 5227 3642 5300; baseline -0.009 -4"><span class='ocrx_word' id='word_1_884' title='bbox 2046 5237 2396 5295; x_wconf 89' lang='lat' dir='ltr'><strong>firmitatibus</strong></span> <span class='ocrx_word' id='word_1_885' title='bbox 2429 5234 2584 5291; x_wconf 91' lang='lat' dir='ltr'><strong>meis.</strong></span> <span class='ocrx_word' id='word_1_886' title='bbox 2616 5233 2774 5297; x_wconf 85' lang='lat' dir='ltr'><strong>Nam,</strong></span> <span class='ocrx_word' id='word_1_887' title='bbox 2818 5239 2876 5288; x_wconf 89' lang='lat' dir='ltr'><strong>et</strong></span> <span class='ocrx_word' id='word_1_888' title='bbox 2924 5232 2967 5286; x_wconf 93' lang='lat' dir='ltr'><strong>si</strong></span> <span class='ocrx_word' id='word_1_889' title='bbox 2996 5229 3226 5285; x_wconf 89' lang='lat' dir='ltr'><strong>voluero</strong></span> <span class='ocrx_word' id='word_1_890' title='bbox 3256 5227 3500 5300; x_wconf 92' lang='lat' dir='ltr'><strong>gloriari,</strong></span> <span class='ocrx_word' id='word_1_891' title='bbox 3534 5241 3642 5282; x_wconf 91' lang='lat' dir='ltr'><strong>non</strong></span> 
     </span>
    </p>
   </div>
   <div class='ocr_carea' id='block_1_111' title="bbox 2045 5322 3642 5401">
    <p class='ocr_par' dir='ltr' id='par_1_111' title="bbox 2045 5322 3642 5401">
     <span class='ocr_line' id='line_1_112' title="bbox 2045 5322 3642 5401; baseline -0.009 -12"><span class='ocrx_word' id='word_1_892' title='bbox 2045 5348 2139 5389; x_wconf 92' lang='lat' dir='ltr'><strong>ero</strong></span> <span class='ocrx_word' id='word_1_893' title='bbox 2172 5332 2441 5401; x_wconf 89' lang='lat' dir='ltr'><strong>insipiens</strong></span> <span class='ocrx_word' id='word_1_894' title='bbox 2470 5346 2482 5382; x_wconf 88' lang='lat'>:</span> <span class='ocrx_word' id='word_1_895' title='bbox 2512 5326 2965 5383; x_wconf 89' lang='lat' dir='ltr'><strong>veritatemenim</strong></span> <span class='ocrx_word' id='word_1_896' title='bbox 2996 5322 3171 5377; x_wconf 90' lang='lat' dir='ltr'><strong>dicam</strong></span> <span class='ocrx_word' id='word_1_897' title='bbox 3209 5339 3222 5376; x_wconf 85' lang='lat'><strong>:</strong></span> <span class='ocrx_word' id='word_1_898' title='bbox 3252 5336 3415 5391; x_wconf 90' lang='lat' dir='ltr'><strong>parco</strong></span> <span class='ocrx_word' id='word_1_899' title='bbox 3438 5330 3642 5386; x_wconf 90' lang='lat' dir='ltr'><strong>autem,</strong></span> 
     </span>
    </p>
   </div>
   <div class='ocr_carea' id='block_1_112' title="bbox 2048 5414 3648 5498">
    <p class='ocr_par' dir='ltr' id='par_1_112' title="bbox 2048 5414 3648 5498">
     <span class='ocr_line' id='line_1_113' title="bbox 2048 5414 3648 5498; baseline -0.009 -15"><span class='ocrx_word' id='word_1_900' title='bbox 2048 5443 2116 5483; x_wconf 92' lang='lat' dir='ltr'><strong>ne</strong></span> <span class='ocrx_word' id='word_1_901' title='bbox 2144 5427 2268 5498; x_wconf 88' lang='lat' dir='ltr'><strong>quis</strong></span> <span class='ocrx_word' id='word_1_902' title='bbox 2295 5438 2382 5481; x_wconf 91' lang='lat' dir='ltr'><strong>me</strong></span> <span class='ocrx_word' id='word_1_903' title='bbox 2405 5421 2677 5478; x_wconf 83' lang='lat' dir='ltr'><strong>existimet</strong></span> <span class='ocrx_word' id='word_1_904' title='bbox 2706 5433 2871 5490; x_wconf 87' lang='lat' dir='ltr'><strong>supra</strong></span> <span class='ocrx_word' id='word_1_905' title='bbox 2899 5416 2952 5472; x_wconf 90' lang='lat' dir='ltr'><strong>id</strong></span> <span class='ocrx_word' id='word_1_906' title='bbox 2983 5415 3131 5489; x_wconf 91' lang='lat' dir='ltr'><strong>quod</strong></span> <span class='ocrx_word' id='word_1_907' title='bbox 3164 5414 3310 5470; x_wconf 86' lang='lat' dir='ltr'><strong>videt</strong></span> <span class='ocrx_word' id='word_1_908' title='bbox 3337 5414 3389 5469; x_wconf 93' lang='lat' dir='ltr'><strong>in</strong></span> <span class='ocrx_word' id='word_1_909' title='bbox 3412 5428 3520 5481; x_wconf 90' lang='lat' dir='ltr'><strong>me,</strong></span> <span class='ocrx_word' id='word_1_910' title='bbox 3552 5421 3648 5469; x_wconf 86' lang='lat' dir='ltr'><strong>aut</strong></span> 
     </span>
    </p>
   </div>
   <div class='ocr_carea' id='block_1_113' title="bbox 2050 5507 3644 5590">
    <p class='ocr_par' dir='ltr' id='par_1_113' title="bbox 2050 5507 3644 5590">
     <span class='ocr_line' id='line_1_114' title="bbox 2050 5507 3644 5590; baseline -0.008 -15"><span class='ocrx_word' id='word_1_911' title='bbox 2050 5519 2251 5590; x_wconf 87' lang='lat' dir='ltr'><strong>aliquid</strong></span> <span class='ocrx_word' id='word_1_912' title='bbox 2286 5517 2436 5572; x_wconf 91' lang='lat' dir='ltr'><strong>audit</strong></span> <span class='ocrx_word' id='word_1_913' title='bbox 2473 5532 2541 5572; x_wconf 87' lang='lat' dir='ltr'><strong>ex</strong></span> <span class='ocrx_word' id='word_1_914' title='bbox 2569 5530 2677 5569; x_wconf 89' lang='lat' dir='ltr'><strong>me.</strong></span> <span class='ocrx_word' id='word_1_915' title='bbox 2712 5513 2781 5569; x_wconf 89' lang='lat' dir='ltr'><strong>Et</strong></span> <span class='ocrx_word' id='word_1_916' title='bbox 2807 5527 2875 5567; x_wconf 90' lang='lat' dir='ltr'><strong>ne</strong></span> <span class='ocrx_word' id='word_1_917' title='bbox 2904 5509 3223 5582; x_wconf 86' lang='lat' dir='ltr'><strong>magnitudo</strong></span> <span class='ocrx_word' id='word_1_918' title='bbox 3251 5507 3644 5565; x_wconf 88' lang='lat' dir='ltr'><strong>revelationum</strong></span> 
     </span>
    </p>
   </div>
   <div class='ocr_carea' id='block_1_114' title="bbox 2050 5602 3650 5681">
    <p class='ocr_par' dir='ltr' id='par_1_114' title="bbox 2050 5602 3650 5681">
     <span class='ocr_line' id='line_1_115' title="bbox 2050 5602 3650 5681; baseline -0.008 -9"><span class='ocrx_word' id='word_1_919' title='bbox 2050 5615 2277 5673; x_wconf 81' lang='lat' dir='ltr'><strong>extollat</strong></span> <span class='ocrx_word' id='word_1_920' title='bbox 2324 5627 2434 5681; x_wconf 90' lang='lat' dir='ltr'><strong>me,</strong></span> <span class='ocrx_word' id='word_1_921' title='bbox 2468 5610 2629 5666; x_wconf 90' lang='lat' dir='ltr'><strong>datus</strong></span> <span class='ocrx_word' id='word_1_922' title='bbox 2677 5618 2763 5666; x_wconf 90' lang='lat' dir='ltr'><strong>est</strong></span> <span class='ocrx_word' id='word_1_923' title='bbox 2794 5605 2928 5664; x_wconf 89' lang='lat' dir='ltr'><strong>mihi</strong></span> <span class='ocrx_word' id='word_1_924' title='bbox 2976 5605 3233 5664; x_wconf 88' lang='lat' dir='ltr'><strong>stimulus</strong></span> <span class='ocrx_word' id='word_1_925' title='bbox 3282 5602 3466 5661; x_wconf 90' lang='lat' dir='ltr'><strong>carnis</strong></span> <span class='ocrx_word' id='word_1_926' title='bbox 3512 5615 3650 5659; x_wconf 66' lang='lat' dir='ltr'><strong>mea</strong></span> 
     </span>
    </p>
   </div>
   <div class='ocr_carea' id='block_1_115' title="bbox 2124 5807 3651 5886">
    <p class='ocr_par' dir='ltr' id='par_1_115' title="bbox 2124 5807 3651 5886">
     <span class='ocr_line' id='line_1_116' title="bbox 2124 5807 3651 5886; baseline -0.009 -7"><span class='ocrx_word' id='word_1_927' title='bbox 2124 5819 2152 5860; x_wconf 70' lang='grc' dir='ltr'><strong>ι)</strong></span> <span class='ocrx_word' id='word_1_928' title='bbox 2172 5818 2342 5879; x_wconf 84' lang='lat' dir='ltr'><strong>Addit</strong></span> <span class='ocrx_word' id='word_1_929' title='bbox 2368 5815 2643 5873; x_wconf 84' lang='lat' dir='ltr'><strong>Palatinus</strong></span> <span class='ocrx_word' id='word_1_930' title='bbox 2666 5829 2770 5871; x_wconf 91' lang='lat' dir='ltr'><strong>ms.</strong></span> <span class='ocrx_word' id='word_1_931' title='bbox 2794 5813 3037 5872; x_wconf 90' lang='lat' dir='ltr'><strong>isocolon</strong></span> <span class='ocrx_word' id='word_1_932' title='bbox 3054 5822 3100 5871; x_wconf 81' lang='lat' dir='ltr'><strong>et</strong></span> <span class='ocrx_word' id='word_1_933' title='bbox 3115 5808 3390 5886; x_wconf 84' lang='lat' dir='ltr'><strong>ego,quod</strong></span> <span class='ocrx_word' id='word_1_934' title='bbox 3413 5808 3470 5868; x_wconf 89' lang='lat' dir='ltr'><strong>in</strong></span> <span class='ocrx_word' id='word_1_935' title='bbox 3492 5807 3651 5867; x_wconf 78' lang='lat' dir='ltr'><strong>Cra:-</strong></span> 
     </span>
    </p>
   </div>
   <div class='ocr_carea' id='block_1_116' title="bbox 2063 5886 2955 5967">
    <p class='ocr_par' dir='ltr' id='par_1_116' title="bbox 2063 5886 2955 5967">
     <span class='ocr_line' id='line_1_117' title="bbox 2063 5886 2955 5967; baseline -0.011 -15"><span class='ocrx_word' id='word_1_936' title='bbox 2063 5908 2130 5952; x_wconf 90' lang='lat' dir='ltr'><strong>co</strong></span> <span class='ocrx_word' id='word_1_937' title='bbox 2156 5892 2377 5967; x_wconf 85' lang='lat' dir='ltr'><strong>quidem</strong></span> <span class='ocrx_word' id='word_1_938' title='bbox 2394 5898 2550 5948; x_wconf 86' lang='lat' dir='ltr'><strong>textu</strong></span> <span class='ocrx_word' id='word_1_939' title='bbox 2570 5902 2681 5947; x_wconf 91' lang='lat' dir='ltr'><strong>non</strong></span> <span class='ocrx_word' id='word_1_940' title='bbox 2709 5886 2955 5947; x_wconf 86' lang='lat' dir='ltr'><strong>habetur.</strong></span> 
     </span>
    </p>
   </div>
  </div>
