4128 6330
487 333 590 393 ΊΗ

1495 322 1555 382 8.
1597 318 1988 382 HIERONYMI
2024 317 2262 380 DIVINA
2299 315 2775 377 BIBLIOTIIECA.

3685 305 3785 374 πε

489 450 712 521 angelus
749 446 988 515 Satanm,
1025 455 1053 486 ι
1081 444 1169 516 qui
1204 459 1289 501 me
1319 443 1642 516 colaphizet.
1680 445 1911 514 Propter
1942 439 2082 510 quod
2120 452 2166 510 Α
2205 439 2444 494 humiliet
2474 454 2557 492 me
2591 437 2734 490 Deus
2763 430 2906 504 apud
2938 441 3065 492 vos;
3092 423 3378 497 etlugealn
3400 421 3604 480 multos
3627 437 3691 521 es
3717 424 3782 480 iis

491 519 582 599 teri
603 542 892 598 Dominum
925 540 1139 612 rogavi,
1183 547 1245 594 ut
1279 538 1585 594 discederet
1634 553 1665 591 a
1705 553 1791 592 me
1821 553 1838 592 ς
1864 544 1920 591 et
1955 534 2090 589 dixit
2191 535 2282 604 qui
2316 539 2443 586 ante
2485 537 2879 601 peccaverunt,
2911 533 2967 582 et
3004 531 3112 579 neu
3151 529 3378 591 egerunt
3411 519 3786 592 pmnitcntiam

492 634 625 692 mliti
658 652 676 694 ;
704 633 918 689 Sufﬁcit
960 633 1058 687 tibi
1086 631 1262 702 gratia
1295 645 1416 687 mea
1453 647 1467 685 :
1499 645 1620 684 nam
1652 629 1829 685 virtus
1860 628 1911 682 in
1942 626 2090 682 infir-
2191 639 2354 696 super
2411 622 2777 688 immunditia,
2807 630 2864 677 et
2911 615 3301 685 fornicatione,
3333 625 3386 671 et
3431 615 3793 687 impudicitia,

493 729 684 785 mitate
713 727 1014 799 perﬁcitur.
1055 725 1322 782 Libenter
1353 723 1519 796 igitur
1547 723 1828 794 gloriabor
1857 723 1911 779 in
1941 721 2096 777 inﬁrn-
2191 739 2351 797 quam
2383 731 2708 796 gesserunt.

495 821 780 878 mitatibus
827 820 987 886 meis,
1012 827 1074 875 ut
1117 816 1384 874 inhabitet
1427 818 1482 872 in
1533 833 1620 871 me
1660 819 1834 872 virtus
1865 815 2086 871 Christi.

498 915 727 986 Propter
757 912 901 984 quod
932 912 1120 982 placeo
1165 911 1297 966 mihi
1348 912 1401 966 in
1432 911 1845 966 inﬁrmitatibus
1870 909 1898 949 ι)
1930 909 2088 977 tneis,

497 1008 550 1062 in
564 1004 932 1071 contumeliis,
960 1005 1014 1060 in
1038 1003 1480 1071 necessitatibus,
1507 1003 1560 1058 in
1590 1003 2088 1074 persecutionibus,

497 1103 552 1157 in
583 1098 844 1172 angustiis
891 1115 988 1169 pro
1017 1099 1257 1155 Christo.
1290 1097 1422 1153 Cum
1473 1099 1618 1152 enim
1667 1097 1936 1163 inﬁrntor,
1966 1107 2095 1151 tunc

505 1206 697 1265 petens
725 1209 863 1248 sum.
892 1193 1093 1248 Factus
1119 1207 1238 1247 sum
1271 1192 1556 1258 insipiens,
1574 1205 1670 1245 vos
1697 1205 1786 1246 me
1813 1189 2090 1261 coegistis.

499 1290 612 1360 Ego
643 1288 791 1343 enim
849 1303 878 1340 a
922 1287 1077 1342 vobis
1123 1285 1286 1342 debui
1326 1285 1704 1341 commendari
1736 1297 1748 1338 ι
1775 1283 1913 1339 nihil
1945 1283 2093 1338 enim

501 1383 684 1436 minus
715 1381 790 1437 fui
817 1381 887 1434 ab
929 1380 1018 1443 iis,
1046 1379 1139 1450 qui
1170 1390 1297 1435 sunt
1345 1394 1507 1449 supra
1550 1379 1768 1435 modum
1821 1377 2092 1449 apostoli:

501 1472 716 1528 tametsi
765 1471 900 1526 nihil
941 1486 1063 1527 sum
1099 1489 1113 1525 :
1145 1470 1298 1542 signa
1348 1479 1528 1526 tamen
1565 1481 1588 1510 θ
1621 1470 1963 1542 apostolatus
1987 1469 2095 1524 mei

502 1569 640 1622 facta
670 1574 796 1622 sunt
821 1579 986 1635 super
1015 1579 1132 1631 vos,
1159 1563 1214 1619 in
1243 1566 1388 1618 omni
1431 1563 1713 1634 patientia,
1740 1563 1793 1620 in
1825 1562 2012 1635 signis,
2042 1572 2096 1620 οι

503 1660 785 1732 prodigiis,
821 1671 875 1716 et
907 1660 1224 1715 virtutibus.
1255 1659 1393 1728 Quid
1423 1668 1507 1715 est
1534 1660 1704 1724 enim,
1738 1659 1883 1728 quod
1918 1659 2099 1713 minus

504 1753 772 1810 habuistis
803 1769 916 1824 pra:
958 1753 1172 1808 caeteris
1203 1751 1492 1817 Ecclesiis,
1528 1752 1632 1808 nisi
1664 1751 1808 1822 qttod
1850 1766 1952 1822 ego
1979 1751 2097 1821 ipse

2265 816 2417 890 [ϐαρ.
2444 811 2612 885 Χιιι.’]
2649 814 2789 871 Ecce
2817 813 2982 870 tertio
3012 811 3117 869 hoc
3150 810 3309 868 venio
3340 810 3404 863 ait
3439 819 3533 863 vos
3564 822 3577 859 τ
3609 806 3668 861 1η
3700 815 3798 860 ore

2195 909 2451 974 duorum,
2485 905 2570 962 vel
2623 906 2787 960 trium
2841 906 3060 960 testium
3113 903 3279 959 stabit
3336 912 3500 957 omne
3539 899 3798 956 verbum.

2197 1003 2428 1058 Praedixi
2465 1002 2595 1076 Illis.
2639 1002 2764 1057 add.
2799 999 2992 1074 enim],
3037 1011 3091 1055 et
3149 998 3411 1071 praedico,
3447 999 3507 1052 ιιι
3549 1001 3802 1068 przcsens

2196 1096 2326 1169 |Ms.
2359 1097 2483 1151 add.
2513 1095 2712 1168 vobis],
2749 1106 2798 1152 et
2839 1106 2982 1151 nunc
3023 1096 3246 1162 absens,
3273 1094 3346 1150 iis
3375 1093 3464 1164 qui
3507 1099 3636 1148 ante
3665 1101 3800 1161 pec-

2196 1199 2481 1256 caverunt,
2514 1200 2569 1246 ct
2617 1191 2835 1247 caneris
2873 1187 3148 1251 omnibus.
3178 1188 3435 1261 quoniam
3490 1186 3534 1240 si
3586 1193 3795 1240 venero

2198 1285 2418 1351 iterum,
2473 1298 2579 1339 non
2630 1297 2872 1355 parcam.
2925 1285 3004 1337 An
3071 1280 3510 1353 experimentum
3554 1274 3804 1348 quaeritis

2198 1378 2340 1447 eius,
2369 1377 2540 1452 quiin
2573 1391 2662 1434 me
2694 1377 2934 1448 loquitur
2972 1374 3247 1440 Christus,
3276 1373 3368 1446 qui
3402 1376 3454 1429 in
3499 1372 3655 1430 vobis
3685 1381 3798 1425 non

2201 1473 2526 1536 infirmatur,
2557 1471 2651 1527 sed
2688 1480 2885 1544 potens
2907 1481 2996 1528 est
3023 1471 3075 1526 in
3108 1468 3304 1525 vobis?
3326 1467 3458 1524 Nam
3487 1467 3591 1524 etsi
3613 1459 3804 1521 cruci-

2202 1567 2342 1621 ﬁxus
2381 1578 2462 1622 est
2494 1583 2557 1624 ex
2590 1566 2946 1624 inﬁrmitate:
2991 1567 3089 1623 sed
3151 1562 3283 1620 vivit
3322 1575 3387 1619 ex
3426 1563 3628 1617 virtute
3677 1555 3804 1615 Dei.

2202 1657 2332 1713 Nam
2362 1669 2420 1714 et
2451 1673 2548 1713 nos
2581 1660 2777 1714 inﬁrmi
2803 1670 2991 1715 sumus
3022 1657 3074 1714 in
3109 1657 3200 1713 illo
3231 1673 3245 1709 :
3276 1655 3372 1713 sed
3407 1655 3654 1710 vivemus
3681 1665 3807 1708 cum

2213 1769 2280 1809 eo
2331 1769 2395 1810 ex
2427 1755 2630 1808 virtute
2675 1755 2766 1808 Dei
2812 1754 2862 1808 in
2904 1753 3079 1810 vobis.
3111 1750 3488 1821 Vosmetipsos
3528 1749 3732 1804 tentate
3761 1741 3809 1800 si

505 1861 612 1902 non
640 1846 862 1917 gravavi
890 1845 1028 1901 vos?
1057 1845 1265 1900 Donate
1293 1843 1424 1900 mihi
1460 1844 1604 1900 hanc
1629 1844 1904 1914 injuriam.
1935 1845 2095 1910 Ecce,
2134 1855 2179 1919 Β
2206 1847 2338 1902 estis
2389 1847 2439 1900 io
2492 1845 2619 1915 ﬁde,
2649 1847 2749 1916 ipsi
2789 1861 2884 1902 vos
2926 1846 3170 1916 probate.
3197 1844 3280 1899 An
3320 1855 3426 1898 non
3465 1837 3802 1913 cognoscitis

505 1938 670 1994 tertio
703 1937 808 1994 hoc
851 1946 1071 2007 paratus
1111 1952 1230 1993 sum
1271 1938 1461 1994 venire
1494 1937 1561 1992 ad
1597 1953 1696 1994 vos
1728 1954 1741 1994 :
1771 1945 1829 1994 et
1871 1952 1980 1994 non
2007 1951 2104 1994 ero

508 2032 687 2101 gravis
714 2030 890 2086 vobis.
920 2029 1038 2086 Non
1067 2031 1213 2085 enim
1256 2046 1442 2100 qner
1474 2046 1594 2101 qua:
1625 2038 1808 2085 vestra
1831 2039 1975 2096 sunt,
2007 2029 2103 2086 sed

511 2138 626 2179 vos.
654 2123 768 2180 Nec
811 2126 955 2180 enim
1013 2123 1213 2180 debent
1242 2124 1335 2179 ﬁlii
1365 2125 1678 2195 parent‘bns
1704 2126 2099 2193 thesaurizarc,

505 2218 602 2274 sed
633 2227 889 2288 parentes
914 2218 1062 2274 ﬁliis.
1108 2220 1218 2291 Ego
1255 2230 1437 2274 autem
1484 2219 1850 2276 libentissime
1894 2221 2107 2290 itnpen»

501 2309 651 2375 dam,
676 2320 729 2366 et
762 2311 1218 2382 superimpendar
1253 2312 1368 2381 ipse
1399 2327 1496 2382 pro
1528 2313 1815 2368 animabus
1855 2313 2052 2369 vestris
2091 2332 2102 2367 ι

503 2403 632 2460 licet
665 2404 790 2474 plus
811 2420 909 2458 vos
941 2404 1198 2475 diligens,
1230 2405 1409 2460 minus
1435 2404 1653 2476 diligor.
1687 2405 1792 2462 Sed
1820 2415 1978 2462 esto:
2004 2421 2107 2478 ego

506 2510 603 2550 vos
635 2511 742 2551 non
771 2496 993 2567 gravavi
1029 2511 1044 2550 ε
1073 2496 1171 2552 sed
1198 2511 1322 2551 cum
1356 2512 1536 2551 essent
1580 2505 1817 2564 astutus,
1847 2496 1978 2552 dolo
2010 2513 2106 2553 vos

501 2590 643 2660 cepi.
673 2587 947 2660 Numquid
973 2604 1070 2660 per
1100 2589 1334 2659 aliquem
1362 2605 1574 2657 eorum,
1598 2603 1736 2662 quos
1759 2591 1881 2647 misi
1900 2590 1965 2645 ad
1986 2606 2104 2657 vos,
2137 2666 2142 2668 _

500 2683 838 2740 circumvcni
897 2685 1030 2739 vos?
1062 2683 1268 2756 Rogavi
1326 2683 1538 2752 Titum,
1579 2692 1636 2739 et
1679 2685 1801 2739 misi
1842 2699 1966 2739 cum
2007 2684 2108 2740 illo

503 2775 751 2833 fratrem.
783 2775 1055 2844 Numquid
1077 2777 1232 2832 Titus
1259 2793 1357 2829 vos
1384 2775 1778 2833 circumvenit?
1807 2788 1989 2832 nonne
2015 2791 2109 2832 eo-

501 2869 625 2924 dem
654 2869 852 2940 spiritu
878 2869 1327 2926 ambulavimus?
1361 2884 1542 2926 nonne
1589 2869 1781 2926 iisdem
1814 2869 2110 2940 vestigiis?

500 2959 527 2999 ἀ
557 2961 703 3017 Olim
734 2963 935 3034 putatis
977 2964 1121 3034 quod
1163 2978 1490 3018 excusemus
1527 2978 1627 3018 nos
1669 2962 1813 3032 apud
1845 2963 1979 3018 vos?
2003 2962 2109 3018 Co-

504 3071 620 3111 ram
650 3056 761 3112 Deo
790 3056 843 3112 itt
875 3055 1094 3112 Christo
1116 3057 1420 3128 loquimur:
1450 3057 1634 3112 omnia
1661 3065 1865 3120 autem,
1895 3056 2100 3112 charis-

500 3151 647 3214 simi,
681 3161 907 3224 propter
943 3150 1364 3206 aediﬁcationem
1394 3159 1652 3205 vestram.
1700 3150 1890 3205 Timeo
1936 3149 2104 3218 enim,

2210 1934 2596 2010 vosmetipsos,
2629 1942 2753 2013 quia
2785 1939 3039 1997 Christus
3083 1939 3242 1996 Jesus
3276 1937 3327 1994 in
3355 1935 3510 1994 vobis
3535 1931 3660 1993 est?
3697 1933 3804 1990 nisi

2210 2037 2350 2091 forte
2384 2036 2606 2109 reprobi
2635 2035 2789 2091 estis.
2821 2035 2996 2104 Spero
3029 2039 3234 2098 autem,
3265 2029 3408 2102 quod
3441 2027 3812 2102 cognoscetis,

2209 2131 2332 2200 quia
2376 2141 2475 2185 nos
2503 2146 2608 2184 non
2637 2143 2824 2182 sumus
2856 2126 3098 2196 reprobi.
3125 2125 3360 2182 Oramus
3390 2131 3571 2180 autem
3607 2119 3809 2188 Deum,

2210 2230 2266 2276 ut
2311 2222 2442 2276 nihil
2484 2221 2613 2277 mali
2653 2220 2888 2283 faciatis,
2921 2235 3029 2274 non
3065 2226 3124 2273 ιιι
3169 2229 3267 2274 nos
3299 2214 3511 2287 probati
3544 2228 3816 2286 apparea-

2211 2330 2354 2383 mns,
2389 2316 2484 2371 sed
2514 2324 2572 2370 ιιι
2597 2329 2695 2370 vos
2737 2313 2878 2385 quod
2908 2313 3109 2369 bonum
3141 2320 3251 2379 est,
3281 2305 3492 2367 faciatis
3522 2323 3536 2367 :
3569 2323 3669 2366 nos
3698 2321 3816 2366 au-

2215 2419 2319 2465 tem
2353 2419 2409 2464 ttt
2441 2407 2664 2479 reprobi
2711 2407 2906 2463 simtts.
2934 2405 3050 2462 Non
3091 2405 3236 2462 enim
3278 2415 3566 2474 possumus
3609 2398 3816 2473 aliquid

2211 2503 2472 2558 adversus
2514 2501 2839 2569 veritatem,
2885 2500 2979 2556 sed
3035 2511 3134 2568 pro
3193 2498 3448 2553 Veritate.
3500 2491 3819 2553 Gaudemus

2212 2595 2380 2657 enim,
2415 2595 2670 2664 quoniam
2697 2592 2827 2666 [Μδ.
2859 2589 3102 2664 quando]
3127 2603 3224 2645 nos
3254 2586 3451 2647 inﬁrmi
3479 2599 3690 2656 sumus,
3715 2599 3819 2644 vos

2213 2696 2394 2743 autem
2440 2696 2690 2756 potentes
2724 2686 2880 2741 estis.
2916 2685 3028 2740 Hoc
3073 2691 3129 2739 et
3158 2694 3380 2739 oramus
3408 2689 3648 2739 vestram
3680 2691 3820 2737 con-

2212 2783 2655 2835 summationem.
2689 2779 2815 2836 Ideo
2846 2780 2964 2837 haec
2992 2781 3188 2836 absens
3221 2780 3423 2846 scribo,
3452 2785 3512 2835 ut
3534 2789 3642 2833 non
3672 2788 3822 2848 prae-

2212 2889 2338 2929 sens
2387 2873 2579 2927 durius
2640 2885 2817 2944 agam,
2877 2874 3176 2928 secundum
3235 2881 3587 2943 potestatem,
3645 2879 3814 2940 quam

2212 2969 2485 3024 Dominus
2525 2968 2677 3024 dedit
2709 2967 2839 3023 milii
2868 2969 2920 3022 in
2950 2957 3393 3033 mdiﬁcationcm,
3426 2973 3610 3020 etnon
3642 2963 3693 3018 in
3717 2961 3821 3017 de-

2213 3063 2595 3118 structionem.
2644 3063 2718 3117 De
2760 3072 2986 3126 caetero,
3022 3059 3237 3127 fratres,
3279 3060 3533 3132 gaudete,
3587 3052 3818 3129 perfecti

2214 3165 2414 3220 estote,
2445 3155 2841 3218 cxitortamini,
2876 3156 3018 3210 idem
3043 3154 3236 3225 sapite,
3273 3167 3459 3224 pacem
3511 3152 3728 3221 habete,
3762 3155 3823 3205 et

503 3257 572 3296 ηε
628 3242 767 3298 “me
819 3259 941 3298 cum
995 3258 1220 3312 νθηθιόν
1257 3260 1363 3296 "0"
1396 3243 1586 3313 (ιυδίθέ
1633 3243 1778 3308 V010.
1833 3241 2105 3297 iIIVeﬂiam
2139 3249 2182 3319 (ξ
2219 3249 2360 3304 Deus
2391 3249 2544 3319 pacis
2571 3253 2622 3304 et
2645 3247 2957 3304 dilectionis
2989 3248 3092 3304 crit
3129 3245 3431 3303 vobiscum.
3465 3240 3709 3303 Salutate
3736 3245 3825 3298 in-

504 3333 602 3391 vos
629 3355 640 3390 :
670 3346 725 3391 et
755 3351 858 3408 ego
885 3337 1135 3394 inveniar
1160 3353 1192 3393 a
1216 3337 1393 3405 vobis,
1421 3338 1637 3408 qualem
1661 3353 1766 3392 non
1801 3337 1966 3392 vultis
1996 3354 2008 3390 :
2043 3352 2110 3392 ne

501 3428 642 3483 forte
681 3431 1090 3497 contentiones,
1123 3428 1529 3496 aemulationes,
1561 3426 1959 3494 animositates,
1987 3429 2103 3485 dis-

500 3519 809 3589 sensiones,
853 3521 1247 3589 detractiones,
1297 3524 1721 3587 susurrationes,
1770 3507 2102 3590 inflationes,

501 3613 802 3674 seditiones
837 3616 942 3674 sint
984 3620 1124 3675 inter
1155 3632 1291 3674 vos:
1326 3633 1394 3673 ne
1422 3617 1620 3673 iterum
1677 3631 1800 3673 cum
1859 3631 2064 3675 venero
2086 3659 2102 3688 ,

2220 3344 2393 3398 vicem
2429 3342 2483 3397 in
2515 3344 2706 3400 esculo
2737 3352 2947 3399 sancto.
2978 3341 3231 3399 Salutant
3263 3355 3362 3398 vos
3391 3354 3583 3397 omnes
3613 3336 3814 3397 sancti.

2215 3435 2400 3492 Gratia
2428 3435 2642 3491 Domini
2670 3437 2844 3492 nostri
2869 3437 2996 3492 Jesu
3023 3436 3247 3501 Christi,
3281 3445 3335 3491 et
3355 3431 3596 3491 Charitas
3628 3430 3822 3501 Dei,et

2215 3530 2641 3586 communicatio
2682 3529 2855 3586 sancti
2895 3527 3129 3600 Spiritus
3153 3531 3224 3585 sit
3273 3543 3394 3585 cum
3440 3523 3692 3584 omnibus
3720 3539 3816 3583 vo-

2214 3623 2317 3678 bis.
2348 3622 2544 3678 Amen.

1366 3714 1599 3786 Explica
1627 3715 1871 3788 Epistula
1900 3715 1966 3771 Β.
2003 3715 2163 3773 Pauli
2191 3720 2417 3791 apostoli
2445 3719 2514 3773 ad
2539 3717 2836 3776 Cerinthios
2863 3717 2948 3773 II.

574 3889 598 3918 α
624 3869 1084 3949 Ριιοιιίιιεῄϐπωοω
1111 3869 1392 3948 particula:
1425 3875 1508 3932 ἵνα
1534 3875 1585 3930 in
1620 3875 1870 3932 Palatino
1899 3891 2002 3932 ms.
2025 3885 2106 3945 ut,

505 3965 605 4022 pro
630 3947 747 4020 qui,
771 3947 992 4022 legitur.

571 4023 598 4062 ι’
635 4018 808 4091 Atque
839 4021 926 4074 hic
957 4031 1255 4087 pronomen
1285 4021 1410 4074 meis
1453 4018 1505 4073 in
1536 4019 1790 4074 Palatino
1823 4033 1926 4073 ms.
1953 4018 2107 4088 juxta

499 4095 754 4151 Graecum
781 4100 988 4148 textum
1017 4092 1317 4145 omittitur.

577 4177 598 4204 ε
634 4161 836 4222 iterum
881 4161 1080 4218 Graeco
1113 4165 1359 4233 pressius
1401 4161 1724 4235 archetypo,
1753 4165 1906 4237 signa
1939 4171 2110 4219 tamen

1171 4305 1358 4321 “-

1359 4307 1748 4320 -ι-μ-αο-α-ιωο-κ-ηι..

1751 4309 1938 4321 ..δ--η--ο

1943 4311 2308 4322 -ι--Α--ρ--μω

1259 4425 1432 4543 Β.
1510 4429 2074 4546 PAULI
2153 4435 3072 4552 APOSTOLI

2214 3879 2452 3947 Apostoli
2485 3881 2624 3950 facta
2653 3881 2849 3950 suntin
2883 3878 3125 3934 Palatino
3150 3894 3251 3933 ms.
3281 3879 3498 3950 legitur,
3533 3886 3589 3934 υι
3615 3877 3710 3946 ibi,
3743 3875 3818 3933 Ta't

2219 3952 2314 4037 μέιο1
2340 3949 2530 4037 οίημεξα
2557 3959 2650 4037 rei}
2681 3949 2969 4009 ἀποστόλου
3015 3949 3382 4037 ξατειργάςθή.
3428 4023 3438 4033 .

2216 4017 2315 4148 'hd
2365 4017 2432 4079 ll't
2483 4027 2533 4078 in
2586 4017 2780 4080 Graeco
2836 4033 2920 4080 est
2960 4025 3129 4093 Πάλιν,
3161 4017 3217 4079 in
3272 4023 3518 4080 Palatino
3576 4037 3681 4079 ms.
3729 4029 3817 4078 est

2273 4109 2442 4150 erum.

2002 4627 2297 4692 INCIPIT

937 4717 1928 4990 EPISTOLA
2027 4793 2309 4942 AD
2395 4709 3381 4949 GALATAS.

1703 5033 2564 5060 μ---ῂ--,---Ι-..---ὑ

577 5169 736 5249 [ϐαρ.
769 5163 838 5244 1.]
868 5167 1067 5227 Paulus
1097 5163 1376 5243 apostolus
1403 5185 1513 5226 non
1541 5165 1610 5226 ab
1639 5165 1976 5237 hominibus,
2009 5185 2109 5228 ne-
2133 5175 2188 5236 I)
2213 5175 2539 5232 saeculorum
2569 5196 2583 5233 :
2613 5181 2808 5236 Amen.
2833 5181 3000 5239 Miror
3024 5183 3169 5254 quod
3199 5183 3280 5240 sic
3309 5191 3419 5240 tam
3448 5185 3558 5240 cito
3583 5186 3814 5243 transfe-

507 5285 614 5337 qtte
645 5283 740 5339 per
759 5263 1058 5334 hominem,
1083 5259 1179 5322 sed
1204 5281 1300 5336 per
1320 5262 1504 5321 Jesum
1534 5260 1832 5349 Christum,
1853 5275 1906 5320 et
1932 5259 2105 5322 Deum

516 5357 732 5419 Patrem
751 5403 766 5434 ,
791 5359 880 5434 qui
903 5359 1188 5420 suscitavit
1207 5376 1331 5417 eum
1356 5377 1385 5415 a
1411 5359 1639 5416 mortuis
1663 5376 1677 5420 ;
1705 5369 1762 5415 et
1783 5359 1872 5430 qui
1901 5375 2110 5416 mecum

513 5469 640 5516 sunt
669 5474 859 5515 omnes
904 5453 1132 5524 fratres,
1163 5449 1422 5512 Ecciesiis
1460 5449 1708 5511 Gaiatitc.
1741 5449 1925 5511 Gratia
1955 5452 2115 5511 vobis

513 5564 567 5610 et
595 5570 695 5623 pax
727 5547 890 5609 aDeo
921 5545 1106 5622 Patre,
1141 5557 1194 5608 et
1225 5546 1453 5606 Domino
1485 5558 1674 5606 nostro
1701 5547 1831 5604 Jesu
1869 5543 2110 5617 Christo,

510 5645 604 5719 qui
635 5641 788 5703 dedit
808 5639 1162 5715 semetipsum
1197 5659 1294 5713 pro
1326 5642 1568 5713 peccatis
1599 5637 1823 5710 nostris,
1849 5652 1906 5696 ιιι
1927 5639 2114 5712 eripe-

513 5747 600 5796 ret
628 5755 727 5796 nos
756 5739 823 5796 de
868 5737 1122 5808 praesenti
1149 5737 1354 5792 smculo
1385 5752 1644 5807 nequam,
1685 5729 1991 5792 secundum
2012 5752 2109 5792 vo-

511 5829 779 5892 luotatem
806 5825 903 5890 Dei
931 5838 990 5889 et
1009 5826 1190 5887 Patris
1207 5827 1498 5900 nostri,cui
1521 5836 1605 5889 est
1624 5827 1802 5903 gloria
1831 5827 1886 5886 in
1909 5828 2107 5887 saecula

2214 5270 2424 5343 rimini,
2459 5273 2621 5330 abeo
2643 5275 2734 5346 qui
2763 5290 2860 5331 vos
2887 5279 3110 5333 vocavit
3139 5279 3190 5334 in
3231 5278 3461 5351 gratiam
3488 5280 3718 5350 Christi,
3753 5281 3810 5337 in

2220 5365 2370 5422 aliud
2415 5367 2767 5438 Evangelium
2798 5387 2813 5425 :
2847 5370 2996 5441 quod
3043 5385 3149 5428 non
3198 5382 3286 5429 est
3328 5373 3499 5440 aliud,
3535 5375 3638 5430 nisi
3683 5382 3814 5431 sunt

2213 5459 2414 5530 aliqui,
2460 5463 2551 5530 qui
2599 5476 2695 5516 vos
2742 5465 3113 5530 conturbant,
3163 5475 3221 5522 et
3264 5467 3454 5524 volunt
3481 5478 3814 5526 convertere

2215 5547 2570 5622 Evangelium
2603 5554 2828 5633 Christi.
2871 5555 2978 5613 Sed
3023 5559 3150 5614 licet
3182 5574 3300 5626 nos,
3351 5571 3446 5617 aut
3483 5563 3715 5633 angelus
3741 5563 3813 5617 de

2213 5645 2354 5701 coelo
2386 5646 2725 5716 evangelizet
2750 5649 2901 5704 vobis
2945 5662 3314 5722 praeterquam
3344 5654 3494 5724 quod
3533 5654 3810 5725 cvangeli-

2211 5738 2455 5794 zavimns
2485 5739 2659 5806 vobis,
2695 5742 2984 5796 anathema
3023 5743 3112 5798 sit.
3143 5744 3296 5800 Sicut
3335 5747 3726 5817 prmdiximus,
3758 5757 3813 5802 et

2213 5843 2358 5887 nunc
2399 5829 2595 5886 ilerum
2655 5828 2827 5886 dico:
2867 5831 2922 5887 Si
2973 5836 3096 5905 quis
3146 5836 3304 5892 vobis
3353 5839 3812 5911 evangeliaaverit
