4128 6330
269 339 385 395 ’173

1130 334 1461 396 EPISTOLA
1503 335 1563 392 ll.
1606 332 1812 395 PAULl
1851 330 2192 395 APOSTOLI
2229 332 2323 393 AD
2360 330 2703 394 CALATAS.

3459 332 3565 396 ’γε

270 462 474 521 prrcter
497 451 548 507 id
577 452 721 523 quod
748 452 1069 519 accepistis,
1102 454 1390 507 anathema
1416 452 1508 507 sit.
1536 451 1693 506 Modo
1724 452 1868 507 enim
1900 459 1943 516 Α
1981 460 2039 507 ιιι
2071 466 2364 522 pmperum
2410 465 2681 507 memores
2707 463 2955 505 essemus
2985 467 2995 503 :
3030 449 3173 520 quod
3205 447 3367 506 etiam
3411 448 3570 504 solli-

268 546 584 602 hotniuibus
622 544 849 613 suadeo,
884 560 952 600 an
987 545 1134 601 Deo?
1172 555 1197 583 α
1227 550 1308 601 Att
1332 561 1518 616 quacro
1559 546 1870 601 hominibus

268 641 524 708 placere?
578 640 634 697 Si
683 641 863 696 adhuc
930 641 1246 697 hominibus
1295 642 1608 712 placerem,
1656 640 1865 697 Christi

264 747 462 787 servus
496 748 601 787 non
626 746 831 788 essem.
861 730 1063 789 Notum
1094 734 1240 789 enim
1262 733 1417 789 vobis
1452 734 1612 800 facio,
1644 732 1866 801 fratres,

266 826 650 896 Evaugelium,
674 825 820 897 quod
845 825 1275 897 evangelizatum
1305 836 1390 883 est
1410 842 1439 880 a
1465 840 1549 881 me
1566 866 1581 894 ,
1607 826 1731 897 quia
1757 839 1867 880 non

262 930 350 975 est
369 920 676 976 secundum
700 919 978 977 hominem
1007 938 1019 973 :
1047 936 1223 990 neque
1250 922 1395 977 enim
1418 936 1518 991 ego
1547 923 1617 976 ab
1648 918 1868 975 homine

258 1015 452 1084 accepi
486 1014 637 1079 illud,
665 1029 843 1085 neque
864 1013 1051 1080 didici,
1078 1015 1170 1070 sed
1196 1029 1293 1086 per
1327 1014 1713 1070 revelationem
1738 1013 1866 1068 Jesu

254 1106 487 1162 Christi.
526 1108 771 1164 Audistis
800 1109 948 1164 enim
979 1111 1454 1165 conversationem
1487 1108 1779 1179 aliquando
1810 1109 1866 1164 in

254 1199 549 1255 Judaismo
568 1201 831 1272 quoniam
855 1216 1021 1272 supra
1045 1203 1264 1257 modum
1294 1204 1658 1273 persequebar
1680 1202 1867 1259 Eccle-

255 1292 399 1347 siam
435 1294 554 1361 Dei,
601 1305 654 1350 et
693 1292 1071 1366 expugnabam
1105 1294 1278 1365 illam,
1326 1305 1381 1351 et
1412 1295 1763 1366 proﬁciebam
1809 1297 1863 1351 in

254 1383 548 1441 Judaisnto
577 1400 748 1457 supra
783 1386 990 1443 multos
1016 1393 1331 1443 comtaneos
1359 1402 1511 1444 meos
1560 1388 1613 1443 in
1658 1402 1863 1460 genere

252 1495 405 1547 meo,
454 1480 829 1537 abundantius
873 1483 1163 1539 aemulator
1208 1485 1460 1539 existens
1504 1490 1860 1553 paternarum

255 1590 506 1630 mearum
541 1574 926 1631 traditionum.
949 1574 1084 1631 Cum
1114 1584 1295 1633 autem
1318 1577 1521 1647 placuit
1548 1576 1621 1643 ei,
1649 1577 1740 1647 qui
1774 1591 1862 1632 me

252 1667 567 1738 segregavit
590 1682 657 1723 ex
692 1677 848 1724 utero
878 1669 1070 1725 matris
1101 1682 1259 1739 meae,
1292 1678 1349 1725 et
1380 1670 1595 1725 vocavit
1621 1684 1717 1740 per
1736 1685 1863 1741 gra-

252 1762 390 1815 tiam
422 1776 602 1827 suam,
651 1771 710 1817 ut
760 1763 1032 1819 revelaret
1084 1762 1287 1818 Filium
1332 1778 1489 1819 suum
1541 1764 1596 1821 in
1645 1779 1752 1833 me,
1800 1772 1861 1819 ut

252 1856 689 1926 evangeliurem
745 1856 901 1913 illum
952 1857 1006 1913 in
1059 1860 1317 1929 gentibus
1366 1874 1382 1914 :

259 1951 514 2022 acquievi
541 1953 693 2007 carni
718 1960 773 2008 et
792 1953 1068 2023 sanguini.
1091 1952 1281 2023 Neque
1309 1954 1431 2009 veni
1460 1952 1857 2025 Jerosolymam

254 2044 327 2099 ad
349 2053 733 2101 antecessores
750 2060 905 2101 meos
923 2045 1231 2117 apostolos:
1250 2046 1346 2102 sed
1367 2045 1477 2102 abii
1499 2049 1549 2101 in
1574 2047 1856 2102 Arabiam:

252 2148 308 2193 et
354 2138 559 2195 iterum
609 2153 863 2196 reversus
906 2155 1026 2197 sum
1079 2143 1403 2197 Damascum
1440 2157 1451 2196 :
1487 2141 1689 2198 deinde
1741 2146 1863 2211 post

251 2245 435 2287 annos
484 2241 600 2287 tres
650 2233 776 2288 veni
824 2232 1223 2305 Jerosolymam
1278 2232 1470 2289 videre
1512 2232 1760 2297 Petrum,
1805 2238 1863 2289 et

253 2326 435 2381 mansi
481 2327 629 2397 apud
659 2342 783 2382 eum
826 2326 1025 2384 diebus
1065 2327 1399 2397 quindecim.
1451 2327 1631 2383 Alium
1675 2336 1859 2383 autem

253 2419 632 2489 apostolorum
684 2419 799 2475 vidi
843 2420 1138 2485 neminem,
1192 2419 1300 2475 nisi
1340 2421 1601 2476 Jacobum
1634 2420 1857 2475 fratrem

254 2510 501 2566 Domini.
534 2511 666 2579 Quae
689 2521 871 2568 autem
900 2513 1084 2567 scribo
1119 2512 1275 2568 vobis
1307 2530 1322 2567 :
1355 2527 1485 2568 ecce
1506 2527 1689 2568 coram
1721 2511 1857 2580 Deo,

250 2604 381 2673 quia
413 2619 523 2661 non
554 2605 813 2659 mentior.
851 2603 1053 2660 Deinde
1082 2605 1208 2661 veni
1239 2604 1293 2660 in
1354 2616 1537 2674 partes
1575 2604 1750 2676 Syria:
1803 2614 1859 2660 et

251 2693 486 2751 Ciliciae.
515 2696 680 2752 Eram
716 2705 898 2752 autem
926 2698 1140 2768 ignotus
1166 2697 1305 2752 facie
1346 2697 1604 2753 Ecclesiis
1630 2697 1856 2766 Judaear,

252 2805 381 2861 quae
408 2800 570 2847 erant
598 2791 650 2845 in
679 2790 902 2846 Christo
926 2807 941 2845 :
972 2798 1179 2847 tantum
1206 2800 1390 2847 autem
1416 2792 1659 2848 auditum
1690 2792 1861 2848 habes

251 2881 388 2938 bant
416 2900 429 2937 :
462 2882 735 2950 Quoniam
777 2884 871 2953 qui
920 2884 1350 2956 persequebatur
1397 2900 1499 2941 nos
1541 2886 1857 2956 aliquando,

253 2988 403 3030 nunc
450 2975 791 3047 evangelizat
842 2975 1033 3043 ﬁdem,
1066 2992 1227 3047 quam
1258 2975 1555 3048 aliquando
1582 2991 1860 3049 expugna-

252 3064 349 3122 bat
377 3084 393 3122 :
423 3075 481 3123 et
508 3068 565 3123 in
595 3082 683 3123 me
712 3066 1099 3124 clariﬁcabant
1127 3068 1319 3125 Deum.

324 3159 480 3231 [Cap.
510 3159 603 3233 ll.]
624 3160 830 3217 Deinde
852 3169 984 3232 post
1002 3176 1177 3217 annos
1200 3163 1635 3231 quatuordccim,
1658 3163 1858 3219 iterum

1971 545 2111 600 citus
2156 544 2231 599 fui
2281 545 2384 600 hoc
2432 546 2608 614 ipsum
2662 544 2861 598 facere.
2912 541 3045 596 Cum
3095 551 3273 597 autem
3327 543 3570 597 venisset

1970 638 2189 709 Cepbas
2220 640 2590 708 Antiochiam,
2628 641 2679 694 in
2714 639 2904 695 faciem
2929 639 2978 694 ei
3006 637 3202 707 restiti,
3227 638 3349 710 quia
3380 650 3569 708 repre-

1970 731 2257 789 hensibilis
2280 742 2421 789 erat.
2457 733 2613 789 Prius
2647 732 2793 789 enim
2820 747 2983 804 quam
3008 731 3260 789 venirent
3287 731 3507 803 quidam
3532 744 3565 788 a

1969 826 2193 895 Jacobo,
2235 841 2355 883 cum
2384 826 2636 900 gentibus
2666 828 2864 884 edebat
2895 843 2908 883 :
2939 841 3061 883 cum
3092 838 3271 882 autem
3302 827 3564 893 venisset,

1968 919 2323 975 subtrahebat
2351 931 2405 975 ct
2430 921 2749 991 segregabat
2780 935 2862 989 se,
2896 922 3096 978 timens
3126 934 3222 976 eos
3251 918 3339 991 qui
3368 932 3432 976 ex
3457 921 3567 975 cir-

1968 1014 2304 1070 cumcisione
2328 1024 2505 1069 erant.
2542 1014 2612 1070 Et
2648 1014 2981 1070 simulationi
3016 1000 3134 1085 ejus
3167 1020 3568 1070 consenserunt

1968 1106 2157 1161 caueri
2189 1105 2385 1171 Judmi,
2410 1105 2483 1161 ita
2507 1116 2566 1162 ut
2591 1118 2644 1162 et
2681 1106 2959 1162 Barnabas
2980 1106 3273 1162 duceretur
3303 1105 3371 1161 ab
3395 1104 3476 1160 eis
3500 1103 3559 1159 in

1968 1198 2114 1252 illam
2147 1198 2576 1255 simulationem.
2626 1199 2733 1256 Sed
2781 1215 2903 1256 cum
2953 1200 3210 1255 vidissem
3254 1198 3400 1269 quod
3443 1213 3560 1255 non

1966 1302 2115 1349 recte
2135 1291 2482 1349 ambularent
2502 1294 2569 1348 ad
2595 1294 2878 1351 veritatem
2904 1293 3203 1364 Evangelii,
3227 1292 3337 1347 dixi
3365 1290 3564 1362 Cephea

1965 1400 2148 1440 coram
2177 1385 2428 1441 omnibus
2458 1403 2468 1439 :
2504 1385 2558 1443 Si
2590 1395 2678 1453 tu,
2722 1402 2846 1441 cum
2888 1385 3109 1441 .Iudtcus
3155 1386 3253 1456 sis,
3284 1382 3565 1456 gentiliter

1963 1477 2125 1547 vivis,
2161 1488 2218 1533 et
2250 1494 2355 1533 non
2383 1477 2601 1548 iudaice
2629 1496 2643 1534 :
2674 1478 2949 1549 quomodo
2978 1486 3169 1549 gentes
3193 1477 3345 1548 cogis
3378 1476 3565 1547 judai-

1963 1570 2130 1626 zare?
2156 1569 2269 1627 Nos
2297 1580 2493 1627 natura
2523 1571 2719 1637 Judaei,
2751 1582 2806 1627 et
2846 1585 2952 1626 non
2983 1586 3050 1627 ex
3083 1570 3334 1640 gentibus
3363 1584 3560 1640 pecca-

1964 1671 2131 1718 tores.
2162 1664 2410 1719 Scientes
2431 1673 2612 1720 autem
2637 1663 2782 1735 quod
2815 1679 2923 1718 non
2953 1664 3282 1732 justiﬁeatur
3310 1661 3477 1717 homo
3497 1675 3565 1716 ex

1960 1757 2218 1827 operibus
2246 1757 2401 1829 legis,
2429 1758 2528 1813 nisi
2559 1772 2652 1829 per
2684 1757 2843 1813 ﬁdem
2870 1756 2998 1811 Jesu
3026 1755 3267 1810 Christi:
3297 1764 3353 1811 et
3384 1769 3483 1810 nos
3506 1754 3560 1810 in

1433 1858 1695 1915 continuo
1745 1874 1855 1913 non
1888 1858 1935 1920 Β
1960 1849 2177 1906 Christo
2196 1850 2326 1907 Iesu
2350 1852 2648 1918 credimus,
2676 1850 3112 1921 utjustiﬁcemur
3132 1866 3197 1905 ex
3217 1848 3323 1904 ﬁde
3338 1848 3567 1915 Christi,

1965 1953 2019 1998 ct
2051 1960 2157 1999 non
2187 1960 2255 2000 ex
2283 1944 2541 2013 operibus
2581 1944 2756 2014 legis:
2785 1951 3006 2013 pr0pter
3035 1942 3177 2012 quod
3209 1957 3273 1998 ex
3304 1940 3565 2011 operibus

1966 2039 2102 2107 legis
2124 2054 2233 2093 non
2256 2036 2650 2108 justiﬁcabitur
2674 2037 2855 2091 omnis
2886 2051 3033 2091 caro.
3070 2034 3224 2103 Quod
3248 2034 3292 2089 si
3322 2047 3569 2104 (ιιιωηηυ

1967 2142 2048 2187 tes
2077 2132 2368 2201 iustiﬁcari
2397 2133 2448 2187 in
2473 2130 2692 2187 Christo
2721 2132 2924 2196 inventi
2949 2146 3140 2186 sumus
3165 2137 3221 2185 et
3250 2129 3351 2199 ipsi
3377 2142 3570 2197 pecca-

1967 2232 2135 2288 tores,
2167 2222 2430 2295 numquid
2460 2224 2710 2279 Christus
2734 2225 2939 2294 peccati
2966 2223 3218 2278 minister
3236 2222 3356 2278 est?
3390 2220 3565 2276 Absit.

1964 2315 2021 2372 Si
2052 2317 2200 2371 enim
2230 2332 2353 2386 quae
2374 2316 2651 2385 destruxi,
2688 2319 2882 2372 iterum
2917 2316 3035 2371 haec
3061 2316 3278 2370 aediﬁco
3308 2332 3321 2369 :
3354 2329 3567 2384 prmvas

1964 2411 2256 2465 ricatorem
2306 2426 2393 2465 me
2442 2410 2738 2466 constituo.
2772 2409 2889 2481 Ego
2937 2410 3078 2464 enim
3126 2423 3225 2479 per
3254 2409 3431 2479 legem
3464 2405 3571 2478 legi

1963 2512 2210 2558 mortuus
2258 2519 2400 2571 sum,
2433 2515 2484 2557 ut
2510 2504 2624 2558 Dco
2671 2504 2845 2558 vivam
2880 2521 2891 2557 :
2921 2503 3140 2558 Christo
3169 2503 3415 2558 confixus
3444 2516 3565 2556 sum

1962 2598 2136 2655 cruci.
2173 2598 2305 2654 Vivo
2336 2610 2538 2663 autem,
2568 2599 2679 2667 jam
2710 2612 2814 2654 non
2859 2610 2999 2668 ego:
3034 2597 3168 2652 vivit
3209 2611 3344 2652 vero
3384 2597 3436 2650 in
3477 2606 3570 2651 me

1962 2693 2233 2771 Christus.
2267 2691 2423 2760 Quod
2457 2700 2636 2747 autem
2681 2707 2825 2746 nunc
2868 2691 2999 2747 vivo
3029 2693 3082 2745 in
3122 2704 3332 2746 carne:
3366 2692 3421 2744 in
3460 2687 3567 2743 fide

1962 2788 2089 2844 vivo
2116 2785 2241 2841 Filii
2272 2787 2387 2854 Dei,
2415 2786 2508 2855 qui
2541 2786 2731 2841 dilexit
2763 2801 2870 2851 me,
2896 2796 2949 2841 et
2975 2781 3571 2852 tradiditscmetipsum

1963 2894 2065 2950 pro
2091 2893 2200 2935 me.
2236 2877 2353 2933 Non
2385 2878 2582 2948 abjieio
2608 2878 2838 2948 gratiam
2871 2879 2983 2933 Dei.
3009 2877 3066 2935 Si
3090 2877 3239 2932 enim
3262 2890 3360 2947 per
3389 2878 3567 2946 legem

1963 2971 2202 3043 justitia,
2233 2986 2364 3043 ergo
2392 2971 2565 3042 gratis
2600 2972 2847 3027 Christus
2875 2981 3121 3027 mortuus
3150 2978 3259 3026 est.

2037 3064 2188 3137 [Cap.
2220 3062 2336 3133 11L]
2364 3063 2409 3120 0
2437 3064 2701 3119 insensati
2733 3063 2963 3133 Galatae,
2993 3065 3114 3135 quis
3148 3078 3247 3119 vos
3282 3060 3571 3119 fascinavit

1967 3173 2074 3215 non
2096 3159 2323 3215 obedire
2352 3159 2587 3226 veritati,
2614 3169 2739 3215 ante
2761 3173 2992 3230 quorum
3019 3159 3206 3214 oculos
3230 3158 3389 3215 Jesus
3413 3158 3570 3214 Chri-

252 3255 487 3311 ascendi
516 3255 921 3328 ierosolytnam
976 3271 1101 3311 cum
1157 3256 1432 3324 Barnaba,
1488 3269 1772 3329 assumpto
1804 3268 1861 3315 et
1887 3260 1932 3322 (ζ
1964 3261 2082 3309 stus
2114 3253 2468 3323 praescriptus
2495 3262 2601 3321 est,
2634 3253 2687 3307 in
2716 3252 2873 3308 vobis
2894 3252 3226 3308 cruciﬁxus?
3255 3251 3367 3308 Hoc
3389 3252 3569 3307 solum

252 3347 409 3406 Tito.
462 3349 698 3406 Ascendi
752 3359 935 3406 autem
993 3332 1301 3406 secundum
1342 3351 1734 3408 revelatiouem
1770 3361 1867 3407 :ct

253 3442 464 3498 contuli
512 3459 635 3499 eum
692 3444 799 3499 illis
853 3444 1259 3516 Evangelium,
1309 3445 1455 3515 quod
1511 3445 1751 3514 praedico
1809 3447 1863 3499 in

259 3534 548 3606 gentibus,
579 3551 833 3593 seorsum
861 3546 1043 3593 autem
1072 3538 1160 3605 iis,
1190 3536 1284 3607 qui
1306 3536 1633 3593 videbantur
1657 3536 1866 3608 aliquid

254 3643 381 3685 esse
406 3647 421 3685 :
444 3645 516 3686 ne
538 3630 679 3687 forte
702 3632 756 3687 in
782 3646 1013 3687 vacuum
1036 3647 1341 3698 currerem,
1362 3641 1453 3686 aut
1474 3634 1860 3689 cucurrissem.

254 3721 369 3778 Sed
404 3739 584 3794 neque
615 3722 787 3792 Titus,
818 3724 914 3797 qui
942 3739 1157 3781 mecum
1184 3734 1326 3795 erat,
1367 3739 1490 3780 cum
1519 3736 1666 3782 esset
1689 3725 1866 3797 genti-

253 3816 347 3884 lis,
373 3818 692 3889 compulsus
714 3828 801 3875 est
818 3807 1162 3875 circumcidi.
1194 3818 1303 3875 Sed
1334 3828 1560 3890 prapter
1582 3819 1862 3875 subintroo

255 3908 453 3965 ductos
502 3909 672 3966 falsos
714 3910 936 3980 fratres,
978 3911 1070 3982 qui
1112 3912 1547 3967 subintroierunt
1575 3913 1865 3981 explorare

254 4003 572 4060 libertatem
596 4015 863 4074 nostram,
889 4021 1050 4077 qaam
1078 4006 1339 4063 habemus
1370 4006 1431 4062 in
1458 4005 1680 4063 Christo
1708 4006 1860 4075 Jesu,

256 4106 318 4151 ut
345 4112 447 4153 nos
487 4099 543 4153 in
584 4098 909 4155 servitutem
957 4100 1285 4171 redigerent.
1321 4100 1532 4168 Quibus
1573 4115 1751 4172 neque
1794 4100 1863 4155 ad

257 4189 450 4246 horam
500 4192 773 4249 cessimus
814 4193 1180 4264 subiectione,
1230 4203 1289 4250 ut
1334 4195 1539 4259 veritas
1585 4195 1865 4265 Evangelii

263 4295 582 4353 permaneat
609 4285 752 4355 apud
782 4300 879 4341 vos
910 4305 923 4338 :
958 4286 1027 4340 ab
1070 4287 1135 4342 iis
1176 4295 1384 4355 autern,
1412 4286 1511 4359 qui
1539 4286 1867 4344 videbantur

257 4392 385 4434 esse
413 4378 621 4450 aliquid
652 4381 881 4452 (quales
926 4381 1222 4451 aliquando
1276 4381 1500 4447 fuerint,
1555 4382 1691 4437 nihil
1741 4396 1863 4438 mea

258 4474 526 4529 interest:
556 4474 697 4531 Deus
720 4484 1009 4545 personam
1032 4476 1269 4533 hominis
1292 4493 1403 4533 non
1428 4479 1702 4550 accipit):
1722 4478 1833 4533 mih
1844 4479 1871 4545 ἱ,

258 4566 409 4622 enim
429 4566 521 4633 qui
562 4567 885 4624 videbantur
914 4585 1043 4625 esse
1063 4570 1293 4642 aliquid,
1320 4572 1457 4626 nihil
1478 4572 1861 4629 contulerunt.

1969 3361 1996 3399 a
2032 3345 2186 3401 vobis
2234 3347 2354 3400 volo
2401 3345 2657 3401 discere:
2692 3346 2774 3399 Ex
2824 3347 3082 3417 Operibus
3129 3346 3266 3417 legis
3308 3346 3571 3417 Spiritum

1967 3442 2275 3513 accepistis,
2297 3459 2364 3498 an
2395 3459 2460 3498 ex
2482 3444 2673 3499 auditu
2699 3445 2859 3500 ﬁdei?
2889 3445 2979 3500 Sic
3003 3444 3157 3500 stulti
3180 3446 3334 3511 estis,
3357 3454 3417 3499 ut
3440 3460 3566 3499 eum

1966 3538 2164 3609 spiritu
2195 3539 2655 3607 coeperitis,nunc
2683 3554 2846 3595 carne
2876 3539 3369 3596 eonsummemini?
3396 3539 3571 3594 'l‘anta

1969 3634 2111 3703 passi
2138 3635 2271 3689 estis
2300 3632 2422 3688 sine
2451 3636 2649 3689 causa?
2676 3636 2720 3689 si
2753 3646 2929 3691 tamen
2955 3636 3076 3691 sine
3098 3648 3282 3691 causa.
3309 3634 3409 3701 Qui
3435 3648 3569 3705 ergo

1967 3729 2154 3786 tribuit
2182 3728 2335 3785 vobis
2367 3728 2650 3799 Spiritum,
2677 3737 2732 3784 et
2753 3737 3011 3800 operatur
3033 3730 3265 3784 virtutes
3290 3728 3345 3783 in
3375 3728 3527 3785 vobis
3554 3740 3571 3781 :‘

1965 3837 2033 3878 ex
2060 3821 2321 3891 operibus
2349 3820 2502 3891 legis,
2527 3835 2594 3875 an
2618 3836 2684 3877 ex
2716 3822 2903 3876 auditu
2932 3820 3099 3877 ﬁdei?
3125 3820 3281 3877 Sicut
3300 3822 3564 3890 scriptum

1966 3930 2048 3973 est
2080 3937 2092 3971 :
2124 3919 2397 3974 Abraham
2425 3920 2657 3977 credidit
2687 3918 2818 3983 Deo,
2851 3927 2906 3974 et
2939 3924 3249 3988 reputatum
3281 3926 3366 3973 est
3394 3917 3473 3971 illi
3500 3915 3569 3971 ad

1962 4013 2248 4085 justitiam.
2282 4013 2608 4085 Cognoscite
2654 4013 2785 4088 [Με.
2832 4012 3185 4083 cognoscitis}
3224 4024 3387 4083 ergo,
3439 4011 3567 4081 quia

1965 4111 2057 4179 qui
2080 4123 2149 4162 ex
2186 4108 2289 4163 fide
2318 4117 2468 4176 sunt,
2499 4108 2537 4163 ii
2564 4117 2688 4163 sunt
2722 4107 2819 4162 ﬁlii
2851 4105 3107 4162 Abrahae.
3134 4104 3436 4160 Provide-ns
3458 4119 3561 4159 au-

1966 4208 2079 4255 tem
2108 4201 2427 4270 Scriptura,
2472 4202 2597 4272 quia
2626 4216 2692 4257 ex
2732 4200 2839 4255 ﬁde
2862 4199 3125 4269 justiﬁcat
3165 4205 3361 4266 gentes
3402 4197 3567 4265 Deus,

1970 4296 2357 4366 praenuntiavit
2423 4294 2657 4351 Abrahae
2708 4311 2722 4350 :
2767 4294 2902 4362 Quia
2962 4292 3357 4349 benedicentur
3407 4291 3459 4347 in
3517 4299 3573 4347 te

1968 4403 2161 4443 omnes
2188 4396 2399 4459 gentes.
2426 4385 2594 4459 Igitur
2624 4388 2714 4459 qui
2745 4401 2811 4444 ex
2852 4385 2957 4443 ﬁde
2982 4390 3139 4451 sunt,
3173 4384 3577 4441 benedicentur

1967 4498 2091 4538 cum
2122 4482 2269 4538 ﬁdeli
2298 4483 2596 4539 Abraham.
2643 4483 2986 4555 Quicumque
3040 4483 3183 4537 enim
3214 4494 3279 4537 ex
3310 4480 3571 4553 operibus

1968 4576 2106 4649 legis
2134 4588 2285 4644 sunt,
2315 4577 2415 4632 sub
2442 4576 2733 4632 maledicto
2770 4587 2915 4633 sunt.
2955 4575 3231 4644 Scriptum
3255 4582 3339 4630 est
3369 4574 3512 4630 enim
3552 4586 3571 4630 :

262 4658 371 4715 Sed
407 4669 631 4715 econtra
668 4675 791 4716 cum
822 4662 1092 4718 vidissent
1130 4663 1273 4734 quod
1303 4664 1573 4721 creditum
1609 4675 1697 4722 est
1731 4664 1865 4722 mihi
1890 4649 1951 4716 D
1971 4668 2292 4727 Maledictus
2322 4671 2521 4738 omnis,
2547 4671 2637 4741 qui
2668 4686 2775 4725 non
2802 4668 3163 4741 permanserit
3194 4669 3250 4723 in
3287 4667 3565 4738 omnibus,

265 4754 627 4824 Evangelium
657 4755 937 4827 praeputii,
976 4757 1118 4813 sicut
1144 4767 1200 4813 et
1226 4758 1387 4813 Petro
1430 4760 1869 4817 circumcisionis

259 4849 379 4921 (qui
401 4852 547 4906 enim
582 4860 839 4921 oneratus
860 4862 942 4907 est
977 4851 1139 4906 Petro
1167 4851 1225 4906 in
1245 4853 1611 4923 apostolatum
1633 4854 1868 4909 circum-

258 4944 512 5013 cisionis,
544 4957 807 5017 operatus
827 4956 916 5003 est
943 4956 1002 5002 et
1031 4946 1165 5001 mihi
1194 4947 1334 5001 inter
1365 4951 1581 5018 gentes)
1611 4966 1622 5002 :
1657 4957 1715 5005 et
1742 4962 1867 5006 cum

258 5041 650 5109 cognovissent
674 5043 930 5112 gratiam,
965 5058 1089 5113 qua:
1108 5042 1232 5097 data
1258 5050 1343 5097 est
1364 5042 1520 5109 mihi,
1544 5040 1572 5081 ι’
1603 5040 1864 5115 lacubus,

260 5139 314 5185 ct
338 5131 579 5202 Cephas,
604 5142 657 5189 et
680 5134 945 5199 Joannes,
966 5135 1058 5206 qui
1084 5135 1413 5191 videbantur
1432 5135 1699 5192 columnae
1720 5151 1861 5205 esse,

261 5223 489 5281 dextras
523 5226 794 5283 dederunt
839 5227 973 5285 mihi
1017 5238 1076 5284 et
1116 5229 1409 5297 Barnabm,
1452 5228 1773 5286 societatis:
1806 5242 1864 5287 ut

262 5331 364 5375 nos
386 5319 441 5373 in
463 5326 681 5391 gentes,
704 5320 807 5391 ipsi
833 5329 1023 5377 autem
1041 5322 1095 5377 in
1118 5322 1625 5380 circumcisionem:
1654 5333 1863 5380 tantum

331 5535 359 5599 fl
390 5525 670 5599 falatinus
698 5534 801 5599 ms.
830 5526 957 5594 Aut,
982 5537 1039 5582 et
1064 5527 1255 5599 Grmce
1284 5527 1506 5599 quidem
1535 5536 1620 5582 est
1650 5524 1716 5581 ﬂ.

330 5596 359 5637 ι)
387 5597 561 5653 Habet
578 5598 682 5654 alio
705 5598 898 5653 ordine
921 5614 1041 5652 cum
1068 5598 1273 5654 Crzccis
1302 5596 1507 5667 aliquot
1531 5599 1684 5653 libris
1711 5597 1863 5651 Palu.

267 5670 413 5724 tinus
443 5684 658 5741 quoque
689 5685 789 5724 ms.
821 5685 939 5739 qua:
965 5670 1091 5724 data
1121 5679 1192 5724 est
1216 5669 1364 5731 mihi,
1391 5670 1604 5736 Petrus,
1631 5680 1678 5724 et
1698 5668 1868 5741 flacc-

261 5741 381 5808 bus,
405 5750 452 5795 et
482 5739 739 5806 Joannes,
765 5742 874 5812 qui,
908 5751 1016 5796 etc.
1048 5742 1234 5797 Sedet
1262 5742 1397 5795 infra
1430 5742 1644 5811 quoties
1678 5740 1867 5810 Cepha:

262 5830 463 5867 nomen
492 5813 749 5879 occurrit,
798 5813 971 5868 habet
988 5812 1134 5869 idem
1179 5827 1280 5868 ms.
1316 5827 1440 5868 cum
1480 5813 1675 5869 Graeco
1716 5822 1866 5868 textu

263 5882 487 5939 Petrum
511 5900 531 5941 :
558 5883 699 5956 quod
731 5892 816 5941 est
842 5893 1025 5941 notatu
1044 5883 1426 5956 dignissimum
1456 5882 1529 5942 ob
1550 5883 1867 5941 tralaritiam

1970 4781 2093 4838 quae
2114 4769 2317 4839 scripta
2337 4775 2464 4822 sunt
2488 4767 2542 4821 in
2565 4766 2709 4821 libro
2731 4760 2912 4835 Legis,
2933 4770 2991 4818 ut
3012 4761 3171 4819 faciat
3193 4774 3275 4819 ea.
3298 4760 3569 4829 Quoniam

1971 4869 2159 4918 autem
2183 4863 2235 4916 in
2270 4861 2390 4932 lege
2419 4874 2581 4916 nemo
2606 4857 2944 4929 justiﬁeatur
2981 4856 3122 4929 apud
3155 4857 3348 4925 Deum,
3389 4856 3567 4910 mani-

1972 4956 2170 5012 festum
2196 4962 2318 5011 est:
2346 4955 2468 5026 quia
2491 4954 2672 5023 jusms
2696 4966 2759 5007 ex
2792 4951 2901 5008 ﬁde
2923 4951 3075 5007 vivit.
3101 4949 3217 5007 Lex
3245 4958 3426 5006 autem
3456 4964 3568 5006 non

1969 5059 2053 5106 est
2082 5065 2147 5104 ex
2180 5048 2305 5119 ﬁde,
2338 5048 2433 5104 sed
2461 5066 2474 5100 :
2507 5044 2607 5117 Qui
2640 5045 2831 5102 fecerit
2859 5059 2947 5113 ea,
2976 5045 3126 5102 vivet
3155 5046 3208 5101 in
3248 5040 3377 5103 illis.
3405 5042 3570 5101 Citri-

1971 5150 2087 5196 stus
2118 5152 2218 5195 nos
2254 5138 2486 5196 redemit
2511 5138 2583 5194 de
2607 5138 2902 5195 maledicto
2934 5140 3091 5210 legis,
3126 5137 3301 5196 factus
3344 5155 3443 5210 pro
3473 5152 3572 5193 no-

1970 5232 2053 5288 bis
2108 5231 2461 5287 male'dictum
2506 5249 2521 5284 :
2573 5232 2695 5303 quia
2749 5232 3013 5303 scriptum
3064 5240 3200 5287 est:
3250 5228 3573 5287 Maledictus

1971 5325 2153 5379 omina
2180 5324 2268 5394 qui
2318 5323 2517 5395 pendet
2556 5323 2609 5379 in
2656 5324 2825 5396 ligno,
2874 5331 2935 5381 ut
2976 5322 3228 5396 gentibus
3259 5324 3573 5381 benedicrio

1976 5525 2126 5581 illam
2167 5526 2525 5603 quaestionem
2576 5524 2645 5603 de
2698 5526 2862 5585 Petro
2911 5526 3247 5602 reprehenso
3296 5547 3325 5586 a
3380 5526 3572 5603 Paulo,

1971 5612 2133 5668 quem
2163 5596 2427 5674 Cepham,
2464 5613 2568 5651 non
2603 5600 2819 5674 Petrum
2865 5596 3170 5669 apostolum
3197 5647 3211 5672 ,
3240 5613 3360 5673 post
3389 5596 3571 5674 Chryl

1972 5676 2300 5734 sostomum,
2333 5669 2579 5739 aliosque
2615 5669 2841 5725 Veteres
2886 5669 3204 5739 nonnullos,
3239 5669 3575 5730 recentiores

1972 5739 2161 5817 critici
2177 5739 2353 5817 fuisse
2360 5747 2674 5817 fumant.
2698 5741 2941 5817 pe‘mum
2972 5744 3137 5817 infra
3172 5758 3272 5817 pro
3319 5747 3579 5817 credimus

1972 5824 2096 5938 sum
2120 5811 2323 5938 iisdem
2350 5810 2557 5869 Graecis
2586 5811 2742 5870 libris
2778 5808 2943 5870 habet
2970 5808 3248 5877 Palatinus
3274 5826 3379 5873 ms.
3410 5816 3581 5873 credi-

2010 5900 2117 5938 tmu
2150 5922 2163 5938 ο

2010 5899 2163 5941 smus.
