4128 6330
517 366 529 377 κ
583 300 690 356 775

582 409 818 467 Abrahae
864 408 1020 466 ﬁeret
1060 409 1114 466 itt
1159 410 1380 468 Christo
1427 412 1580 480 Iesu,
1629 423 1686 468 ut
1728 412 2177 483 pollicitationem
2209 413 2253 471 Α

583 505 821 576 Spirittts
850 507 1182 576 accipiamus
1227 523 1321 579 per
1365 508 1549 564 fidem.
1585 508 1810 564 Fratres
1851 505 2182 579 (secundum

577 600 857 656 hominem
889 599 1068 670 dico),
1108 610 1288 656 tamen
1318 601 1554 657 hominis
1598 603 1975 656 conﬁrmatum
2019 608 2182 654 testa-

577 706 824 752 mentum
864 709 1027 751 nemo
1075 695 1319 764 spernit,
1365 704 1460 750 aut
1511 694 1915 765 superordiuat.
1949 690 2184 748 Abrahae

581 785 744 843 dicta:
771 795 901 841 sunt
933 784 1345 855 promissiones,
1371 794 1426 841 et
1460 784 1653 840 semini
1686 783 1826 853 ejus.
1858 781 1987 844 Non,
2011 781 2142 836 dicit
2168 798 2182 834 :

586 882 657 938 Et
687 881 1024 951 seminibus,
1069 879 1226 952 quasi
1274 880 1330 936 in
1373 880 1600 936 multis:
1629 879 1726 936 sed
1762 877 1916 950 quasi
1947 878 2000 932 in
2037 891 2182 930 uno:

583 978 655 1034 Et
684 976 881 1034 semini
925 986 1041 1040 tuo,
1085 976 1176 1045 qui
1227 985 1313 1033 est
1360 975 1634 1032 Christus.
1666 974 1782 1032 Hoc
1819 981 2000 1028 autem
2039 971 2184 1036 dico,

581 1083 968 1131 testamentum
995 1072 1380 1128 conﬁrmatum
1406 1088 1435 1133 a
1461 1071 1604 1127 Deo:
1636 1086 1758 1142 quae
1782 1076 1904 1139 post
1931 1066 2188 1139 quadrin-

577 1176 773 1240 gentos
801 1175 856 1222 et
895 1166 1118 1236 triginta
1160 1179 1336 1221 annos
1374 1163 1514 1220 facta
1545 1173 1629 1220 est
1655 1163 1764 1230 lex,
1812 1179 1922 1217 non
1967 1160 2185 1216 irritum

583 1257 715 1314 facit
749 1257 815 1312 ad
847 1255 1215 1314 evacuandam
1257 1255 1693 1326 promissionem.
1727 1253 1860 1309 Nam
1898 1252 1945 1308 si
1976 1268 2041 1307 ex
2074 1252 2188 1320 lege

580 1351 897 1418 haereditas,
925 1351 1036 1423 jam
1084 1366 1190 1405 non
1237 1365 1300 1406 ex
1336 1349 1698 1420 promissione
1730 1347 1858 1419 [.Ms.
1891 1347 2188 1414 repromis-

579 1445 776 1518 sione].
808 1444 1043 1502 Abrahte
1087 1453 1267 1500 autem
1313 1459 1408 1512 per
1449 1443 1933 1512 repromissionem
1962 1440 2190 1494 donavit

586 1538 748 1594 Deus.
771 1537 908 1606 Quid
935 1537 1098 1609 igitur
1119 1536 1242 1592 lex?
1268 1536 1496 1606 Propter
1520 1535 1990 1605 transgressiones
2017 1535 2191 1602 posita

588 1639 692 1697 est,
725 1631 902 1686 donec
935 1630 1151 1685 veniret
1183 1646 1394 1694 semen,
1427 1631 1510 1684 cui
1542 1630 1900 1698 promiserat,
1943 1627 2188 1682 ordinata

595 1739 695 1795 per
743 1723 964 1794 angelos
1009 1722 1064 1777 in
1116 1739 1275 1776 manu
1323 1722 1660 1776 mediatoris.
1709 1720 1972 1776 Mediator
2009 1729 2188 1774 autem

600 1817 759 1874 unius
787 1832 894 1872 non
919 1825 1038 1871 est:
1077 1816 1220 1870 Deus
1259 1825 1440 1870 autem
1479 1831 1614 1867 unus
1641 1823 1744 1868 est.
1784 1814 1893 1868 Lex
1924 1827 2054 1882 ergo
2091 1810 2183 1866 ad
2223 1809 2267 1869 Β

603 1923 795 1966 versus
817 1908 1085 1978 promissa
1113 1907 1242 1962 Dei?
1274 1904 1448 1961 Absit.
1482 1905 1537 1961 Si
1571 1905 1713 1960 enim
1743 1905 1866 1959 data
1896 1916 2041 1960 esset
2074 1904 2152 1957 lex
2175 1945 2188 1968 ,

595 2017 716 2073 quae
744 2010 928 2072 posset
950 1999 1078 2074 [Ms.
1107 1998 1298 2069 possit]
1321 1997 1619 2066 viviﬁcarc,
1650 2015 1777 2052 vere
1809 2014 1873 2052 ex
1902 1997 2020 2066 lege
2047 2004 2191 2050 esset

594 2098 830 2169 justitia.
860 2095 966 2153 Sed
999 2096 1271 2152 conclusit
1292 2094 1567 2166 Scriptura
1601 2097 1780 2148 omnia
1815 2095 1913 2148 sub
1947 2103 2191 2162 peccato,

596 2202 654 2249 ut
677 2192 966 2265 promissio
987 2207 1052 2247 ex
1078 2191 1182 2245 ﬁde
1205 2189 1332 2245 Jesu
1358 2189 1556 2244 Christi
1581 2188 1800 2244 daretur
1821 2187 2189 2242 credentibus.

601 2285 761 2342 Prius
789 2295 966 2340 autent
997 2300 1156 2355 quam
1197 2284 1405 2338 veniret
1450 2282 1602 2346 ﬁdes,
1645 2281 1748 2337 sub
1778 2281 1896 2350 lege
1925 2280 2191 2335 custodie-

597 2377 791 2434 bamur
818 2377 1085 2443 conclusi,
1118 2378 1170 2432 in
1223 2392 1341 2432 eam
1370 2376 1529 2431 fidem
1573 2391 1692 2444 quae
1741 2374 2026 2430 revelanda
2057 2382 2191 2428 erat.

597 2471 788 2543 Itaque
818 2473 900 2529 lex
933 2471 1259 2544 paedagogus
1303 2481 1487 2526 noster
1519 2471 1619 2525 fuit
1659 2472 1710 2526 in
1756 2469 1995 2538 Christo,
2042 2479 2100 2524 ut
2128 2485 2194 2524 ex

598 2564 707 2620 ﬁde
731 2564 1114 2636 justiﬁcemur.
1154 2563 1223 2620 At
1257 2564 1344 2620 ubi
1373 2564 1520 2618 venit
1553 2564 1708 2629 ﬁdes,
1733 2563 1843 2633 jam
1875 2578 1980 2617 non
2009 2577 2196 2616 sumus

599 2657 700 2714 sub
733 2657 1051 2730 paedagogo.
1075 2658 1280 2714 Omnes
1301 2660 1447 2714 enim
1483 2659 1574 2714 lilii
1606 2660 1697 2714 Dei
1728 2659 1860 2714 estis
1882 2673 1978 2729 per
2011 2657 2193 2722 ﬁdem,

597 2765 720 2822 quae
751 2759 834 2806 est
857 2750 909 2804 in
931 2749 1150 2806 Christo
1175 2749 1324 2806 Jesu.
1357 2751 1693 2821 Quicumque
1719 2753 1865 2807 enim
1891 2750 1946 2805 in
1979 2749 2197 2805 Christo

596 2842 858 2914 baptizati
889 2845 1046 2912 estis,
1075 2843 1352 2900 Christum
1385 2843 1660 2900 induistis.
1691 2843 1806 2898 Non
1838 2853 1918 2899 est
1947 2842 2194 2909 Iudaeus,

599 2949 776 3007 neque
823 2937 1044 2992 Graecus
1072 2956 1084 2991 :
1115 2953 1222 2993 non
1267 2948 1352 2994 est
1395 2954 1607 3005 servus,
1651 2953 1827 3008 neque
1872 2939 2052 2994 liber:
2089 2955 2194 2992 non

599 3038 684 3085 est
707 3031 1006 3099 masculus,
1039 3046 1214 3102 neque
1246 3031 1469 3086 femina.
1506 3031 1710 3087 Omnes
1731 3033 1880 3087 enim
1908 3046 2005 3087 vos
2027 3047 2194 3086 unum

595 3122 728 3178 estis
770 3121 824 3179 in
865 3122 1084 3180 Christo
1124 3125 1277 3181 Jesu.
1323 3123 1381 3182 Si
1429 3135 1611 3180 autem
1655 3141 1755 3181 vos
1803 3123 2198 3197 Christizergo

599 3230 788 3274 semen
818 3218 1050 3274 Ahraha:
1095 3220 1249 3285 estis,
1281 3220 1578 3276 secundum
1624 3221 2042 3290 promissionem
2079 3219 2195 3275 bae-
2222 3197 2268 3260 (ἶ

598 3307 776 3364 redes.

668 3407 820 3481 [ϐαρ.
854 3408 972 3481 IV.]
1017 3409 1149 3466 Dico
1184 3418 1366 3466 autem
1409 3429 1420 3466 :
1466 3410 1682 3476 Quanto
1721 3420 1968 3483 tempore
2021 3411 2198 3466 haeres

595 3502 856 3576 parvulus
885 3510 970 3558 est
995 3543 1009 3565 ,
1034 3502 1166 3558 nihil
1199 3502 1436 3559 differta
1466 3521 1656 3573 servo,
1689 3521 1810 3562 cum
1845 3507 1917 3562 sit
1944 3505 2198 3561 dominus

594 3596 836 3653 omnium
872 3595 1008 3652 :sed
1035 3597 1136 3652 sub
1165 3597 1439 3654 tutoribus
1472 3608 1527 3655 et
1558 3601 1838 3655 actoribus
1874 3609 1990 3662 est,
2027 3613 2197 3670 usque

594 3691 660 3748 ad
687 3691 1017 3763 prasﬁnitum
1050 3699 1262 3763 tempus
1292 3708 1320 3747 a
1353 3702 1508 3765 patre
1541 3712 1553 3747 :
1583 3694 1656 3750 ita
1689 3704 1740 3749 et
1765 3709 1864 3750 nos
1896 3709 2018 3750 cum
2043 3708 2194 3750 esse-

595 3799 716 3841 mus
741 3783 949 3855 parvuli
975 3825 991 3851 ,
1022 3785 1123 3840 sub
1162 3785 1451 3843 elementis
1477 3787 1661 3842 mundi
1700 3803 1918 3843 eramus
1949 3788 2194 3843 servien-

595 3888 698 3935 tes.
729 3877 800 3933 At
829 3877 916 3933 ubi
945 3877 1094 3934 venit
1129 3878 1406 3948 plenitudo
1439 3881 1721 3950 temporis,
1747 3879 1893 3936 misit
1923 3880 2065 3936 Deus
2099 3879 2189 3934 Fi-

592 3973 726 4030 lium
753 3986 935 4038 suum,
967 3969 1169 4028 factum
1193 3988 1260 4029 ex
1295 3974 1549 4038 muliere.
1579 3974 1780 4030 factum
1805 3974 1908 4030 sub
1940 3974 2061 4044 lege
2090 4017 2105 4041 ,
2138 3986 2198 4030 ιιι

591 4080 714 4132 eos,
746 4065 838 4137 qui
865 4063 970 4120 sub
993 4064 1113 4136 lege
1150 4074 1338 4133 erant,
1385 4067 1712 4135 redimeret,
1747 4080 1802 4124 ut
1835 4068 2193 4139 adoptionem

593 4157 831 4214 ﬁliorum
887 4157 1283 4228 reciperemus.
1343 4159 1610 4228 Quoniam
1664 4171 1846 4216 autem
1905 4161 2038 4218 estis
2097 4161 2194 4217 ﬁlii

596 4249 725 4323 [Με.
751 4247 1045 4321 add.|Dei],
1071 4251 1221 4306 misit
1245 4252 1390 4308 Deus
1413 4251 1680 4324 Spiritum
1701 4253 1824 4309 Filii
1855 4255 1938 4308 sui
1963 4255 2016 4322 in
2029 4253 2194 4310 corda

595 4352 777 4398 vestra
810 4343 938 4416 [Μι.
965 4343 1174 4413 nostra]
1198 4387 1213 4411 ,
1237 4345 1563 4402 clamantem
1602 4364 1613 4399 :
1643 4346 1795 4402 Abba
1820 4391 1834 4415 ,
1871 4347 2049 4403 Pater.
2093 4348 2196 4404 ita-

593 4448 704 4505 que
724 4433 836 4504 jam
863 4451 972 4492 non
1005 4443 1091 4492 est
1119 4449 1350 4503 servus,
1381 4436 1475 4493 sed
1519 4435 1681 4493 ﬁlius.
1714 4438 1869 4505 Quod
1910 4439 1954 4495 si
1987 4440 2135 4496 ﬁlius
2179 4460 2190 4496 :

593 4536 649 4582 et
690 4526 864 4583 haeres
912 4545 1009 4598 per
1051 4528 1245 4584 Deum.
1296 4528 1403 4586 Sed
1446 4541 1575 4587 tunc
1617 4532 1836 4603 quidem
1882 4533 2194 4604 ignorantes

595 4617 789 4688 Deum,
821 4620 886 4678 iis
913 4621 1005 4693 qui
1030 4630 1222 4678 natura
1252 4637 1360 4679 non
1393 4634 1521 4680 sunt
1549 4624 1648 4691 dli,
1671 4625 2012 4682 serviebatis.
2041 4626 2196 4683 Nunc

595 4719 780 4766 autem
820 4726 944 4768 cum
998 4714 1367 4786 cognoveritis
1398 4713 1528 4787 [Με.
1574 4717 1932 4791 cognovistis]
1978 4719 2195 4786 Deum,

594 4803 766 4860 immo
808 4805 1012 4876 cogniti
1056 4806 1176 4860 sitis
1217 4820 1245 4859 a
1289 4805 1400 4863 Deo
1429 4849 1445 4875 ,
1493 4809 1771 4879 quomodo
1813 4811 2201 4878 convertimini

592 4894 788 4952 iterum
817 4895 887 4951 ad
917 4897 1127 4952 infirma
1152 4907 1210 4953 et
1238 4913 1406 4969 egena
1441 4899 1710 4957 elementa
1738 4943 1752 4969 ,
1787 4903 1986 4973 quibus
2015 4902 2195 4959 denuo

591 4991 808 5048 servire
840 4991 1047 5048 vultis?
1095 4991 1222 5048 Dies
1249 4993 1580 5059 observatis,
1611 5005 1669 5051 et
1700 5011 1942 5064 menses,
1975 5010 2030 5054 et
2059 5009 2196 5055 tem-

593 5100 728 5157 pora
756 5127 771 5152 ,
803 5096 858 5142 et
881 5101 1078 5144 annos.
1110 5085 1306 5143 Timeo
1329 5103 1426 5143 vos
1447 5129 1462 5152 ,
1504 5103 1572 5145 ne
1598 5087 1740 5145 forte
1763 5091 1882 5147 sine
1922 5106 2084 5146 causa
2115 5093 2193 5148 la-

589 5177 898 5236 boraverim
929 5179 982 5235 in
1014 5179 1195 5236 vobis.
1235 5180 1422 5237 Estote
1463 5182 1602 5237 sicut
1629 5197 1732 5253 ego
1757 5223 1773 5250 ,
1817 5183 1942 5254 quia
1988 5195 2044 5239 et
2091 5200 2193 5256 ego

587 5269 733 5329 sicut
762 5286 859 5326 vos
893 5290 906 5326 :
941 5271 1142 5329 fratres
1165 5314 1180 5340 ,
1214 5273 1444 5329 obsecro
1475 5288 1591 5329 vos.
1626 5273 1772 5329 Nihil
1807 5290 1896 5331 me
1946 5275 2188 5332 laesiStis.

587 5361 966 5420 Scitis-autem
1000 5365 1129 5436 quia
1163 5380 1258 5436 per
1286 5366 1662 5421 inﬁrmitatem
1703 5367 1884 5424 carnis
1913 5370 2192 5439 evangeli-

587 5458 709 5515 zavi
738 5440 898 5514 vobis
942 5459 1267 5531 jampridem
1311 5477 1326 5516 :
1363 5469 1421 5517 et
1460 5463 1818 5519 tentationcm
1859 5473 2095 5521 vestram
2139 5465 2193 5522 in

2223 4587 2275 4648 D

619 5749 631 5763 .
666 5687 691 5716 ει
721 5678 947 5763 Propius
986 5680 1178 5763 Crmco
1215 5683 1418 5746 textui,
1454 5684 1557 5763 alta
1584 5683 1738 5763 5,399:
1764 5692 1916 5763 Σινᾷ,
1952 5687 2004 5742 in
2035 5688 2194 5744 Pala-

593 5753 708 5808 tino
755 5768 854 5808 ms.
903 5753 1120 5824 legitur,
1162 5773 1194 5809 a
1241 5763 1410 5809 monte
1457 5753 1624 5812 Siua.'
1643 5758 1766 5814 Mox
1794 5800 1809 5824 ,
1843 5753 1975 5817 Sina
2020 5771 2190 5817 autem

595 5841 744 5881 mons
767 5833 843 5882 est
867 5826 920 5882 in
948 5825 1144 5882 Arabia
1165 5870 1180 5897 ,
1202 5826 1290 5898 qui
1315 5829 1624 5900 conjunctus
1640 5867 1657 5897 ,
1685 5837 1794 5887 etc.

1586 299 1648 358 S.
1691 296 2072 358 HIERONYMI
2110 294 2345 354 DIVINA
2380 294 2860 364 BIBLIOTHECA.

3762 301 3854 357 776

2288 426 2454 466 carne
2485 427 2604 468 mea
2631 425 2737 466 non
2762 407 3067 480 sprevistis,
3101 421 3275 480 neque
3304 409 3628 480 respuistis:
3654 412 3740 467 sed
3767 416 3857 469 sic-

2286 503 2629 574 utangelum
2670 503 2767 559 Dei
2810 501 3106 572 excepistis
3151 516 3239 558 me
3265 545 3278 570 ,
3321 502 3753 559 sicuthristum
3782 505 3858 562 Je-

2285 610 2426 652 sum.
2457 596 2560 653 Ubi
2610 607 2693 652 est
2737 611 2870 667 ergo
2917 593 3204 651 beatitudo
3233 596 3458 650 vestra?
3515 597 3857 654 testimonium

2286 687 2432 745 enim
2462 687 2724 759 perhibeo
2755 686 2910 742 vobis
2933 726 2953 754 ,
2998 688 3123 758 quia
3143 728 3156 750 ,
3206 687 3251 741 si
3279 685 3404 742 ﬁeri
3432 695 3613 756 posset
3634 686 3752 760 [Μι.
3779 706 3864 764 po-

2289 781 2524 853 tuisset],
2557 781 2744 836 oculos
2770 790 2986 837 vestros
3007 779 3314 850 eruissetis,
3339 792 3396 836 et
3423 775 3707 837 dedissetis
3725 783 3862 838 mihi.

2289 875 2429 948 Ergo
2462 874 2590 948 [‘Ms.
2617 875 2743 930 add.
2775 873 2900 946 ego]
2928 875 3182 934 inimicus
3212 873 3366 929 vobis
3395 873 3573 930 factus
3606 888 3719 930 sum
3740 916 3755 942 ,
3785 893 3866 933 ve-

2288 985 2408 1026 rum
2440 968 2628 1026 dicens
2669 968 2866 1024 vobis?
2907 966 3257 1023 Emulantur
3285 981 3384 1022 vos
3418 982 3525 1022 non
3573 969 3705 1024 bene
3740 985 3752 1021 :
3781 971 3862 1026 sed

2288 1062 2580 1120 excludere
2609 1076 2708 1117 vos
2736 1062 2922 1117 volunt
2952 1102 2967 1127 ,
3019 1070 3076 1116 ut
3117 1059 3243 1114 illos
3286 1059 3648 1116 :emulemini.
3679 1058 3863 1117 Bonum

2290 1165 2470 1212 autem
2515 1153 2845 1210 :emulamini
2884 1153 2938 1208 in
2969 1153 3115 1209 bono
3151 1167 3376 1223 semper
3410 1168 3424 1206 :
3453 1160 3510 1208 et
3538 1168 3649 1208 non
3679 1164 3863 1210 tantum

2289 1266 2413 1306 cum
2436 1264 2679 1319 praesens
2701 1264 2824 1305 sum
2854 1247 2998 1319 apud
3029 1262 3150 1304 vos.
3188 1247 3368 1303 Filioli
3399 1247 3506 1303 mei
3533 1290 3550 1315 ,
3599 1261 3730 1318 quos
3772 1245 3864 1305 ite-

2292 1362 2411 1402 rum
2453 1345 2700 1416 parturio
2727 1385 2743 1411 ,
2796 1345 2972 1400 donec
3018 1343 3287 1399 formetur
3329 1341 3588 1398 Christus
3631 1341 3680 1396 in
3707 1343 3863 1398 vobis.

2294 1439 2501 1496 Vellem
2529 1452 2710 1495 autem
2735 1454 2856 1495 esse
2886 1437 3029 1508 apud
3061 1451 3156 1493 vos
3177 1438 3364 1506 modo,
3394 1447 3452 1494 et
3476 1446 3684 1492 mutare
3703 1452 3866 1494 vocem

2294 1550 2471 1590 meam
2504 1551 2517 1588 :
2549 1537 2802 1603 quoniam
2825 1531 3134 1588 confundor
3157 1533 3208 1587 in
3234 1533 3408 1588 vobis.
3446 1531 3617 1588 Dicite
3643 1531 3766 1587 mihi
3788 1533 3868 1604 qui

2292 1629 2395 1684 sub
2427 1629 2546 1698 lege
2573 1628 2735 1682 vultis
2761 1642 2882 1682 esse
2902 1668 2917 1691 ,
2965 1626 3139 1696 legem
3185 1639 3294 1681 non
3338 1625 3588 1694 legistis?
3618 1624 3865 1694 Scriptum

2295 1730 2380 1778 cst
2420 1723 2600 1786 enim,
2645 1722 2900 1790 quoniam
2949 1722 3224 1778 Abraham
3271 1721 3414 1777 duos
3465 1721 3608 1776 ﬁlius
3653 1721 3864 1776 habuit:

2299 1830 2464 1870 unum
2487 1814 2554 1870 de
2574 1815 2804 1881 ancilla,
2836 1825 2887 1869 et
2919 1829 3089 1868 unum
3117 1813 3185 1868 de
3216 1812 3413 1869 libera.
3445 1813 3558 1869 Sed
3589 1813 3673 1882 qui
3695 1812 3759 1868 de
3783 1828 3868 1867 an-

2293 1908 2441 1972 cilla,
2475 1906 2775 1963 secundum
2807 1923 3030 1961 carnem
3059 1917 3219 1961 natus
3253 1919 3338 1962 est
3369 1923 3383 1960 :
3409 1906 3500 1977 qui
3529 1914 3703 1960 autem
3729 1908 3791 1961 de
3812 1906 3866 1960 li-

2295 2002 2448 2067 bera,
2476 2017 2571 2071 per
2597 2002 3080 2072 repromissionem
3107 2020 3120 2057 :
3147 2017 3270 2072 quae
3296 2009 3427 2056 sunt
3449 2016 3548 2070 per
3577 2000 3866 2072 allegoriam

2295 2093 2459 2150 dicta.
2489 2096 2614 2151 Haec
2645 2095 2953 2152 enimsunt
2997 2096 3106 2152 duo
3152 2106 3498 2152 testamenta.
3544 2093 3714 2151 Unum
3763 2095 3869 2162 qui-

2296 2189 2418 2246 dem
2447 2199 2473 2227 ε
2505 2188 2558 2245 ἱιι
2589 2200 2772 2246 monte
2799 2191 2928 2248 Sina
2951 2233 2966 2258 ,
2999 2192 3051 2246 in
3080 2192 3402 2246 servitutem
3433 2204 3697 2262 generans
3727 2207 3739 2243 :
3766 2205 3870 2260 quae

2295 2293 2382 2340 est
2411 2285 2557 2356 Agar
2587 2303 2598 2339 :
2630 2283 2764 2341 Sina
2788 2285 2930 2340 enim
2957 2300 3116 2341 mons
3144 2296 3228 2341 est
3262 2283 3317 2340 in
3343 2283 3567 2350 Arabia,
3596 2282 3712 2354 quia
3751 2297 3869 2338 con-

2292 2379 2515 2448 junctus
2548 2390 2628 2433 est
2655 2380 2704 2435 ei
2734 2421 2749 2444 ,
2785 2396 2907 2448 quae
2949 2395 3090 2434 nunc
3126 2389 3214 2436 est
3253 2379 3557 2436 Jerusalem
3586 2419 3601 2444 ,
3645 2387 3700 2432 et
3724 2379 3870 2433 servit

2297 2490 2417 2531 cum
2449 2476 2570 2530 ﬁliis
2602 2474 2738 2530 suis.
2769 2475 2864 2530 Illa
2894 2483 3079 2532 autem
3110 2515 3124 2538 ,
3155 2489 3279 2544 qua:
3308 2473 3530 2529 sursum
3559 2480 3644 2528 est
3677 2469 3880 2526 Jerusa--

2299 2569 2403 2625 lem
2427 2612 2442 2636 ,
2478 2571 2651 2624 libera
2678 2579 2794 2634 est;
2823 2585 2944 2640 qua:
2967 2579 3051 2625 est
3074 2581 3248 2624 mater
3275 2579 3487 2624 nostra.
3511 2566 3770 2636 Scriptum
3795 2574 3868 2621 est

2298 2665 2442 2719 enim
2470 2682 2483 2718 :
2514 2664 2745 2733 Lzetare,
2779 2663 3004 2732 sterilis,
3039 2680 3158 2733 qua~
3186 2679 3290 2718 non
3323 2663 3470 2733 paris
3505 2680 3520 2716 :
3547 2674 3796 2730 erumpe,
3823 2667 3870 2716 et

2297 2757 2469 2812 clama
2496 2797 2509 2819 ,
2553 2772 2676 2827 quae
2718 2771 2825 2811 non
2857 2757 3089 2827 parturis
3125 2775 3136 2810 :
3167 2756 3290 2828 quia
3321 2755 3477 2810 multi
3511 2755 3600 2810 ﬁlii
3624 2753 3868 2824 deserta,

2300 2851 2474 2921 magis
2495 2865 2656 2922 quam
2689 2850 2806 2919 ejus
2846 2866 2964 2919 quae
2994 2849 3158 2904 habet
3186 2850 3384 2904 virum.
3423 2848 3533 2904 Nos
3558 2857 3750 2914 autem,
3779 2847 3871 2900 fra-

2302 2953 2443 3009 tres,
2476 2942 2775 3000 secundum
2810 2944 2960 2998 Isaac
2994 2942 3373 3012 promissionis
3418 2943 3512 2998 ﬁlii
3552 2955 3750 3022 sumus.
3777 2937 3868 2994 Sed

2299 3036 2575 3107 quomodo
2603 3045 2733 3092 tunc
2763 3036 2810 3092 is
2832 3078 2846 3101 ,
2888 3037 2982 3107 qui
3013 3036 3309 3092 secundum
3337 3051 3564 3093 carnem
3596 3045 3744 3091 natus
3772 3033 3870 3090 fue-

2302 3139 2422 3195 rat,
2459 3129 2885 3201 persequebatur
2915 3145 3039 3186 eum
3067 3172 3082 3197 ,
3131 3131 3223 3201 qui
3261 3131 3563 3187 secundum
3593 3130 3819 3200 spiritum
3850 3146 3863 3184 :

2303 3224 2371 3278 ita
2403 3233 2460 3278 et
2496 3239 2661 3279 nunc.
2709 3223 2814 3280 Sed
2856 3225 2983 3296 quid
3027 3223 3158 3280 dicit
3193 3225 3521 3296 Scriptura?
3554 3225 3700 3296 Ejice
3724 3224 3870 3280 ancil-

2300 3317 2403 3372 lam
2434 3359 2448 3382 ,
2482 3325 2538 3372 et
2579 3317 2750 3373 ﬁlium
2785 3318 2904 3386 ejus
2941 3337 2952 3371 :
2985 3334 3094 3375 non
3121 3321 3267 3376 enim
3297 3320 3479 3376 haeres
3505 3321 3612 3376 erit
3641 3319 3772 3374 ﬁlius
3790 3333 3872 3372 an-

2298 3411 2440 3466 cillre
2473 3427 2597 3466 cum
2647 3410 2759 3464 ﬁlio
2788 3411 2995 3466 liberae.
3032 3412 3214 3484 Itaque
3242 3456 3256 3480 ,
3296 3412 3498 3470 fratres
3525 3457 3538 3481 ,
3573 3427 3675 3468 non
3706 3423 3870 3468 sumus

2300 3505 2510 3560 ancilla:
2545 3505 2681 3573 ﬁlii,
2715 3505 2809 3561 sed
2843 3505 3028 3561 libera:
3056 3523 3068 3560 :
3100 3522 3201 3578 qua
3244 3506 3503 3564 libertate
3526 3505 3762 3563 Christus
3786 3518 3871 3560 nos

2295 3599 2574 3666 liberavit.

2374 3689 2523 3764 ICap.
2561 3691 2650 3760 V.|
2677 3691 2867 3760 State,
2895 3681 2956 3748 et
3001 3693 3168 3749 nolite
3211 3695 3408 3749 iterum
3459 3695 3588 3765 jugo
3619 3687 3872 3748 servitutis

2297 3785 2586 3840 contineri.
2621 3785 2759 3841 Ecce
2790 3800 2891 3857 ego
2922 3787 3120 3842 Paulus
3164 3786 3288 3843 dico
3319 3786 3479 3842 vobis
3515 3803 3527 3839 :
3561 3781 3798 3854 quoniam
3828 3779 3869 3832 si

2297 3877 2764 3933 circumcidamini
2794 3921 2809 3943 ,
2836 3877 3088 3935 Christus
3129 3881 3285 3936 vobis
3323 3879 3460 3935 nihil
3493 3877 3743 3950 proderit.
3777 3873 3867 3929 Te-

2297 3970 2506 4028 stiﬁcor
2535 3983 2714 4028 autem
2746 3988 2934 4030 rursus
2958 3974 3103 4028 omni
3131 3973 3335 4030 homini
3365 3969 3768 4030 circumcidenti
3798 3982 3867 4032 se,

2298 4067 2552 4138 quoniam
2597 4067 2818 4123 debitor
2853 4076 2936 4123 est
2964 4069 3238 4124 universa:
3270 4069 3406 4140 legis
3434 4065 3708 4126 faciendae.
3747 4061 3871 4118 Eva-

2297 4163 2441 4218 cuati
2491 4162 2625 4218 estis
2653 4177 2680 4216 a
2712 4159 2968 4232 Christo,
3002 4164 3092 4234 qui
3139 4163 3194 4218 in
3237 4163 3355 4232 lege
3397 4157 3801 4233 jtistilicamini:
3843 4167 3868 4206 a

2297 4255 2467 4326 gratia
2500 4254 2800 4310 excidistis.
2831 4253 2939 4310 Nos
2959 4256 3104 4310 enim
3128 4255 3322 4325 spiritu
3352 4271 3419 4311 ex
3455 4254 3559 4310 fide
3585 4296 3598 4316 ,
3630 4263 3771 4319 spem
3789 4247 3868 4316 ju-

2300 4347 2465 4402 stitiae
2493 4354 2908 4417 exspectamus.
2926 4347 3060 4402 Nam
3087 4349 3140 4403 in
3165 4347 3384 4404 Christo
3411 4348 3562 4415 Jesu,
3595 4357 3760 4413 neque
3777 4337 3870 4394 cir-

2297 4438 2560 4494 cumcisio
2586 4437 2792 4508 aliquid
2813 4439 2977 4503 valet,
3005 4455 3179 4512 neque
3203 4439 3532 4511 praeputium
3565 4457 3577 4492 :
3610 4437 3700 4493 sed
3729 4431 3864 4497 ﬁdes,

2299 4545 2421 4602 quae
2471 4545 2568 4603 per
2609 4529 2934 4594 charitatem
2995 4542 3273 4601 operatur.
3331 4529 3644 4589 Currebatis
3694 4527 3866 4581 bene:

2299 4625 2424 4695 quis
2447 4640 2546 4680 vos
2568 4624 2848 4695 impedivit
2880 4626 3092 4680 veritati
3123 4642 3230 4680 non
3269 4625 3530 4682 obedire?
3550 4633 3578 4675 b
3608 4616 3869 4678 Persuasio

2303 4717 2420 4773 haec
2449 4731 2556 4772 non
2585 4725 2672 4773 est
2699 4733 2766 4774 ex
2798 4732 2885 4782 eo,
2913 4719 3005 4788 qui
3031 4728 3187 4774 vocat
3217 4735 3334 4773 vos.
3361 4717 3623 4774 Modicum
3655 4713 3868 4768 fermen-

2300 4818 2414 4866 tum
2439 4818 2608 4866 totam
2639 4827 2872 4867 massam
2901 4813 3220 4882 corrumpit.
3266 4813 3379 4884 Ego
3403 4810 3618 4874 conﬁdo
3659 4809 3706 4862 in
3727 4802 3864 4860 vob38

2299 4903 2352 4958 in
2388 4903 2615 4958 Domino
2643 4945 2660 4971 ,
2693 4904 2838 4974 quod
2871 4905 3003 4960 nihil
3051 4905 3202 4960 aliud
3251 4905 3476 4976 sapietis
3519 4923 3532 4959 :
3570 4901 3658 4973 qui
3701 4907 3864 4953 autem

2297 4997 2592 5052 conturbat
2623 5012 2722 5054 vos
2744 5041 2760 5066 ,
2803 4999 3044 5068 portabit
3087 4999 3350 5070 judicium
3378 5040 3395 5066 ,
3448 5001 3759 5070 quit-umque
3793 4996 3867 5046 est

2299 5089 2414 5144 ille.
2445 5089 2560 5160 Ego
2588 5100 2769 5148 autem
2795 5133 2810 5158 ,
2844 5090 3044 5148 fratres
3071 5134 3087 5159 ,
3132 5093 3179 5148 si
3219 5093 3682 5148 circumeisionem
3711 5083 3868 5138 adhuc

2303 5182 2433 5255 [Μσ.
2468 5195 2570 5240 tac.
2599 5185 2800 5256 adhuc]
2841 5187 3079 5256 praedico
3113 5206 3127 5241 :
3168 5187 3300 5258 quid
3339 5187 3516 5244 adhuc
3563 5177 3866 5256 persecutio-

2300 5293 2424 5332 nem
2466 5278 2688 5348 patior?
2721 5279 2865 5349 Ergo
2894 5287 3212 5336 evacuatum
3241 5287 3327 5335 est
3351 5277 3655 5336 scandalum
3687 5267 3864 5345 cruciS-

2301 5366 2521 5425 Utinam
2568 5380 2624 5426 et
2672 5371 3068 5427 abscindantur
3112 5372 3203 5442 qui
3251 5387 3348 5428 vos
3391 5368 3722 5428 conturbant.
3773 5359 3866 5411 Vos

2301 5466 2446 5522 enim
2470 5466 2525 5522 in
2557 5466 2862 5523 libertatem
2897 5469 3074 5524 vocati
3103 5467 3238 5526 estis
3259 5509 3276 5536 ,
3309 5468 3504 5524 fratres
3533 5485 3546 5522 :
3584 5470 3776 5520 tantum
3807 5464 3866 5506 ne

2373 5690 2399 5730 ιι
2427 5691 2623 5748 Subdit
2651 5692 2768 5752 haec
2809 5695 2982 5751 Palat.
3024 5709 3127 5752 ms.
3153 5696 3316 5752 verba
3339 5739 3354 5764 ,
3403 5701 3592 5754 nemini
3628 5698 3865 5764 consente-

2301 5763 2597 5893 ςὶιέεὼὲμω
2637 5767 2853 5837 quidem
2896 5782 3074 5839 neque
3119 5768 3169 5824 in
3210 5763 3404 5827 Graec
3433 5780 3576 5828 textu
3621 5763 3864 5822 habentur

2321 5851 2359 5892 ιι
2509 5852 2546 5892 ι.
2671 5891 2674 5893 λ

2321 5851 2391 5892 uc
2417 5851 2546 5892 IOCI.
