4128 6330
299 327 406 383 777

1162 325 1504 388 EPISTULA
1541 326 1603 384 B.
1646 323 1854 385 PAULI
1893 324 2230 383 APOSTOLI
2269 326 2362 382 AD
2402 324 2752 383 EPIIESIOS.

3501 326 3606 382 778

303 441 611 497 libertatem
645 441 699 497 in
727 442 1075 497 occasionem
1114 441 1254 499 detis
1277 443 1458 499 carnis
1479 486 1495 511 ,
1526 412 1621 499 sed
1652 458 1749 513 per
1775 418 1905 496 cha-
1931 446 1978 504 Α
2008 440 2213 511 aliquid
2242 456 2367 499 esse
2394 487 2408 513 ,
2442 457 2568 498 cum
2598 441 2733 497 nihil
2772 442 2843 498 sit
2870 483 2885 507 ,
2913 441 3030 511 ipse
3082 455 3143 497 se
3184 440 3413 497 seducit.
3456 443 3604 513 Opus

303 536 520 591 ritatem
560 545 586 574 ιι
610 536 846 607 Spiritus
882 535 1082 593 servile
1125 538 1376 593 invicem.
1408 539 1599 594 Omnis
1639 540 1781 593 enim
1818 539 1903 593 lex

304 629 361 684 in
400 646 508 685 uno
545 643 800 686 sermone
831 629 1124 699 impletur:
1159 631 1361 701 Diliges
1400 633 1705 701 proximum
1753 641 1901 687 tuum

304 722 450 779 sicut
477 731 528 779 te
558 722 760 792 ipsum.
789 721 943 789 Quod
964 724 1009 777 si
1042 724 1272 780 invicem
1307 724 1570 779 mordetis
1594 767 1606 789 ,
1643 734 1699 779 et
1724 740 1905 780 come-

304 814 437 870 ditis
468 832 480 867 :
512 814 695 870 videte
714 855 730 880 ,
759 829 828 870 ne
855 814 923 869 ab
950 814 1183 871 invicem
1210 816 1627 871 consumamini.
1654 816 1785 870 Dico
1812 831 1906 871 au-

309 920 417 968 tem
447 928 461 965 :
490 909 694 981 Spiritu
721 910 1017 977 ambulate,
1052 920 1108 967 et
1129 910 1401 967 desideria
1429 910 1612 967 carnis
1644 927 1749 965 non
1786 926 1906 980 per-

306 1003 526 1060 ﬁcietis.
566 1004 711 1059 Caro
750 1004 895 1060 enim
928 1005 1273 1074 concupiscit
1312 1005 1574 1061 adversus
1607 1005 1854 1075 spiritum
1891 1022 1903 1059 :

308 1096 534 1168 spiritus
556 1106 737 1153 autem
767 1097 1033 1153 adversus
1062 1113 1282 1153 carnem
1315 1115 1329 1152 :
1362 1097 1479 1153 haec
1508 1098 1652 1154 enim
1685 1098 1791 1154 sibi
1827 1099 1909 1152 in-

303 1194 482 1250 vicem
511 1194 871 1249 adversantur
903 1212 914 1248 :
943 1204 1003 1248 ut
1039 1209 1144 1248 non
1174 1207 1533 1265 quaecumque
1553 1193 1721 1247 vultis
1750 1233 1763 1258 ,
1820 1194 1906 1247 illa

304 1287 541 1343 faciatis.
568 1286 722 1356 Quod
757 1288 804 1343 si
826 1286 1017 1357 spiritu
1045 1286 1330 1355 ducimini,
1354 1303 1461 1343 non
1489 1288 1618 1342 estis
1640 1288 1740 1342 sub
1766 1287 1905 1357 lege.

306 1379 596 1436 Manifesta
618 1390 748 1436 sunt
768 1389 949 1437 autem
976 1394 1141 1451 opera
1174 1383 1356 1436 carnis
1383 1398 1396 1434 :
1433 1397 1552 1451 qua:
1583 1392 1709 1435 sunt
1740 1381 1911 1436 forni-

307 1475 452 1529 catio
480 1515 495 1539 ,
524 1474 870 1530 immunditia
900 1516 916 1542 ,
951 1474 1286 1545 impudicitia
1306 1516 1320 1541 ,
1347 1474 1557 1529 luxuria
1576 1514 1589 1541 ,
1636 1474 1907 1529 idolorum

305 1568 569 1638 cerritus,
602 1567 891 1632 veneficia,
923 1566 1221 1623 inimicitiae
1242 1606 1259 1633 ,
1282 1567 1659 1623 contentiones
1684 1611 1699 1634 ,
1736 1583 1910 1622 aemu-

310 1660 564 1727 lationes,
598 1662 718 1728 irae,
750 1663 903 1730 rixte,
938 1663 1329 1727 dissensiones,
1363 1672 1529 1718 secta:
1558 1660 1585 1699 1’
1614 1704 1628 1727 ,
1661 1662 1910 1730 invidiae,

310 1752 632 1823 homicidia,
666 1754 982 1821 ebrietates,
1012 1756 1461 1821 comessationes,
1488 1766 1540 1811 et
1567 1756 1650 1809 his
1676 1756 1870 1810 similia
1895 1772 1908 1809 :

2007 542 2189 588 autem
2214 548 2370 589 suum
2396 533 2595 603 probet
2616 533 3013 603 unusquisque,
3046 543 3098 588 et
3128 533 3279 587 sicin
3308 536 3603 602 semetipso

2010 637 2213 683 tantum
2237 628 2465 697 gloriam
2497 628 2717 684 habebit
2742 670 2754 693 ,
2782 637 2833 683 et
2866 642 2970 683 non
2996 626 3049 682 iu
3084 627 3276 683 altero.
3303 627 3605 698 Unusquis-

2006 735 2111 791 que
2136 722 2279 776 enim
2312 735 2452 776 onus
2497 736 2654 776 suum
2686 706 2943 791 portabit.
2977 722 3352 776 Communicet
3379 731 3556 776 autem
3586 762 3602 787 ,

2007 813 2053 867 is
2078 815 2168 883 qui
2192 814 2559 870 catechizatur
2588 815 2775 882 verbo,
2804 815 2853 871 ei
2876 816 2967 887 qui
2997 831 3058 871 se
3088 815 3392 872 catechizat
3418 817 3469 870 in
3490 831 3605 871 om-

2007 909 2166 965 nibus
2209 910 2385 965 bonis.
2435 910 2611 966 Nolite
2663 926 2846 966 errare
2903 927 2917 968 :
2960 911 3103 967 Deus
3150 925 3257 966 non
3323 910 3601 965 irridetur.

2007 1002 2140 1070 Qua:
2168 1004 2315 1059 enim
2345 1004 2697 1059 seminaverit
2728 1006 2891 1059 homo
2920 1044 2935 1069 ,
2972 1007 3089 1059 hate
3131 1012 3187 1059 et
3229 1012 3417 1059 metet.
3460 1004 3607 1071 Quo-

2009 1104 2152 1157 niam
2183 1102 2277 1173 qui
2304 1103 2536 1159 seminat
2568 1104 2620 1158 in
2654 1118 2819 1159 carne
2854 1118 2949 1158 sua
2979 1145 2993 1170 ,
3018 1102 3098 1165 ,de
3137 1117 3301 1157 carne
3344 1111 3399 1157 et
3443 1109 3609 1157 metet

2011 1196 2415 1265 corruptionem
2438 1200 2457 1249 ':
2483 1197 2573 1265 qui
2611 1206 2789 1251 autem
2820 1198 3051 1251 seminat
3084 1197 3135 1250 in
3164 1196 3380 1266 Spiritu,
3405 1194 3473 1249 de
3502 1195 3613 1263 Spi-

2010 1288 2116 1345 ritu
2147 1297 2313 1346 metet
2342 1291 2507 1344 vitam
2533 1300 2815 1346 aeternam.
2862 1291 3068 1345 Bonum
3102 1298 3290 1345 autem
3322 1288 3608 1355 facientes,

2012 1398 2118 1438 non
2149 1382 2465 1440 deﬁciamus
2514 1403 2526 1439 :
2580 1395 2825 1454 tempore
2855 1386 2999 1439 enim
3042 1400 3143 1440 suo
3188 1395 3459 1440 metemus
3506 1401 3612 1439 non

2011 1476 2345 1534 deficientes.
2379 1479 2522 1547 Ergo
2562 1478 2690 1533 dum
2736 1488 2947 1549 tempus
2985 1478 3249 1534 habemus
3275 1523 3289 1548 ,
3324 1493 3614 1548 operemur

2013 1572 2214 1627 bonum
2250 1570 2570 1651 a’d‘omnes,
2603 1572 2840 1628 maxime
2871 1582 3053 1627 autem
3096 1572 3161 1626 ad
3190 1573 3522 1627 domesticos
3554 1572 3615 1630 ft-

2013 1664 2121 1720 dei.
2150 1664 2342 1720 Videte
2365 1665 2613 1734 qualibus
2648 1665 2844 1721 litteris
2873 1664 3069 1736 scripsi
3094 1665 3246 1721 vobis
3274 1681 3396 1721 mea
3428 1682 3613 1719 manu.

2014 1757 2347 1829 Quicumque
2376 1762 2522 1815 enim
2551 1760 2743 1814 volunt
2778 1760 2997 1829 placere
3045 1760 3097 1813 in
3140 1774 3342 1835 carne,
3389 1759 3440 1813 hi
3485 1757 3613 1830 [Μδ.

320 1861 444 1918 qua:
473 1848 709 1917 prtedico
738 1848 911 1916 vobis,
943 1848 1083 1904 sicut
1114 1848 1363 1919 praedixi,
1393 1850 1645 1921 quoniam
1677 1850 1766 1919 qui
1792 1850 1916 1904 talia
1951 1836 1993 1897 Β
2024 1861 2127 1905 lac.
2171 1849 2249 1920 hi]
2290 1861 2491 1923 cogunt
2522 1866 2621 1907 vos
2658 1852 2977 1907 circumcidi
3032 1868 3045 1906 :
3088 1859 3295 1906 tantum
3347 1859 3403 1906 ut
3442 1852 3620 1907 crucis

317 1951 517 2013 agunt,
549 1957 780 2014 regnum
824 1942 922 1999 Dei
954 1959 1061 1999 non
1092 1952 1517 2015 consequentur.
1560 1944 1790 2000 Fructus
1819 1961 1916 1999 au-

317 2042 427 2089 tem
462 2033 699 2105 Spiritus
728 2042 813 2091 est
839 2033 1114 2100 charitas,
1148 2035 1425 2103 gaudium,
1457 2050 1581 2105 pax,
1616 2036 1872 2104 patientia
1903 2078 1918 2103 ,

314 2128 649 2199 benignitas,
673 2128 907 2198 bonitas,
942 2129 1346 2200 longanimitas,
1375 2139 1395 2167 ο
1429 2130 1794 2185 mansuetudo
1813 2172 1826 2195 ,
1854 2130 1918 2184 ﬁ-

315 2222 435 2288 des,
461 2223 754 2289 modestia,
783 2224 1142 2291 continentia,
1164 2223 1409 2279 castitas.
1438 2225 1714 2280 Adversus
1737 2223 1923 2293 hujus-

314 2314 463 2370 modi
487 2330 595 2371 non
626 2328 708 2371 est
742 2317 849 2371 lex.
894 2316 999 2383 Qui
1028 2324 1210 2370 autem
1253 2322 1383 2371 sunt
1410 2314 1656 2381 Christi,
1700 2331 1923 2372 carnem

318 2421 473 2463 suam
508 2407 902 2464 crueiﬁxerunt
930 2422 1054 2463 cum
1085 2409 1233 2463 vitiis
1262 2417 1317 2463 et
1356 2408 1833 2479 concupiscentiis.
1865 2407 1925 2465 Si

318 2499 514 2570 spiritu
545 2499 776 2555 vivimus
799 2542 813 2566 ,
847 2500 1040 2570 spiritu
1072 2511 1127 2556 et
1171 2500 1536 2556 ambulemus.
1567 2499 1684 2555 Non
1715 2500 1925 2557 cilicia-

320 2604 446 2645 mur
475 2590 658 2647 inanis
686 2591 878 2662 gloria:
906 2590 1128 2663 cupidi,
1162 2593 1395 2650 invicem
1426 2603 1786 2665 provocantes
1806 2636 1821 2663 ,
1848 2595 1928 2649 in-

324 2682 503 2737 vicem
536 2683 865 2741 invidentes.

399 2774 554 2848 [Cap.
578 2774 694 2848 VL]
721 2777 966 2844 Fratres,
989 2787 1045 2835 et
1067 2779 1114 2834 si
1145 2788 1557 2851 prmoccupatus
1579 2779 1744 2837 fuerit
1767 2778 1930 2836 homo

323 2867 379 2922 in
400 2867 581 2939 aliquo
603 2867 830 2936 delicto,
850 2884 969 2936 vos,
996 2874 1087 2941 qui
1112 2873 1423 2943 spirituales
1437 2874 1597 2942 estis,
1618 2873 1927 2946 bujusmodi

322 2961 578 3019 iustruite
608 2964 661 3018 in
689 2964 885 3034 spiritu
911 2964 1154 3021 lenitatis
1188 2982 1200 3020 :
1235 2967 1597 3024 considerans
1644 2977 1695 3023 te
1724 2966 1928 3040 ipsum,

321 3071 394 3112 ne
423 3065 479 3112 et
504 3064 560 3112 tu
591 3057 835 3113 tenteris.
869 3058 1023 3114 Alter
1052 3059 1292 3115 alterius
1321 3075 1488 3116 onera
1516 3071 1753 3132 portate,
1778 3070 1833 3117 et
1852 3063 1934 3119 sic

322 3148 689 3221 adimplebitis
719 3149 895 3223 legem
922 3148 1156 3208 Christi.
1182 3150 1317 3207 Nam
1344 3153 1390 3208 si
1417 3153 1541 3224 quis
1569 3155 1853 3211 existimat
1876 3169 1936 3211 se

2022 1944 2220 2001 Christi
2249 1947 2683 2015 persecutionem
2735 1959 2841 2000 non
2898 1944 3195 2014 patiantur.
3247 1942 3433 2014 Neque
3475 1942 3620 1999 enim

2023 2039 2111 2110 qui
2140 2037 2629 2103 circumciduntur,
2675 2037 2851 2108 legem
2898 2037 3257 2102 custodiunt,
3305 2035 3399 2091 sed
3429 2035 3625 2089 volunt

2024 2147 2121 2187 vos
2152 2132 2464 2188 circumcidi
2494 2174 2509 2200 ,
2538 2140 2599 2187 ut
2643 2133 2695 2186 in
2738 2145 2905 2187 carne
2924 2140 3105 2187 vestra
3133 2130 3457 2201 glorientur.
3489 2127 3620 2183 Mihi

2026 2232 2205 2279 autem
2251 2225 2392 2280 absit
2438 2224 2701 2297 gloriari,
2740 2224 2840 2278 nisi
2872 2222 2925 2277 in
2976 2238 3141 2279 cruce
3184 2222 3404 2279 Domini
3452 2222 3625 2276 nostri

2024 2316 2159 2374 Jesu
2186 2317 2393 2373 Christi
2419 2362 2434 2385 ,
2459 2333 2558 2387 per
2587 2332 2748 2387 quem
2776 2316 2907 2370 mihi
2936 2316 3168 2371 mundus
3196 2314 3488 2371 cruciﬁxus
3517 2326 3624 2379 est,

2030 2422 2084 2469 et
2106 2428 2209 2485 ego
2240 2412 2463 2468 mundo.
2496 2412 2552 2468 In
2585 2412 2806 2468 Christo
2836 2412 2981 2467 enim
3012 2412 3163 2478 Jesu,
3197 2425 3374 2481 neque
3395 2410 3629 2465 circum-

2029 2508 2165 2562 cisio
2193 2505 2395 2577 aliquid
2416 2506 2580 2572 valet,
2609 2520 2784 2576 neque
2807 2505 3156 2574 praeputium,
3183 2502 3279 2557 sed
3308 2516 3447 2557 nova
3470 2516 3628 2557 crea-

2034 2612 2173 2657 tura.
2211 2601 2278 2653 Et
2305 2600 2633 2671 quicumque
2654 2599 2793 2654 hanc
2812 2599 3053 2669 regulam
3082 2596 3258 2653 secuti
3280 2596 3501 2658 fuerint,
3528 2610 3629 2663 pax

2032 2708 2197 2763 super
2220 2692 2341 2747 illos
2362 2734 2377 2758 ,
2410 2700 2462 2748 et
2496 2691 2872 2748 misericordia
2896 2733 2909 2758 ,
2942 2700 2997 2746 et
3017 2704 3181 2761 super
3205 2688 3375 2745 Israel
3405 2688 3523 2744 Dei.
3557 2688 3635 2744 De

2033 2796 2238 2841 caetero
2262 2800 2422 2840 nemo
2450 2784 2581 2839 mihi
2614 2784 2877 2840 molestus
2906 2786 2977 2839 sit
3007 2800 3020 2838 :
3055 2798 3161 2853 ego
3188 2784 3335 2839 enim
3376 2781 3629 2851 stigmata

2034 2879 2247 2934 Domini
2278 2880 2407 2933 Jesu
2442 2877 2571 2952 [Με.
2616 2886 2718 2932 lac.
2758 2873 2912 2945 Jesu]
2955 2875 3008 2930 in
3041 2889 3273 2945 corpore
3302 2888 3426 2929 meo
3455 2884 3633 2942 porto.

2035 2971 2221 3027 Gratia
2270 2970 2484 3026 Domini
2532 2969 2702 3025 nostri
2747 2968 2873 3024 Jesu
2917 2967 3118 3025 Christi
3160 2982 3282 3023 cum
3327 2965 3525 3037 spiritu
3549 2980 3638 3019 ve-

2038 3075 2152 3123 stro
2167 3107 2182 3135 ,
2215 3064 2435 3121 fratres.
2469 3066 2665 3120 Amen.
3164 3058 3165 3061 “

1247 3269 1479 3344 Explicit
1520 3270 1764 3342 Epistola
1792 3272 1859 3333 Β.
1891 3273 2053 3332 Pauli
2098 3276 2322 3346 apostoli
2363 3276 2431 3330 ad
2466 3274 2704 3332 Galatas.

397 3440 425 3512 ξι
451 3430 656 3516 Nomen
685 3432 947 3516 Spiritus,
984 3433 1128 3516 quod
1149 3442 1214 3516 et
1241 3449 1271 3489 a
1309 3433 1518 3491 Graecis
1546 3435 1827 3508 plerisque
1854 3436 1921 3493 li-
1947 3451 1994 3516 ρ
2024 3438 2375 3516 ali‘ert,__sectaz
2400 3480 2415 3504 ,
2438 3438 2679 3494 hwreses.

325 3500 439 3559 bris
465 3504 651 3572 abest,
684 3500 741 3559 in
766 3505 878 3559 Pal.
915 3500 1019 3559 ms:
1047 3506 1413 3562 desideratur.

396 3573 426 3654 ξ)
460 3577 715 3654 Ejusdem
734 3577 884 3654 vocis
902 3577 1143 3654 αἱρέσεις,
1164 3592 1285 3654 quae
1304 3582 1463 3635 unice
1485 3580 1537 3654 i_n
1559 3578 1749 3654 Graeco
1774 3591 1923 3636 textu

325 3646 582 3715 habetur,
633 3649 901 3720 duplicem
946 3646 1451 3720 interpretationem
1490 3651 1769 3707 Palatinus
1811 3668 1915 3709 ms.

2109 3521 2130 3549 ο
2167 3511 2266 3566 ilic
2296 3525 2493 3565 nomen
2518 3512 2882 3578 mansuetudo,
2921 3510 3079 3580 paulo
3110 3521 3289 3567 autem
3324 3520 3448 3581 post
3476 3512 3635 3566 casti-

2032 3590 2113 3636 las
2134 3622 2149 3650 ,
2184 3582 2461 3637 Palatinus
2493 3598 2597 3639 ms.
2631 3596 2752 3638 eum
2774 3583 2981 3639 Graecis
3010 3584 3217 3654 aliquot
3237 3582 3390 3639 libris
3422 3584 3638 3639 reticet.

1082 3927 1258 4039 Β.
1348 3924 1919 4041 PAULI
1991 3923 2905 4042 APOSTOLI

1824 4119 2120 4185 INCIPIT

774 4281 1747 4434 EPISTULA
1812 4282 2093 4429 AD
2166 4282 3183 4435 EPHESIOS.

399 4649 550 4721 [ϐαρ.
582 4646 650 4721 1.]
671 4647 871 4704 Paulus
904 4648 1187 4720 apostolus
1208 4646 1340 4704 Jesu
1370 4646 1571 4704 Christi
1606 4660 1705 4717 per
1733 4646 1929 4703 volun-

327 4752 492 4799 tatem
517 4744 641 4813 Dei,
663 4743 916 4800 omnibus
945 4743 1169 4811 sanctis,
1198 4743 1291 4815 qui
1314 4752 1439 4799 sunt
1473 4741 1695 4813 Ephesi,
1720 4752 1775 4798 et
1800 4742 1932 4797 ﬁde-

325 4836 473 4891 libus
519 4836 573 4891 in
616 4833 834 4891 Christo
876 4835 1029 4895 Jesu.
1060 4836 1246 4893 Gratia
1273 4836 1429 4891 vobis
1457 4877 1471 4901 ,
1515 4845 1569 4891 et
1606 4816 1707 4905 pax
1751 4850 1779 4889 a
1823 4835 1934 4892 Deo

329 4930 490 4986 Patre
527 4940 736 4999 nostro,
786 4940 841 4987 et
881 4931 1110 4987 Domino
1149 4931 1280 4988 Jesu
1310 4929 1556 4986 Christo.
1612 4929 1937 4986 Benedictus

327 5022 474 5079 Deus
503 5034 557 5080 et
585 5024 747 5081 Pater
775 5025 988 5080 Domini
1022 5024 1197 5082 nostri
1221 5025 1353 5081 Jesu
1380 5022 1579 5079 Christi
1607 5066 1620 5091 ,
1653 5023 1742 5093 qui
1774 5026 1937 5079 bene-

327 5114 464 5172 dixit
494 5132 594 5171 nos
623 5117 676 5172 in
708 5118 856 5173 omni
888 5116 1272 5173 benedictione
1304 5116 1575 5188 spirituali
1615 5116 1667 5170 in
1698 5116 1935 5172 ctelesti-

331 5208 433 5265 bus
461 5211 517 5265 in
546 5209 793 5278 Christo,
836 5214 975 5267 sicut
1014 5212 1177 5283 elegit
1204 5226 1305 5267 nos
1331 5211 1386 5265 in
1418 5212 1535 5282 ipso
1583 5221 1708 5267 ante
1744 5212 1933 5267 mundi

332 5300 800 5374 constitutionem,
832 5312 893 5359 ut
926 5318 1171 5359 essemus
1209 5306 1381 5361 sancti
1417 5312 1470 5359 et
1515 5303 1854 5359 immaculati
1883 5304 1935 5359 in

333 5407 629 5469 conspectu
673 5399 791 5469 ejus
831 5400 884 5454 in
926 5398 1217 5455 charitate.
1249 5398 1352 5465 Qui
1398 5397 1808 5469 praedestinavit
1841 5413 1939 5454 nos

333 5488 387 5545 in
416 5490 764 5560 adeptionem
818 5493 1049 5548 filiorum
1093 5507 1191 5562 per
1220 5490 1408 5548 Jesum
1436 5489 1713 5547 Christum
1754 5491 1808 5545 in
1862 5491 1942 5562 ip-

336 5598 480 5649 sum,
512 5585 810 5641 secundum
844 5586 1183 5657 propositum
1217 5583 1520 5639 voluntatis
1554 5599 1688 5653 sum,
1724 5584 1775 5639 in
1820 5584 1941 5638 lau-

338 5676 463 5734 dem
494 5678 686 5751 gloriae
706 5681 893 5752 gratia:
922 5695 1057 5747 sure,
1081 5682 1135 5735 in
1161 5693 1269 5751 qua
1297 5676 1625 5751 gratiﬁcavit
1656 5693 1754 5733 nos
1777 5678 1829 5733 in
1856 5678 1943 5734 di-

2037 4648 2181 4704 lecto
2212 4648 2355 4707 Filio
2400 4666 2517 4707 suo.
2552 4654 2606 4708 ln
2636 4670 2742 4724 quo
2773 4654 3041 4712 habemus
3076 4657 3507 4731 redemptionem
3541 4678 3639 4732 per

2038 4744 2353 4815 sanguinem
2397 4746 2536 4816 ejus,
2594 4747 2975 4805 remissionem
3027 4761 3393 4823 peccatorum,
3444 4770 3639 4813 secun-

2040 4835 2165 4890 dum
2195 4837 2412 4893 divitias
2435 4839 2620 4909 gratiae
2645 4840 2785 4910 ejus,
2813 4856 2935 4911 quae
2965 4844 3429 4913 superabundavit
3459 4847 3515 4903 in
3545 4864 3641 4905 no-

2042 4929 2125 4984 bis
2149 4931 2199 4985 in
2224 4930 2370 4986 omni
2401 4932 2670 5001 sapientia
2697 4944 2751 4990 et
2780 4936 3065 5003 prudentia
3094 4955 3109 4991 :
3134 4946 3194 4993 ut
3218 4950 3405 4993 notum
3438 4937 3644 5001 faceret

2045 5023 2206 5078 nobis
2237 5034 2637 5081 sacramentum
2663 5027 2960 5085 voluntatis
2989 5044 3123 5098 sute,
3150 5032 3445 5088 secundum
3479 5035 3647 5093 bene-

2044 5115 2297 5185 placitum
2330 5117 2471 5186 ejus,
2518 5118 2657 5188 quod
2708 5120 2997 5190 preposuit
3042 5122 3092 5174 in
3138 5136 3225 5188 eo,
3272 5124 3323 5177 in
3364 5124 3647 5195 dispensa-

2047 5211 2194 5267 tione
2243 5211 2591 5281 plenitudinis
2640 5220 2968 5284 temporum,
3022 5216 3330 5274 instaurare
3366 5222 3545 5275 omnia
3591 5222 3647 5276 in

2043 5304 2287 5373 Christo,
2315 5322 2435 5377 qua:
2467 5308 2519 5361 in
2546 5307 2720 5375 cmlis,
2750 5320 2801 5364 et
2832 5326 2951 5380 qua:
2980 5310 3032 5364 in
3062 5320 3210 5367 terra
3244 5322 3389 5379 sunt,
3423 5314 3474 5369 in
3509 5316 3649 5386 ipso.

2048 5398 2103 5453 lu
2130 5414 2237 5469 quo
2267 5399 2425 5454 etiam
2461 5409 2486 5436 ἰ
2514 5409 2569 5456 et
2612 5416 2710 5455 nos
2740 5401 2882 5457 forte
2911 5404 3090 5459 vocati
3121 5420 3334 5473 sumus,
3373 5408 3656 5472 praedesti-

2051 5492 2159 5545 nati
2192 5492 2487 5547 secundum
2522 5496 2858 5563 propositum
2892 5496 3030 5565 ejus,
3064 5498 3153 5568 qui
3185 5507 3443 5568 operatur
3472 5502 3653 5557 omnia

2052 5583 2350 5639 secundum
2402 5586 2693 5641 consilium
2744 5587 3037 5643 voluntatis
3086 5606 3242 5645 suae:
3290 5603 3349 5645 ut
3387 5594 3559 5649 simus
3604 5595 3660 5650 in

2055 5675 2265 5732 laudem
2289 5674 2479 5747 gloria:
2509 5677 2627 5749 ejus
2660 5692 2759 5735 nos
2784 5678 2913 5752 [51s.
2948 5689 3051 5735 tac.
3085 5680 3229 5754 nos],
3258 5682 3350 5754 qui
3381 5695 3508 5741 ante
3538 5701 3661 5756 spe-

412 5844 439 5873 α
472 5835 648 5893 Verba
674 5846 719 5890 et
746 5854 860 5903 nos,
900 5853 1023 5908 quae
1063 5850 1239 5907 neque
1267 5836 1319 5891 in
1346 5835 1540 5893 Graeco
1570 5835 1837 5894 habentur
1869 5837 2185 5908 archetypo,
2217 5836 2490 5896 Palatinus
2520 5854 2622 5896 ms.
2661 5849 2825 5899 tacet.

621 5930 896 5992 PATROL-
958 5928 1207 5991 XXIX.

3149 5940 3228 6001 25
