4128 6330
590 309 693 366 779

1587 305 1646 364 S.
1687 303 2072 364 HIERONYMI
2111 303 2346 362 DIVINA
2384 304 2866 366 BIBLIOTIIECA.

3777 318 3868 378 780

587 393 833 480 ravimus
877 421 930 478 in
961 419 1222 479 Christo:
1283 421 1337 476 itt
1361 437 1469 492 quo
1505 429 1562 477 et
1615 436 1733 490 vos,
1777 439 1902 480 cum
1945 422 2188 479 audisse-
2213 423 2266 485 A
2291 424 2507 482 Christo
2533 425 2663 483 Jesu
2699 439 2818 494 vos,
2867 425 2959 499 qui
2999 427 3291 498 aliquando
3320 429 3491 486 eratis
3534 427 3712 502 longe,
3759 435 3869 492 tacti

587 517 658 573 tis
688 515 918 573 verbum
946 514 1192 573 veritatis
1221 515 1594 587 (Evangelium
1635 515 1828 572 salutis
1853 515 2093 589 vestrae],
2133 516 2187 572 in

587 626 694 682 quo
728 619 782 666 et
817 610 1103 667 credentes
1147 609 1348 682 signati
1379 609 1513 667 eStis
1554 609 1760 682 Spiritu
1809 611 2189 682 promissionis

586 714 799 775 sancto,
847 706 940 778 qui
985 714 1068 762 est
1111 706 1304 777 pignus
1345 703 1681 762 haereditatls
1730 711 1955 772 nostrae,
2007 703 2064 759 in
2101 716 2188 761 re-

585 799 956 871 demptionem
993 798 1387 870 acquisitionis,
1435 799 1485 853 in
1517 797 1733 854 laudem
1761 796 1954 870 gloria:
1995 797 2181 869 ipsius.

582 894 880 965 Propterea
913 902 968 949 et
993 909 1096 965 ego
1127 893 1357 949 audiens
1382 892 1545 950 ﬁdem
1578 900 1840 961 vestram,
1869 905 1992 964 qua:
2017 900 2102 948 est
2130 888 2184 948 in

585 989 820 1045 Domino
848 987 996 1058 Jesu,
1027 995 1083 1044 et
1105 987 1456 1044 dilectionem
1489 988 1541 1043 iu
1573 1002 1765 1044 omnes
1800 996 2045 1056 sanctos,
2075 999 2184 1043 non

583 1096 742 1138 cesso
775 1084 979 1153 gratias
1008 1095 1174 1154 agens
1202 1096 1300 1152 pro
1330 1082 1508 1150 vobis,
1548 1082 1869 1139 memoriam
1895 1082 2062 1139 vestri
2105 1074 2185 1137 ts.

579 1177 733 1235 ciens
759 1176 814 1231 in
842 1176 1186 1232 orationibus
1225 1176 1361 1232 meis
1393 1194 1405 1229 :
1436 1186 1490 1230 ut
1529 1176 1670 1233 Deus
1696 1217 1711 1244 ,
1751 1175 1966 1232 Domini
2011 1174 2183 1232 nostri

578 1271 708 1329 Jesu
759 1270 965 1328 Christi
1015 1280 1170 1342 pater
1207 1272 1415 1343 gloriae,
1468 1272 1562 1328 det
1592 1271 2042 1344 vobis'spiritum
2091 1285 2180 1326 sa-

574 1365 819 1438 pientiae,
848 1376 903 1421 et
933 1366 1304 1432 revelationis,
1339 1366 1392 1420 in
1429 1366 1708 1436 agnitione
1735 1365 1872 1436 ejus,
1907 1364 2182 1420 illuminao

575 1465 662 1515 tos
690 1459 878 1514 oculos
904 1459 1086 1514 cordis
1114 1459 1306 1524 vestri,
1348 1467 1406 1513 ut
1432 1458 1619 1515 sciatis
1657 1473 1778 1530 qum
1804 1460 1878 1514 sit
1914 1471 2041 1529 spes
2087 1471 2177 1514 vo-

573 1552 810 1608 cationis
845 1551 964 1622 ejus
1009 1551 1139 1625 [Μδ.
1174 1563 1275 1606 iac.
1312 1551 1451 1623 ejus]
1479 1591 1494 1618 ,
1522 1561 1578 1607 et
1605 1566 1726 1622 qua:
1764 1550 1967 1606 divitiae
1991 1549 2180 1622 gloria!

573 1645 910 1702 hacrcditatis
937 1645 1058 1716 ejus
1088 1647 1140 1700 in
1175 1645 1399 1711 sanctis,
1431 1654 1483 1700 et
1522 1659 1642 1716 quae
1666 1643 1739 1701 sit
1769 1642 2178 1715 supereminens

572 1739 890 1809 magnitudo
915 1737 1134 1794 virtutis
1170 1739 1289 1809 ejus
1334 1739 1388 1793 in
1435 1753 1554 1806 nos,
1604 1738 1698 1810 qui
1741 1739 2016 1795 credimus
2045 1735 2174 1812 [Πε.

2291 520 2424 576 estis
2464 534 2636 592 prope
2677 521 2730 577 in
2766 521 3040 592 sanguine
3066 521 3291 578 Christi.
3331 523 3458 595 ipse
3487 524 3629 581 enim
3656 537 3737 584 est
3781 545 3867 600 pax

2291 623 2502 682 nostra,
2548 615 2639 686 qui
2688 615 2816 672 fecit
2843 626 3073 689 utraque
3121 633 3306 686 unum,
3339 629 3396 675 et
3447 621 3681 678 medium
3711 626 3870 694 parie-

2291 715 2401 763 tem
2423 708 2676 764 maceria‘.
2699 708 2941 778 solvens,
2956 710 3269 768 inimicitias
3286 712 3341 767 in
3363 725 3531 769 carne
3553 727 3650 770 sua
3673 727 3687 770 :
3711 715 3868 788 legem

2289 800 2667 857 mandatorum
2713 801 2952 859 decretis
2987 814 3276 870 evacuaus,
3310 812 3373 861 ut
3416 804 3557 862 duos
3596 808 3783 864 condat
3823 813 3868 866 itt

2287 897 2586 969 semetipso
2612 895 2664 952 in
2695 911 2857 952 unum
2884 913 3083 952 novum
3115 899 3412 969 hominem,
3447 899 3654 956 faciens
3677 915 3867 973 pacem,

2287 997 2344 1046 et
2384 988 2512 1063 [Ms.
2543 987 2626 1063 ut}
2669 991 2987 1047 reconciliet
3028 991 3218 1048 ambos
3261 992 3316 1049 in
3345 1007 3463 1051 uno
3506 1005 3736 1064 corpore
3770 996 3870 1054 Deo

2289 1097 2384 1154 per
2411 1097 2651 1153 crucem,
2687 1083 3022 1141 interﬁciens
3053 1084 3367 1143 inimicitias
3397 1087 3454 1142 in
3477 1086 3785 1159 semetipso.
3817 1091 3872 1146 Et

2287 1180 2512 1236 veniens
2539 1179 2926 1252 evangelizavit
2948 1195 3133 1254 pacem
3165 1181 3338 1251 vobis,
3363 1181 3462 1254 qui
3492 1181 3659 1253 longe
3679 1183 3868 1251 fuistis,

2286 1281 2343 1328 et
2369 1287 2557 1344 pacem
2587 1272 2676 1340 iis,
2716 1273 2807 1344 qui
2851 1287 3042 1344 prope.
3072 1273 3339 1342 Quoniam
3371 1287 3474 1344 per
3520 1275 3695 1344 ipsum
3723 1274 3870 1332 habeo

2286 1385 2403 1428 mus
2433 1383 2711 1426 accessum
2743 1369 2906 1425 ambo
2930 1369 2984 1424 in
3011 1381 3120 1425 uno
3149 1367 3353 1440 Spiritui
3378 1369 3448 1423 ad
3480 1367 3714 1425 Patrem.
3744 1369 3871 1440 Ergo

2279 1463 2392 1534 jam
2425 1478 2533 1520 non
2563 1464 2697 1520 estis
2740 1462 3006 1534 hospites,
3039 1472 3096 1518 et
3127 1461 3349 1517 advenae
3381 1469 3397 1518 ε
3446 1460 3542 1517 sed
3585 1461 3714 1516 estis
3741 1459 3872 1519 cives

2285 1564 2622 1623 sanctorum,
2673 1563 2728 1611 et
2755 1554 3039 1611 domestici
3092 1553 3225 1609 Dei:
3259 1553 3684 1625 superaediﬁcati
3724 1565 3870 1624 super

2283 1648 2696 1706 fundamentum
2740 1647 3135 1719 apostolorum,
3194 1656 3250 1702 et
3303 1648 3721 1719 prophetarum,
3766 1647 3870 1717 ipso

2283 1753 2497 1799 Summo
2543 1741 2785 1813 angulari
2814 1740 2990 1812 lapide
3015 1739 3234 1796 Christo
3262 1741 3392 1796 Jesu
3423 1755 3440 1794 :
3489 1739 3543 1795 in
3570 1754 3680 1811 quo
3713 1741 3870 1797 omnis

570 1831 925 1905 credidimus]
955 1831 1252 1888 secundum
1279 1831 1654 1902 operationem
1679 1831 1937 1902 potentiae
1958 1831 2179 1888 virtutis
2209 1833 2258 1899 B
2284 1835 2574 1892 aediﬁcatio
2596 1842 2908 1891 constructa
2939 1834 3139 1892 crescit
3168 1835 3221 1890 in
3257 1835 3524 1905 templum
3555 1843 3797 1888 sanctum
3823 1835 3867 1888 in

568 1927 710 1999 ejus,
739 1943 901 1999 quam
928 1936 1187 1998 operatus
1225 1936 1310 1983 est
1343 1929 1396 1982 in
1430 1926 1670 1997 Christo,
1713 1926 1986 1982 suscitans
2018 1925 2172 1982 illum

567 2035 598 2076 a
628 2022 878 2086 mortuis,
908 2029 962 2076 et
991 2020 1332 2077 constituens
1354 2018 1422 2075 ad
1452 2017 1732 2075 dexteram
1756 2029 1909 2072 suam
1932 2019 1987 2072 in
2008 2018 2174 2074 coele-

568 2115 768 2183 stibus,
799 2129 960 2186 supra
989 2129 1206 2172 omnem
1239 2114 1624 2186 principatum,
1654 2123 1708 2170 et
1735 2122 2085 2183 potestatem,
2119 2123 2174 2169 et

565 2209 846 2276 virtutem,
879 2216 936 2264 et
977 2205 1434 2275 dominationem,
1465 2216 1522 2263 et
1553 2217 1715 2263 omne
1758 2221 1978 2274 nomen,
2027 2205 2170 2278 quod

566 2302 882 2358 nominatur
910 2312 1021 2358 non
1049 2301 1226 2359 solum
1271 2301 1329 2357 in
1372 2302 1476 2358 hoc
1506 2301 1729 2370 smculo,
1780 2301 1876 2357 sed
1916 2301 2084 2358 etiam
2115 2301 2171 2356 in

561 2395 765 2452 futuro.
797 2396 863 2450 Et
885 2396 1065 2452 omnia
1096 2395 1330 2467 subjecit
1358 2395 1460 2452 sub
1488 2395 1720 2466 pedibus
1750 2395 1892 2465 ejus,
1919 2407 1973 2449 et
1995 2396 2170 2465 ipsum

563 2489 712 2546 dedit
733 2499 895 2561 caput
925 2503 1090 2562 supra
1119 2499 1146 2526 τι
1173 2503 1390 2547 omnem
1414 2490 1741 2560 Ecclesiam,
1774 2506 1894 2562 qute
1923 2501 2006 2546 est
2044 2504 2166 2545 coro

563 2595 664 2652 pus
692 2582 884 2655 ipsius,
921 2591 976 2640 et
1012 2583 1296 2656 plenitudo
1335 2583 1476 2655 ejus,
1508 2584 1599 2655 qui
1623 2584 1801 2642 omnia
1831 2585 1883 2638 in
1913 2583 2169 2639 omnibus

556 2671 907 2746 adimpletur.
1151 2727 1156 2732 .

631 2766 784 2839 [ϐαρ.
831 2767 921 2841 11.]
971 2768 1039 2824 Et
1079 2783 1198 2839 vos,
1228 2781 1350 2826 cum
1393 2769 1592 2845 essetis
1629 2769 1826 2825 mortui
1871 2769 2084 2825 delictis
2115 2779 2170 2826 et

557 2861 798 2930 peccatis
843 2861 1057 2928 vestris,
1094 2863 1146 2917 in
1177 2857 1378 2934 quibus
1404 2862 1700 2934 aliquando
1733 2862 2052 2919 ambulastis
2083 2877 2169 2920 se-

553 2955 790 3011 cundum
816 2955 1079 3011 saeculum
1108 2955 1296 3012 mundi
1327 2955 1510 3027 hujus,
1534 2949 1837 3012 secundum
1863 2955 2164 3027 principem

551 3050 834 3120 potestatis
872 3051 1017 3107 aeris
1045 3051 1227 3122 hujus,
1263 3050 1488 3122 spiritus
1514 3051 1605 3124 qui
1635 3066 1785 3107 nunc
1815 3060 2069 3123 operatur
2111 3053 2164 3107 in

552 3143 581 3184 b
612 3145 785 3211 ﬁlios,
835 3145 1148 3202 difﬁdentiae
1192 3145 1301 3218 :Jin
1343 3145 1538 3217 quibus
1584 3156 1640 3200 et
1685 3161 1787 3202 nos
1836 3160 2027 3202 omnes
2075 3145 2167 3202 ali-

2279 1931 2548 1988 Domino:
2577 1930 2632 1987 in
2657 1945 2762 2004 quo
2791 1940 2843 1986 et
2868 1944 2963 1987 vos
2983 1927 3394 1987 coaediﬁcamini
3427 1930 3482 1985 in
3518 1927 3866 1984 habitaculum

2277 2025 2375 2084 Dei
2407 2026 2460 2081 in
2491 2025 2700 2096 Spiritu
2725 2024 2852 2097 [Ms.
2887 2024 3013 2078 add.
3046 2023 3281 2096 sancto].

2347 2117 2503 2192 [ϐαρ.
2551 2117 2664 2189 [IL]
2709 2117 2878 2189 Hujus
2918 2118 2998 2174 rei
3037 2119 3230 2191 gratia,
3278 2129 3383 2188 ego
3431 2115 3634 2171 Paulus
3678 2115 3867 2173 vinetus

2273 2210 2474 2268 Christi
2515 2212 2668 2276 Jesn,
2705 2226 2804 2282 pro
2832 2210 2990 2268 vobis
3023 2210 3296 2282 gentibus,
3345 2210 3392 2266 si
3430 2219 3614 2265 tamen
3660 2207 3869 2265 audistis

2273 2307 2740 2380 dispensationem
2770 2307 2961 2378 gratia:
2989 2306 3107 2375 Dei,
3137 2319 3258 2378 quae
3281 2305 3408 2361 data
3442 2312 3528 2361 est
3548 2304 3678 2360 mihi
3709 2305 3759 2359 iu
3787 2319 3868 2359 vo-

2274 2401 2403 2458 bis:
2443 2401 2695 2473 quoniam
2729 2399 3031 2457 secundum
3081 2399 3473 2456 revelatiouem
3522 2407 3705 2453 notum
3749 2397 3866 2452 mihi

2273 2494 2480 2552 factum
2533 2504 2617 2551 est
2659 2503 3086 2561 sacramentum,
3137 2493 3277 2548 sicut
3323 2505 3493 2563 supra
3582 2491 3772 2562 scripsi
3818 2490 3864 2545 in

2275 2589 2428 2646 brevi
2454 2605 2467 2642 :
2502 2595 2664 2659 prout
2693 2589 2917 2659 potestis
2941 2587 3184 2659 legentes
3209 2585 3524 2658 intelligere
3545 2583 3866 2656 prudentiain

2273 2698 2462 2742 meam.
2496 2684 2552 2737 in
2594 2682 2856 2754 mysterio
2884 2679 3087 2737 Christi
3125 2698 3138 2734 :
3169 2678 3311 2751 quod
3347 2678 3478 2734 aliis
3523 2675 3866 2750 generationi-

2276 2773 2378 2830 bus
2411 2785 2517 2830 noa
2549 2785 2632 2830 est
2662 2775 2902 2846 agnitum
2933 2773 3059 2829 ﬁliis
3086 2772 3394 2840 hominum,
3428 2772 3594 2829 sicuti
3625 2779 3762 2827 nunc
3790 2785 3866 2826 re-

2271 2869 2511 2926 veiatuut
2557 2875 2642 2925 est
2688 2868 2892 2924 sanctis
2917 2866 3180 2938 apostolis
3231 2866 3356 2937 ejus
3393 2873 3452 2922 et
3503 2862 3774 2936 prophetis
3814 2862 3862 2918 in

2273 2961 2508 3034 Spiritu:
2537 2961 2742 3019 Gentes
2767 2973 2890 3018 esse
2918 2959 3255 3028 eohaeredes,
3277 2971 3330 3016 et
3351 2959 3790 3036 cottcnrporales,
3816 2968 3864 3013 et

2269 3055 2688 3128 compsrticipes
2712 3055 3091 3127 promissionis
3121 3055 3238 3126 ejus
3272 3055 3325 3110 in
3358 3053 3582 3111 Christo
3607 3053 3741 3126 _Jesu
3781 3067 3864 3124 per

2272 3149 2626 3222 Evangelium
2659 3159 2674 3204 ὲ
2716 3151 2870 3221 cujus
2901 3147 3076 3205 factus
3106 3159 3232 3204 sum
3273 3147 3547 3214 minister,
3581 3145 3862 3203 secundum

553 3239 769 3310 quando
811 3240 1118 3294 conversati
1167 3253 1356 3294 sumus
1403 3237 1458 3293 in
1496 3239 1786 3294 desideriis
1827 3239 2010 3295 carnis
2060 3257 2155 3296 no-
2186 3243 2234 3308 C
2265 3245 2471 3300 donum
2493 3244 2687 3315 gratis:
2714 3243 2840 3314 Dei,
2861 3257 2983 3315 quae
3005 3241 3129 3298 data
3154 3251 3236 3297 est
3259 3240 3392 3296 mihi
3420 3239 3718 3298 secundum
3744 3252 3862 3309 ope-

551 3344 702 3400 strm,
737 3333 998 3391 facientes
1027 3333 1361 3390 voluntatem
1393 3333 1576 3389 carnis
1605 3341 1662 3390 et
1691 3344 1714 3373 ο
1743 3333 2152 3406 cogitationum,

549 3437 605 3482 et
634 3442 851 3484 eramus
875 3438 1068 3483 natura
1099 3427 1196 3482 ﬁlii
1227 3427 1345 3494 irm,
1377 3429 1518 3484 sicut
1537 3436 1594 3484 et
1621 3428 1806 3484 caeteri
1841 3444 1855 3484 :
1883 3428 2029 3486 Deus
2057 3443 2155 3485 au.

547 3528 683 3587 tem,
716 3519 809 3591 qui
839 3519 992 3576 dives
1023 3530 1106 3576 est
1139 3519 1192 3574 in
1225 3517 1626 3592 misericordia,
1676 3533 1898 3593 propter
1930 3523 2152 3578 nimiam

548 3612 868 3670 cbaritatem
916 3629 1093 3680 suam,
1130 3629 1233 3683 qua
1270 3613 1458 3669 dilexit
1506 3629 1628 3683 nos,
1661 3624 1716 3672 et
1750 3630 1872 3671 cum
1909 3630 2156 3672 essemus

547 3707 750 3763 mortui
776 3706 1035 3780 peccatis,
1064 3705 1468 3762 conviviﬁcavit
1498 3722 1596 3762 nos
1624 3707 1679 3762 in
1707 3705 1928 3765 Christo
1972 3709 2156 3781 (cujus

547 3800 720 3870 gratia
746 3802 880 3856 estis
908 3799 1126 3871 salvati)
1150 3808 1207 3856 et
1238 3803 1716 3871 couresuscitavit,
1753 3812 1810 3858 et
1853 3804 2154 3860 consedere

547 3892 680 3949 fecit
715 3895 768 3950 in
804 3894 1116 3952 coelestibus
1146 3894 1198 3950 in
1224 3893 1448 3952 Christo
1466 3895 1598 3954 Jesu
1623 3913 1636 3950 :
1663 3905 1722 3952 ut
1750 3899 2068 3956 ostenderet
2096 3901 2155 3955 in

547 3989 761 4046 szeculis
794 3991 1311 4060 supervenientibus
1351 3990 1688 4048 abundantes
1714 3991 1932 4049 divitias
1962 3993 2150 4066 gratiae

545 4098 659 4139 suae
690 4085 741 4139 in
780 4084 1022 4141 bonitate
1069 4099 1236 4154 super
1279 4099 1380 4140 nos
1424 4085 1477 4140 in
1523 4082 1744 4141 Christo
1780 4084 1928 4142 Jcsu.
1965 4086 2154 4145 Gratia

545 4177 690 4232 enim
719 4177 857 4233 estis
895 4177 1085 4232 salvati
1135 4193 1232 4248 per
1261 4178 1446 4247 ﬁdem,
1488 4187 1542 4235 et
1568 4178 1673 4234 hoc
1714 4195 1821 4234 non
1855 4195 1920 4236 ex
1963 4181 2146 4252 vobis,

547 4269 645 4325 Dei
674 4269 815 4324 enim
844 4268 1044 4324 donum
1086 4277 1194 4338 est,
1244 4283 1356 4326 non
1383 4286 1452 4327 ex
1495 4270 1787 4343 operibus,
1835 4283 1891 4328 ut
1923 4287 1992 4330 ne
2027 4276 2150 4346 quis

543 4362 826 4436 glorietur.
846 4360 1020 4431 ipsius
1031 4361 1178 4417 enim
1201 4373 1394 4420 sumus
1416 4363 1646 4430 factura,
1665 4365 1835 4420 creati
1857 4367 1909 4420 in
1931 4363 2154 4424 Christo

2263 3340 2533 3394 rationem
2562 3335 2778 3392 virtutis
2813 3336 2954 3406 ejus.
2987 3335 3114 3390 Mihi
3149 3335 3393 3390 omnium
3430 3343 3739 3390 sanctorum
3768 3331 3856 3384 mi-

2263 3432 2414 3488 nimo
2437 3431 2559 3487 data
2599 3441 2684 3488 est
2714 3429 2889 3501 gratia
2917 3429 3035 3487 haec
3074 3448 3086 3483 :
3115 3430 3171 3486 In
3197 3427 3459 3502 gentibus
3498 3423 3860 3498 evangelizare

2263 3523 2287 3562 ά
2317 3525 2722 3596 investigabiles
2747 3523 2963 3581 divitias
2983 3521 3212 3591 Christi,
3242 3533 3292 3580 et
3323 3519 3633 3578 illuminare
3659 3534 3856 3582 omnes,

2260 3633 2379 3687 quia
2402 3619 2474 3672 sit
2503 3616 2842 3688 dispensatio
2888 3616 3220 3673 sacramenti
3252 3614 3562 3672 abscoaditi
3589 3630 3620 3672 a
3659 3612 3859 3669 seculis

2259 3709 2314 3765 in
2351 3710 2486 3778 Deo,
2519 3711 2611 3781 qui
2640 3709 2824 3765 omnia
2852 3708 3080 3774 creavit,
3115 3718 3170 3764 ut
3213 3709 3526 3764 innotescat
3558 3703 3860 3779 principati-

2260 3803 2359 3858 bus
2385 3815 2438 3858 et
2461 3802 2824 3872 potestatibus
2851 3802 2904 3856 in
2925 3799 3239 3857 coelestibus
3261 3815 3361 3871 per
3383 3799 3710 3865 Ecclesiam,
3735 3795 3861 3851 mul-

2261 3895 2494 3954 tiformis
2523 3894 2791 3966 sapientia
2821 3893 2939 3961 Dei,
2974 3894 3273 3949 secundum
3313 3891 3728 3962 prmﬁuitionem
3765 3903 3857 3942 sa:-

2257 3991 2526 4056 culorum,
2551 4001 2711 4060 quam
2744 3986 2870 4045 fecit
2894 3990 2948 4042 iu
2973 3983 3196 4043 Christo
3218 3986 3348 4044 Jesu
3373 3986 3618 4042 Domino
3630 3993 3812 4040 nostro
3840 3997 3853 4034 :

2257 4085 2314 4141 ia
2334 4097 2441 4157 quo
2464 4083 2728 4139 habemus
2754 4081 3032 4147 ﬁduciam,
3065 4088 3122 4138 et
3142 4095 3424 4138 accessum
3454 4079 3512 4135 in
3541 4074 3853 4136 conﬁdentia

2258 4191 2355 4247 per
2382 4174 2544 4231 ﬁdem
2575 4174 2715 4246 ejus.
2751 4172 2983 4244 Propter
3025 4173 3168 4245 quod
3211 4180 3358 4243 peto,
3403 4188 3472 4228 ne
3509 4169 3769 4228 deﬁciatis
3805 4169 3854 4222 in

2256 4267 2695 4328 tribulationibs
2731 4269 2870 4326 meis
2912 4275 3012 4342 pro
3051 4267 3204 4326 vobis
3236 4287 3248 4321 :
3292 4275 3413 4338 Quae
3441 4276 3530 4323 est
3571 4265 3738 4338 gloria
3768 4277 3852 4318 ve-

2253 4373 2388 4424 stra.
2435 4359 2610 4438 Hujus
2637 4366 2717 4422 rei
2768 4365 2942 4437 gratia
2980 4355 3148 4420 aceto
3170 4373 3346 4435 genus
3378 4373 3495 4418 mea
3540 4361 3609 4417 ad
3648 4359 3851 4416 Patrem

545 4455 674 4513 Iesu
704 4457 758 4512 in
785 4454 1040 4526 operibus
1075 4455 1250 4522 bonis,
1282 4472 1403 4527 quae
1430 4459 1756 4528 praeparavit
1798 4460 1960 4532 Deus,
1994 4470 2051 4517 ut
2092 4462 2149 4517 in
2251 4460 2467 4518 Domini
2501 4461 2672 4518 nostri
2700 4460 2832 4516 Jesu
2861 4457 3086 4526 Christi,
3119 4473 3188 4515 ex
3213 4471 3322 4529 quo
3351 4454 3532 4512 omnis
3563 4451 3847 4527 paternitas

541 4548 650 4605 illis
672 4547 1033 4605 ambulemus.
1057 4547 1287 4620 Propter
1314 4549 1459 4621 quod
1485 4564 1757 4608 memores
1783 4562 1978 4620 estote,
2004 4553 2149 4625 quod
2253 4557 2308 4612 in
2337 4556 2494 4614 caelis
2524 4557 2657 4613 etin
2693 4564 2834 4611 terra
2874 4554 3209 4618 nominatur,
3237 4561 3297 4608 ut
3331 4551 3425 4609 det
3480 4550 3636 4606 vobis
3669 4561 3852 4604 secun-

543 4643 836 4717 aliquando
864 4656 961 4700 vos
994 4654 1186 4716 gentes
1209 4647 1264 4702 in
1295 4657 1484 4712 carne,
1513 4645 1605 4716 qui
1632 4646 1874 4704 dicimini
1906 4645 2034 4722 [Με.
2068 4648 2150 4706 di-
2174 4641 2231 4704 D
2254 4650 2385 4707 dum
2429 4649 2654 4707 divitias
2697 4647 2884 4721 gloriae
2935 4661 3071 4715 suae,
3122 4647 3320 4703 Virtute
3368 4637 3718 4702 corroborari
3762 4647 3850 4710 per

541 4737 833 4812 cebamini]
864 4738 1210 4810 praeputium,
1243 4739 1312 4795 ab
1333 4751 1394 4796 ea
1425 4751 1546 4811 qua:
1575 4739 1778 4798 dicitur
1803 4744 2148 4802 circumcisio

542 4833 600 4888 in
641 4844 826 4899 carne,
859 4830 1167 4888 manufacta
1205 4847 1218 4886 :
1260 4833 1386 4903 quia
1438 4833 1608 4889 eratis
1651 4833 1748 4890 illo
1795 4835 1849 4890 in
1900 4846 2146 4909 tempore

543 4927 664 4985 sine
687 4925 931 4994 Christo,
967 4927 1188 4983 alienati
1221 4941 1250 4983 a
1271 4927 1693 4985 conservatione
1722 4927 1911 4998 lsrael,
1951 4940 2008 4988 et
2047 4931 2151 4990 ho-

540 5021 712 5095 spites
733 5029 1208 5088 testamentorum,
1237 5020 1613 5090 promissionis
1635 5031 1788 5092 spem
1812 5038 1918 5080 non
1943 5023 2146 5082 habeti-

541 5124 650 5188 tes,
700 5123 756 5175 et
808 5117 930 5176 sine
972 5115 1089 5174 Deo
1140 5114 1200 5171 in
1237 5115 1338 5171 hoc
1385 5115 1608 5172 mundo.
1663 5113 1819 5174 Nunc
1863 5125 2047 5176 autem
2086 5125 2144 5179 in

619 5315 648 5344 ι
672 5301 951 5360 Palatinus
973 5310 1104 5369 ms.,
1139 5311 1296 5373 super
1318 5298 1490 5373 omnia
1516 5296 1761 5354 Εοειεοίω
1782 5315 1802 5354 :
1823 5313 1985 5373 quam
2016 5302 2143 5373 qui-

541 5377 666 5433 dem
696 5376 986 5432 lectionem
1011 5371 1224 5430 caeteris
1250 5371 1590 5444 prmferimus
1617 5385 1738 5444 cum
1780 5371 2022 5444 melioris
2035 5371 2144 5430 ἠο-

541 5457 610 5504 ta:
633 5462 763 5502 mss.
787 5457 840 5502 et
859 5445 1132 5502 veteribus
1157 5442 1344 5500 Bibliis
1368 5442 1807 5514 Corbeiensibus,
1825 5442 1978 5514 juxta
1991 5445 2143 5501 Cra:-

541 5535 687 5595 cum,
714 5520 845 5595 ὐῃέρ
874 5521 1042 5576 πάντα
1067 5517 1420 5595 ’τῇ-ἐκκλησίᾳ.
1461 5513 1685 5595 Accedit
1715 5511 1839 5586 ipse
1867 5517 2142 5595 sibidﬁde-

545 5585 724 5656 jusstir
745 5585 1493 5662 S.'interpres'VHierouyinus
1536 5587 1587 5641 in
1617 5585 2037 5662 Commentariis
2084 5591 2136 5646 in

541 5662 688 5745 hunc
735 5662 936 5745 locum,
974 5656 1078 5717 'uhi
1113 5656 1399 5745 lectlorte'nt
1429 5662 1584 5714 istam
1615 5656 1698 5714 iis
1727 5667 1884 5716 terve
1917 5663 2134 5731 repetit,

544 5743 709 5804 atque
733 5734 798 5789 ad
833 5735 1065 5789 litteram
1098 5734 1338 5801 exponit.

607 5805 636 5845 δ
661 5806 836 5877 Atque
864 5803 953 5863 hic
974 5804 1165 5862 Graeco
1193 5803 1436 5877 propius,
1465 5803 1520 5859 in
1547 5799 1696 5875 ﬁliis,
1721 5803 1996 5863 Palatinus
2026 5818 2132 5862 ms.

2254 4743 2516 4816 Spiritum
2549 4744 2668 4814 ejus
2696 4743 2748 4798 in
2779 4739 3101 4798 interiorem
3128 4739 3429 4807 hominem,
3455 4735 3738 4794 Christum
3763 4733 3851 4788 lia-

2253 4836 2432 4893 bitare
2456 4851 2554 4906 per
2583 4834 2743 4891 ﬁdem
2775 4834 2833 4890 in
2862 4829 3124 4890 cordibus
3145 4835 3368 4900 vestris,
3401 4830 3457 4888 in
3483 4829 3752 4887 charitate
3770 4833 3850 4881 rae

2255 4929 2422 4987 dicati
2458 4933 2514 4984 et
2555 4925 2786 4996 fundati,
2839 4936 2898 4982 ιιι
2945 4925 3166 4996 possitis
3220 4923 3691 4996 eumpreheudere
3729 4925 3844 4974 cum

2257 5024 2512 5084 omnibus
2552 5021 2778 5091 sanctis,
2811 5029 2932 5094 qua!
2961 5020 3036 5078 sit
3077 5021 3328 5088 latitudo,
3373 5028 3427 5077 et
3458 5016 3758 5092 longitudo,
3795 5017 3846 5067 et

2255 5117 2587 5186 sublimitas,
2611 5125 2667 5174 et
2693 5114 3022 5190 profundum
3051 5132 3065 5171 :
3094 5113 3237 5172 scire
3262 5116 3425 5172 etiam
3451 5109 3847 5185 strperemineua

2255 5299 2408 5360 ieait.

2312 5317 2508 5445 ge"ipse
2533 5381 2715 5429 autem
2740 5372 3110 5445 Hieronymus
3129 5373 3338 5428 mavult
3367 5372 3551 5445 legere
3575 5363 3843 5445 inminuit:

2250 5440 2510 5518 illamque
2537 5445 2854 5518 Latinorum
2893 5440 3145 5518 codicum
3190 5440 3712 5518 lectionem_videtur
3748 5440 3842 5488 im-

2250 5505 2506 5588 probai'e.
2541 5515 2742 5573 Confer
2769 5515 2891 5588 ejus
2914 5505 3350 5588 Commentarios
3383 5517 3434 5571 in
3481 5514 3622 5588 hunc
3651 5509 3839 5588 locum:

2324 5593 2350 5628 ά
2384 5591 2655 5646 Palatinus
2693 5579 3341 5663 ms.',_ininvestigubilcs,
3375 5579 3838 5663 quamiectionetu

2247 5663 2407 5718 unico
2430 5671 2613 5716 veram
2638 5673 2760 5718 esse
2781 5659 2961 5716 critici;
2979 5655 3307 5717 reeetitiores
3329 5655 3680 5732 captandum;
3700 5655 3840 5732 φειυέ

2249 5745 2432 5790 autent
2466 5735 2603 5789 bene
2633 5733 2842 5788 videtur
2877 5732 3079 5790 habere
3107 5735 3392 5804 impressa,
3415 5720 3838 5803 quandoquidem

2247 5821 2319 5864 ex
2345 5807 2540 5879 vestiga
2562 5807 2734 5863 verbo
2759 5804 3060 5863 derivatur.
