4128 6330
292 293 394 352 781

1144 286 1479 351 EPISTOLA
1523 282 1586 344 Β.
1624 277 1835 343 PAULI
1871 274 2212 341 APOSTOLI
2247 282 2341 343 AD
2380 287 2737 352 EPHESIOS.

3478 300 3586 354 782

292 419 402 465 tem
446 408 691 467 scientiae
736 408 1058 468 charitatem
1083 409 1309 481 Christi,
1359 420 1421 468 ut
1466 411 1802 483 impleamini
1838 412 1893 470 in
1919 396 1972 455 Α
2000 415 2376 489 unusquisque
2404 431 2526 472 cum
2557 417 2808 487 proximo
2836 430 2973 472 suo:
3002 416 3254 487 quoniam
3298 430 3484 474 sumus
3511 418 3593 472 in-

291 518 514 562 omnem
558 504 952 577 plenitudinem
982 506 1100 564 Dei.
1142 506 1207 563 Ei
1244 514 1424 564 autem
1459 507 1551 580 qui
1591 518 1788 578 potens
1814 514 1898 563 est

292 598 478 653 omnia
529 597 705 656 facere
755 599 1261 670 superabundauter
1303 615 1462 672 quam
1512 599 1764 672 petimus,
1806 606 1899 655 aut

292 692 675 766 intelligimus,
735 694 1032 751 secundum
1079 695 1357 762 virtutem,
1398 710 1520 766 qua:
1552 704 1811 765 operatur
1840 693 1898 750 in

294 788 458 844 nobis
491 805 506 843 :
534 788 635 861 ipsi
664 788 837 861 gloria
870 790 924 845 in
956 789 1224 859 Ecclesia,
1259 798 1313 847 et
1342 790 1395 846 in
1418 789 1636 847 Christo
1662 789 1817 858 Jesu,
1842 789 1895 846 in

292 898 486 941 omnes
515 884 895 955 generationes
925 884 1109 941 saeculi
1138 886 1486 942 saeculorum.
1520 886 1715 943 Amen.

368 973 525 1049 [Cap.
559 974 674 1047 lV.]
702 975 945 1035 Obsecro
975 979 1153 1050 itaque
1182 993 1281 1035 vos
1312 994 1412 1050 ego
1440 978 1655 1035 vinctus
1692 979 1745 1034 in
1792 978 1900 1034 Do-

295 1070 473 1139 mino,
500 1077 559 1125 ut
580 1069 746 1142 digne
770 1070 1053 1130 ambuletis
1076 1072 1385 1139 vocatione,
1414 1087 1518 1144 qua
1542 1073 1717 1129 vocati
1743 1072 1895 1139 estis,

295 1178 423 1219 cum
454 1166 605 1221 omni
634 1164 957 1234 humilitate,
989 1176 1046 1225 et
1072 1166 1507 1235 mansuetudine,
1538 1183 1661 1225 cum
1692 1166 1901 1240 patien-

293 1255 396 1324 tia,
431 1266 818 1330 supportantes
845 1259 1079 1317 invicem
1110 1261 1165 1319 in
1190 1260 1453 1318 charitate
1476 1302 1491 1327 ,
1528 1258 1744 1317 solliciti
1785 1273 1902 1316 ser-

295 1364 426 1407 vare
456 1352 719 1409 unitatem
752 1350 991 1424 Spiritus
1020 1352 1077 1410 in
1108 1352 1326 1410 vinculo
1354 1351 1521 1424 pacis.
1555 1352 1735 1411 Unum
1779 1365 1902 1409 cor-

295 1460 437 1517 pus,
480 1454 535 1502 et
588 1462 730 1504 unus
795 1448 1057 1519 spiritus,
1106 1448 1247 1507 sicut
1281 1448 1461 1506 vocati
1513 1448 1646 1507 estis
1695 1449 1749 1505 in
1795 1464 1900 1504 una

295 1554 396 1609 spe
452 1540 749 1597 vocationis
790 1549 1008 1598 vestrm.
1050 1540 1203 1600 Unus
1243 1541 1523 1611 Dominus,
1577 1555 1681 1598 una
1724 1539 1857 1597 ﬁdes
1882 1586 1897 1611 ,

298 1651 467 1691 unum
514 1635 803 1706 baptisma.
846 1635 1001 1695 Unus
1032 1636 1177 1694 Deus
1209 1647 1264 1694 et
1297 1638 1457 1693 Pater
1492 1635 1756 1702 omnium,
1808 1635 1901 1707 qui

296 1740 387 1787 est
435 1745 598 1803 super
650 1746 872 1799 omnes,
931 1740 986 1788 et
1038 1746 1134 1803 per
1182 1732 1386 1799 omnia,
1441 1740 1497 1788 et
1544 1730 1598 1787 in
1647 1729 1902 1788 omnibus

1995 509 2168 567 vicem
2203 510 2467 568 membra.
2502 508 2825 575 irascimini,
2870 518 2923 567 et
2953 508 3121 566 nolite
3171 524 3403 581 peccare
3451 528 3463 564 :
3513 510 3598 566 sol

1998 621 2105 662 non
2137 605 2352 662 occidat
2381 620 2545 677 super
2572 603 2904 663 iracundiam
2929 613 3190 663 vestram.
3220 605 3396 663 Nolite
3414 605 3597 663 locum

1999 700 2128 757 dare
2156 701 2379 759 diabolo
2412 718 2427 760 :
2458 702 2551 774 qui
2583 702 3016 774 iurabatur,jam
3042 718 3147 758 non
3176 702 3391 759 furetur
3423 720 3435 757 :
3482 717 3598 757 ma-

1998 792 2081 865 gis
2109 801 2291 851 autem
2319 793 2551 861 laboret,
2585 794 2863 865 operando
2896 792 3145 850 manibus
3178 795 3290 849 suis
3322 792 3465 864 quod
3493 792 3596 849 bo-

2003 903 2125 944 num
2157 897 2271 956 est,
2304 896 2366 945 ut
2397 889 2600 945 habeat
2626 887 2772 945 unde
2819 889 3020 945 tribuat
3073 887 3452 945 necessitatem
3503 899 3600 959 pa-

2004 981 2177 1039 tienti.
2208 981 2398 1039 Omnis
2428 996 2610 1041 sermo
2637 981 2814 1039 malus
2836 996 2904 1039 ex
2932 996 3030 1039 ore
3058 991 3242 1039 vestro
3263 994 3371 1038 non
3403 993 3597 1051 proce-

2002 1072 2133 1131 dat:
2165 1075 2259 1132 sed
2282 1074 2330 1131 si
2357 1076 2478 1147 quis
2509 1075 2723 1146 bonus,
2763 1076 2831 1132 ad
2868 1075 3281 1132 aediﬁcationem
3328 1073 3451 1131 ﬁdei
3485 1116 3499 1140 ,
3543 1082 3604 1129 ut

2003 1168 2095 1226 det
2122 1169 2351 1241 gratiam
2375 1168 2743 1227 audientibus.
2775 1168 2841 1225 Et
2870 1168 3038 1227 nolite
3068 1167 3397 1227 contristare
3430 1166 3602 1240 Spiri-

2006 1272 2119 1319 tum
2145 1270 2391 1320 sanctum
2423 1262 2522 1319 Dei
2558 1263 2652 1318 :in
2706 1277 2813 1334 quo
2841 1262 3036 1333 signati
3067 1262 3200 1319 estis
3244 1262 3299 1317 in
3332 1260 3475 1317 diem
3513 1273 3603 1317 re-

2004 1354 2361 1425 demptionis.
2409 1354 2599 1412 Omnis
2622 1354 2951 1421 amaritudo,
2980 1362 3037 1412 et
3058 1356 3157 1425 ira,
3192 1362 3248 1411 et
3268 1352 3604 1424 indignatio,

2005 1455 2062 1507 et
2089 1447 2314 1518 clamor,
2337 1457 2393 1505 et
2415 1448 2751 1519 blasphemia
2787 1448 3007 1505 tollatur
3035 1463 3066 1503 a
3092 1446 3270 1515 vobis,
3299 1462 3419 1504 cum
3452 1445 3605 1502 omni

2005 1541 2231 1599 malitia.
2272 1540 2463 1598 Estote
2503 1550 2682 1599 autem
2726 1541 2958 1599 invicem
2999 1540 3251 1614 benigni,
3288 1540 3600 1596 misericor-

2004 1635 2122 1705 des,
2147 1636 2416 1693 donantes
2440 1634 2673 1693 invicem
2693 1680 2708 1708 ,
2740 1634 2885 1694 sicut
2912 1642 2967 1693 et
2995 1636 3141 1693 Deus
3175 1635 3227 1692 in
3257 1633 3477 1691 Christo
3506 1632 3603 1691 do-

2006 1731 2155 1788 navit
2183 1729 2213 1769 ι)
2245 1730 2419 1786 vobis.

300 1823 480 1880 nobis.
501 1797 831 1895 -Unicuique
859 1797 1061 1881 autem
1115 1797 1378 1880 nostrum
1410 1823 1534 1881 data
1577 1831 1661 1881 est
1726 1823 1900 1895 gratia
1928 1797 1978 1857 Β
2075 1823 2227 1898 [Cap.
2252 1823 2342 1896 V.]
2362 1822 2552 1880 Estote
2579 1837 2707 1895 ergo
2729 1823 3033 1881 imitatores
3055 1821 3149 1879 Dei
3170 1822 3313 1879 sicut
3342 1822 3439 1878 ﬁlii
3470 1823 3607 1879 cha-

298 1918 601 1975 secundum
650 1932 960 1976 mensuram
1023 1918 1332 1975 donationis
1380 1916 1605 1974 Christi.
1674 1916 1905 1987 Propter

299 2012 449 2083 quod
492 2012 623 2070 dicit
673 2030 686 2068 :
730 2012 1048 2070 Ascendens
1096 2013 1149 2068 in
1209 2012 1374 2068 altum
1421 2012 1691 2083 captivam
1749 2010 1907 2067 duxit

300 2106 677 2177 captivitatem
724 2117 742 2162 :
787 2105 938 2163 dedit
1004 2105 1143 2162 dona
1202 2105 1537 2163 hominibus.
1604 2104 1759 2173 Quod
1803 2119 1901 2160 au-

303 2208 415 2255 tem
448 2200 716 2270 ascendit,
749 2199 877 2272 quid
898 2212 1003 2270 est,
1035 2200 1143 2257 nisi
1191 2199 1317 2272 quia
1358 2207 1413 2257 et
1461 2198 1747 2256 descendit
1784 2197 1902 2271 pri-

304 2310 452 2350 mum
481 2295 533 2350 in
564 2292 853 2352 inferiores
876 2302 1059 2366 partes
1088 2293 1295 2351 teme?
1324 2293 1427 2363 Qui
1455 2292 1762 2361 descendit,
1785 2292 1905 2362 ipse

301 2396 393 2444 est
419 2398 472 2444 et
500 2387 589 2461 qui
622 2389 874 2447 ascendit
899 2403 1066 2461 super
1091 2404 1282 2447 omnes
1322 2388 1528 2458 ctelos,
1564 2396 1623 2443 ut
1653 2386 1907 2459 impleret

303 2482 508 2537 omnia.
540 2481 610 2538 Et
654 2483 774 2554 ipse
821 2482 971 2540 dedit
1008 2482 1271 2555 quosdam
1319 2481 1541 2554 quidem
1585 2480 1901 2551 apostolos,

304 2577 569 2648 quosdam
598 2589 780 2635 autem
812 2580 1132 2651 prophetas,
1158 2579 1299 2635 alios
1325 2592 1460 2634 vero
1506 2575 1903 2648 evangelistas,

305 2670 445 2726 alios
476 2682 659 2728 autem
692 2680 961 2741 pastores,
994 2683 1049 2727 et
1070 2671 1350 2738 doctores,
1376 2669 1442 2725 ad
1476 2667 1906 2725 consummatio-

304 2778 435 2820 nem
466 2773 780 2819 sanctorum
815 2765 870 2821 in
903 2779 1043 2836 opus
1067 2764 1384 2829 ministerii,
1410 2763 1465 2818 in
1490 2761 1905 2819 aediﬁcationem

306 2858 556 2928 corporis
575 2859 821 2915 Christi:
856 2860 1033 2918 donec
1055 2874 1413 2917 occurramus
1438 2872 1631 2915 omnes
1653 2858 1705 2913 in
1730 2857 1908 2913 unita-

308 2962 418 3009 tem
448 2954 593 3024 ﬁdei,
612 2964 668 3012 et
689 2956 981 3028 agnitionis
1008 2956 1135 3014 Filii
1154 2956 1275 3023 Dei,
1300 2957 1354 3013 in
1376 2957 1553 3012 virum
1577 2952 1906 3027 perfectum,

308 3046 364 3100 in
394 3062 711 3105 mensuram
733 3050 910 3106 anatis
942 3049 1301 3122 plenitudinis
1316 3048 1541 3106 Christi.
1566 3046 1644 3107 Ut
1667 3050 1777 3121 jam
1799 3064 1908 3104 non

307 3143 485 3200 simus
514 3146 724 3217 parvuli
749 3147 1076 3205 ﬁuctuantes
1113 3192 1128 3216 ,
1176 3158 1231 3206 et
1269 3147 1722 3206 circumieramur
1761 3148 1908 3204 omni

309 3244 480 3291 vento
511 3238 774 3295 doctrina:
803 3241 854 3295 in
887 3241 1126 3311 nequitia
1154 3241 1435 3297 hominum
1462 3284 1477 3311 ,
1518 3240 1575 3297 in
1606 3241 1807 3298 astutia
1843 3241 1911 3298 ad

310 3330 841 3391 circumvenlionem
874 3336 1104 3392 erroris.
1142 3336 1441 3394 Veritatem
1473 3345 1658 3395 autem
1701 3335 1913 3394 facien-

312 3434 399 3482 tes
427 3429 477 3482 in
508 3430 794 3497 charitate,
824 3446 1139 3488 crescamus
1164 3432 1219 3487 in
1254 3432 1354 3488 illo
1404 3448 1506 3505 per
1542 3433 1731 3489 omnia
1756 3474 1770 3502 ,
1820 3430 1914 3503 qui

313 3529 404 3576 est
430 3533 592 3594 caput
608 3523 890 3582 Christus:
915 3542 983 3583 ex
1007 3542 1116 3597 quo
1139 3534 1311 3584 totum
1333 3542 1536 3599 corpus
1571 3537 1915 3600 compactum

312 3625 371 3671 et
402 3631 706 3675 connexum
733 3636 831 3692 per
856 3637 1074 3679 omnem
1101 3623 1418 3696 juncturam
1450 3620 1920 3681 subminiStratio-

314 3706 425 3777 nis,
452 3711 751 3768 secundum
779 3714 1159 3785 operationem
1197 3717 1252 3772 in
1300 3732 1622 3775 mensuram
1656 3718 1917 3774 uniuscu-

309 3803 509 3874 jusque
537 3807 794 3877 membri,
825 3819 1185 3881 augmentum
1227 3812 1477 3882 corporis
1509 3810 1641 3868 facit
1678 3810 1808 3886 [Msa
1841 3809 1920 3865 fa-

316 3897 491 3969 ciens]
523 3898 574 3954 in
602 3900 1020 3960 aediﬁcationem
1051 3904 1136 3963 sui
1168 3907 1221 3961 in
1256 3905 1543 3962 charitate.
1594 3905 1709 3962 Hoc
1760 3905 1920 3976 igitur

316 3992 462 4061 d-ico,
496 4006 553 4050 et
580 3996 841 4053 testiﬁcor
861 3998 916 4054 in
950 4000 1201 4069 Domino,
1226 4007 1283 4056 ut
1307 3999 1420 4071 jam
1475 4014 1582 4056 non
1605 3997 1919 4068 ambuletis,

317 4084 457 4141 sicut
481 4099 538 4143 et
558 4097 749 4159 gentes
768 4090 1049 4147 ambulant
1076 4092 1131 4148 in
1164 4092 1410 4148 vanitate
1441 4106 1637 4149 sensus
1672 4091 1754 4148 sui
1784 4136 1798 4161 ,
1844 4099 1923 4147 tea

321 4180 508 4237 nebris
538 4182 884 4241 obscuratum
913 4184 1182 4243 habentes
1220 4187 1554 4245 intellectum
1586 4228 1599 4254 ,
1636 4187 1860 4244 alienati
1891 4198 1919 4243 a

320 4272 431 4330 vita
454 4274 576 4345 Dei,
602 4292 698 4348 per
725 4277 1243 4352 ignorantiamoqute
1280 4291 1365 4338 est
1407 4282 1462 4337 in
1505 4281 1614 4337 illis
1644 4323 1659 4349 ,
1699 4290 1924 4353 propter

320 4366 622 4424 crecitatcm
651 4371 835 4429 cordis
857 4371 1125 4444 ipsorum,
1156 4373 1250 4446 qui
1281 4373 1676 4446 desperantes,
1721 4382 1925 4430 semet-

319 4461 468 4532 ipsos
492 4464 831 4523 tradiderunt
852 4468 1225 4541 impudicitiae,
1271 4478 1300 4509 ι
1329 4470 1382 4526 in
1411 4470 1787 4542 operationem
1828 4469 1926 4525 im-

318 4556 609 4614 munditiae
635 4561 852 4631 omnis,
898 4562 953 4618 in
988 4564 1294 4620 avaritiam.
1338 4564 1450 4621 Vos
1479 4574 1660 4621 autem
1703 4579 1811 4621 non
1842 4562 1915 4620 ita

320 4645 594 4707 didicistis
619 4650 921 4711 Christum.
960 4655 1018 4711 Si
1050 4665 1234 4713 tamen
1271 4656 1422 4711 illum
1467 4656 1725 4725 audistis,
1769 4664 1825 4712 et
1864 4656 1918 4712 in

314 4740 443 4811 ipso
463 4744 643 4802 edocti
664 4748 822 4816 estis.
842 4749 991 4806 sicut
1010 4757 1097 4808 est
1128 4750 1333 4806 veritas
1366 4751 1418 4804 in
1447 4749 1599 4805 Jesu.
1635 4750 1921 4821 Deponere

315 4852 419 4894 vos
459 4841 769 4898 secundum
819 4844 1111 4915 pristinam
1148 4844 1628 4902 conversationem
1673 4854 1920 4901 veterem

316 4930 601 4992 hominem
620 4978 634 5004 ,
657 4937 753 5009 qui
781 4940 1155 5012 corrumpitur
1186 4938 1490 4995 secundum
1529 4936 1802 4995 desideria
1834 4952 1923 4994 er-

314 5030 489 5085 roris.
516 5030 881 5089 Renovamini
911 5044 1094 5093 autem
1126 5035 1325 5105 spiritu
1356 5034 1558 5091 mentis
1593 5044 1791 5090 vestrae
1818 5075 1833 5100 ,
1864 5040 1921 5090 et

314 5122 531 5183 induite
555 5142 761 5185 novum
789 5128 1091 5201 hominem,
1115 5132 1208 5202 qui
1230 5129 1532 5186 secundum
1564 5128 1736 5185 Deum
1769 5141 1922 5184 crea-

315 5225 407 5273 tus
445 5229 533 5274 est
572 5218 628 5276 in
673 5222 921 5295 iustitia,
962 5232 1021 5281 et
1039 5225 1332 5282 sanctitate
1373 5222 1639 5279 veritatis.
1693 5221 1922 5293 Propter

311 5311 463 5381 quod
492 5312 830 5385 deponentes
868 5318 1211 5374 mendacium
1234 5359 1251 5389 ,
1302 5316 1583 5390 loquimini
1632 5317 1920 5371 veritatem

390 5534 418 5563 °
443 5524 592 5583 Idem
622 5541 751 5594 ms.,
785 5527 1126 5598 impudicitia:
1147 5527 1316 5583 omnis
1340 5526 1391 5580 in
1424 5523 1669 5590 avaritia,
1703 5520 1887 5598 verbis
1908 5561 1923 5587 ,

314 5597 371 5651 in
406 5601 762 5667 operationem
780 5594 1152 5663 imirmnditiw,
1181 5598 1597 5670 praetermissis,
1612 5594 1923 5662 oscitantia,

313 5682 376 5724 ut
405 5671 643 5740 videtur,
673 5673 971 5744 antiquarii
1005 5690 1016 5726 :
1053 5687 1180 5729 nam
1208 5682 1266 5728 et
1289 5674 1343 5726 in
1366 5671 1562 5728 Graeco
1595 5678 1743 5724 textu
1770 5682 1926 5723 reso-

314 5752 470 5797 nant.

393 5813 416 5851 δ
449 5813 584 5872 Cum
617 5814 826 5888 Graecis
858 5816 1066 5888 aliquot
1095 5817 1246 5873 libris
1300 5815 1355 5871 in
1394 5812 1646 5870 Palatin
1692 5825 1799 5869 ms.
1831 5824 1927 5865 no-

309 5880 412 5953 bis,
444 5900 543 5958 pro
567 5886 706 5946 vobis
735 5888 947 5963 legitur.

2006 1918 2207 1975 rissimi
2234 1936 2249 1975 :
2282 1929 2335 1974 et
2369 1917 2645 1974 ambulate
2678 1918 2729 1973 in
2762 1917 3078 1985 dilectione,
3111 1916 3253 1973 sicut
3282 1924 3338 1973 et
3360 1915 3610 1975 Cbrisms

2006 2012 2195 2071 dilexit
2218 2027 2339 2080 nos,
2359 2021 2414 2068 et
2445 2013 2665 2069 tradidit
2685 2014 3036 2084 semetipsum
3070 2025 3169 2083 pro
3194 2012 3355 2069 nobis
3384 2013 3613 2069 oblatio-

2006 2119 2133 2161 nem
2177 2116 2231 2163 et
2266 2105 2501 2163 hostiam
2529 2107 2640 2164 Deo
2670 2108 2725 2163 in
2758 2107 2983 2164 odorem
3016 2105 3321 2163 suavitatis.
3344 2106 3607 2163 Fornica—

2009 2200 2085 2256 tio
2124 2210 2338 2267 autem,
2381 2209 2437 2259 et
2463 2203 2643 2258 omnis
2690 2201 3056 2271 immunditia,
3101 2210 3193 2258 aut
3221 2200 3473 2267 avaritia,
3507 2216 3608 2258 nec

2008 2293 2321 2350 nominetur
2348 2293 2403 2351 in
2430 2294 2609 2361 vobis,
2638 2295 2951 2352 sicutdecet
2991 2303 3245 2364 sanctos;
3289 2306 3383 2353 aut
3430 2296 3603 2367 turpia

2010 2384 2159 2455 tudo,
2189 2397 2282 2442 aut
2303 2387 2720 2460 stultiloquium,
2750 2396 2844 2444 aut
2864 2373 3191 2453 scurrilitas,
3224 2404 3347 2461 quae
3397 2388 3465 2443 ad
3496 2404 3609 2444 rem

2011 2493 2117 2535 non
2142 2481 2418 2551 pertinet;
2467 2480 2561 2537 sed
2593 2479 2763 2553 magis
2792 2482 3086 2554 gratiarum
3118 2481 3281 2538 actio.
3316 2481 3430 2538 lloc
3462 2480 3607 2538 enim

2009 2573 2225 2639 scitote,
2266 2572 2632 2647 intelligentes
2688 2574 2833 2647 quod
2876 2575 3052 2633 omnis
3112 2575 3451 2643 fornicator,
3523 2589 3616 2633 aut

2010 2667 2360 2741 immundus,
2412 2677 2505 2725 aut
2555 2683 2788 2741 avarus,
2839 2672 2983 2741 quod
3039 2680 3121 2727 est
3163 2671 3432 2728 idolorum
3489 2688 3611 2730 ser-

2012 2762 2152 2819 vitus
2178 2807 2192 2831 ,
2246 2777 2354 2819 non
2398 2762 2562 2819 habet
2594 2763 2968 2821 hmreditatem
3001 2765 3055 2821 in
3110 2781 3280 2838 regno
3314 2766 3515 2823 Christi
3557 2776 3614 2824 et

2012 2855 2133 2912 Dei.
2166 2855 2337 2913 Nemo
2379 2870 2478 2913 vos
2518 2857 2746 2914 seducat
2797 2858 3051 2915 inanibus
3102 2860 3287 2916 verbis
3337 2879 3349 2913 :
3394 2868 3617 2931 propter

2016 2948 2131 3005 haec
2176 2952 2322 3006 enim
2366 2950 2517 3006 venit
2559 2949 2636 3005 ira
2673 2948 2767 3008 Dei
2808 2950 2864 3006 in
2896 2949 3036 3007 ﬁlios
3065 2950 3402 3009 difﬁdentiae.
3436 2952 3617 3010 Nolite

2015 3058 2145 3116 ergo
2198 3042 2341 3100 ei'lici
2405 3042 2700 3115 participes
2753 3058 2965 3101 eorum.
3039 3045 3216 3101 Eratis
3293 3047 3435 3103 enim
3509 3046 3613 3102 ali-

2016 3136 2233 3208 quando
2256 3135 2517 3209 tenehrte,
2546 3152 2687 3194 nunc
2717 3148 2899 3195 autem
2922 3138 3015 3195 lux
3060 3140 3111 3195 in
3141 3139 3392 3198 Domino.
3421 3136 3495 3198 Ut
3528 3139 3620 3197 ﬁlii

2015 3229 2152 3286 lucis
2173 3229 2450 3289 ambulate
2483 3228 2729 3287 :fructus
2755 3233 2901 3288 enim
2931 3230 3068 3288 lucis
3094 3240 3175 3289 est
3207 3230 3260 3288 in
3283 3233 3435 3290 omni
3463 3233 3591 3289 boni
3609 3261 3622 3274 -

2017 3329 2151 3389 tate,
2182 3334 2233 3379 et
2261 3323 2493 3394 iustitia,
2519 3331 2573 3380 et
2592 3322 2822 3381 veritate
2848 3340 2863 3380 :
2886 3324 3183 3395 probantes
3207 3325 3334 3397 quid
3356 3327 3427 3381 sit
3453 3326 3619 3383 bene-

2019 3418 2278 3490 placitum
2307 3417 2422 3474 Deo
2451 3433 2467 3476 :
2499 3424 2556 3474 et
2594 3417 2763 3475 nolite
2792 3419 3201 3475 communicare
3243 3420 3503 3491 operibus
3534 3420 3618 3475 in-

2019 3509 2313 3569 fructuosis
2333 3511 2706 3581 tenebrarum,
2735 3512 2906 3585 magis
2928 3520 3110 3569 autem
3134 3514 3460 3585 redarguite.
3487 3514 3620 3583 Qua:

2020 3606 2163 3663 enim
2198 3607 2249 3661 in
2280 3605 2497 3664 occulto
2525 3606 2663 3661 ﬁunt
2689 3606 2757 3661 ab
2785 3604 2942 3678 ipsis,
2978 3615 3137 3677 turpe
3174 3615 3259 3663 est
3310 3616 3363 3663 et
3410 3607 3618 3665 dicere.

2020 3699 2213 3758 Omnia
2241 3708 2444 3771 autem,
2474 3715 2593 3773 quae
2623 3711 2946 3771 arguuntur,
2979 3716 3009 3756 a
3041 3699 3245 3757 lumine
3264 3701 3623 3757 manifestan-

2023 3802 2323 3850 turzomne
2343 3793 2511 3862 enim,
2535 3793 2675 3864 quod
2709 3793 3109 3861 manifestatur,
3143 3794 3322 3850 lumen
3355 3803 3457 3849 est.
3483 3793 3619 3851 Pro-

2024 3896 2143 3958 pter
2158 3887 2303 3959 quod
2331 3887 2488 3957 dicit:
2513 3887 2708 3959 Surge,
2731 3888 2823 3959 qui
2845 3888 3069 3954 dormis,
3093 3896 3398 3961 etexsurge
3425 3906 3454 3943 a
3478 3906 3627 3945 mor-

2021 3984 2157 4049 tuis,
2186 3992 2243 4038 et
2270 3981 2598 4039 illuminahit
2628 3995 2647 4023 ε
2679 3991 2729 4039 te
2750 3982 3022 4039 Christus.
3051 3982 3242 4041 Videte
3275 3985 3483 4056 itaque,
3516 3985 3621 4040 ira-

2023 4081 2156 4143 tres,
2187 4077 2462 4148 quomodo
2491 4087 2647 4133 caute
2678 4076 2967 4133 ambulctis
2997 4096 3009 4132 :
3047 4094 3154 4133 non
3178 4078 3332 4149 quasi
3362 4076 3627 4149 insipien-

2022 4177 2129 4237 tes,
2160 4171 2256 4225 sed
2281 4178 2337 4226 ut
2357 4169 2633 4241 sapientes
2668 4189 2681 4227 :
2709 4170 3045 4228 redimentes
3078 4184 3293 4243 tempus
3319 4219 3333 4242 ,
3367 4171 3622 4245 quoniam

2024 4263 2142 4320 dies
2170 4264 2299 4320 mali
2331 4275 2475 4320 sunt.
2511 4265 2805 4336 Propterea
2843 4266 3014 4323 nolite
3053 4266 3170 4322 ﬁeri
3212 4266 3591 4337 imprudentes
3613 4310 3627 4336 ,

2027 4357 2124 4415 sed
2156 4359 2521 4431 intelligentes
2550 4374 2673 4431 quae
2695 4362 2762 4416 sit
2793 4358 3044 4416 voluntas
3073 4360 3192 4416 Dei.
3227 4358 3299 4416 Et
3334 4361 3501 4417 nolite
3544 4362 3629 4416 in-

2027 4452 2228 4509 ebriari
2258 4456 2413 4521 vino,
2447 4455 2502 4509 in
2530 4468 2641 4524 quo
2664 4462 2750 4509 est
2776 4454 2987 4508 luxuria
3017 4472 3030 4507 :
3060 4453 3157 4509 sed
3188 4453 3629 4524 impleminiSpi-

2029 4547 2135 4602 ritu
2159 4545 2187 4584 ά
2216 4556 2427 4614 sancto,
2457 4548 2742 4618 loquentes
2769 4545 3175 4617 vobismetipsis
3204 4548 3256 4601 in
3290 4547 3536 4617 psalmis,
3572 4556 3629 4603 et

2030 4639 2269 4712 hymnis,
2297 4647 2353 4695 et
2373 4640 2602 4695 canticis
2625 4638 3038 4709 spiritualibus,
3079 4646 3363 4695 cantantes
3390 4648 3446 4694 et
3474 4638 3624 4709 psal-

2024 4735 2200 4793 lentes
2223 4733 2278 4789 in
2306 4733 2568 4790 cordibus
2601 4733 2800 4789 vestris
2828 4732 3088 4801 Domino,
3146 4734 3351 4805 gratias
3400 4745 3627 4805 agentes

2024 4844 2245 4903 semper
2270 4844 2370 4901 pro
2400 4830 2683 4896 omnibus,
2718 4829 2774 4885 in
2805 4829 3028 4887 nomine
3052 4830 3269 4885 Domini
3299 4833 3472 4887 nostri
3494 4828 3627 4886 Jesu

2021 4925 2253 4993 Christi,
2287 4925 2401 4982 Deo
2426 4933 2482 4981 et
2522 4922 2689 4979 Patri.
2741 4922 2987 4993 Subiecti
3027 4922 3265 4979 invicem
3322 4924 3376 4979 in
3430 4923 3628 4979 timore

2024 5019 2249 5076 Christi.
2277 5018 2533 5075 Mulieres
2566 5017 2694 5073 viris
2717 5018 2831 5073 suis
2861 5016 3091 5072 subdita)
3118 5017 3246 5087 sint,
3274 5017 3413 5073 sicut
3436 5016 3621 5073 Domi-

2026 5133 2100 5173 no
2132 5133 2149 5173 :
2179 5115 2436 5188 quoniam
2462 5115 2543 5169 vir
2571 5120 2735 5184 caput
2766 5123 2853 5170 est
2884 5113 3131 5169 mulieris
3156 5153 3171 5180 ,
3202 5113 3345 5169 sicut
3375 5112 3625 5170 Christus

2027 5220 2195 5283 caput
2220 5218 2307 5266 est
2336 5206 2615 5264 Ecclesiae.
2645 5205 2806 5279 ipse,
2848 5206 3092 5261 salvator
3132 5206 3382 5277 corporis
3424 5214 3448 5243 ο
3485 5204 3627 5276 ejus.

2028 5304 2138 5365 Sed
2166 5305 2311 5361 sicut
2338 5299 2586 5359 Ecclesia
2617 5299 2859 5372 subjecta
2884 5290 3216 5356 estChristo
3241 5343 3256 5369 ,
3298 5299 3376 5356 ita
3407 5308 3461 5358 et
3501 5313 3618 5354 mn.

2107 5524 2129 5554 ο
2154 5510 2296 5570 Satis
2317 5509 2663 5582 contentiose
2688 5510 2755 5565 ad
2784 5508 3031 5567 Graecum
3062 5506 3342 5582 Palatinus
3368 5528 3475 5569 ms.
3503 5556 3518 5582 ,
3569 5514 3641 5568 it-

2030 5585 2307 5662 luntigahit
2336 5584 2425 5638 tibi
2448 5581 2703 5648 Christus,
2733 5578 3168 5662 ﬁnientes-neat}
3196 5584 3439 5662 Χριστός.

2106 5658 2131 5698 d
2158 5657 2474 5729 Epitbetum
2494 5656 2876 5729 sancto,quod
2914 5665 2972 5711 et
3006 5656 3060 5710 in
3100 5656 3307 5713 Graecis
3361 5659 3639 5729 plerisque

2034 5732 2188 5789 libris
2208 5726 2503 5793 reticetur,
2536 5729 2588 5781 in
2619 5726 2866 5783 Palatino
2896 5743 3000 5782 ms.
3038 5743 3144 5782 non
3178 5726 3418 5786 additur.

2110 5814 2133 5843 θ
2169 5802 2299 5875 Ejus
2325 5814 2624 5875 pronomen
2660 5810 2840 5875 neque
2875 5798 3172 5875 inﬁrmis
3202 5801 3448 5862 melioris
3488 5809 3639 5861 notae

2038 5868 2227 5945 libris;
2246 5868 2425 5947 neque
2451 5872 2507 5929 in
2528 5868 2775 5929 Palatino
2804 5883 2909 5927 ms.
2941 5868 3217 5933 habetur.,
