4128 6330
572 331 680 387 785

1601 317 1663 376 S.
1703 311 2085 373 HIERONYMI
2124 309 2355 370 DIVINA
2394 307 2874 368 BIBLIOTHECA.

3767 299 3881 359 νει

580 447 748 502 lieres
780 441 914 498 viris
940 441 1055 497 suis
1083 441 1137 497 in
1164 439 1440 496 omnibus.
1506 437 1619 495 Viri
1651 479 1665 503 ,
1725 436 1931 508 diligite
1987 446 2184 488 uxores
2210 436 2259 496 Α
2289 433 2467 489 minas
2500 431 2776 488 :scientes
2806 425 2934 499 quia
2964 431 3018 480 et
3044 423 3293 485 illorum,
3321 426 3376 475 et
3407 423 3592 476 vester
3621 415 3886 474 Dominus

579 548 815 602 vestras,
835 536 1040 592 sicutet
1059 533 1309 590 Christus
1322 534 1512 589 dilexit
1533 532 1857 596 Ecclesiaiu,
1877 540 1926 584 et
1943 529 2180 598 scipsum

581 629 811 687 tradidit
836 645 934 701 pro
958 643 1047 694 ea,
1080 637 1140 683 ut
1165 628 1318 684 illam
1349 627 1721 682 sanctificaret
1744 669 1759 693 ,
1795 623 2065 678 inundans
2106 620 2183 674 la-

581 741 749 784 vacro
777 741 931 798 aqua:
961 726 1014 779 in
1043 724 1211 780 verbo
1243 735 1269 761 ει
1300 725 1456 788 vitae,
1493 734 1552 778 ut
1582 721 1868 778 exhiberet
1918 719 2034 789 ipse
2079 715 2182 770 sibi

584 824 876 896 gloriosam
911 820 1237 885 Ecclesiam,
1276 835 1382 874 non
1429 818 1721 873 habentem
1753 813 2020 871 maculam
2043 853 2058 877 ,
2093 820 2186 865 aut

585 933 798 988 rugam,
824 927 916 972 aut
945 914 1148 985 aliquid
1175 911 1506 984 huiusmodi,
1535 910 1631 966 sed
1678 920 1735 964 ut
1781 909 1853 964 sit
1899 917 2084 962 sancta
2131 913 2186 960 et

584 1011 953 1068 immaculata.
985 1009 1062 1064 Ita
1097 1018 1151 1064 et
1182 1008 1283 1062 viri
1315 1007 1516 1063 debent.
1538 1006 1764 1076 diligere
1797 1017 1996 1057 uxores
2024 1013 2181 1064 suas,

582 1118 642 1163 ut
670 1121 901 1178 corpora
931 1120 1052 1160 sua.
1082 1104 1184 1172 Qui
1226 1118 1382 1158 suam
1415 1116 1642 1157 uxorem
1680 1098 1900 1169 diligit,
1945 1091 2184 1164 seipsum

582 1202 780 1272 diligit.
809 1201 978 1256 Nemo
1007 1199 1151 1255 enim
1179 1213 1435 1268 umquam
1461 1212 1684 1254 carnem
1726 1210 1879 1249 suam
1931 1192 2056 1247 odio
2091 1192 2187 1243 ha-

581 1296 704 1354 buit
729 1314 742 1350 :
769 1295 864 1351 sed
899 1295 1180 1362 nutrit,_et
1209 1294 1354 1349 fovet
1383 1308 1527 1357 eam,
1559 1292 1699 1346 sicut
1722 1287 2047 1346 etChristus
2078 1286 2184 1341 Ec-

581 1391 804 1450 clesiam
833 1408 846 1443 :
872 1389 997 1461 quia
1019 1390 1260 1444 membra
1295 1404 1485 1443 sumus
1507 1387 1754 1458 corporis
1777 1385 1915 1454 ejus,
1936 1382 2005 1438 de
2023 1396 2188 1437 carne

587 1485 707 1556 ejus
739 1493 797 1540 et
817 1485 886 1539 de
918 1483 1137 1538 ossibus
1162 1484 1302 1554 ejus.
1329 1482 1560 1554 Propter
1590 1481 1695 1536 hoc
1724 1479 1995 1547 relinquet
2021 1474 2188 1530 homo

585 1589 792 1649 patrem
828 1587 885 1634 et
921 1586 1153 1632 matrem
1182 1592 1334 1631 suam
1364 1619 1379 1642 ,
1413 1585 1468 1630 et
1499 1573 1804 1629 adhaerebit
1835 1569 1991 1626 uxori
2033 1583 2144 1622 suae
2173 1585 2185 1620 :

580 1681 638 1727 et
652 1679 811 1727 erunt
832 1672 942 1727 duo
963 1671 1016 1726 in
1037 1686 1206 1726 carne
1232 1686 1359 1724 una.
1381 1659 1794 1726 Sacramentum
1815 1665 2188 1734 hucmaguum

582 1779 688 1831 est,
711 1782 813 1838 ego
842 1777 1020 1822 autem
1055 1767 1181 1821 dico
1216 1767 1270 1820 in
1298 1764 1518 1820 Christo
1561 1771 1615 1818 et
1655 1763 1706 1817 iu
1759 1760 2033 1816 Ecclesia.
2081 1755 2190 1811 Ve-

2290 535 2375 582 est
2404 526 2455 580 in
2491 525 2645 580 caelis
2679 541 2690 576 :
2724 532 2779 578 et
2813 530 3172 591 personarum
3207 512 3458 581 acceptio
3483 523 3590 564 non
3625 519 3709 565 cst
3739 509 3885 580 apud

2286 636 2434 675 eum.
2466 619 2543 674 De
2565 624 2786 679 caetero,
2818 614 3040 682 fratres,
3083 605 3469 664 coufortamiui
3507 603 3560 658 in
3610 602 3840 658 Domino
3867 643 3884 668 ,

2288 725 2343 772 ct
2373 717 2422 770 in
2453 713 2694 786 potentia
2726 708 2945 766 virtutis
2993 707 3132 778 ejus.
3161 701 3373 759 Induite
3395 715 3491 756 vos
3520 698 3662 770 HIs.
3698 697 3887 752 Indui-

2289 809 2442 880 mini]
2472 816 2805 864 armaturam
2839 805 2953 871 Dei,
2981 811 3039 857 ut
3061 799 3282 872 possitis
3303 808 3448 852 stare
3466 795 3727 851 adversus
3749 793 3886 847 insi-

2289 905 2408 960 dias
2434 902 2658 962 diaboli.
2691 899 2962 970 Quoniam
2989 911 3098 952 non
3127 906 3211 951 est
3251 892 3410 948 nobis
3444 886 3761 945 colluctatio
3802 884 3891 940 ad-

2289 1013 2481 1054 versus
2502 1011 2727 1051 carnem
2759 1000 2816 1050 et
2846 991 3170 1062 sanguinem
3195 1030 3210 1053 ,
3243 985 3340 1042 sed
3369 983 3637 1039 adversus
3686 978 3891 1050 princi-

2289 1105 2406 1160 pes,
2440 1099 2495 1146 et
2523 1096 2844 1160 poteStates,
2869 1086 3138 1141 adversus
3164 1080 3352 1136 tnundi
3369 1087 3616 1134 rectores
3636 1071 3893 1130 tenebra-

2290 1202 2409 1242 rum
2439 1186 2654 1248 harum,
2679 1191 2872 1238 contra
2905 1178 3213 1250 spiritualia
3246 1173 3502 1246 nequitiae
3528 1213 3543 1237 ,
3572 1172 3626 1226 in
3657 1166 3894 1225 coelesti-

2290 1283 2411 1338 bus.
2439 1280 2734 1350 Propterea
2763 1275 2995 1346 accipite
3014 1282 3347 1328 armaturam
3379 1268 3473 1324 Dei
3503 1308 3516 1333 ,
3568 1272 3626 1320 ut
3666 1261 3895 1334 possitis

2291 1377 2554 1432 resistere
2581 1375 2633 1427 in
2665 1372 2756 1428 die
2779 1374 2953 1437 malo,
2977 1379 3033 1425 et
3062 1370 3114 1423 in
3153 1365 3405 1422 omnibus
3446 1358 3678 1433 perfecti
3720 1365 3891 1414 stare.

2291 1473 2444 1528 State
2470 1485 2601 1541 ergo
2615 1467 2877 1523 succincti
2905 1465 3119 1520 lumbos
3141 1471 3358 1517 vestros
3381 1459 3433 1512 in
3456 1457 3708 1518 Veritate,
3729 1460 3787 1508 et
3807 1452 3894 1505 in-

2291 1562 2409 1618 duti
2443 1563 2664 1617 loricam
2686 1559 2938 1629 justitiaa,
2969 1566 3024 1613 et
3045 1553 3272 1611 calceati
3315 1551 3484 1623 pedes
3519 1549 3572 1603 iu
3615 1560 3894 1618 praepara-

2292 1657 2443 1712 tione
2473 1654 2755 1726 Evangelii
2787 1654 2936 1722 pacis
2968 1669 2982 1706 :
3020 1652 3072 1706 in
3096 1647 3349 1706 omnibus
3378 1651 3655 1700 sumentes
3678 1647 3894 1696 scutum

2295 1751 2444 1817 fidei,
2480 1752 2534 1806 in
2563 1765 2671 1820 quo
2698 1747 2924 1820 possitis
2969 1746 3155 1800 omnia
3203 1743 3306 1797 tela
3365 1734 3690 1809 nequissimi
3736 1735 3895 1805 ignea

580 1871 890 1917 rumtamen
916 1870 972 1917 et
994 1877 1092 1914 vos
1124 1859 1349 1931 singuli,
1382 1858 1758 1942 unusqpisque
1782 1869 2011 1910 uxorem
2026 1865 2179 1907 suam
2210 1848 2258 1908 Β
2287 1848 2634 1916 exstinguere
2666 1862 2678 1896 :
2705 1857 2762 1897 et
2789 1840 2998 1912 galeam
3029 1837 3219 1893 salutis
3244 1832 3536 1897 assumite;
3561 1839 3617 1886 et
3652 1827 3895 1931 gladium

574 1953 717 2008 sicut
735 1953 972 2023 seipsum
994 1953 1205 2020 diligat:
1231 1965 1364 2005 uxor
1379 1961 1558 2005 autem
1575 1947 1600 1986 ι)
1617 1947 1991 2003 timeatvirum
2005 1961 2186 2001 suum.

655 2043 806 2117 [ϐαρ.
851 2044 967 2116 VL]
1000 2044 1144 2112 Filii,
1175 2043 1393 2098 obedite
1421 2041 1737 2113 parentibus
1767 2038 1970 2095 veStris
2002 2040 2054 2093 in
2089 2039 2192 2093 Do-

584 2137 736 2192 mino
767 2153 780 2192 :
815 2136 918 2192 hoc
958 2135 1104 2191 enim
1139 2135 1346 2206 justum
1393 2141 1502 2190 est.
1535 2134 1751 2188 Honora
1785 2142 1996 2202 patrem
2040 2140 2190 2186 tuum

586 2240 644 2288 et
661 2241 890 2286 matrem
916 2240 1085 2296 tuam,
1115 2229 1260 2300 quod
1291 2237 1376 2284 est
1398 2228 1710 2284 mandatum
1738 2227 1972 2296 primum
1995 2225 2048 2281 in
2071 2239 2191 2295 pro-

584 2325 844 2379 missione
882 2341 893 2376 :
927 2331 983 2377 ut
1013 2324 1153 2378 bene
1182 2323 1252 2377 sit
1282 2322 1400 2384 tibi,
1460 2330 1515 2376 et
1563 2322 1638 2376 sis
1691 2321 1972 2391 longaevus
2029 2333 2191 2388 super

586 2428 811 2472 terram.
847 2415 916 2471 Et
946 2426 968 2454 ο
998 2430 1119 2481 vos,
1149 2426 1359 2486 patres,
1385 2414 1558 2470 nolite
1586 2412 1653 2468 ad
1687 2413 2026 2468 iracundiam
2060 2427 2188 2476 pro-

582 2527 781 2569 vocare
811 2513 950 2567 ﬁlios
979 2521 1192 2567 vestros
1225 2528 1242 2567 :
1276 2511 1371 2566 sed
1398 2511 1630 2565 educate
1660 2509 1784 2564 illos
1813 2509 1866 2564 in
1904 2507 2190 2577 disciplina

583 2617 639 2663 et
659 2609 1013 2675 correptione
1042 2606 1281 2662 Domini.
1315 2606 1501 2671 Servi,
1527 2603 1752 2661 obedite
1792 2604 2030 2658 dominis
2069 2618 2190 2658 car-

586 2700 799 2754 nalibus
825 2715 950 2756 cum
982 2701 1200 2766 timore,
1228 2708 1285 2757 et
1317 2708 1579 2762 tremore,
1609 2697 1663 2752 in
1689 2697 2041 2768 simplicitate
2063 2711 2190 2752 cor-

583 2793 668 2849 dis
692 2794 882 2864 vestri,
910 2796 1052 2851 sicut
1077 2793 1296 2850 Christo
1328 2811 1341 2846 :
1370 2810 1478 2850 non
1507 2792 1574 2848 ad
1606 2791 1825 2847 oculum
1857 2792 2186 2855 servientes,

587 2888 748 2957 quasi
779 2870 1096 2945 hominibus
1125 2889 1430 2959 placentes,
1463 2887 1557 2943 sed
1586 2897 1645 2942 ut
1673 2888 1818 2942 servi
1852 2886 2075 2953 Christi,
2108 2885 2190 2938 fa-

581 2981 790 3037 cientes
822 2983 1159 3038 voluntatem
1190 2983 1284 3038 Dei
1317 2999 1383 3039 ex
1412 2982 1629 3050 animo,
1662 2997 1785 3038 cum
1821 2982 1964 3037 bona
1993 2981 2189 3036 volun-

582 3081 696 3129 tate
719 3075 1025 3131 servientes
1050 3121 1064 3144 ,
1103 3077 1244 3132 sicut
1267 3076 1502 3132 Domino
1528 3118 1544 3144 ,
1597 3086 1651 3133 et
1683 3092 1790 3131 non
1820 3075 2140 3131 hominibus
2171 3095 2183 3129 :

579 3166 818 3223 scientes
845 3171 1102 3236 quoniam
1135 3170 1530 3240 unusquisque,
1575 3168 1960 3240 quodcumque
1994 3171 2187 3225 fecerit

2293 1943 2524 2014 spiritus
2554 1937 2724 2012 (quod
2755 1946 2839 1991 est
2863 1934 3090 1990 verbum
3117 1929 3268 2003 Dei),
3299 1944 3398 2000 per
3439 1939 3657 1982 omnem
3691 1919 3899 1978 oratio-
3962 1964 3970 1970 .

2295 2051 2419 2091 uem
2452 2045 2506 2090 et
2532 2031 2977 2088 obsecrationem
3010 2033 3231 2082 orantes
3248 2023 3395 2079 omni
3426 2031 3674 2088 tempore
3702 2017 3759 2070 in
3790 2015 3900 2085 spi-

2294 2131 2398 2186 ritu
2424 2146 2437 2182 :
2467 2137 2523 2184 et
2544 2128 2596 2183 in
2631 2128 2751 2196 ipso
2775 2123 3062 2193 vigilantes
3095 2121 3146 2175 in
3177 2117 3326 2172 omni
3357 2113 3635 2179 instantia,
3658 2123 3714 2167 et
3737 2108 3899 2166 obse-

2293 2224 2540 2282 oratione
2570 2237 2666 2292 pro
2696 2219 2954 2277 omnibus
2984 2215 3222 2272 sanctis:
3255 2222 3312 2270 et
3335 2227 3435 2283 pro
3464 2225 3550 2265 me
3569 2248 3586 2276 ,
3629 2215 3692 2262 ut
3738 2204 3901 2260 detur

2297 2321 2429 2376 mihi
2463 2333 2646 2376 sermo
2669 2318 2724 2372 in
2749 2314 3034 2388 apertione
3063 2312 3178 2368 oris
3200 2311 3308 2366 mei
3328 2323 3451 2365 cum
3466 2305 3689 2372 ﬁducia,
3710 2313 3899 2357 notum

2297 2415 2477 2470 facere
2509 2411 2828 2484 mysterium
2854 2406 3135 2478 Evangelii
3166 2423 3179 2460 :
3210 2419 3310 2476 pro
3341 2415 3452 2473 quo
3486 2397 3757 2469 legatione
3775 2395 3898 2450 fun-

2293 2525 2391 2580 gor
2419 2508 2471 2563 in
2502 2516 2716 2573 catena,
2752 2506 2824 2559 ita
2853 2513 2910 2557 ut
2940 2505 2993 2558 in
3027 2501 3148 2571 ipso
3187 2498 3419 2554 audeam
3443 2538 3460 2565 ,
3494 2502 3656 2567 prout
3681 2499 3904 2563 oportet

2296 2619 2405 2669 me,
2439 2601 2607 2672 loqui.
2639 2599 2710 2656 Ut
2735 2607 2920 2654 autem
2972 2605 3030 2652 et
3064 2610 3164 2651 vos
3214 2593 3398 2650 sciatis
3436 2607 3558 2662 quae
3601 2589 3748 2646 circa
3815 2601 3902 2642 me

2293 2706 2442 2761 sunt,
2475 2694 2606 2764 quid
2629 2709 2788 2763 agam
2819 2709 2832 2746 :
2862 2689 3044 2746 omnia
3081 2688 3236 2744 vobis
3267 2696 3392 2742 nota
3425 2685 3586 2740 faciet
3605 2681 3900 2754 Tychicus,

2293 2789 2652 2845 charissimus
2683 2785 2874 2852 frater,
2905 2795 2963 2841 et
2987 2781 3166 2838 fidelis
3209 2778 3459 2836 minister
3509 2777 3564 2831 iu
3614 2772 3896 2854 Domino“;

2293 2897 2455 2953 quem
2487 2881 2612 2936 misi
2643 2879 2711 2935 ad
2739 2893 2835 2933 vos
2861 2878 2915 2932 in
2945 2875 3049 2930 hoc
3078 2875 3280 2944 ipsum,
3306 2881 3365 2927 ut
3393 2867 3743 2942 cognoscatis
3777 2880 3902 2936 qua:

2292 2975 2434 3033 circa
2469 2991 2573 3030 nos
2605 2984 2753 3040 sunt,
2779 2983 2833 3028 et
2862 2970 3181 3028 consoletur
3209 2967 3374 3025 corda
3403 2973 3609 3022 vestra.
3646 2964 3758 3019 Pax
3791 2961 3902 3016 fra-

2293 3071 2495 3138 tribus,
2522 3080 2577 3126 et
2598 3068 2839 3125 charitas
2867 3083 2992 3123 cum
3023 3065 3150 3130 fide,
3176 3080 3204 3118 a
3238 3064 3348 3121 Deo
3373 3062 3560 3128 Patre,
3583 3051 3640 3116 et
3666 3058 3903 3114 Domino

2293 3166 2421 3239 Ws.
2456 3165 2581 3220 add.
2620 3163 2833 3235 nostro]
2861 3162 2991 3218 Iesu
3031 3161 3273 3217 Christo.
3321 3157 3505 3215 Gratia
3551 3170 3674 3212 cum
3720 3153 3903 3208 omni-

581 3256 807 3323 bonum,
840 3259 944 3314 hoc
973 3260 1198 3328 recipiet
1229 3274 1259 3313 a
1292 3259 1550 3326 Domino,
1585 3259 1701 3316 sive
1728 3275 1948 3326 servus,
1979 3261 2097 3314 sive
2131 3261 2193 3314 li-
2221 3240 2266 3303 C
2301 3260 2421 3327 bus,
2456 3260 2548 3330 qui
2576 3257 3116 3330 diliguntDomiuum
3139 3265 3386 3313 nostrum
3407 3252 3594 3310 Iesum
3617 3249 3899 3308 Christum

581 3349 698 3405 ber.
727 3351 794 3408 Et
818 3367 916 3408 vos
936 3394 950 3422 ,
980 3353 1207 3420 domini,
1237 3353 1431 3411 eadem
1463 3352 1631 3410 facite
1656 3353 1762 3410 illis
1787 3399 1800 3423 ,
1847 3354 2191 3410 remittentes

2299 3353 2352 3409 in
2375 3352 2803 3423 incorruptione.
2835 3351 3032 3408 Amen.

1504 3471 1734 3541 Explicit
1771 3471 2011 3541 Epistola
2044 3471 2105 3524 Β.
2139 3469 2297 3526 Pauli
2321 3469 2547 3540 apostoli
2577 3466 2647 3523 ad
2675 3466 2952 3540 Ephesios.

655 3641 681 3670 ει
726 3632 902 3705 Atque
945 3635 1032 3690 hic
1077 3649 1276 3691 nomen
1316 3635 1430 3690 vita:
1477 3633 1756 3692 Palatinus
1807 3651 1910 3691 ms.
1974 3635 2181 3702 pariter

580 3714 743 3816 atque
772 3705 992 3788 Graecus
1023 3715 1211 3762 textus
1242 3707 1510 3762 nesciunt.

717 3776 870 3816 Addit
904 3786 960 3816 ιιι
985 3779 1304 3816 nnrlinnlam
1334 3794 1455 3816 nnm
1499 3783 1510 3816 Ι

711 3776 876 3833 Addit
904 3786 960 3832 ut
985 3779 1305 3849 particulam
1334 3794 1456 3834 cum
1499 3779 1692 3836 Graeco
1738 3779 2039 3850 archetypo
2080 3779 2179 3834 Pa-

2290 3633 2494 3690 latinus
2519 3646 2733 3704 quoque
2763 3646 2874 3688 ms.

2363 3716 2386 3744 ο
2407 3699 2573 3760 Tacet
2600 3699 2794 3759 iterum
2826 3718 2948 3759 cum
2971 3702 3163 3760 Graeco
3193 3709 3339 3760 textu
3368 3716 3672 3775 pronomen
3695 3715 3784 3756 vos
3809 3699 3900 3756 hic

2287 3777 2392 3857 loci
2423 3775 2700 3832 Palatinus
2730 3789 2834 3831 ms.

591 3910 3881 3935 W

1336 4040 1513 4153 Β.
1594 4040 2164 4157 PAULI
2237 4038 3143 4159 APOS'I'OL'I

2104 4235 2396 4301 INCIPIT

759 4399 1755 4553 EPISTULA
1838 4403 2118 4639 Al)
2219 4398 3698 4550 PHILIPPENSES.

649 4784 800 4859 [ϐαρ.
831 4784 897 4857 1.]
925 4784 1128 4842 Paulus
1172 4794 1228 4842 et
1255 4785 1599 4855 Timotheus,
1627 4788 1774 4844 servi
1797 4789 1925 4846 Iesu
1946 4787 2174 4857 Christi,
2203 4795 2262 4857 1)
2283 4788 2427 4857 quod
2452 4787 2679 4844 habeam
2715 4803 2814 4846 vos
2843 4790 2898 4845 in
2925 4789 3113 4860 corde,
3140 4799 3199 4847 et
3225 4790 3276 4846 in
3302 4790 3538 4848 vinculis
3560 4791 3719 4858 meis,
3750 4801 3806 4847 et
3839 4793 3891 4847 in

576 4877 830 4934 omnibus
850 4877 1055 4932 sanctis
1080 4877 1134 4932 in
1160 4876 1378 4935 Christo
1404 4878 1558 4946 Iesu,
1589 4881 1682 4951 qui
1732 4889 1859 4936 sunt
1886 4877 2174 4953 Philippis,

573 4987 696 5027 cum
727 4971 1017 5040 episcopis,
1043 4980 1098 5026 et
1142 4969 1482 5028 diaconibus.
1516 4972 1701 5028 Gratia
1747 4975 1904 5031 vobis
1929 4985 1984 5032 et
2014 4992 2116 5045 pax
2145 4991 2178 5032 a

576 5065 688 5121 Deo
719 5065 878 5121 Patre
907 5071 1118 5131 nostro,
1151 5073 1207 5119 et
1245 5064 1471 5119 Domino
1501 5064 1629 5121 Iesu
1666 5066 1907 5122 Christo.
1963 5067 2178 5125 Gratias

570 5170 672 5227 ago
704 5158 813 5213 Deo
859 5171 983 5212 meo
1031 5156 1085 5212 in
1119 5157 1267 5212 omni
1317 5158 1578 5213 memoria
1633 5160 1827 5227 vestri,
1877 5176 2096 5230 semper
2124 5163 2176 5216 in

568 5249 780 5304 cunctis
825 5249 1163 5304 orationibus
1198 5249 1333 5305 meis
1391 5266 1490 5321 pro
1536 5251 1788 5307 omnibus
1837 5253 2016 5317 vobis,
2049 5269 2173 5310 cum

567 5341 764 5411 gaudio
789 5340 1233 5410 deprecationem
1264 5341 1473 5398 faciens
1498 5357 1662 5414 super
1678 5346 2175 5404 communicatione

565 5440 747 5486 vestra
781 5433 833 5487 in
859 5433 1156 5506 Evangelio
1173 5443 1198 5471 ⁸
1216 5433 1415 5490 Christi
1439 5451 1469 5491 a
1493 5437 1664 5506 prima
1688 5437 1774 5493 die
1805 5452 1973 5509 usque
2004 5455 2170 5496 nunc.

560 5522 854 5579 Confidens
883 5527 984 5582 hoc
1021 5527 1221 5597 ipsum,
1271 5528 1395 5598 quia
1429 5528 1524 5600 qui
1552 5529 1718 5599 erepit
1747 5530 1799 5585 in
1851 5530 2008 5587 vobis
2034 5547 2170 5602 opus

566 5614 1063 5688 bonum,perficiet
1113 5635 1288 5691 usque
1336 5621 1389 5675 in
1419 5621 1562 5676 diem
1595 5622 1795 5679 Christi
1837 5623 1984 5681 Iesu.
2017 5627 2171 5685 Sicut

562 5719 647 5768 est
676 5710 811 5769 mihi
841 5711 1049 5782 justum
1087 5713 1192 5769 hoc
1220 5715 1427 5771 sentire
1449 5731 1554 5788 pro
1582 5717 1838 5774 omnibus
1871 5720 2028 5776 vobis
2060 5738 2073 5775 :
2102 5737 2168 5776 eo

2283 4880 2626 4948 defensione,
2649 4891 2705 4940 et
2728 4882 3145 4941 confirmatione
3169 4884 3470 4957 Evangelii,
3499 4885 3685 4940 socios
3705 4884 3891 4953 gaudii

2281 4976 2389 5030 mei
2418 4990 2611 5032 omnes
2644 4991 2741 5032 vos
2770 4991 2912 5032 esse.
2969 4976 3148 5034 Testis
3202 4978 3348 5032 enim
3401 4977 3534 5033 mihi
3583 4986 3663 5034 est
3719 4977 3888 5044 Dens,

2287 5069 2563 5138 quomodo
2616 5069 2830 5140 cupiam
2895 5085 3086 5126 omnes
3139 5086 3238 5126 vos
3301 5072 3353 5127 in
3395 5071 3699 5128 visceribus
3756 5070 3890 5126 Iesu

2279 5158 2506 5216 Christi.
2539 5161 2608 5217 Et
2632 5163 2737 5219 hoc
2764 5179 2882 5226 oro,
2916 5175 2975 5219 ut
3008 5163 3248 5220 charitas
3264 5174 3445 5220 vestra
3471 5164 3644 5235 magis
3673 5179 3738 5219 ac
3767 5178 3889 5219 ma-

2279 5253 2363 5325 gis
2394 5256 2632 5312 abundet
2665 5257 2719 5311 in
2755 5256 2881 5329 [M8,
2913 5258 3039 5312 add.
3072 5257 3238 5328 omni]
3270 5259 3521 5327 scientia,
3553 5266 3608 5314 et
3633 5259 3686 5313 in
3732 5257 3884 5314 omni

2280 5361 2446 5402 sensu
2479 5366 2491 5400 :
2521 5356 2579 5402 ut
2603 5350 2842 5419 probetis
2874 5351 3107 5420 potiora,
3140 5360 3200 5406 ut
3251 5351 3368 5406 sitis
3404 5351 3630 5414 sinceri,
3679 5360 3736 5407 et
3763 5352 3886 5406 sine

2280 5439 2484 5496 offensa
2516 5442 2572 5496 in
2625 5442 2769 5498 diem
2802 5442 3031 5510 Christi,
3062 5445 3258 5515 repleti
3309 5445 3487 5501 fructu
3529 5446 3757 5517 justitite
3787 5461 3884 5514 per

2279 5535 2464 5592 Iesum
2493 5536 2790 5605 Christum,
2828 5540 2880 5593 in
2932 5540 3159 5610 gloriam
3213 5551 3267 5595 et
3315 5541 3534 5596 laudem
3575 5540 3692 5595 Dei.
3725 5539 3881 5598 Scire

2278 5644 2458 5688 autem
2501 5646 2599 5688 vos
2626 5633 2772 5700 volo,
2825 5634 3042 5701 fratres,
3083 5633 3209 5704 quia
3253 5649 3377 5704 qua:
3414 5634 3558 5690 circa
3589 5648 3676 5688 me
3726 5641 3875 5699 sunt,

2279 5726 2452 5797 magis
2483 5725 2548 5781 ad
2579 5725 2881 5796 profectum
2913 5737 3180 5784 venerunt
3211 5725 3492 5798 Evangelii
3529 5745 3543 5782 :
3574 5724 3645 5781 ita
3679 5734 3739 5780 ut
3759 5725 3876 5779 vin-

632 5863 659 5892 ι
689 5852 901 5912 Nomen
930 5853 1142 5925 Christi,
1169 5863 1231 5911 ut
1271 5869 1302 5911 a
1347 5854 1542 5915 Graeco
1589 5859 1919 5932 exemplari,
1975 5861 2046 5919 ita
2075 5871 2129 5920 et
2157 5860 2402 5920 Palatino
2434 5877 2537 5920 ms.
2570 5865 2746 5921 abest.
