4128 6330
290 368 397 425 785

1078 367 1414 427 EPISTOLA
1455 369 1516 425 Β.
1560 369 1763 427 PAULI
1804 367 2135 427 APOSTOLI
2174 370 2265 425 AD
2301 367 2821 430 PHILIPPENSES.

3498 375 3607 433 786

291 489 409 543 cula
437 500 555 543 mea
586 485 873 541 manifesta
917 485 1111 542 tierent
1138 484 1192 539 in
1221 482 1441 540 Christo
1489 486 1542 539 in
1573 483 1721 540 omni
1753 500 1893 554 prte-
1924 492 1971 547 Λ
1999 484 2123 553 quia
2158 483 2425 539 Dominus
2455 486 2614 541 Jesus
2644 485 2894 541 Christus
2937 488 2987 542 in
3045 488 3217 557 gloria
3253 498 3336 544 est
3374 488 3469 545 Dei
3502 490 3603 545 Pa—

294 581 470 648 torio,
498 589 554 635 et
582 580 635 634 in
676 580 890 634 creteris
919 578 1208 643 omnibus;
1258 586 1312 632 et
1342 578 1521 649 plures
1553 593 1584 633 e
1635 576 1895 632 fratribus

291 674 346 729 in
373 672 609 729 Domino
638 670 975 727 conﬁdentes
1004 668 1133 744 [Μδ.
1165 670 1289 724 add.
1349 667 1427 742 in]
1473 668 1703 724 vinculis
1735 667 1892 734 meis,

295 765 667 823 abundantius
697 764 964 820 auderent
990 766 1107 820 sine
1138 766 1334 819 timore
1360 764 1581 818 verbum
1604 762 1696 816 Dei
1722 761 1890 832 loqui.

214 856 224 863 ’
290 861 520 930 Quidam
541 860 757 932 quidem
781 868 834 914 et
858 867 1076 929 prOpter
1102 856 1358 913 invidiam
1382 864 1438 910 et
1465 856 1889 919 contentionem,

292 955 512 1026 quidam
554 966 735 1010 autem
786 962 841 1009 et
868 963 1091 1025 propter
1117 953 1315 1008 bonam
1363 952 1695 1007 voluntatem
1736 948 1896 1004 Chri-

288 1058 434 1103 stum
465 1046 786 1119 praadicant.
818 1047 1045 1114 Quidam
1076 1064 1142 1101 ex
1170 1046 1459 1111 cltaritate,
1484 1046 1721 1101 scientes
1754 1060 1890 1111 quo-

290 1144 437 1198 niam
480 1143 536 1198 in
567 1142 940 1198 defensionem
989 1142 1262 1211 Evangelii
1317 1142 1525 1211 positus
1571 1155 1713 1194 sum.
1763 1138 1896 1206 Qui-

288 1238 413 1291 dam
446 1245 626 1291 autem
656 1250 721 1290 ex
748 1234 1100 1290 contentione
1124 1233 1401 1289 Christum
1426 1232 1753 1287 annuntiant
1785 1246 1889 1285 non

287 1331 529 1398 sincere,
566 1330 948 1385 existimantes
988 1344 1298 1398 pressuram
1330 1344 1390 1383 se
1410 1328 1679 1382 suscitare
1701 1327 1891 1379 vincu-

286 1425 357 1479 lis
381 1424 538 1480 meis.
573 1421 713 1491 Quid
742 1422 927 1479 enim?
975 1423 1109 1477 Dum
1143 1423 1290 1478 omni
1324 1422 1503 1488 modo,
1531 1421 1649 1475 sive
1682 1436 1775 1491 per
1802 1436 1893 1475 oc-

288 1517 595 1582 casionem,
628 1516 744 1570 sive
776 1530 871 1585 per
894 1515 1200 1582 veritatem,
1227 1513 1479 1569 Christus
1509 1514 1889 1579 annuntietnr;

286 1618 346 1665 et
375 1610 429 1664 in
464 1609 567 1665 hoc
588 1609 821 1678 gaudeo,
853 1608 948 1665 sed
980 1618 1034 1664 et
1058 1608 1326 1678 gaudebo.
1359 1606 1483 1662 Scio
1512 1606 1654 1661 enim
1687 1606 1813 1675 quia
1836 1606 1890 1661 in

286 1703 395 1760 hoc
422 1703 551 1759 mihi
599 1701 852 1774 provenit
880 1702 947 1757 ad
980 1702 1232 1766 salutem,
1263 1716 1356 1771 per
1407 1710 1644 1756 vestram
1684 1702 1891 1757 oratio-

286 1812 439 1863 nem,
480 1807 534 1852 et
572 1794 1132 1852 subministrationem
1180 1794 1420 1863 Spiritus
1481 1793 1609 1849 Jesu
1664 1793 1885 1849 Christi.

1998 578 2116 631 tris.
2148 578 2353 647 Itaque,
2388 579 2694 634 charissimi
2720 581 2822 635 mei
2848 581 3015 651 (sicut
3043 596 3257 652 semper
3284 582 3597 653 obedistis),

1998 684 2105 722 non
2137 679 2191 723 ut
2227 668 2280 723 in
2315 670 2608 739 praesentia
2635 672 2747 727 mei
2790 681 3023 740 tantum,
3064 675 3159 728 sed
3209 677 3379 729 multo
3428 676 3599 745 magis

1998 775 2139 813 nunc
2170 759 2220 813 in
2245 763 2488 815 absentia
2515 778 2793 828 mea,cum
2827 777 2973 819 metu
3004 777 3057 820 et
3082 774 3318 820 tremore
3355 776 3593 822 vestram

1998 854 2231 909 salutem
2258 857 2581 925 operamini.
2620 857 2761 911 Deus
2794 868 2881 914 est
2914 860 3084 928 enim,
3132 860 3225 930 qui
3258 871 3513 930 operatur
3541 862 3598 917 in

1995 947 2180 1011 vobis,
2213 958 2266 1001 et
2314 949 2473 1015 velle,
2507 962 2560 1005 et
2611 952 2895 1018 perlicere,
2952 969 3047 1022 pro
3096 954 3237 1008 bona
3297 955 3596 1011 Voluntate.

1994 1041 2183 1096 Omnia
2206 1052 2384 1097 autem
2418 1042 2581 1098 facile
2610 1046 2727 1099 sine
2757 1047 3307 1111 murmurationibus,
3357 1058 3413 1104 et
3434 1048 3597 1103 haesi-

1997 1134 2289 1189 tationibus
2324 1152 2337 1189 :
2381 1146 2439 1191 ut
2495 1138 2614 1191 sitis
2644 1139 2763 1193 sine
2800 1140 3121 1209 querela,et
3170 1141 3448 1209 simplices
3495 1140 3595 1198 ﬁlii

1995 1228 2113 1294 Dei,
2140 1228 2257 1283 sine
2286 1230 2735 1299 reprehensione,
2771 1234 2821 1287 in
2856 1234 3035 1289 medio
3067 1236 3301 1291 nationis
3329 1252 3507 1306 prava:
3537 1246 3594 1292 et

1997 1336 2317 1391 perversae:
2375 1323 2519 1378 inter
2564 1342 2700 1395 quos
2744 1327 2936 1382 lucetis
2987 1328 3130 1383 sicut
3190 1328 3476 1384 luminaria
3534 1331 3589 1384 itt

1996 1416 2221 1482 mundo,
2245 1416 2470 1473 verbum
2521 1418 2641 1473 vita:
2670 1422 3013 1475 continentes
3042 1421 3109 1475 ad
3155 1422 3379 1493 gloriam
3414 1437 3589 1477 meam

1995 1508 2049 1564 in
2079 1509 2167 1565 die
2195 1508 2418 1578 Christi,
2465 1514 2588 1581 quia
2636 1530 2743 1567 non
2800 1515 2854 1568 in
2887 1530 3115 1570 vacuum
3155 1516 3392 1582 cucurri,
3418 1530 3597 1585 neque

1994 1602 2047 1658 in
2078 1618 2303 1659 vacuum
2338 1604 2604 1659 laboravi.
2653 1604 2759 1661 Sed
2788 1618 2843 1662 et
2870 1608 2912 1661 si
2949 1607 3203 1662 immolor
3226 1622 3386 1676 supra
3418 1610 3594 1663 sacri-

1998 1697 2176 1752 ﬁcium
2226 1707 2281 1753 et
2326 1700 2647 1769 obsequium
2702 1700 2828 1755 ﬁdei
2876 1710 3092 1766 vestrm,
3124 1703 3351 1773 gaudeo,
3386 1714 3440 1757 et
3469 1718 3601 1759 con-

1991 1794 2237 1862 gratulor
2265 1794 2519 1849 omnibus
2547 1795 2721 1849 vobis.
2756 1795 2992 1866 ldipsum
3026 1806 3203 1851 autem
3242 1809 3293 1851 et
3323 1814 3417 1852 vos
3464 1814 3599 1869 gau-

288 1888 605 1947 Secundum
654 1887 1123 1958 exSpectationem
1164 1897 1218 1941 et
1254 1902 1405 1956 spem
1448 1900 1646 1949 meam.
1681 1886 1806 1955 quia
1837 1888 1887 1939 in
1921 1882 2157 1949 Bdete,
2214 1897 2269 1941 et
2329 1888 2783 1955 congratulamini
2854 1888 3006 1944 mihi.
3077 1889 3250 1959 Spero
3308 1900 3486 1945 autem
3540 1890 3597 1945 in

290 1984 447 2039 nullo
476 1982 815 2040 confundar:
851 1982 945 2039 sed
978 1982 1030 2036 in
1061 1982 1208 2036 omni
1257 1980 1452 2036 liducia
1482 1979 1623 2034 sicut
1654 1994 1889 2047 semper,

287 2088 347 2135 et
376 2094 521 2134 nunc
570 2076 1006 2149 magniﬁcabitur
1045 2074 1295 2130 Christus
1347 2075 1400 2127 in
1454 2088 1684 2143 corpore
1734 2085 1891 2138 meo,

287 2172 408 2226 sive
440 2184 539 2241 per
566 2170 754 2237 vitam,
807 2170 919 2224 sive
949 2184 1043 2240 per
1075 2177 1326 2223 mortem.
1372 2166 1496 2221 Mihi
1531 2166 1676 2220 enim
1711 2164 1893 2221 vivere

287 2261 543 2318 Christus
564 2272 666 2328 est,
701 2269 756 2317 et
785 2262 921 2316 mori
953 2262 1187 2317 lucrum.
1221 2261 1375 2329 Quod
1411 2259 1457 2315 si
1481 2263 1661 2315 vivere
1693 2261 1743 2313 in
1772 2275 1891 2315 car-

291 2370 382 2420 ne,
432 2353 519 2409 hic
557 2353 688 2408 mihi
742 2352 950 2409 fructus
1003 2354 1189 2424 operis
1241 2363 1342 2420 est,
1402 2363 1457 2408 et
1515 2354 1643 2424 quid
1694 2354 1891 2425 eligam

291 2448 504 2519 ignoro.
535 2446 803 2504 Coarctor
840 2455 1025 2503 autem
1068 2464 1099 2504 e
1127 2447 1340 2503 duobus
1374 2466 1387 2503 :
1429 2446 1762 2503 desiderium
1792 2446 1889 2500 ha-

291 2541 426 2596 bens
452 2541 695 2607 dissolvi,
724 2551 779 2597 et
808 2555 930 2597 esse
956 2556 1077 2599 cum
1109 2526 1348 2607 Christo,
1381 2540 1550 2595 multo
1576 2539 1745 2611 magis
1777 2554 1891 2595 me-

294 2635 437 2692 lius:
471 2651 799 2706 permanere
840 2647 1018 2692 autem
1069 2636 1123 2690 in
1152 2650 1321 2691 carne
1370 2636 1734 2690 necessarium
1766 2648 1892 2705 pro-

292 2737 415 2799 pter
433 2744 547 2784 vos.
573 2729 762 2784 Ethoc
786 2728 1065 2784 conﬁdens
1095 2728 1230 2796 scio,
1252 2728 1377 2799 quia
1408 2727 1658 2797 manebo,
1691 2740 1743 2783 et
1768 2743 1889 2798 per-

297 2822 527 2877 manebo
576 2822 827 2878 omnibus
878 2822 1055 2889 vobis,
1087 2821 1155 2877 ad
1195 2823 1495 2893 proiectum
1541 2832 1807 2890 vestrum,
1835 2831 1891 2878 et

291 2916 547 2987 gaudium
575 2917 721 2985 lidei,
750 2929 807 2975 ut
831 2919 1120 2990 gratulatio
1139 2930 1319 2974 vestra
1350 2917 1889 2974 abundetinChristo

291 3008 421 3063 Jesu
452 3009 508 3063 in
540 3026 645 3076 me,
688 3027 786 3081 per
823 3028 1002 3068 meum
1055 3011 1347 3067 adventum
1404 3013 1595 3066 iterum
1645 3010 1709 3065 ad
1762 3025 1881 3065 vos.

291 3100 525 3157 Tantum
577 3104 737 3174 digne
769 3103 896 3176 [Μδ.
929 3104 1055 3159 add.
1084 3102 1162 3175 in]
1204 3105 1502 3175 Evangelio
1529 3104 1726 3162 Christi
1756 3120 1888 3160 con-

288 3195 581 3249 versamini
614 3214 625 3249 :
659 3208 715 3249 ut
753 3196 870 3253 sive
898 3211 1020 3252 cum
1063 3213 1287 3263 venero,
1316 3207 1371 3253 et
1400 3199 1590 3252 videro
1622 3214 1741 3266 vos,
1770 3197 1886 3253 sive

1999 1979 2229 2035 Domino
2260 1980 2411 2051 Jesu,
2446 1982 2795 2038 Timotheum
2847 1998 2932 2038 me
2959 1984 3069 2038 cito
3112 1985 3331 2039 mittere
3357 1984 3421 2037 ad
3449 2000 3543 2039 vos
3577 2000 3591 2037 :

1996 2080 2132 2128 utet
2161 2088 2261 2143 ego
2314 2074 2457 2128 bono
2500 2076 2689 2129 animo
2736 2076 2860 2141 sim,
2918 2076 3147 2147 cognitis
3178 2092 3298 2146 qua:
3320 2078 3463 2131 circa
3498 2091 3597 2132 vos

1996 2177 2142 2221 sunt.
2166 2165 2448 2222 Neminem
2479 2168 2621 2223 enim
2648 2168 2821 2222 habeo
2851 2180 2955 2222 tam
2990 2169 3325 2234 unanimem,
3361 2170 3451 2239 qui
3481 2170 3598 2224 sin-

1995 2274 2122 2315 cera
2144 2258 2432 2317 aﬂ‘ectione
2480 2276 2577 2331 pro
2610 2261 2765 2317 vobis
2800 2262 3072 2317 sollicitus
3098 2262 3188 2317 sit.
3222 2263 3422 2317 Omnes
3448 2261 3597 2317 enim

1993 2371 2117 2427 qua:
2148 2372 2244 2411 sua
2272 2367 2417 2421 sunt,
2448 2369 2718 2428 qumrunt,
2755 2375 2861 2413 non
2892 2376 3011 2429 qua:
3040 2368 3165 2413 sunt
3210 2361 3341 2414 Jesu
3367 2356 3595 2415 Christi.

1996 2448 2445 2519 Experimentum
2477 2460 2660 2506 autem
2721 2450 2839 2519 ejus
2894 2450 3228 2520 cognoscite.
3282 2451 3403 2520 quia
3450 2449 3594 2505 sicut

1996 2540 2134 2613 patri
2164 2542 2331 2609 ﬁlius,
2375 2557 2585 2599 mecum
2620 2543 2844 2599 servivit
2872 2544 2922 2598 iu
2950 2542 3271 2613 Evangelio.
3307 2542 3457 2597 Hunc
3496 2542 3593 2612 igi-

1994 2644 2083 2690 tur
2108 2651 2269 2706 spero
2295 2652 2380 2691 me
2407 2636 2625 2692 mittere
2656 2635 2683 2675 b
2713 2637 2777 2691 ad
2807 2652 2925 2703 vos,
2984 2650 3109 2691 mox
3155 2648 3211 2689 ut
3256 2636 3443 2690 videro
3473 2649 3596 2705 qua)

1992 2732 2133 2785 circa
2165 2746 2249 2785 me
2280 2740 2426 2785 sunt.
2460 2730 2703 2785 ‘Conﬁdo
2730 2739 2907 2786 autem
2952 2730 3008 2785 in
3041 2730 3294 2797 Domino,
3329 2727 3587 2799 quoniam

1992 2836 2045 2881 et
2073 2828 2187 2896 ipse
2215 2827 2429 2881 veniam
2464 2827 2531 2881 ad
2556 2841 2653 2882 vos
2678 2827 2808 2882 cito.
2842 2826 3216 2881 Necessarium
3248 2836 3428 2880 autem
3469 2824 3589 2878 exi-

1991 2919 2205 2974 stimavi
2243 2919 2671 2990 Epaphroditum
2698 2925 2945 2987 fratrem,
2979 2928 3033 2974 et
3060 2927 3495 2989 cooperatorem,
3528 2926 3591 2973 et

1990 3012 2415 3069 commilitonem
2458 3030 2660 3078 meum,
2695 3026 2932 3069 vestrum
2959 3022 3138 3069 autem
3168 3012 3493 3082 apostolum,
3529 3020 3587 3067 et

1991 3107 2294 3163 ministrum
2319 3109 2661 3163 necessitatis
2713 3124 2868 3174 mem,
2913 3108 3128 3161 mittere
3158 3106 3223 3161 ad
3264 3121 3398 3161 vos:
3444 3120 3587 3177 quo-

1990 3202 2132 3256 niam
2183 3201 2401 3271 quidem
2451 3216 2642 3257 omnes
2695 3216 2794 3256 vos
2832 3200 3218 3256 desiderabat:
3250 3208 3305 3254 et
3358 3209 3587 3255 moestus

290 3289 492 3343 absens
516 3289 729 3344 audiam
781 3288 849 3345 de
881 3288 1056 3356 vobis,
1090 3292 1215 3361 quia
1256 3292 1411 3346 statis
1465 3290 1517 3345 in
1563 3308 1668 3346 uno
1694 3291 1881 3361 spiritu
1913 3283 1958 3344 C
1989 3305 2124 3363 erat,
2165 3305 2447 3367 propterea
2476 3295 2625 3367 quod
2667 3296 2964 3351 audieratis
3023 3295 3173 3349 illum
3228 3294 3583 3348 iniirmatum.

292 3386 598 3449 unanimes,
642 3383 1047 3440 eollaborantes
1090 3384 1211 3439 fidei
1254 3384 1532 3456 Evangelii
1580 3403 1591 3438 :
1626 3385 1678 3439 itt
1736 3385 1886 3441 nullo

294 3478 605 3532 terreamini
635 3478 705 3534 ab
727 3479 1053 3534 adversariis
1084 3497 1096 3534 :
1126 3494 1246 3550 qua:
1272 3479 1376 3534 illis
1406 3488 1491 3535 est
1511 3494 1673 3535 causa
1705 3480 1885 3550 perdi-

290 3571 476 3637 tionis,
505 3572 658 3627 vobis
690 3582 870 3629 autem
900 3574 1091 3629 salutis
1120 3591 1135 3630 :
1167 3585 1220 3629 et
1250 3574 1399 3628 boea
1434 3574 1564 3643 Deo,
1586 3575 1709 3643 quia
1735 3574 1885 3630 vobis

288 3666 549 3720 donatum
576 3674 659 3721 est
690 3682 786 3736 pro
814 3665 1055 3733 Christo,
1084 3683 1191 3722 non
1215 3669 1391 3723 solum
1427 3676 1485 3723 ut
1514 3669 1567 3723 in
1616 3684 1739 3723 eum
1764 3684 1884 3724 cre-

288 3758 449 3825 datis,
474 3760 567 3815 sed
618 3770 679 3815 ut
708 3760 872 3816 etiam
910 3776 1005 3831 pro
1038 3760 1132 3816 illo
1168 3762 1447 3832 patiamini
1482 3780 1494 3816 :
1532 3761 1674 3816 ident
1706 3771 1884 3817 certa-

290 3867 413 3907 men
441 3852 726 3922 habentes,
753 3853 913 3925 quale
936 3862 990 3909 et
1021 3853 1230 3910 vidistis
1268 3854 1319 3909 in
1351 3869 1455 3919 me,
1478 3863 1532 3908 et
1556 3869 1700 3909 nunc
1730 3853 1883 3908 audi-

284 3949 384 4002 stis
415 3948 484 4002 de
511 3963 621 4004 me.

360 4042 513 4115 [ϐιῳ.
548 4042 636 4115 IL]
685 4044 742 4099 Si
771 4058 871 4115 qua
921 4060 1049 4116 ergo
1105 4043 1408 4100 consolatio
1454 4045 1505 4098 in
1546 4042 1784 4110 Christo,
1837 4043 1881 4098 si

285 4137 426 4209 quod
457 4138 710 4192 solatium
740 4138 1041 4203 charitatis,
1075 4140 1117 4193 si
1156 4153 1259 4210 qua
1284 4138 1516 4193 societas
1556 4138 1801 4208 spiritus,
1834 4139 1879 4194 si

285 4249 387 4299 qua
420 4233 630 4287 viscera
661 4242 687 4270 ἰ
710 4235 1075 4291 miserationis
1101 4253 1112 4288 :
1140 4234 1363 4304 implete
1385 4235 1639 4305 gmdium
1672 4250 1874 4300 meum,

286 4337 344 4382 ut
367 4327 509 4383 idem
534 4327 1043 4399 sapiatis,eamdem
1074 4328 1396 4384 charitatem
1424 4330 1710 4395 habentes,
1747 4343 1880 4382 una-

286 4420 482 4487 nimes,
528 4421 759 4491 idipsum
810 4425 1127 4489 sentientes,
1158 4423 1290 4477 nihil
1325 4439 1420 4494 per
1445 4425 1872 4491 contentionem,

285 4530 462 4585 neque
493 4531 587 4585 per
635 4515 855 4572 inanem
886 4517 1110 4587 gloriam
1147 4532 1161 4571 :
1203 4516 1297 4571 sed
1346 4517 1397 4570 in
1434 4518 1734 4572 humilitate
1788 4534 1878 4572 su-

284 4612 528 4682 periores
575 4611 677 4667 sibi
734 4612 967 4668 invicem
1029 4611 1411 4667 arbitrantes:
1468 4628 1572 4666 non
1626 4628 1748 4682 quae
1778 4630 1871 4666 sua

1988 3389 2118 3443 Nam
2146 3398 2201 3446 et
2227 3390 2527 3445 inﬁrmatus
2550 3399 2634 3445 est
2664 3394 2835 3459 usque
2875 3388 2940 3442 ad
2985 3400 3216 3443 mortem
3250 3406 3262 3440 :
3311 3388 3406 3441 sed
3436 3388 3580 3441 Deus

1990 3483 2241 3537 misertus
2272 3492 2356 3538 est
2406 3483 2561 3553 ejus;
2614 3497 2720 3537 non
2772 3482 2944 3536 solum
2994 3491 3173 3536 autem
3207 3480 3347 3547 ejus,
3397 3494 3585 3535 verum

1984 3577 2149 3632 etiam
2178 3588 2233 3631 et
2274 3576 2401 3637 mei,
2453 3592 2521 3631 ne
2583 3575 2857 3630 tristitiam
2911 3589 3072 3643 super
3103 3574 3377 3627 tristitiam
3411 3571 3584 3627 habe-

1984 3688 2120 3727 rem.
2155 3670 2525 3727 FeStinantius
2545 3686 2674 3741 ergo
2704 3670 2824 3725 misi
2848 3670 3021 3732 illum,
3051 3679 3108 3723 ut
3137 3669 3255 3723 viso
3272 3684 3359 3732 eo.
3384 3669 3578 3724 iterum

1985 3764 2286 3834 gaudeatis,
2319 3774 2369 3817 et
2402 3778 2503 3833 ego
2550 3764 2668 3818 sine
2701 3762 2927 3816 tristitia
2958 3763 3083 3816 sim.
3116 3760 3360 3831 Excipite
3401 3762 3583 3829 itaque

1986 3859 2133 3914 illum
2165 3874 2285 3912 cum
2318 3858 2462 3912 omni
2483 3856 2680 3929 gaudio
2706 3856 2759 3911 in
2791 3856 3041 3917 Domino,
3073 3864 3127 3909 et
3157 3854 3423 3925 ejusmodi
3453 3869 3577 3909 cum

1986 3953 2191 4007 honore
2208 3950 2751 4019 habetote.Quoniam
2776 3959 2997 4019 propter
3019 3964 3158 4017 opus
3172 3948 3374 4003 Christi
3406 3963 3576 4017 usque

1984 4049 2048 4102 ad
2068 4048 2559 4115 mortemaccessit,
2596 4048 2817 4100 tradens
2845 4046 3079 4099 animam
3106 4054 3353 4107 suam,ut
3387 4042 3577 4113 imple-

1984 4149 2067 4195 ret
2093 4139 2164 4205 id,
2187 4139 2329 4210 quod
2358 4156 2421 4195 ex
2446 4139 2598 4193 vobis
2624 4140 2834 4204 deerat,
2870 4153 2996 4206 erga
3038 4136 3203 4190 Deum
3234 4137 3574 4204 obsequium.

2052 4231 2200 4305 [Cap.
2230 4231 2342 4301 "1.1
2378 4233 2450 4286 De
2473 4242 2695 4298 caetero,
2738 4234 2933 4287 fratres
2958 4232 3083 4295 mei,
3106 4231 3335 4303 gaudete
3366 4232 3420 4285 in
3464 4231 3543 4286 Do
3572 4260 3575 4263 λ

1983 4325 2149 4381 mino.
2182 4325 2381 4379 Eadem
2424 4326 2572 4380 vobis
2624 4326 2888 4391 scribere,
2947 4325 3078 4380 mihi
3103 4324 3321 4394 quidem
3360 4342 3465 4378 nou
3500 4324 3580 4394 pi-

1981 4436 2160 4491 grum,
2186 4420 2340 4475 vobis
2361 4428 2541 4474 autem
2568 4420 2955 4474 necessarium.
2977 4417 3165 4472 Videte
3190 4432 3375 4484 canes,
3398 4418 3579 4474 videte

1984 4518 2155 4571 malos
2188 4515 2487 4585 operarios,
2518 4515 2700 4569 videte
2730 4513 3122 4568 concisionetn.
3155 4511 3263 4566 Nos
3290 4513 3430 4567 enim
3482 4530 3574 4567 su-

1984 4627 2101 4666 mus
2124 4610 2493 4678 circumcisio,
2524 4611 2612 4677 qui
2644 4609 2840 4679 spiritu
2873 4609 3139 4662 servitutis
3172 4608 3300 4671 Deo,
3356 4616 3409 4659 et
3455 4607 3573 4677 glo-

284 4717 409 4759 sunt
441 4704 635 4775 singuli
688 4704 1116 4769 considerantes,
1175 4702 1269 4757 sed
1330 4719 1393 4757 ea
1446 4720 1564 4771 qua)
1616 4703 1866 4757 aliorum.
1899 4675 2183 4761 Driatuur
2212 4706 2263 4759 in
2294 4704 2514 4758 Christo
2544 4702 2694 4767 Jesu,
2743 4711 2799 4755 et
2849 4718 2953 4755 non
3000 4702 3052 4755 in
3103 4714 3265 4755 Carne
3322 4700 3573 4755 ﬁduciam

286 4796 398 4852 Hoc
428 4798 570 4852 enim
603 4798 799 4854 sentite
823 4799 874 4853 in
906 4798 1085 4866 vobis,
1119 4795 1263 4867 quod
1287 4807 1338 4851 et
1372 4795 1423 4849 in
1455 4795 1676 4850 Christo
1704 4795 1830 4850 Jesu
1859 4814 1872 4852 :

281 4893 374 4964 qui
404 4908 528 4947 cum
555 4892 609 4947 in
641 4892 811 4947 forma
845 4891 939 4947 Dei
965 4903 1129 4955 esset,
1164 4907 1270 4946 non
1297 4890 1541 4959 rapinam
1582 4889 1876 4944 arbitratus

281 4999 363 5041 est
395 5000 517 5041 esse
544 5001 601 5041 se
626 4986 886 5057 arqualem
919 4985 1029 5041 Deo
1056 5006 1068 5040 :
1118 4985 1213 5041 sed
1246 4986 1596 5055 semetipsum
1630 4985 1876 5039 exinani-

280 5079 353 5132 vit
382 5077 614 5133 formam
645 5077 794 5133 servi
822 5078 1115 5147 accipiens,
1153 5080 1203 5131 in
1248 5078 1655 5133 similitudinem
1703 5081 1873 5132 homi-

282 5187 410 5227 num
441 5171 633 5240 factus,
668 5180 722 5227 et
745 5170 928 5224 habitu
955 5170 1207 5225 inventus
1240 5181 1295 5225 ut
1346 5172 1523 5224 homo.
1561 5172 1873 5226 llumiliavit

279 5265 636 5333 semetipsum
654 5264 823 5319 laetus
842 5263 1102 5318 obediens
1116 5264 1363 5334 usquead
1386 5272 1873 5329 mortem,mortem

280 5368 461 5415 autem
477 5360 677 5415 crucis.
698 5359 922 5430 Propter
943 5358 1086 5429 quod
1104 5371 1155 5414 et
1174 5361 1314 5413 lleus
1340 5358 1603 5415 exaltavit
1633 5359 1807 5422 illum,
1826 5368 1881 5413 et

279 5451 502 5505 donavit
530 5450 603 5506 illi
631 5466 850 5519 nomen,
880 5451 1019 5522 quod
1042 5460 1126 5505 est
1159 5466 1322 5521 super
1352 5468 1514 5507 omne
1542 5466 1739 5507 nomen
1772 5471 1783 5505 :
1818 5462 1876 5507 ut

283 5544 334 5598 in
360 5543 584 5599 nomine
610 5543 737 5600 Jesu
768 5559 931 5600 omne
960 5560 1101 5616 genu
1132 5544 1377 5600 ﬂectatur
1401 5545 1732 5610 caelestium,
1761 5554 1871 5598 ter-

280 5640 533 5695 restrium
562 5648 617 5696 et
643 5639 977 5696 infernorum
1000 5656 1014 5705 ;
1041 5652 1095 5696 et.
1117 5640 1294 5708 omnis
1321 5640 1501 5711 lingua
1523 5639 1869 5710 conﬁteatur,

350 5857 378 5885 ιι
416 5847 579 5903 Juxta
611 5848 857 5927 Graecum
888 5859 1135 5927 textum:
1163 5854 1253 5927 κᾳὶ
1281 5852 1563 5927 οἰκτιρμοὶ,
1604 5850 1880 5908 Palatinus

277 5935 497 5993 quoque
527 5936 627 5977 ms.
660 5921 900 5993 praefert,
929 5933 979 5978 et
1009 5926 1380 5981 miserationes.

1982 4801 2243 4855 habentes
2274 4817 2285 4851 :
2316 4814 2639 4869 quamquam
2690 4812 2790 4867 ego
2838 4796 3065 4851 habeam
3097 4794 3481 4849 conﬁdentiam
3520 4804 3575 4847 et

1982 4894 2035 4949 in
2077 4908 2263 4948 carne.
2308 4892 2362 4947 Si
2407 4892 2529 4961 quis
2568 4891 2706 4947 alius
2735 4890 2948 4944 videtur
2976 4888 3253 4945 conﬁdere
3295 4890 3345 4943 in
3387 4904 3575 4953 carne,

1980 5006 2081 5061 ego
2138 4988 2349 5059 magis,
2405 4986 2759 5042 circumcisus
2812 4996 3002 5039 octavo
3060 4984 3192 5049 die,
3249 4998 3314 5037 ex
3379 4998 3580 5053 genere

1977 5082 2164 5146 Israel,
2218 5081 2285 5136 de
2333 5080 2471 5136 tribu
2523 5079 2822 5148 Benjamin,
2872 5079 3133 5134 Ilebrmus
3180 5093 3244 5131 ex
3290 5076 3573 5144 llelirmis,

1983 5177 2277 5232 secundum
2312 5177 2480 5246 legem
2500 5173 2831 5238 Pharisa‘us,
2849 5171 3145 5225 secundum
3172 5170 3574 5223 :rmulatimtetn

1986 5284 2319 5341 persequens
2351 5269 2652 5324 Ecelesiam
2679 5269 2795 5332 Dei,
2822 5266 3118 5320 secundum
3150 5264 3435 5333 justitiam,
3457 5282 3577 5333 qua:

1986 5368 2037 5421 in
2070 5367 2185 5435 lege
2213 5373 2315 5432 est,
2349 5372 2703 5417 conversatus
2726 5364 2845 5415 sine
2875 5361 3121 5430 querela.
3159 5358 3265 5414 Sed
3297 5375 3416 5427 qua:
3446 5359 3579 5413 mihi

1983 5458 2203 5514 fuerunt
2230 5458 2399 5521 lucra,
2436 5458 2551 5511 haec
2583 5452 2879 5509 arbitratus
2910 5468 3027 5507 sum
3055 5459 3279 5522 propter
3300 5450 3578 5508 Chrismm

1985 5556 2338 5611 detrtmcnta.
2373 5553 2754 5607 Verumtamen
2785 5549 3040 5606 existimo
3072 5548 3251 5605 omnia
3283 5548 3579 5605 detrimen-

1984 5660 2096 5705 tum
2127 5662 2272 5717 esse,
2295 5658 2516 5720 propter
2540 5646 2868 5702 eminentem
2900 5643 3183 5701 scientiam
3224 5642 3353 5700 Jesu
3375 5642 3584 5699 Christi

2060 5852 2089 5891 ι)
2121 5853 2355 5909 Voculas
2404 5853 2472 5907 ad
2502 5868 2613 5922 vos,
2663 5869 2786 5907 cum
2840 5852 3044 5907 Grmcis
3101 5849 3369 5920 plerisque
3425 5847 3579 5901 libris

1980 5924 2259 5982 Palatinus
2286 5940 2499 5997 quoque
2523 5940 2625 5981 ms.
2657 5936 2815 5980 tacet.
