4128 6330
527 350 633 406 787

1559 340 1618 398 8.
1660 337 2046 397 HIERONYMI
2082 336 2316 394 DIVINA
2359 338 2839 398 BIBLIOTHECA.

3739 352 3839 410 7$8

525 464 869 528 Dominimei
901 482 914 518 :
947 472 1174 536 propter
1189 477 1347 534 quem
1371 460 1555 520 omnia
1579 459 1968 516 detrimentum
1998 454 2126 524 feci,
2155 464 2204 524 Α
2234 455 2484 526 gaudete.
2527 456 2792 513 Modestis
2824 464 3001 513 vestra
3035 466 3162 514 nota
3201 458 3270 513 sit
3311 459 3586 541 omnibus
3615 461 3844 523 homini-

528 569 586 617 et
605 558 841 614 arbitror
886 565 945 612 ut
975 566 1244 622 stercora,
1281 562 1342 611 ut
1376 554 1663 629 Christum
1692 550 2049 616 lucrifaciam,
2075 559 2130 606 et

527 652 788 712 inveniar
839 651 892 706 in
932 651 1046 718 illo,
1081 665 1186 706 non
1217 649 1426 706 habens
1484 663 1659 705 meam
1684 646 1976 719 justitiam,
2009 661 2132 717 qua:

530 763 600 804 ex
623 749 742 818 lege
771 753 877 814 est,
911 745 1006 802 sed
1038 745 1206 812 illam,
1231 760 1351 816 qua:
1374 759 1441 800 ex
1475 742 1582 799 fido
1604 753 1687 798 est
1715 740 1919 798 Christi
1952 740 2080 797 Iesu
2113 757 2128 806 ;

529 857 652 913 quae
681 855 748 896 ex
780 839 892 894 Deo
922 846 1007 894 est
1049 836 1260 908 iustitia
1317 837 1370 892 in
1405 835 1532 902 fide,
1590 835 1655 890 ad
1690 832 2132 906 cognoscendum

530 936 708 1003 illum,
735 941 790 990 et
815 934 1068 988 virtutem
1101 931 1520 989 resurrectionis
1551 930 1693 1001 ejus,
1728 939 1784 985 et
1813 930 2132 986 societatem

531 1024 849 1100 passionum
907 1024 1052 1078 illius
1095 1040 1109 1078 :
1159 1022 1530 1094 conflguratus
1574 1022 1732 1078 morti
1767 1021 1905 1092 eius,
1940 1021 1986 1078 si
2027 1035 2137 1094 quo

535 1120 702 1178 modo
724 1132 1007 1173 occurram
1035 1117 1101 1172 ad
1131 1117 1609 1185 resurrectionem,
1635 1132 1756 1187 quae
1788 1127 1872 1172 est
1901 1131 1966 1172 ex
1991 1132 2136 1172 mor-

536 1214 670 1269 tuis.
695 1211 810 1267 Non
837 1209 982 1281 quod
1027 1209 1139 1280 jam
1181 1211 1513 1281 acceperim,
1568 1220 1660 1264 aut
1696 1208 1810 1279 jam
1867 1208 2138 1279 perfectus

537 1309 642 1369 sim
670 1323 683 1362 :
713 1320 917 1377 sequor
933 1314 1136 1372 autem,
1171 1306 1214 1361 si
1239 1313 1263 1342 ⁸
1295 1306 1570 1376 quomodo
1593 1305 2055 1374 comprehendam
2085 1307 2140 1362 in

537 1413 648 1472 quo
668 1408 725 1456 et
771 1397 1202 1470 comprehensus
1229 1413 1350 1454 sum
1405 1413 1434 1452 a
1466 1398 1684 1453 Christo
1711 1397 1866 1454 Iesu.
1898 1397 2138 1466 Fratres,

539 1508 642 1565 ego
662 1508 750 1548 me
777 1507 885 1548 non
923 1491 1162 1548 arbitror
1179 1487 1684 1564 comprehendisse.
1721 1491 1902 1549 Unum
1935 1502 2139 1560 autem,

540 1603 665 1660 quae
690 1587 909 1660 quidem
939 1596 1088 1643 retro
1119 1595 1248 1641 sunt
1286 1587 1636 1650 ohliviscens,
1661 1588 1726 1641 ad
1755 1604 1818 1643 ea
1851 1603 1983 1644 vero
2020 1605 2144 1661 quze

539 1694 668 1740 sunt
716 1687 900 1754 priora
952 1683 1252 1738 extendens
1303 1698 1391 1738 me
1435 1684 1634 1755 ipsum,
1689 1683 1755 1738 ad
1809 1683 2142 1739 destinatum

545 1791 870 1850 persequor,
919 1776 986 1831 ad
1038 1776 1287 1832 bravium
1339 1791 1590 1847 supernae
1633 1778 1938 1833 vocationis
1970 1777 2061 1832 Dei
2092 1778 2143 1832 in

2233 551 2374 607 bus:
2407 551 2668 607 Dominus
2695 565 2866 623 prope
2893 563 2996 608 est.
3038 550 3182 607 Nihil
3208 553 3440 610 solliciti
3463 554 3626 611 sitis:
3669 560 3761 615 sed
3792 564 3842 618 in

2233 645 2383 701 omni
2435 647 2722 713 oratione,
2783 657 2842 703 et
2884 645 3298 718 obsecratione,
3366 663 3498 705 cum
3551 653 3846 720 gratiarum

2233 740 2450 796 actione
2476 779 2491 806 ,
2541 738 2834 809 petitiones
2867 749 3065 796 vestra:
3092 741 3449 799 innotescant
3476 745 3626 814 apud
3662 747 3842 808 Deum.

2235 831 2302 888 Et
2331 846 2433 902 pax
2465 831 2560 886 Dei
2587 872 2600 898 ,
2633 846 2755 902 quae
2783 841 3078 903 exsuperat
3103 848 3320 892 omnem
3353 851 3586 892 sensum
3617 881 3633 907 ,
3675 850 3850 896 custo.

2235 923 2350 980 diat
2371 924 2538 979 corda
2571 933 2752 979 vestra
2779 932 2837 980 et
2874 925 3261 998 intelligentiae
3297 938 3522 985 vestras
3556 929 3608 985 in
3638 929 3850 991 Chrism

2238 1017 2388 1074 Iesu.
2451 1017 2526 1072 De
2570 1025 2806 1085 caetero,
2856 1016 3086 1088 fratres,
3127 1035 3500 1092 qumcumque
3551 1033 3679 1077 sunt
3703 1040 3849 1092 vera,

2238 1126 2595 1182 quaecumque
2623 1110 2848 1182 pudica,
2896 1126 3252 1185 quaecumque
3275 1114 3467 1184 justa,
3501 1130 3852 1190 quaecumque

2240 1214 2451 1274 sancta,
2489 1218 2844 1275 quaecumque
2871 1205 3155 1275 amabilia,
3191 1222 3568 1279 quaecumque
3598 1210 3753 1266 bona:
3781 1214 3853 1268 fa-

2245 1314 2369 1363 ma},
2399 1297 2446 1353 si
2471 1312 2576 1369 qua
2609 1295 2815 1362 virtus,
2849 1296 2894 1351 si
2922 1313 3028 1367 qua
3053 1298 3172 1354 laus
3197 1300 3548 1372 disciplinae,
3583 1300 3700 1358 haec
3723 1307 3850 1376 cogi.

2249 1401 2376 1446 tate.
2419 1390 2554 1458 Quae
2583 1399 2638 1446 et
2667 1389 2936 1446 didicistis
2957 1435 2974 1462 ,
3004 1403 3059 1447 et
3087 1393 3383 1465 accepistis
3403 1435 3420 1459 ,
3451 1403 3511 1450 et
3529 1396 3780 1466 audistis,
3805 1411 3854 1455 et

2244 1483 2457 1539 vidistis
2485 1485 2540 1538 in
2572 1498 2688 1549 me,
2734 1483 2850 1540 haec
2876 1484 3054 1557 agite:
3087 1495 3144 1542 et
3184 1487 3326 1543 Deus
3353 1488 3518 1559 pacis
3554 1489 3659 1545 erit
3686 1493 3853 1548 vobis-

2247 1597 2392 1636 cum.
2457 1579 2687 1636 Gavisus
2732 1596 2850 1636 sum
2892 1591 3073 1637 autem
3114 1582 3168 1637 in
3199 1582 3438 1639 Domino
3481 1584 3852 1662 vehementer,

2248 1679 2502 1747 quoniam
2535 1676 2751 1733 tandem
2795 1676 3085 1747 aliquando
3124 1676 3458 1734 refloruistis
3498 1693 3601 1751 pro
3628 1695 3718 1737 me
3736 1695 3854 1738 sen-

2250 1770 2354 1826 tire
2381 1812 2396 1839 ,
2444 1768 2584 1826 sicut
2625 1782 2682 1825 et
2739 1769 3106 1826 sentiebatis:
3146 1772 3397 1843 occupati
3448 1783 3636 1828 autem
3678 1777 3851 1830 eratis.

545 1871 766 1927 Christo
794 1870 945 1926 Iesu.
979 1869 1318 1940 Quicumque
1348 1884 1480 1941 ergo
1526 1868 1754 1941 perfecti
1801 1885 2011 1938 sumus,
2039 1875 2145 1929 hoc
2177 1863 2222 1925 Β
2249 1863 2364 1918 Non
2389 1863 2543 1934 quasi
2576 1873 2801 1935 propter
2836 1864 3117 1934 penuriam
3161 1864 3321 1920 dico:
3357 1879 3468 1936 ego
3499 1867 3650 1922 enim
3679 1867 3852 1935 didici,

542 1963 844 2019 sentiamus
879 1981 890 2018 :
926 1971 982 2017 et
1033 1965 1076 2016 si
1125 1962 1256 2032 quid
1285 1963 1444 2018 aliter
1493 1965 1706 2034 sapitis,
1752 1972 1806 2020 et
1855 1965 1958 2021 hoc
1993 1966 2150 2022 vobis

547 2056 696 2112 Deus
720 2053 1005 2109 revelabit.
1071 2053 1452 2110 Verumtamen
1502 2054 1569 2110 ad
1599 2055 1741 2126 quod
1778 2059 2146 2127 pervenimus,

548 2158 614 2205 ut
642 2149 782 2204 idem
815 2149 1180 2218 sapiamus,et
1200 2149 1251 2202 in
1280 2149 1472 2205 eadem
1503 2163 1919 2220 permaneamus
1939 2154 2145 2224 regula.

552 2242 866 2299 lmitatores
889 2241 995 2296 mei
1025 2251 1224 2305 estote,
1257 2242 1475 2311 fratres,
1502 2251 1557 2298 et
1585 2244 1872 2300 observate
1906 2259 2002 2301 eos
2060 2245 2150 2316 qui

553 2338 632 2393 ita
664 2333 966 2400 ambulant,
999 2334 1144 2389 sicut
1185 2334 1399 2391 habetis
1425 2335 1658 2391 formam
1691 2347 1958 2393 nostram.
1999 2338 2152 2395 Multi

555 2428 701 2482 enim
731 2424 1040 2491 ambulant,
1096 2441 1232 2496 quos
1285 2442 1436 2498 saepe
1485 2428 1733 2484 dicebam
1787 2431 1941 2486 vobis
1983 2433 2154 2502 (nunc

554 2529 737 2576 autem
770 2529 825 2576 et
859 2521 995 2576 ﬂens
1022 2521 1170 2595 dico)
1199 2521 1451 2578 inimicos
1504 2524 1689 2580 crucis
1735 2523 1936 2582 Christi
1971 2545 1984 2581 :
2014 2543 2152 2598 quo-

553 2629 679 2667 rum
712 2613 833 2668 finis
855 2612 1154 2670 interitus:
1200 2629 1433 2686 quorum
1488 2615 1633 2673 Deus
1689 2629 1887 2675 venter
1930 2629 2052 2675 est:
2100 2631 2155 2678 et

558 2705 734 2776 gloria
767 2708 818 2760 in
868 2706 1191 2762 confusione
1219 2708 1484 2778 ipsorum,
1531 2710 1620 2781 qui
1656 2719 1870 2767 terrena
1912 2713 2152 2784 sapiunt.

558 2798 759 2854 Nostra
781 2807 961 2854 autem
990 2804 1337 2856 conversatio
1373 2803 1423 2856 in
1475 2803 1625 2858 caelis
1659 2812 1744 2858 est
1773 2821 1788 2858 :
1823 2804 1966 2861 unde
1993 2806 2154 2862 etiam

560 2889 896 2947 Salvatorem
936 2904 1319 2963 exspeCtamus
1353 2895 1638 2949 Dominum
1689 2906 1934 2951 nostrum
1967 2897 2154 2954 Iesum

561 2982 860 3051 Christum,
884 2983 976 3056 qui
1008 2984 1329 3040 reformabit
1349 3001 1550 3058 corpus
1584 2988 1905 3045 humilitatis
1930 3002 2153 3061 nostrae,

564 3081 957 3149 eontiguratum
989 3081 1204 3150 corpori
1238 3081 1506 3137 claritatis
1527 3097 1664 3150 suae,
1699 3086 1997 3141 secundum
2025 3102 2159 3159 ope-

560 3173 855 3239 rationem,
887 3187 992 3244 qua
1024 3174 1186 3228 etiam
1219 3177 1391 3244 possit
1418 3177 1690 3248 subjicere
1717 3180 1815 3234 sibi
1842 3181 2046 3239 omnia.

2253 1959 2304 2012 in
2330 1957 2524 2028 quibus
2568 1973 2688 2012 sum
2714 1999 2729 2026 ,
2779 1958 3056 2014 sufficiens
3108 1973 3249 2016 esse.
3293 1959 3428 2015 Scio
3477 1969 3533 2016 et
3574 1960 3853 2029 humiliari,

2253 2055 2367 2109 scio
2413 2063 2468 2109 et
2515 2052 2794 2108 abundare
2821 2052 3049 2125 (ubique
3091 2064 3146 2108 et
3185 2054 3240 2108 in
3281 2053 3549 2110 omnibus
3589 2056 3856 2112 institutus

2253 2145 2394 2220 sum)
2418 2187 2434 2214 ,
2466 2156 2520 2202 et
2548 2145 2736 2201 satiari
2762 2187 2776 2212 ,
2805 2157 2858 2202 et
2889 2145 3097 2202 esurire
3121 2188 3136 2213 ,
3178 2156 3235 2203 et
3257 2147 3548 2203 abundare
3567 2189 3584 2216 ,
3613 2157 3668 2204 et
3698 2165 3855 2219 penu-

2254 2240 2392 2295 riam
2418 2240 2551 2309 pati.
2592 2237 2782 2293 Omnia
2813 2251 3032 2307 possum
3067 2237 3121 2292 in
3151 2251 3218 2293 eo
3243 2279 3257 2306 ,
3307 2239 3404 2310 qui
3451 2254 3543 2294 me
3573 2239 3851 2295 confortat.

2258 2333 2651 2390 Verumtamen
2683 2333 2822 2388 bene
2851 2332 3057 2388 fecistis
3077 2374 3092 2399 ,
3132 2333 3618 2390 communicantes
3651 2335 3854 2390 tribula-

2258 2430 2391 2485 tioni
2423 2443 2579 2484 mem.
2621 2427 2785 2485 Scitis
2814 2436 2996 2483 autem
3025 2435 3082 2483 et
3113 2441 3230 2494 vos,
3263 2427 3657 2499 Philippenses
3677 2471 3694 2496 ,
3723 2428 3854 2500 quod

2259 2524 2312 2578 in
2342 2521 2615 2595 principio
2637 2521 2956 2593 Evangelii,
2991 2521 3208 2593 quando
3238 2522 3524 2593 profectus
3555 2536 3673 2577 sum
3699 2537 3728 2576 a
3755 2521 3855 2576 Ma-

2258 2619 2508 2682 cedonia,
2533 2618 2681 2674 nulla
2704 2618 2833 2672 mihi
2857 2617 3100 2673 Ecclesia
3129 2616 3559 2672 communicavit
3581 2617 3635 2671 in
3659 2615 3860 2672 ratione

2260 2713 2372 2769 dati
2404 2723 2456 2769 et
2480 2712 2722 2782 accepti,
2746 2712 2846 2766 nisi
2867 2725 2967 2767 vos
3007 2713 3108 2766 soli
3135 2729 3148 2766 τ
3182 2710 3305 2782 quia
3335 2721 3393 2767 et
3418 2711 3853 2767 Thessalonicam

2261 2806 2435 2862 semel
2455 2815 2510 2860 et
2534 2805 2615 2860 bis
2639 2804 2692 2859 in
2717 2818 2873 2860 usum
2897 2802 2926 2842 δ
2949 2803 3082 2859 mihi
3107 2803 3352 2859 misistis.
3390 2803 3516 2858 Non
3539 2804 3664 2874 quia
3687 2818 3858 2873 qua-ro

2261 2899 2482 2967 datum,
2514 2897 2609 2954 sed
2640 2899 2860 2970 requiro
2887 2897 3122 2953 fructum
3160 2898 3532 2953 abundantem
3575 2895 3631 2952 in
3660 2896 3857 2950 ratione

2262 2989 2694 3046 vestra.-Habeo
2741 2997 2920 3045 autem
2969 2990 3176 3056 omnia,
3227 2997 3286 3044 et
3331 2988 3598 3045 abundo:
3631 2990 3856 3059 repletus

2263 3103 2406 3157 sum,
2441 3087 2682 3156 acceptis
2711 3085 2780 3139 ab
2813 3083 3180 3154 Epaphrodito
3207 3098 3328 3155 qua:
3351 3083 3612 3150 misistis,
3645 3083 3854 3139 odorem

2263 3180 2574 3249 suavitatis,
2611 3179 2843 3233 hostiam
2867 3185 3166 3248 acceptam,
3201 3177 3516 3248 placentem
3549 3176 3682 3232 Deo.
3725 3175 3856 3231 Deus

639 3265 788 3337 [Cap.
813 3265 932 3337 ιν.)
964 3267 1169 3338 Itaque,
1207 3267 1405 3324 fratres
1441 3273 1545 3326 mei
1576 3273 1887 3330 charissimi
1937 3287 1992 3331 et
2020 3277 2167 3334 desi-
2193 3267 2238 3330 C
2270 3284 2448 3330 autem
2478 3287 2632 3329 meus
2664 3271 2886 3342 impleat
2911 3285 3074 3325 omne
3101 3270 3435 3326 desiderium
3470 3276 3710 3326 vestrum
3731 3312 3745 3336 ,
3773 3283 3852 3324 se-

567 3357 940 3422 deratissimi,
990 3357 1243 3428 gaudium
1291 3366 1469 3416 meum
1525 3371 1582 3419 et
1631 3379 1832 3420 corona
1881 3380 2036 3424 mtu:
2085 3370 2166 3425 sic

566 3459 712 3507 state
740 3453 790 3504 in
827 3452 1078 3518 Domino,
1101 3453 1428 3509 charissinii.
1461 3456 1720 3513 Evodiam
1750 3476 1904 3531 rogo,
1938 3471 1994 3516 et
2018 3462 2164 3534 Syn-

563 3544 749 3599 ticbeu
781 3544 1068 3614 deprecor,
1113 3544 1344 3616 idipsum
1371 3562 1567 3618 sapere
1610 3551 1660 3605 in
1689 3551 1937 3609 Domino.
1984 3555 2161 3611 Etiam

564 3650 702 3708 rogo
727 3647 782 3692 et
813 3646 866 3692 te
887 3677 902 3703 ,
929 3651 1184 3708 germane
1213 3655 1457 3710 compar,
1495 3641 1693 3712 adjuva
1726 3645 1874 3712 illas,
1904 3661 2028 3718 quae
2053 3663 2166 3705 me-

567 3746 693 3786 cum
737 3730 1116 3788 laboraverunt
1167 3735 1220 3788 in
1270 3734 1566 3806 Evangelio
1603 3753 1726 3794 cum
1771 3741 2082 3809 Clemente,
2113 3751 2170 3799 et

568 3825 784 3880 caeteris
823 3826 1162 3896 adjutoribus
1208 3829 1342 3885 meis
1366 3871 1382 3898 ,
1431 3844 1660 3901 quorum
1704 3835 1924 3890 nomina
1954 3839 2166 3893 suntin

562 3915 706 3972 libro
735 3917 882 3974 vitae.
904 3917 1148 3975 Gaudete
1173 3918 1228 3975 in
1254 3920 1479 3977 Domino
1508 3937 1761 3995 setnper:
1793 3927 1986 3984 iterum
2017 3929 2166 3998 dico,

2269 3367 2505 3424 cundum
2529 3365 2749 3422 divitias
2775 3378 2928 3432 suas,
2959 3364 3014 3418 in
3044 3363 3216 3435 gloria
3242 3363 3297 3419 in
3325 3363 3554 3420 Christo
3575 3363 3718 3420 Iesu.
3752 3363 3856 3419 Deo

2269 3470 2448 3516 autem
2477 3469 2532 3514 et
2574 3457 2724 3512 Patri
2761 3467 2952 3513 nostro
2991 3458 3165 3529 gloria
3197 3459 3252 3513 in
3282 3460 3484 3514 saecula
3519 3458 3852 3514 saeculorum.

2271 3553 2466 3609 Amen.
2509 3551 2754 3608 Salutate
2802 3564 3022 3606 omnem
3066 3561 3310 3606 sanctum
3359 3553 3418 3606 in
3459 3551 3682 3608 Christo
3719 3549 3856 3605 les".

2273 3645 2525 3702 Salutant
2551 3659 2670 3712 vos,
2703 3643 2792 3715 qui
2815 3657 3030 3699 mecum
3056 3652 3206 3710 sunt,
3232 3641 3454 3700 fratres.
3499 3643 3742 3702 Salutant
3772 3656 3857 3696 vos

2276 3753 2468 3794 omnes
2495 3736 2700 3806 sancti,
2729 3736 2966 3792 maxime
2997 3747 3176 3791 autem
3219 3737 3308 3807 qui
3355 3735 3425 3793 de
3453 3737 3684 3793 Caesaris
3709 3735 3859 3790 domo

2276 3840 2424 3888 sunt.
2457 3831 2639 3888 Gratia
2673 3830 2886 3886 Domini
2912 3829 3087 3886 nostri
3115 3829 3244 3886 Iesu
3272 3829 3476 3888 Christi
3517 3845 3641 3887 cum
3681 3826 3858 3901 spiritu

2275 3933 2477 3982 vestro.
2511 3927 2708 3980 Amen.

1431 4035 1661 4113 Explicit
1693 4039 1930 4115 Epistula
1955 4041 2021 4101 B.
2058 4043 2218 4100 Pauli
2252 4039 2476 4116 apostoli
2523 4040 2592 4094 ad
2636 4037 3023 4112 Philippeum.

650 4209 678 4237 ι
705 4199 760 4276 In
791 4199 1035 4276 Palatino
1065 4216 1194 4268 ms.,
1221 4203 1266 4258 si
1306 4202 1759 4276 comprehendam,
1811 4205 2164 4275 quemadmo-
2190 4202 2241 4261 υ
2267 4202 2552 4276 Unuspro
2580 4202 2820 4276 cunctis,
2839 4195 3323 4276 Augustinus,_lib.
3347 4211 3395 4276 tt
3420 4196 3493 4252 de
3523 4195 3862 4271 Peccatorutn

480 4311 482 4314 μ
573 4274 702 4326 dum
731 4271 1004 4345 in_Graeco
1035 4276 1353 4344 exemplari,
1383 4271 1430 4331 si
1455 4280 1542 4332 καὶ
1568 4271 1856 4343 malatia),
1887 4292 2020 4333 voce
2047 4278 2161 4345 illa,

568 4343 847 4419 quomodo,
882 4343 1416 4419 prietertttissa,_quze
1446 4363 1622 4419 neque
1664 4349 1718 4403 in
1743 4349 2013 4419 plerisque
2044 4343 2166 4405 aliis

572 4414 966 4490 Lati_nis_tnss.,
999 4430 1173 4485 neque
1202 4419 1256 4490 in
1275 4414 1896 4476 Bibliistrbeiensibus
1926 4414 2166 4490 Vulgata:

575 4486 836 4568 editionis
866 4491 1149 4556 reperitur.
1183 4489 1506 4568 Quinetiam
1544 4500 1752 4568 veteres
1799 4492 1952 4547 latini
1984 4486 2169 4548 Patres

581 4572 700 4613 eam
735 4563 1010 4630 ignorant,
1041 4575 1177 4631 quos
1221 4563 1290 4618 de
1330 4564 1549 4619 nomine
1575 4563 1800 4620 laudare
1839 4578 1950 4620 non
1985 4572 2162 4620 vacat.

585 4699 954 4716 _——-

2271 4262 2565 4343 meriti‘set
2609 4262 2955 4341 remissione:
2986 4285 3110 4343 cap.
3161 4262 3230 4326 ‘15
3275 4287 3290 4325 :
3337 4269 3548 4340 Sequor
3592 4277 3776 4333 autem,
3823 4262 3862 4316 si

2271 4342 2726 4419 comprehendam.
3057 4342 3064 4343 ί
3088 4414 3099 4419 _
3125 4413 3139 4419 Α
3578 4411 3590 4419 _
3665 4409 3696 4419 ,ί
3815 4405 3824 4417 ,

2342 4411 2839 4489 b"l‘ypothetarum
2871 4456 2886 4483 ,
2935 4421 2996 4489 ut
3048 4413 3288 4489 videtur,
3337 4425 3529 4489 errore
3577 4411 3766 4482 legitur
3813 4411 3862 4459 in

2271 4484 2568 4548 Martiauaei
2596 4488 2858 4556 editione,
2887 4487 2977 4559 qui
3003 4487 3241 4555 misistis,
3266 4484 3365 4557 pro
3389 4484 3542 4552 mihi,
3575 4491 3679 4539 etc.

959 4687 3854 4722 _______________________________________________________..

1349 4833 1507 4944 Bo
1589 4831 2157 4950 PAULI
2234 4832 3142 4959 APOSTOLI

2093 5035 2388 5102 INCIPIT

745 5198 1727 5351 EPISTOLA
1837 5203 2115 5349 AD
2223 5200 3676 5359 COLOSSENSES.

2075 5453 2389 5474 hui—-

656 5554 902 5632 [Cap.l.]
954 5555 1152 5616 Paulus
1199 5557 1480 5629 apostolus
1519 5553 1654 5616 Iesu
1691 5555 1923 5628 Christi,
1958 5573 2054 5631 per
2083 5571 2179 5615 vo-

582 5650 846 5708 luntatem
890 5650 1027 5717 Dei,
1059 5659 1115 5707 et
1148 5645 1467 5707 Timotheus
1517 5648 1722 5708 frater:
1750 5651 1829 5708 eis
1855 5697 1868 5722 ,
1919 5651 2010 5723 qui
2055 5659 2180 5708 sunt

583 5745 821 5803 Colossis
844 5789 859 5814 ,
896 5747 1100 5802 sanctis
1124 5788 1140 5815 ,
1189 5755 1245 5801 et
1291 5745 1541 5804 fidelibus
1569 5747 1829 5804 fratribus
1867 5748 1920 5803 in
1949 5746 2176 5804 Christo

2285 5559 2441 5618 Iesu.
2480 5557 2664 5618 Gratia
2691 5558 2847 5617 vobis
2886 5566 2942 5618 et
2977 5573 3081 5632 pax
3120 5573 3150 5613 a
3180 5554 3292 5614 Deo
3320 5553 3481 5613 Patre
3510 5558 3690 5611 nostro
3711 5553 3780 5642 ζ·
3805 5555 3855 5642 ες

2289 5654 2522 5710 Domino
2551 5653 2679 5711 Iesu
2707 5653 2952 5711 Christo.
2991 5651 3206 5710 Gratias
3231 5649 3439 5724 agimus
3465 5647 3575 5705 Deo
3599 5688 3613 5712 ,
3643 5652 3694 5698 et
3717 5638 3849 5694 Patri

2287 5749 2496 5806 Domini
2513 5749 2682 5806 nostri
2708 5749 2837 5807 Iesu
2857 5749 3077 5817 Christi,
3095 5761 3307 5818 semper
3320 5759 3420 5817 pro
3444 5742 3596 5801 vobis
3617 5739 3851 5793 orantes:

652 5920 677 5948 ι
721 5910 917 5980 Verba,
941 5921 988 5966 et
1018 5909 1240 5966 Domino
1275 5905 1402 5963 Iesu
1433 5908 1640 5964 Christo
1667 5951 1680 5979 ,
1725 5925 1845 5981 qua:
1871 5919 1927 5966 et
1950 5910 2136 5969 Graeca
2177 5914 2436 5987 pleraque
2463 5915 2794 5986 exeinplaria
2818 5916 3057 5971 reticent
3079 5957 3092 5982 ,
3123 5908 3404 5966 Palatinus
3442 5921 3548 5964 ms.
3567 5901 3656 5960 hie
3675 5887 3850 5954 nescii.
