4128 6330
313 346 420 405 789

1095 332 1428 395 EPISTOLA
1474 333 1531 389 Β.
1577 330 1777 391 PAULI
1820 327 2159 387 APOS’I‘OLI
2201 328 2292 384 AD
2334 323 2837 385 COLOSSENSES.

3509 320 3617 378 790

315 463 601 517 audientes
630 454 788 513 ﬁdem
816 462 1055 511 vestram
1078 454 1131 509 in
1159 450 1377 507 Christo
1406 449 1557 529 .iesu,
1589 459 1643 505 et
1669 447 1917 504 dilectio-
1944 449 1997 511 Α
2022 445 2172 502 .lesn.
2210 445 2265 502 In
2291 460 2399 516 quo
2437 452 2493 500 et
2531 443 2720 498 laboro
2744 484 2762 512 ,
2793 439 3056 499 certando
3099 438 3394 498 secundum
3424 455 3617 513 opera-

315 576 465 629 nem,
496 572 656 630 quam
685 552 899 610 habetis
920 553 973 608 in
996 558 1216 607 sanctos
1241 563 1453 613 omnes,
1488 554 1709 617 propter
1735 558 1909 614 spem,

311 668 439 724 qua:
488 650 724 722 reposita
756 656 839 705 est
878 645 1033 701 vobis
1063 643 1117 699 in
1158 642 1347 700 caelis:
1382 653 1540 711 quam
1585 636 1812 694 audistis
1857 636 1910 692 in

314 748 486 805 verbo
519 744 763 801 veritatis
776 738 1091 812 Evangelii:
1120 737 1263 808 quod
1290 733 1536 807 pervenit
1562 731 1628 787 ad
1659 745 1778 796 vos,
1808 729 1914 785 sic-

317 850 459 900 utet
482 842 534 897 in
564 839 825 896 universo
850 834 1055 892 mundo
1100 840 1223 899 εει,
1257 838 1313 885 et
1356 827 1667 889 fructiﬁcat,
1719 832 1777 881 et
1794 837 1914 880 cre-

312 940 440 1005 scit,
474 938 615 993 sicut
643 937 697 990 in
722 934 879 991 vobis
904 976 918 1001 ,
952 946 1020 987 ex
1046 944 1107 985 ea
1137 928 1225 984 die
1250 972 1264 997 ,
1307 941 1408 998 qua
1440 923 1669 980 audistis
1690 964 1705 989 ,
1730 929 1787 978 et
1814 934 1911 977 co-

312 1030 580 1103 gnovistis
607 1028 835 1100 gratiam
858 1024 954 1081 Dei
989 1023 1045 1079 in
1072 1021 1331 1089 veritate,
1366 1018 1511 1074 sicut
1546 1015 1813 1072 didicistis
1843 1012 1914 1069 ab

315 1124 576 1194 Epaphra
602 1120 924 1176 charissima
952 1130 1219 1172 conservo
1250 1119 1439 1167 nostro
1461 1151 1476 1177 ,
1512 1111 1600 1180 qui
1630 1115 1717 1163 est
1740 1105 1913 1162 ﬁdelis

310 1232 415 1288 pro
442 1215 602 1272 vobis
633 1214 882 1269 minister
904 1209 1105 1268 Christi
1138 1207 1268 1264 Jesu
1294 1248 1308 1273 ,
1339 1204 1434 1275 qui
1474 1204 1639 1259 etiam
1682 1199 1914 1255 manife-

310 1309 480 1365 stavit
520 1308 675 1364 nobis
718 1306 1065 1361 dilectionem
1098 1310 1337 1358 vestram
1360 1298 1416 1354 in
1445 1297 1660 1368 spiritu.
1701 1293 1829 1351 ldeo
1859 1301 1916 1349 et

312 1418 414 1458 nos
445 1416 511 1457 ex
539 1415 641 1471 qua
674 1399 763 1455 die
792 1397 1098 1453 audivimus
1117 1435 1133 1462 ,
1178 1409 1286 1450 non
1312 1405 1589 1449 cessamus
1618 1402 1721 1461 pro
1758 1386 1913 1442 vobis

308 1503 558 1559 orantes,
584 1502 640 1549 ct
668 1493 1043 1564 postulantes,
1077 1497 1137 1545 ut
1158 1485 1491 1557 impleamini
1521 1481 1797 1552 agnitione
1826 1494 1915 1535 vo-

310 1589 538 1645 luntatis
577 1587 733 1658 ejus,
780 1586 832 1640 in
874 1584 1020 1639 omni
1066 1580 1334 1651 sapientia
1362 1585 1419 1634 et
1446 1574 1723 1631 intellectu
1751 1573 1914 1643 spiri-

310 1684 445 1739 tuali
472 1689 581 1737 :ut
610 1679 901 1735 ambuletis
928 1678 1114 1748 digne,
1148 1675 1261 1730 Deo
1282 1688 1380 1744 per
1400 1670 1581 1727 omnia
1606 1668 1908 1739 placentes:

308 1778 365 1833 in
398 1775 551 1833 omni
579 1788 745 1845 opere
772 1772 915 1829 bono
945 1768 1367 1833 fructiﬁcantes,
1413 1772 1470 1820 et
1510 1768 1823 1819 crescentes
1853 1759 1908 1814 in

2018 538 2220 594 tionem
2253 539 2391 609 ejus,
2423 551 2587 609 quam
2610 546 2871 606 operatur
2902 536 2956 590 in
2985 548 3102 603 me,
3127 533 3181 589 in
3205 532 3424 590 virtute.

2087 630 2236 705 [Cap.
2272 631 2362 704 IL]
2389 630 2526 687 Volo
2552 631 2698 686 enim
2732 643 2835 686 vos
2864 628 3007 686 scire
3035 629 3257 700 qualem
3288 627 3609 684 sollicitudi-

2014 744 2139 786 nem
2162 728 2389 785 habeam
2416 742 2517 798 pro
2541 726 2717 790 vobis,
2738 734 2795 781 et
2818 741 2919 797 pro
2945 726 3036 791 iis,
3056 724 3146 795 qui
3174 732 3302 781 sunt
3319 724 3613 798 Laodicite,

2014 832 2068 880 et
2094 823 2421 894 quicumque
2447 835 2554 877 non
2587 821 2844 876 viderunt
2870 819 3067 875 faciem
3109 834 3283 875 meam
3316 820 3367 874 in
3399 832 3567 876 carne
3598 837 3613 875 :

2014 928 2073 973 ut
2094 916 2444 972 consolentur
2473 913 2636 969 corda
2661 914 2927 984 ipsorum,
2957 911 3209 967 instructi
3241 912 3295 967 in
3321 912 3613 978 charitate,

2013 1017 2070 1064 et
2092 1009 2149 1063 in
2186 1022 2379 1063 omnes
2408 1005 2626 1062 divitias
2664 1004 3022 1076 plenitudinis
3062 1004 3406 1070 intellectus,
3438 1008 3492 1060 in
3524 1021 3618 1076 ag-

2016 1099 2279 1155 nitionem
2308 1097 2554 1170 mysterii
2581 1096 2681 1153 Dei
2710 1095 2887 1152 Patris
2912 1104 2968 1151 et
2995 1095 3200 1151 Christi
3224 1097 3354 1153 Jesu
3386 1116 3396 1151 :
3426 1097 3479 1153 in
3509 1113 3618 1169 quo

2013 1201 2139 1247 sunt
2159 1205 2350 1246 omnes
2381 1188 2624 1245 thesauri
2668 1188 2953 1259 sapientiae
3000 1197 3056 1244 et
3105 1189 3350 1245 scientiae
3385 1190 3620 1247 abscon-

2015 1284 2133 1339 diti.
2162 1282 2277 1339 lloc
2304 1293 2485 1337 autem
2510 1282 2656 1346 dico,
2688 1291 2745 1336 ut
2771 1296 2932 1337 nemo
2958 1297 3057 1336 vos
3080 1281 3318 1353 decipiat
3346 1283 3400 1338 in
3441 1284 3615 1341 subli-

2016 1378 2204 1432 mitate
2252 1390 2592 1432 sermonum.
2632 1373 2769 1431 Nam
2813 1374 2918 1430 etsi
2962 1388 3200 1445 corpore
3228 1375 3429 1433 absens
3458 1392 3614 1446 sum,

2013 1469 2109 1527 sed
2136 1467 2334 1540 spiritu
2358 1467 2638 1524 vobiscum
2665 1482 2789 1523 sum
2820 1485 2832 1521 :
2864 1468 3131 1538 gaudens,
3163 1478 3220 1525 et
3250 1470 3441 1527 videns
3467 1472 3619 1527 ordi-

2012 1583 2136 1625 nem
2159 1574 2403 1623 vestt‘um
2423 1611 2436 1635 ,
2463 1574 2519 1621 et
2545 1563 2947 1621 ﬁrmamentum
2980 1566 3273 1637 ejus,‘qua2
3312 1568 3367 1623 in
3396 1566 3617 1624 Christo

2013 1670 2119 1731 est,
2150 1660 2271 1716 ﬁdei
2303 1668 2523 1715 vestrae.
2552 1657 2706 1715 Sicut
2738 1673 2869 1731 ergo
2899 1660 3195 1730 accepistis
3231 1660 3417 1718 Jesum
3450 1662 3609 1718 Chri-

2014 1761 2155 1809 stum
2186 1750 2474 1807 Dominum
2507 1749 2637 1823 [Με.
2664 1749 2794 1806 add.
2836 1751 3137 1823 nostrum],
3172 1752 3224 1806 in
3261 1752 3379 1822 ipso
3426 1754 3617 1809 ambu-

308 1869 539 1925 scientia
572 1844 668 1923 Dei
701 1883 714 1922 :
745 1866 799 1921 in
838 1862 984 1919 omni
1030 1860 1233 1918 virtute
1276 1856 1568 1914 confortati
1603 1852 1902 1910 secundum
1936 1850 1984 1912 B
2012 1846 2138 1910 late,
2171 1846 2427 1914 radicati,
2480 1856 2534 1901 et
2569 1844 2987 1915 superaediﬁcati
3030 1846 3083 1901 in
3128 1846 3279 1917 ipso,
3314 1856 3371 1905 et
3408 1851 3617 1905 conm.

311 1962 613 2035 potentiam
644 1958 910 2015 claritatis
938 1955 1079 2027 ejus,
1115 1954 1168 2009 in
1197 1952 1345 2007 omni
1371 1948 1614 2022 potentia
1642 1957 1696 2004 et
1720 1947 1907 2016 longa-

308 2058 560 2114 nimitate
597 2070 718 2111 cum
750 2050 948 2125 gaudio
973 2093 988 2119 ,
1020 2057 1076 2105 et
1103 2046 1307 2119 gratias
1337 2052 1561 2114 agentes
1588 2040 1700 2096 Deo
1730 2038 1904 2105 Patri,

307 2151 402 2221 qui
432 2148 628 2219 dignos
677 2158 779 2202 nos
824 2144 954 2200 fecit
995 2142 1049 2197 in
1077 2148 1287 2211 partem
1324 2136 1488 2191 sortis
1512 2141 1823 2189 sanctorum
1852 2132 1907 2186 in

308 2244 542 2308 lumine,
572 2241 663 2313 qui
694 2238 894 2309 eripuit
922 2251 1022 2291 nos
1048 2234 1118 2289 de
1161 2238 1431 2303 potestate
1452 2227 1823 2291 tenebrarum,
1854 2233 1909 2279 et

308 2336 591 2395 transtulit
614 2337 666 2392 in
692 2349 919 2406 regnum
950 2331 1046 2386 ﬁlii
1077 2326 1386 2385 dilectionis
1416 2340 1564 2390 sum;
1599 2326 1649 2377 in
1680 2335 1787 2393 quo
1813 2320 1910 2375 ha-

312 2433 513 2489 bemus
557 2428 984 2499 redemptionem
1016 2433 1043 2462 ἰ
1070 2438 1167 2494 per
1192 2419 1517 2491 sanguinem
1537 2416 1682 2487 ejus,
1711 2415 1907 2471 remis-

310 2529 522 2582 sionem
562 2531 953 2596 peccatorum:
993 2519 1086 2593 qui
1125 2524 1209 2570 est
1252 2514 1431 2583 imago
1463 2509 1557 2565 Dei
1596 2505 1907 2572 invisibilis,

311 2616 709 2689 primogenitus
763 2613 942 2669 omnis
990 2618 1259 2666 creaturae
1299 2621 1315 2659 :
1383 2603 1638 2675 quoniam
1689 2601 1743 2656 in
1790 2600 1910 2669 ipso

314 2714 535 2770 condita
563 2720 689 2768 sunt
723 2708 979 2765 universa
1008 2708 1059 2761 in
1088 2703 1244 2760 ccelis
1268 2712 1322 2758 et
1348 2700 1406 2756 in
1434 2708 1575 2755 terra
1600 2738 1618 2765 ,
1649 2695 1908 2762 visibilia,

313 2822 371 2866 et
400 2810 690 2865 invisibilia
713 2850 729 2876 ,
790 2806 908 2863 sive
933 2802 1145 2871 throni,
1176 2800 1298 2856 sive
1327 2793 1760 2861 dominationes,
1795 2792 1911 2847 sive

313 2904 647 2975 principatus
672 2943 687 2969 ,
717 2900 831 2955 sive
860 2906 1159 2969 potestates
1186 2910 1197 2947 :
1241 2891 1423 2947 omnia
1450 2903 1548 2960 per
1569 2888 1743 2958 ipsum
1772 2892 1828 2939 et
1856 2884 1911 2939 in

315 3000 435 3066 ipso
466 3006 645 3051 creata
676 3003 802 3049 sunt
828 3010 841 3046 :
889 3000 946 3047 et
975 2991 1093 3062 ipse
1121 2995 1205 3043 est
1235 2993 1361 3041 ante
1387 2996 1606 3047 omnes,
1653 2989 1707 3036 et
1728 2979 1911 3034 omnia

314 3094 372 3145 in
420 3089 540 3161 ipso
578 3094 848 3144 constant.
892 3084 960 3140 Et
993 3084 1110 3155 ipse
1134 3089 1219 3137 est
1258 3087 1421 3149 caput
1450 3074 1695 3146 corporis
1724 3072 1913 3128 Eccle-

314 3184 416 3241 sia:
440 3225 455 3249 ,
494 3181 582 3254 qui
609 3187 694 3238 est
718 3179 1040 3252 principium
1063 3218 1078 3243 ,
1120 3172 1513 3246 primogenitus
1541 3185 1606 3225 ex
1639 3167 1867 3223 mortuis
1891 3182 1908 3225 :

2012 1938 2145 1995 mati
2178 1937 2316 2003 ﬁde,
2349 1937 2496 1993 sicut
2522 1948 2578 1993 et
2603 1936 2906 2004 didicistis,
2951 1937 3295 1995 abundantes
3336 1940 3389 1994 in
3424 1940 3518 1996 illo
3558 1943 3615 1999 in

2008 2030 2307 2103 gratiarum
2340 2030 2576 2085 actione.
2604 2028 2831 2095 Videte,
2865 2043 2933 2085 ne
2962 2029 3081 2100 quis
3114 2045 3213 2086 vos
3243 2030 3483 2102 decipiat
3517 2047 3616 2104 per

2012 2123 2449 2198 philosophiam,
2479 2135 2535 2179 et
2564 2124 2781 2179 inanem
2810 2121 3117 2193 fallaciam,
3159 2126 3459 2182 secundum
3500 2136 3614 2182 tra-

2010 2221 2281 2276 ditionem
2312 2217 2594 2274 hominum
2622 2258 2637 2284 ,
2673 2217 2972 2273 secundum
3005 2217 3275 2274 elementa
3306 2219 3513 2286 mundi,
3559 2230 3617 2277 et

2012 2329 2123 2370 non
2166 2311 2471 2370 secundum
2528 2310 2807 2366 Christum
2843 2328 2855 2365 τ
2888 2309 3015 2382 quia
3066 2314 3118 2367 in
3170 2312 3289 2381 ipso
3347 2311 3618 2370 inhabitat

2010 2407 2192 2464 omnis
2223 2404 2515 2476 plenitudo.
2537 2404 2839 2460 divinitatis
2873 2404 3237 2475 corporaliter
3272 2424 3284 2459 :
3312 2414 3370 2462 et
3396 2407 3528 2462 estis
3558 2406 3615 2463 in

2010 2501 2109 2558 illo
2130 2500 2348 2568 repleti,
2377 2499 2469 2570 qui
2500 2507 2586 2554 est
2610 2505 2773 2568 caput
2805 2498 2983 2553 omnis
3006 2497 3339 2569 principatus
3380 2509 3438 2555 et
3460 2510 3614 2570 pote-

2012 2592 2168 2651 statis
2192 2611 2206 2649 :
2239 2594 2296 2648 in
2323 2604 2433 2662 quo
2454 2598 2510 2647 et
2538 2590 2848 2646 circumcisi
2874 2589 3011 2646 estis
3039 2589 3462 2647 circumcisione
3499 2605 3612 2648 non

2013 2703 2178 2743 manu
2202 2686 2343 2743 facta
2372 2686 2426 2742 in
2454 2685 2857 2756 eXSpoliatione
2886 2686 3139 2756 corporis
3181 2685 3398 2754 carnis,
3432 2686 3526 2742 sed
3556 2686 3615 2743 in

2013 2780 2431 2838 circumcisione
2455 2778 2662 2834 Christi
2693 2795 2708 2833 :
2741 2779 3047 2849 consepulti
3069 2777 3122 2835 ei
3148 2778 3219 2835 in-
3234 2779 3528 2850 baptismo,
3558 2782 3614 2837 in

2013 2891 2121 2947 quo
2147 2883 2204 2943 et
2233 2873 2617 2931 resurrexistis
2661 2887 2758 2943 per
2802 2871 2965 2929 ﬁdem
3001 2872 3341 2943 operationis
3370 2873 3489 2944 Dei,
3521 2874 3616 2947 qui

2014 2970 2294 3037 suscitavit
2324 2967 2472 3023 illum
2504 2980 2537 3020 a
2558 2966 2807 3023 mortuis.
2840 2965 2911 3022 Et
2930 2980 3060 3033 vos,
3092 2980 3215 3021 cum
3243 2967 3444 3024 mortui
3466 2981 3618 3025 esse-

2017 3064 2086 3121 tis
2108 3063 2161 3119 in
2188 3062 2406 3118 delictis
2426 3102 2441 3127 ,
2474 3070 2531 3117 et
2558 3061 2825 3133 praeputio
2860 3061 3043 3117 carnis
3067 3068 3297 3127 vestras,
3331 3061 3618 3118 conviviﬁ-

2015 3157 2159 3213 cavit
2186 3169 2312 3212 cum
2352 3154 2469 3221 illo,
2510 3154 2720 3211 donans
2766 3153 2920 3210 vobis
2963 3153 3147 3209 omnia
3174 3152 3393 3223 delicta,
3422 3153 3618 3213 delens

315 3286 382 3333 ιιι
421 3242 592 3331 ε’ίι’ίη
636 3242 912 3329 οωἠίδυε’
936 3270 1053 3342 ipse
1103 3242 1397 3338 primarum
1442 3272 1657 3319 remus,
1698 3260 1833 3327 Quia
1858 3259 1911 3315 in
1937 3242 1983 3305 C
2017 3248 2165 3321 quod
2195 3246 2459 3304 adversus
2484 3262 2584 3303 nos
2602 3256 2724 3303 erat
2750 3246 3174 3318 chirographum
3210 3246 3439 3316 decreti,
3470 3248 3618 3319 quod

316 3372 442 3442 ipso
469 3368 827 3439 complacuit,
876 3378 1095 3420 omnem
1134 3359 1533 3433 plenitudinem
1565 3355 1912 3412 inhabitare:

315 3478 371 3521 et
403 3478 499 3535 per
527 3478 651 3520 eum
694 3459 1053 3517 reconciliare
1074 3456 1258 3513 omnia
1298 3456 1355 3510 in
1394 3451 1598 3524 ipsum,
1624 3448 1916 3521 paciﬁcans

316 3574 419 3630 per
450 3556 767 3627 sanguinem
793 3553 973 3610 crucis
998 3553 1116 3621 ejus
1143 3594 1156 3620 ,
1206 3548 1320 3604 sive
1355 3562 1475 3618 quae
1502 3544 1555 3600 in
1586 3544 1773 3609 terris,
1800 3540 1917 3597 sive

317 3666 444 3724 quae
472 3650 527 3706 in
552 3648 705 3705 cmlis
730 3654 875 3703 sunt.
905 3645 974 3701 Et
1002 3657 1099 3700 vos
1119 3657 1242 3699 cum
1270 3639 1463 3697 essetis
1484 3634 1769 3707 aliquando
1790 3632 1917 3690 alie-

323 3747 460 3815 nati,
489 3754 546 3803 et
588 3743 793 3800 inimici
840 3755 1003 3798 sensu
1036 3740 1088 3795 in
1130 3735 1388 3807 operibus
1426 3733 1617 3789 malis:
1648 3745 1795 3787 nunc
1823 3744 1920 3784 au-

321 3848 435 3896 tem
482 3838 865 3896 reconciliavit
912 3837 966 3892 in
1010 3847 1243 3905 corpore
1280 3830 1464 3888 carnis
1493 3827 1613 3901 ejus
1640 3842 1738 3900 per
1763 3841 1917 3883 mor-

324 3939 456 3999 tem,
485 3929 746 3987 exhibere
772 3942 870 3985 vos
896 3935 1144 3993 sanctos,
1178 3932 1234 3981 et
1261 3921 1665 3987 immaculatos,
1697 3926 1754 3976 et
1782 3919 1920 3975 irre-

326 4021 729 4095 prehensibiles
771 4034 955 4078 coram
1003 4021 1160 4089 ipso:
1204 4017 1250 4073 si
1290 4023 1474 4072 tamen
1510 4012 1839 4085 permanetis
1862 4012 1917 4068 in

329 4119 433 4174 ﬁde
474 4118 683 4173 fundati
708 4159 723 4184 ,
758 4125 811 4172 et
839 4113 1066 4171 stabiles
1091 4130 1106 4171 :
1136 4120 1192 4168 et
1218 4109 1524 4167 immobiles
1553 4122 1584 4162 a
1616 4122 1714 4178 spe
1742 4107 1921 4162 Evan-

324 4214 449 4284 gelii
477 4256 491 4278 ,
539 4212 684 4283 quod
712 4210 941 4266 audistis
966 4250 980 4274 ,
1033 4207 1175 4278 quod
1217 4206 1569 4277 praedicatum
1602 4211 1684 4259 est
1715 4201 1770 4257 in
1801 4201 1921 4257 uni-

326 4321 482 4363 versa
512 4313 783 4374 creatura,
816 4317 936 4374 quae
957 4299 1062 4357 sub
1083 4298 1223 4356 ccelo
1250 4305 1334 4354 est
1358 4339 1374 4365 ,
1417 4296 1573 4367 cujus
1599 4294 1775 4351 factus
1800 4307 1921 4349 sum

328 4415 427 4472 ego
457 4399 657 4456 Paulus
702 4398 968 4453 minister.
1011 4394 1113 4462 Qui
1153 4406 1293 4447 nunc
1329 4389 1541 4462 gaudeo
1562 4389 1627 4459 in
1659 4385 1923 4458 passioni-

329 4494 432 4549 bus
459 4508 555 4563 pro
580 4491 755 4556 vobis,
780 4500 835 4545 et
861 4486 1132 4560 adimpleo
1154 4501 1217 4542 ea
1241 4500 1360 4556 qum
1388 4483 1585 4539 desunt
1608 4478 1921 4552 passionum

328 4584 570 4652 Christi,
602 4584 657 4639 in
689 4597 853 4639 carne
880 4596 1001 4637 mea
1030 4621 1046 4645 ,
1094 4592 1195 4650 pro
1222 4590 1453 4648 corpore
1474 4575 1615 4645 ejus,
1658 4572 1804 4644 quod
1839 4578 1926 4627 est

2018 3352 2138 3401 erat
2160 3343 2494 3400 contrarium
2523 3341 2702 3409 nobis,
2731 3351 2785 3399 et
2816 3341 2991 3413 ipsum
3022 3340 3142 3401 tulit
3169 3339 3239 3397 de
3267 3340 3468 3409 medio,
3494 3341 3621 3399 afﬁ-

2016 3452 2152 3509 gens
2179 3435 2309 3493 illud
2349 3437 2526 3506 cruci,
2561 3445 2616 3492 et
2641 3437 2953 3507 exspolians
2982 3435 3342 3507 principatus,
3374 3446 3430 3493 et
3459 3446 3616 3508 pote-

2018 3537 2210 3596 states,
2245 3529 2486 3584 traduxit
2513 3528 2880 3597 coniidenter,
2913 3529 3097 3601 palam
3123 3529 3469 3599 triumphans
3496 3530 3620 3587 illos

2020 3622 2075 3677 in
2104 3622 2423 3692 semetipso.
2449 3620 2621 3678 Nemo
2647 3636 2777 3692 ergo
2802 3636 2900 3679 vos
2926 3621 3138 3692 judicet
3174 3622 3228 3677 in
3260 3621 3415 3689 cibo,
3445 3633 3541 3679 aut
3564 3624 3620 3679 in

2020 3722 2173 3784 potu,
2206 3723 2300 3769 aut
2343 3714 2398 3769 in
2436 3724 2591 3785 parte
2635 3714 2742 3770 diei
2791 3714 2937 3783 festi,
2982 3722 3081 3771 aut
3130 3714 3471 3785 neomeniae,
3526 3723 3622 3773 aut

2019 3806 2367 3865 sabbatorum
2407 3824 2420 3861 :
2459 3823 2580 3878 qua:
2629 3816 2758 3864 sunt
2798 3809 2986 3865 umbra
3044 3808 3351 3866 futurorum
3378 3827 3392 3865 :
3419 3824 3622 3882 corpus

2019 3907 2201 3955 autem
2228 3897 2450 3956 Chrisﬁ.
2484 3900 2655 3956 Nemo
2675 3915 2772 3957 vos
2801 3902 3029 3959 seducet
3048 3944 3062 3970 ,
3095 3903 3284 3961 volens
3311 3903 3366 3958 in
3394 3903 3619 3960 humili-

2025 4001 2152 4058 tate,
2175 4001 2231 4049 et
2254 3993 2518 4063 religione
2537 3994 2876 4064 angelorum,
2896 4010 3016 4065 quae
3038 4010 3147 4052 non
3161 3996 3618 4067 viditambulans,

2022 4084 2224 4142 frustra
2251 4085 2471 4141 inflatus
2493 4100 2659 4143 sensu
2702 4088 2884 4144 carnis
2913 4103 3047 4155 suae,
3074 4096 3131 4145 et
3166 4104 3273 4144 non
3305 4099 3499 4146 tenens
3528 4104 3622 4146 ca-

2024 4189 2139 4252 put,
2174 4194 2246 4235 ex
2268 4195 2375 4253 quo
2398 4186 2571 4236 totum
2593 4194 2792 4252 corpus
2812 4222 2829 4250 ,
2858 4197 2960 4253 per
2988 4197 3160 4239 nexus
3194 4192 3251 4239 et
3285 4185 3624 4261 conjunctio-

2025 4288 2125 4330 nes
2173 4274 2649 4330 subministratum
2714 4284 2769 4331 et
2835 4284 3247 4344 constructum,
3316 4278 3517 4334 crescit
3568 4278 3625 4334 in

2025 4375 2380 4437 augmentum
2405 4366 2525 4422 Dei.
2556 4365 2612 4423 Si
2635 4379 2767 4438 ergo
2797 4369 2999 4423 mortui
3022 4368 3156 4424 estis
3175 4384 3299 4425 cum
3320 4369 3539 4427 Christo
3555 4370 3627 4427 ab

2025 4458 2314 4516 elementis
2341 4459 2503 4530 hujus
2525 4460 2715 4516 mundi
2738 4478 2748 4515 :
2769 4461 2899 4531 quid
2924 4462 3103 4517 adhuc
3127 4471 3404 4534 tamquam
3432 4466 3625 4521 viven-

2027 4563 2114 4611 tes
2143 4554 2197 4611 in
2220 4554 2425 4611 mundo
2450 4554 2781 4611 decernitis?
2806 4555 2883 4612 Ne
2902 4557 3210 4627 tetigeritis,
3240 4573 3418 4630 neque
3443 4569 3627 4631 gusta-

331 4675 608 4732 Ecclesia;
657 4674 814 4745 cujus
856 4672 1033 4729 factus
1063 4687 1184 4728 sum
1213 4647 1593 4741 egormjnister
1623 4664 1920 4722 secundum
1946 4647 2003 4709 D
2026 4649 2216 4705 veritis
2236 4691 2251 4717 ,
2287 4663 2468 4719 neque
2498 4651 3008 4706 contrectaveritis:
3035 4667 3157 4722 quae
3188 4661 3316 4708 sunt
3355 4656 3538 4709 omnia
3575 4656 3628 4709 in

332 4743 797 4837 dispensationem
846 4766 939 4821 Dei
966 4806 982 4832 ,
1025 4779 1147 4835 quae
1193 4763 1319 4817 data
1364 4769 1447 4817 est
1469 4758 1601 4815 mihi
1636 4760 1690 4814 in
1719 4774 1839 4824 vos,
1869 4765 1928 4813 ut
2028 4745 2306 4801 ἱηιθῐίιιιω
2332 4744 2452 4814 ipso
2480 4758 2604 4809 “5",
2633 4743 2931 4800 secundum
2960 4755 3233 4816 Praecepta
3264 4756 3320 4802 ει
3347 4748 3631 4803 doctrinas

332 4860 592 4930 impleam
637 4859 862 4914 verbum
908 4858 1041 4913 Dei:
1079 4856 1396 4929 mysterium
1447 4852 1591 4925 quod
1628 4850 1923 4908 abscondi-
2032 4846 2314 4903 hominum
2349 4863 2364 4902 :
2396 4862 2519 4917 quae
2544 4856 2671 4902 sunt
2699 4849 2971 4903 rationem
3013 4846 3231 4919 quidem
3264 4847 3515 4903 habentia
3544 4862 3632 4902 sa-

334 4962 445 5008 tum
477 4951 578 5007 fuit
625 4968 657 5008 a
697 4951 913 5007 saeculis
938 4994 952 5017 ,
983 4959 1038 5006 et
1059 4949 1504 5020 generationibus
1524 4990 1538 5014 ,
1571 4962 1718 5004 nunc
1745 4955 1927 5002 autem
2032 4943 2247 5015 pientiae
2278 4944 2330 4999 in
2366 4942 2757 5013 superstitione
2779 4983 2794 5009 ,
2827 4952 2882 4998 et
2931 4941 3266 5011 humilitate,
3296 4952 3351 4998 et
3379 4958 3487 4997 non
3517 4939 3544 4978 ι»
3570 4940 3639 4996 ad

334 5045 741 5101 manifestatum
788 5054 874 5101 est
909 5046 1110 5100 sanctis
1140 5044 1259 5114 ejus
1283 5085 1299 5111 ,
1346 5042 1547 5115 quibus
1585 5042 1754 5097 voluit
1783 5046 1927 5097 Deus
2032 5037 2364 5109 parcendum
2395 5037 2648 5108 corpori,
2674 5050 2781 5092 non
2812 5037 2864 5092 in
2898 5037 3104 5092 honore
3126 5036 3307 5107 aliquo
3341 5035 3406 5090 ad
3438 5034 3634 5089 saturi-

339 5148 498 5194 notas
521 5138 700 5195 facere
720 5139 941 5195 divitias
967 5138 1154 5209 gloriae
1175 5136 1502 5193 sacramenti
1532 5135 1693 5207 hujus
1719 5135 1773 5191 in
1800 5150 1933 5206 gen-
2033 5142 2200 5190 tatem
2223 5134 2427 5189 carnis.

335 5231 501 5296 tibus,
532 5231 676 5301 quod
702 5240 785 5286 est
806 5228 1079 5298 Christus,
1114 5229 1170 5283 in
1193 5228 1348 5284 vobis
1378 5243 1504 5300 spes
1527 5228 1738 5300 gloriae,
1770 5243 1931 5298 quem
2012 5296 2015 5299 δ
2110 5228 2258 5303 [ϐαρ.
2291 5227 2403 5301 ιΙΙ.]
2436 5227 2635 5298 Igitur,
2683 5227 2728 5281 si
2787 5223 3213 5281 consurrexistis
3238 5236 3359 5278 cum
3388 5220 3632 5288 Christo,

336 5340 437 5379 nos
468 5325 879 5385 annuntiamus,
913 5323 1271 5393 corripientes
1300 5338 1516 5379 onmem
1548 5321 1854 5390 hominem,
1880 5328 1936 5378 et
2039 5339 2157 5394 quae
2186 5330 2400 5377 Sursum
2431 5319 2821 5389 suntquaerite,
2848 5318 2941 5372 ubi
2963 5316 3215 5371 Christus
3244 5314 3397 5371 estin
3411 5314 3637 5369 dextera

338 5420 603 5476 docentes
630 5434 846 5476 omnem
871 5419 1143 5476 hominem
1176 5419 1230 5473 in
1259 5418 1406 5475 omni
1432 5418 1721 5489 sapientia,
1757 5426 1815 5473 ut
1842 5433 1937 5473 εχ·
2038 5416 2139 5472 Dei
2165 5415 2362 5472 sedens
2393 5432 2406 5468 :
2440 5428 2563 5483 quae
2579 5427 2796 5469 sursum
2829 5420 2954 5467 sunt
2976 5408 3172 5481 sapite,
3202 5425 3307 5464 non
3328 5421 3449 5479 quae
3475 5421 3640 5477 super

339 5514 622 5571 hibeamus
664 5529 882 5570 omnem
940 5513 1213 5569 hominem
1258 5512 1559 5583 perfectum
1615 5515 1667 5568 in
1712 5511 1933 5569 Christo
2038 5518 2265 5565 terram.
2296 5505 2493 5563 Mortui
2523 5506 2669 5562 enim
2697 5505 2854 5573 estis,
2882 5514 2935 5559 et
2957 5504 3063 5558 vita
3092 5512 3273 5558 vestra
3302 5509 3385 5557 cst
3411 5500 3643 5556 abscon-

2051 5757 2101 5813 in
2128 5755 2331 5813 Grtccis
2355 5755 2603 5811 melioris
2630 5763 2773 5810 notae
2811 5753 3094 5810 codicibus
3125 5751 3366 5824 reperire
3393 5760 3496 5824 est.

416 5773 442 5802 δ
481 5763 763 5820 Palatinus
791 5764 930 5819 idem
962 5780 1062 5819 ms.
1096 5804 1109 5830 ,
1152 5760 1398 5817 habemus
1426 5762 1860 5830 redemptionem,
1893 5768 1944 5813 et

2118 5828 2147 5868 δ
2193 5830 2319 5899 Με.,
2342 5837 2389 5885 et
2417 5828 2485 5883 ad
2514 5842 2617 5883 non
2642 5829 2980 5899 parcendum.
3013 5825 3135 5896 Gr.,
3158 5823 3243 5882 καὶ
3270 5823 3532 5897 ἀφειδέως.

342 5835 701 5891 remissionem
754 5844 1129 5906 peccatorum,
1191 5834 1528 5890 intermediis
1573 5832 1798 5906 verbis,
1852 5848 1943 5900 per

343 5910 653 5980 sanguinem
680 5905 795 5981 ejus
819 5949 835 5977 ,
874 5906 1257 5980 praetermissis
1280 5949 1297 5976 ,
1339 5922 1461 5977 qute
1500 5905 1719 5977 quidem
1766 5917 1944 5973 neque
